4130 6184
379 316 477 372 247

1408 352 1411 355 -
1496 309 1892 366 -ΒΑΤΒΑΜΝΙ
1929 307 2384 365 CORBEIENSIS
2425 306 2732 364 MONACHI
2817 299 2831 305 ’

3774 303 3875 357 248

376 452 559 508 ritum
580 464 809 524 quoque
838 452 1095 503 sanctum
1129 446 1412 501 minorem
1439 445 1579 500 Filio
1619 444 2151 516 blasphemabat..A
2183 449 2294 499 tur.
2331 445 2394 499 Et
2447 461 2598 498 nunc
2644 460 2742 498 vos
2791 444 2938 498 hanc
2987 442 3157 498 ﬁdem
3201 442 3475 496 accusatis
3529 441 3719 496 nescio
3764 455 3881 512 qua

383 571 396 578 -
451 544 586 596 Post
605 556 777 612 quem
802 537 1166 592 Macedonius
1199 535 1460 598 surrexit,
1494 536 1563 589 de
1614 535 1775 589 Patre
1809 535 2067 604 Filioque

384 647 514 686 cum
544 627 837 682 catholicis
875 626 1084 680 similia
1133 625 1403 687 sentiens,
1441 624 1682 693 Spiritus
1715 639 1845 676 vero
1894 623 2074 676 sancti

383 732 685 790 personam
740 731 855 768 non
901 713 1204 784 recipiens.
1254 712 1537 766 Adversus
1586 711 1761 764 istum
1814 710 2079 764 catholici

381 807 732 867 decertantes
763 803 1040 874 episcopi,
1073 801 1348 872 Spiritum
1377 807 1637 853 sanctum
1692 800 2080 871 probaverunt

383 908 566 947 unum
595 909 719 947 esse
752 892 814 945 in
856 896 1049 945 sancta
1067 889 1361 955 Trinitate,
1397 889 1939 942 consubstantialem
1963 894 2079 942 tam

384 982 535 1036 Patri
571 997 744 1052 quam
796 980 956 1045 Filio,
1001 985 1057 1032 et
1112 979 1181 1032 de
1227 979 1391 1031 Patre
1432 977 1856 1046 procedentem,
1909 977 2082 1031 coad-

385 1069 689 1134 orandum,
725 1074 782 1122 et
820 1066 1372 1137 congloriﬁcandum
1424 1066 1577 1118 Patri
1613 1066 1888 1135 Filioque.
1942 1065 2082 1119 Dein

385 1160 594 1214 Ariana
652 1158 1034 1228 repnllulante
1077 1155 1323 1220 vesania,
1362 1155 1700 1224 volenteque
1742 1155 2082 1207 confirmare

389 1265 506 1302 non
547 1263 670 1302 esse
727 1250 893 1299 rectas
951 1245 1084 1298 ﬁdei
1127 1244 1404 1314 Spiritum
1453 1249 1710 1296 sanctum
1770 1244 1956 1297 dicere
2015 1243 2084 1296 de

392 1337 554 1390 Patre
587 1334 914 1405 procedere,
945 1334 1051 1386 hoc
1107 1333 1240 1403 quia
1301 1332 1588 1385 videretur
1646 1348 1765 1384 esse
1821 1332 2085 1402 blasphe-

391 1439 573 1490 mum,
605 1422 880 1493 quoniam
933 1422 1180 1476 duorum
1221 1422 1588 1490 proﬁteretur
1636 1422 1800 1474 Pater
1830 1420 2084 1487 esse,id-

393 1518 478 1567 est
513 1512 659 1578 Filii,
687 1528 787 1565 seu
827 1511 1073 1581 Spiritus
1099 1511 1278 1563 sancti
1310 1527 1322 1563 :
1357 1511 1502 1564 hanc
1535 1526 1764 1580 quoque
1825 1509 2085 1580 blasphe-

391 1603 567 1657 miam
608 1602 1044 1672 propellendam
1087 1600 1458 1653 decernentes
1495 1599 1752 1653 Ecclesiae
1805 1599 2086 1665 doctores,

393 1691 839 1762 superaddidere
885 1689 1141 1760 symbolo
1182 1688 1458 1759 Spiritum
1505 1695 1768 1742 sanetum
1826 1688 1894 1742 de
1947 1687 2088 1742 Filio

391 1795 625 1850 quoque
657 1777 983 1848 procedere.
1011 1779 1086 1831 Ne
1120 1776 1165 1829 si
1199 1777 1269 1830 de
1302 1778 1466 1830 Patre
1507 1781 1730 1830 tantum
1775 1776 2091 1846 procedens

396 1868 702 1932 diceretur,
755 1871 1054 1936 putaretur
1104 1865 1298 1930 Filius,
1346 1881 1450 1919 nec
1500 1865 1786 1918 diceretur
1847 1865 2093 1936 Spiritus

399 1957 546 2022 Filii,
581 1957 733 2027 quod
761 1962 846 2009 est
885 1954 1131 2024 impium
1183 1959 1238 2007 et
1269 1954 1690 2024 blasphemnm,
1724 1958 1780 2008 et
1826 1954 2094 2008 adversus

399 2044 786 2110 evangelicam
872 2043 1361 2113 apostolicamque
1429 2042 1746 2096 doctrinam
1837 2044 2089 2097 veniens.

403 2134 544 2185 Nam
577 2132 624 2184 si
663 2131 849 2184 velitis
888 2132 1075 2184 dicere
1120 2132 1269 2202 quod
1325 2132 1630 2200 procedere
1691 2131 1924 2184 verbum
1958 2132 2094 2184 satis

402 2219 737 2289 distinguat,
781 2235 852 2272 ne
881 2219 1124 2288 Spiritus
1175 2226 1402 2273 sanctus
1436 2225 1667 2288 putetur
1714 2237 1835 2273 esse
1897 2221 2091 2285 Filius,

403 2308 602 2361 scitote
622 2309 772 2378 quod
807 2309 977 2362 etiam
1008 2309 1074 2362 de
1109 2309 1247 2363 Filio
1271 2309 1643 2379 praedicetur;
1677 2309 1755 2362 ait
1789 2309 1944 2362 enim
1977 2309 2096 2377 ipse

401 2397 461 2450 iu
518 2397 819 2466 Evangelio
861 2397 1094 2450 Joannis
1127 2414 1140 2450 :
1173 2398 1293 2466 Ego
1347 2414 1416 2450 ea:
1475 2401 1575 2451 Deo
1604 2400 1859 2466 processi,
1884 2403 1935 2451 et
1977 2400 2099 2451 veni

404 2486 593 2553 (Joan.
641 2502 756 2550 vm,
808 2487 912 2550 42).
959 2486 1017 2540 Si
1057 2502 1192 2555 ergo
1246 2503 1313 2540 ex
1361 2487 1470 2540 Deo
1531 2489 1691 2538 Patre
1721 2486 1971 2556 procedit
2019 2487 2100 2540 Fi-

405 2575 534 2635 lius,
589 2573 845 2642 procedit
897 2579 954 2627 et
995 2574 1244 2644 Spiritus
1289 2579 1537 2641 sanctus,
1580 2574 1719 2644 quid
1784 2574 1894 2627 erit
1945 2575 2100 2644 quod

406 2663 629 2716 Arianis
658 2662 950 2715 silentium
983 2662 1263 2732 imponat,
1299 2679 1368 2714 ne
1410 2662 1684 2732 Spiritum
1720 2668 1978 2715 sanctum
2011 2663 2103 2716 Pa-

409 2749 511 2804 tris
532 2766 650 2804 esse
689 2749 891 2804 Filium
930 2750 1364 2820 blaspheuient?

1084 2892 1310 2945 CAPUT
1333 2892 1428 2945 lll.

414 2999 739 3053 Testimonia
812 3014 878 3052 ea:
945 2999 1250 3052 Athanasio
1306 3003 1354 3052 et
1419 3000 1670 3064 Gregorio
1736 3001 2097 3056 Nazianzeno.
2142 3043 2179 3064 ι,

481 3105 636 3159 Hanc
673 3103 850 3175 igitur
878 3103 1166 3158 intuentes
1205 3120 1436 3158 causam
1465 3105 1727 3159 doctores
1784 3110 1899 3159 tam
1962 3106 2101 3160 Lati-

411 3209 638 3257 norum,
674 3208 848 3263 quam
901 3194 1249 3258 Graecorum,
1299 3193 1566 3247 dixerunt
1603 3194 1808 3247 Filium
1868 3195 2100 3264 quidem

409 3298 474 3335 ex
511 3284 673 3335 Patre
725 3287 950 3336 tantum
1003 3283 1286 3352 genitum,
1333 3283 1610 3352 Spiritum
1659 3299 1791 3336 vero
1838 3289 2100 3335 sanctum

409 3371 480 3424 de
514 3371 676 3423 Patre
713 3370 966 3440 Filioque
1002 3371 1424 3439 procedentem,
1454 3371 1746 3438 quomodo
1776 3371 2102 3424 divinarum

414 3457 600 3510 cdocti
630 3457 958 3524 magisterio
997 3458 1318 3510 litterarum
1368 3457 1771 3510 intellexerunt
1835 3465 1950 3510 tam
2001 3461 2104 3512 Pa‘

414 3543 516 3596 tris
548 3559 721 3612 quam
751 3543 877 3595 Filii
909 3529 1190 3612 Spiritum
1222 3560 1361 3607 esse,
1405 3561 1468 3596 ac
1499 3551 1804 3614 propterea
1837 3546 1906 3598 de
1946 3551 2102 3598 utro-

410 3646 524 3700 que
553 3630 880 3700 procedere.
934 3631 1089 3684 Unde
1128 3631 1326 3685 beatus
1373 3633 1716 3686 Athanasius
1764 3635 2104 3690 Alexandri-

414 3734 520 3772 nus
552 3718 850 3788 episcopus
871 3719 1044 3772 multa
1070 3727 1306 3790 propter
1355 3721 1650 3775 catholicas
1685 3723 1814 3776 ﬁdei
1848 3731 2108 3777 constan-

411 3807 552 3860 tiam
585 3807 655 3860 ab
701 3807 923 3861 Arianis
970 3825 1292 3878 perpessus,
1338 3811 1665 3880 frequenter
1696 3811 1870 3865 etiam
1905 3814 2107 3866 exsilio

410 3896 647 3948 illorum
676 3896 922 3950 factione
953 3899 1170 3968 pulsus,
1201 3899 1331 3951 etin
1353 3900 1578 3952 Nil-sena
1600 3901 1814 3969 synodo
1843 3903 2108 3972 episcopo

411 4000 514 4037 suo
579 3983 744 4038 beato
789 3987 1105 4039 Alexandro
1161 3987 1438 4040 diaconus
1489 3988 1781 4050 assistens,
1829 3990 2110 4055 :adversus

413 4073 705 4126 vesaniam
754 4073 874 4126 Arii
923 4074 1295 4143 singulariter
1338 4076 1631 4135 dimicans.
1687 4077 1745 4128 in
1799 4077 1993 4129 libeilo
2041 4077 2110 4130 de

412 4163 523 4215 tide
570 4177 743 4231 quem
787 4161 985 4227 edidit,
1047 4169 1104 4214 et
1146 4162 1413 4215 omnibus
1446 4163 1738 4215 catholicis
1799 4163 2110 4216 tenendum

414 4248 733 4318 proposuit,
769 4249 918 4301 inter
939 4256 1143 4302 caetera
1174 4249 1251 4302 sic
1279 4249 1358 4302 ait
1393 4290 1404 4302 .
1439 4272 1464 4298 ι(
1515 4251 1680 4303 Pater
1723 4267 1756 4303 a
1813 4251 1968 4304 nullo
2027 4257 2112 4303 est

415 4336 616 4398 factus,
652 4351 756 4390 nec
785 4348 1028 4404 creatus,
1065 4353 1166 4389 nec
1211 4339 1458 4406 genitus.
1490 4339 1666 4392 Filius
1709 4321 1944 4392 a'Patre
1990 4340 2106 4392 solo

415 4429 528 4488 est;
561 4439 678 4476 non
727 4424 924 4490 factus,
963 4440 1076 4477 non
1124 4432 1364 4492 creatus,
1414 4427 1512 4480 sed
1559 4426 1808 4496 genitus.
1863 4428 2110 4497 Spiritus

417 4516 646 4582 sanctus
677 4528 710 4564 a
748 4512 913 4565 Patre
962 4518 1019 4565 et
1063 4512 1221 4579 Filio,
1277 4529 1389 4566 non
1442 4514 1644 4579 factus,
1701 4532 1816 4568 non
1865 4522 2106 4581 creatus,

418 4615 534 4656 non
562 4600 808 4670 genitus,
845 4600 942 4654 sed
973 4603 1308 4671 procedens.
1345 4624 1372 4651 ››
1422 4603 1602 4666 Quam
1633 4604 1767 4657 ﬁdei
1813 4605 2108 4658 veritatem

419 4688 749 4743 Latinorum
801 4691 1074 4758 praesules
1103 4691 1397 4746 doctorum
1431 4694 1893 4762 comprobantes,
1928 4701 1985 4748 et
2013 4696 2102 4748 ad-

417 4792 613 4830 versus
661 4779 820 4846 pravi
860 4779 1141 4847 dogmatis
1188 4781 1385 4834 Ariani
1449 4781 1742 4852 singulare
1813 4784 2111 4838 munimen

415 4865 862 4931 considerantes,
912 4872 966 4920 et
1025 4868 1093 4920 de
1138 4867 1446 4938 Scripturis
1475 4869 1685 4922 sanctis
1739 4877 2111 4939 propagatum

415 4953 820 5024 intelligentes,
865 4955 1118 5024 symbolo
1150 4956 1284 5010 ﬁdei
1340 4957 1804 5025 superaddidere,
1862 4958 2113 5011 dicentes

417 5043 486 5096 de
515 5043 731 5112 Spiritu
781 5049 1018 5097 sancto:
1073 5046 1178 5110 Qui
1225 5060 1292 5100 ea;
1341 5046 1507 5098 Patre
1557 5047 1799 5114 Filioque
1846 5047 2108 5114 procedit.

417 5131 571 5185 Hanc
600 5131 770 5186 ﬁdem
803 5147 868 5186 ex
901 5131 1011 5185 illis
1030 5133 1694 5202 temporibus,videlicet
1725 5134 2104 5199 Constantini,

419 5219 525 5272 sub
555 5236 669 5290 quo
718 5221 970 5290 synodus
1025 5221 1085 5274 in
1147 5222 1332 5275 Nicaea
1382 5227 1768 5276 trecentorum
1811 5224 2007 5276 decem
2055 5228 2112 5276 et

419 5312 544 5360 octo
576 5308 977 5378 episcoporum
1036 5315 1379 5380 congregata
1419 5317 1521 5376 est,
1566 5327 1746 5380 usque
1795 5312 1865 5364 ad
1918 5317 2110 5364 nostra

419 5399 683 5463 tempora
738 5394 1110 5452 Occidentalis
1143 5398 1331 5452 tenuit
1369 5399 1629 5452 Ecclesia.
1680 5400 1788 5453 Sed
1822 5416 1922 5453 uec
1954 5403 2108 5455 Gree-

418 5497 627 5535 eorum.
647 5483 926 5539 abdicavit
964 5486 1262 5548 catholica,
1293 5487 1569 5556 quoniam
1597 5488 1782 5542 noluit
1833 5490 2108 5543 doctrinae

414 5568 670 5622 veritatis
716 5572 900 5625 aliena
932 5574 1076 5639 ﬁeri,
1128 5575 1275 5629 sicut
1322 5575 1552 5628 illorum
1610 5575 1815 5629 litteris
1847 5577 2106 5631 declara-

2187 534 2410 588 levitate
2434 533 2700 604 permoti,
2738 549 2924 604 quove
2953 547 3145 586 errore
3189 531 3428 600 decepti.

2262 623 2436 676 Dicite
2469 625 2514 676 si
2535 623 2809 693 Spiritum
2853 627 3132 686 sanctum,
3193 620 3466 691 Spiritum
3496 635 3616 673 esse
3671 617 3879 672 Christi

2185 711 2795 782 proﬁteamini?de
2835 712 2874 762 si
2910 711 3149 777 negatis,
3171 711 3465 779 apostolus
3509 709 3716 762 Paulus
3743 723 3879 761 con-

2188 807 2274 854 tra
2298 817 2391 854 vos
2420 801 2647 865 clamat,
2701 800 2798 871 qui
2853 801 3032 854 dicit:
3067 801 3132 852 Si
3180 801 3302 867 quis
3351 799 3624 867 Spiritum
3675 797 3885 852 Christi

2187 905 2292 943 non
2324 889 2501 952 habet,
2531 891 2616 942 hic
2647 905 2751 942 non
2777 892 2855 941 est
2883 888 2997 956 ejus
3048 886 3218 956 (Rom.
3268 902 3382 949 vni,
3435 885 3509 953 9).
3566 885 3785 938 Clamat
3829 888 3878 936 et

2190 983 2418 1031 sanctus
2447 979 2638 1043 Lucas,
2671 976 2767 1046 qui
2797 975 2933 1029 dicit
2959 991 2971 1028 :
3015 978 3075 1029 Et
3105 991 3212 1028 non
3237 975 3486 1043 permisit
3507 988 3594 1028 eos
3629 974 3883 1041 Spiritus

2189 1069 2313 1120 Jesu
2342 1065 2484 1134 (Act.
2527 1082 2635 1130 xvi,
2687 1067 2758 1134 7).
2792 1064 3006 1117 Clamat
3035 1068 3089 1115 et
3133 1065 3333 1116 Petrus
3367 1079 3378 1114 :
3419 1065 3654 1116 Dextera
3710 1064 3890 1128 igitur

2194 1157 2287 1208 Dei
2310 1155 2605 1218 exaltutus,
2636 1153 2830 1220 effudit
2873 1153 3032 1214 hunc,
3065 1167 3218 1219 quem
3250 1165 3335 1205 vos
3374 1150 3592 1204 vidistis
3623 1154 3672 1203 et
3714 1149 3888 1202 audi-

2193 1247 2293 1296 stis
2333 1245 2471 1310 (Act.
2513 1259 2570 1302 ιι,
2604 1245 2710 1307 33).
2742 1242 2962 1296 Clamat
2987 1245 3043 1293 et
3076 1241 3198 1309 ipse
3255 1240 3528 1303 Salvator,
3571 1239 3669 1306 qui
3724 1236 3890 1291 disci-

2195 1333 2346 1403 pulis
2381 1331 2633 1401 loquitur
2668 1347 2679 1384 :
2719 1333 2780 1387 Si
2807 1346 2910 1384 non
2941 1331 3141 1395 abiero,
3174 1331 3484 1384 Paractctus
3515 1344 3627 1384 non
3671 1329 3888 1382 veniet:

2195 1425 2443 1477 siautem
2494 1421 2694 1485 abiero,
2747 1422 2956 1472 mittam
3011 1434 3129 1471 eum
3168 1418 3242 1470 ad
3283 1432 3372 1472 vos
3426 1418 3603 1482 (Joan.
3649 1431 3762 1478 xvi,
3804 1413 3887 1480 7).

2201 1513 2340 1565 ltem
2372 1517 2501 1581 post
2532 1508 3009 1562 resurrectionem
3050 1507 3343 1578 discipulis
3370 1505 3699 1569 insufflavit,
3729 1502 3898 1556 etait

2199 1599 2318 1653 eis:
2366 1601 2612 1668 Accipite
2659 1598 2924 1666 Spiritum
2972 1600 3217 1650 sanctam
3265 1597 3441 1660 (Joan.
3491 1610 3578 1658 xx,
3612 1593 3720 1660 22).
3765 1591 3896 1645 Haec

2200 1688 2396 1741 omnia
2423 1687 2698 1759 Spiritum
2729 1689 3006 1751 sanctum,
3047 1684 3327 1754 Spiritum
3359 1698 3480 1736 esse
3526 1680 3728 1736 Christi
3761 1695 3895 1749 pro-

2203 1780 2458 1834 ﬁtentur.
2503 1780 2664 1844 Quod
2698 1793 2909 1848 negare
2941 1793 3070 1831 cum
3122 1793 3237 1830 non
3289 1776 3542 1841 valeatis,
3592 1773 3899 1828 necessitas

2202 1869 2296 1922 illa
2321 1886 2418 1922 vos
2463 1866 2800 1936 constringit
2839 1870 2920 1932 ut,
2949 1865 3134 1918 velitis
3165 1863 3377 1928 nolitis,
3428 1879 3559 1916 eum
3594 1861 3901 1932 procedere

2202 1960 2274 2014 de
2302 1958 2442 2012 Filio
2474 1974 2586 2010 non
2639 1957 2856 2025 negetis
2897 1971 2908 2007 :
2944 1970 3078 2008 nam
3124 1959 3187 2007 ut
3227 1957 3548 2007 creaturam
3580 1967 3712 2004 eum
3775 1966 3901 2004 esse

2203 2046 2404 2101 dicatis
2451 2061 2579 2100 cum
2613 2045 2767 2108 Ario,
2817 2045 2901 2096 vel
2947 2059 3061 2096 non
3112 2059 3231 2094 esse
3271 2057 3403 2094 cum
3436 2039 3781 2103 Macedonio,
3806 2044 3892 2091 te-

2203 2141 2384 2189 statur
2412 2134 2705 2204 professio,
2739 2150 2850 2203 qua
2893 2131 3080 2186 dicitis
3127 2148 3259 2184 eum
3291 2146 3322 2182 a
3374 2131 3538 2184 Patre
3576 2127 3895 2198 proceden-

2202 2229 2338 2278 tem.
2377 2224 2493 2277 l-{oc
2517 2238 2646 2276 cum
2688 2222 2893 2281 dicitis,
2927 2219 3414 2291 quemadmodum
3463 2233 3672 2286 negare
3725 2231 3901 2268 cona-

2208 2313 2346 2365 mini
2382 2330 2410 2364 a
2437 2311 2574 2365 Filio
2608 2311 2943 2378 procedere;
2989 2324 3118 2361 cum
3171 2307 3242 2359 sit
3292 2306 3591 2373 utriusque
3632 2305 3901 2357 substan-

2205 2403 2318 2466 tize,
2355 2399 2530 2454 Patris
2553 2399 2764 2452 scilicet
2796 2403 2853 2450 et
2886 2397 3030 2455 Filii,
3065 2411 3167 2449 nec
3198 2395 3511 2464 possitesse
3539 2394 3608 2448 de
3632 2393 3897 2446 substan-

2208 2491 2287 2544 tia
2319 2489 2632 2558 utrinsque,
2667 2487 2774 2540 nisi
2806 2489 3076 2556 procedat
3107 2486 3176 2538 ab
3209 2488 3474 2554 utroque.

2279 2577 2592 2632 Audiamus
2633 2575 2769 2645 quid
2832 2574 3136 2644 Gregorius
3185 2575 3486 2643 episcopus
3515 2571 3905 2625 Nazianzenus

2208 2667 2265 2720 in
2309 2681 2570 2719 sermone
2628 2665 2696 2718 de
2749 2663 2960 2732 Spiritu
3017 2668 3232 2726 sancto,
3287 2678 3458 2732 quem
3509 2661 3567 2714 in
3634 2659 3913 2713 Eccclesia

2211 2752 2838 2822 Constantinopolitana
2880 2768 3070 2806 coram
3128 2752 3338 2821 populo
3384 2749 3515 2803 fecit
3555 2749 3646 2802 die
3700 2749 3914 2801 Pente-

2211 2847 2413 2906 costes,
2446 2843 2596 2896 dicat
2630 2857 2641 2894 :
2679 2865 2698 2888 ι
2731 2841 2993 2912 Spiritus,
3027 2840 3238 2912 inquit,
3267 2843 3490 2892 sanctus
3521 2843 3644 2891 erat
3677 2837 3916 2907 quidem

2212 2947 2458 3001 semper,
2501 2935 2688 2997 etest,
2736 2936 2793 2984 et
2826 2930 2953 2996 erit,
2991 2945 3175 3000 neque
3211 2929 3439 2981 initium
3491 2927 3673 2980 ullum
3723 2941 3915 2995 neque

2211 3021 2385 3074 linem
2425 3019 2660 3083 habens,
2696 3018 2794 3071 sed
2835 3016 2982 3072 Patri
3007 3033 3070 3070 ac
3103 3017 3244 3070 Filio
3302 3021 3617 3070 coaeternus
3655 3032 3667 3068 :
3725 3030 3916 3085 neque

2211 3109 2365 3164 enim
2389 3107 2629 3176 dignum.
2659 3112 2742 3159 est
2769 3109 2868 3159 aut
2889 3105 3093 3160 Filium
3119 3106 3430 3176 aliquando
3469 3103 3713 3158 defuisse
3734 3103 3913 3167 Patri,

2211 3203 2311 3252 aut
2339 3196 2614 3268 Spiritum
2639 3194 2796 3249 Filio.
2832 3218 2850 3241 ιι
2903 3194 3150 3248 Dicendo
3179 3211 3428 3264 namque
3473 3192 3749 3264 Spiritum
3791 3209 3916 3246 san-

2211 3294 2368 3341 ctum
2400 3285 2550 3338 Patri
2599 3283 2850 3354 Filioque
2899 3288 3268 3346 coasternum,
3302 3283 3543 3336 Arianos
3599 3286 3911 3351 expugnat,

2214 3375 2347 3444 quia
2381 3378 2698 3426 creaturam
2751 3386 2881 3423 eum
2943 3370 3424 3440 dogmatizabant.
3482 3370 3730 3424 Dicendo
3781 3383 3917 3421 vero

2213 3460 2372 3529 quod
2419 3465 2540 3512 erat
2586 3475 2829 3528 semper,
2865 3463 3052 3522 etest,
3083 3459 3287 3524 eterit,
3335 3457 3728 3512 Macedoniam
3780 3472 3918 3510 con-

2214 3550 2378 3614 futat,
2402 3548 2500 3617 qui
2532 3563 2663 3600 eum
2697 3564 2818 3600 esse
2877 3547 3136 3616 negabat.
3171 3549 3241 3600 At
3270 3563 3404 3600 vero
3449 3545 3778 3616 proﬁtendo
3834 3544 3920 3598 Fi-

2218 3637 2357 3689 lium
2418 3637 2730 3706 aliquando
2792 3652 2907 3688 non
2967 3635 3211 3688 defuisse
3247 3635 3420 3698 Patri,
3477 3650 3580 3687 nec
3639 3633 3920 3703 Spiritum

2219 3727 2381 3791 Filio,
2442 3741 2538 3778 vos
2575 3727 2849 3790 confutet,
2905 3725 3005 3794 qui
3064 3723 3284 3794 negatis
3344 3739 3476 3776 eum
3527 3722 3838 3793 procedere
3891 3738 3927 3774 a

2221 3815 2380 3868 Filio.
2415 3815 2472 3868 Si
2503 3815 2654 3867 enim
2693 3814 3004 3866 secundum
3035 3819 3280 3864 vestram
3319 3811 3659 3863 sententiam
3701 3809 3924 3861 voluis—

2218 3909 2302 3958 set
2363 3903 2923 3972 Spiritnmsanctnm
2976 3901 3045 3954 de
3077 3901 3239 3953 Patre
3289 3905 3509 3952 tantum
3574 3897 3910 3967 procedere,

2219 3991 2406 4044 dicere
2442 3993 2716 4045 debuerat
2771 4005 2870 4041 nec
2924 3989 3129 4042 Filium
3171 4002 3274 4040 nec
3323 3986 3599 4056 Spiritum
3649 3989 3919 4038 sanctum

2219 4079 2526 4150 aliquando
2558 4078 2801 4131 defuisse
2831 4076 2982 4130 Patri
3017 4093 3029 4130 :
3066 4091 3219 4129 nunc
3249 4090 3378 4128 vero
3411 4091 3540 4127 cum
3572 4073 3722 4126 dicat
3769 4088 3927 4126 nun-

2220 4184 2394 4236 quam
2440 4168 2642 4221 Filium
2675 4166 2828 4220 Patri
2861 4165 3129 4231 defuisse,
3167 4180 3268 4217 nec
3295 4163 3571 4232 Spiritum
3618 4161 3780 4225 Filio,
3807 4178 3929 4214 ma-

2223 4255 2420 4309 nifeste
2455 4256 2710 4325 loquitur
2743 4254 2948 4307 Filium
2983 4260 3179 4306 natum
3199 4267 3319 4306 esse
3342 4252 3411 4304 de
3446 4252 3609 4304 Patre
3640 4249 3763 4302 sine
3805 4251 3927 4302 ullo

2151 4343 2190 4395 Ι)
2219 4349 2492 4414 tempore,
2525 4349 2580 4396 et
2601 4343 2874 4412 Spiritum
2908 4342 2977 4395 de
3015 4340 3154 4394 Filio
3190 4340 3530 4409 processisse
3560 4340 3691 4390 ante
3745 4353 3927 4390 omne

2221 4437 2466 4501 tempus.
2504 4432 2614 4484 Nec
2645 4436 2835 4484 tamen
2880 4429 3108 4499 negavit
3145 4444 3278 4482 eum
3307 4444 3336 4480 a
3383 4429 3549 4480 Patre
3580 4427 3925 4496 procedere,

2220 4521 2372 4574 unde
2404 4521 2556 4572 nulla
2618 4520 2854 4590 quaestio
2885 4520 3087 4581 fuerat,
3143 4517 3240 4570 sed
3268 4515 3413 4570 dixit
3463 4531 3760 4586 nunquam
3823 4515 3928 4569 de-

2221 4608 2392 4662 fuisse
2423 4608 2583 4673 Filio,
2626 4607 2864 4677 quodin
2895 4605 3272 4676 qut-rstionem
3305 4609 3560 4656 venerat.

2293 4698 2356 4750 ln
2375 4697 2856 4766 consequentibus
2873 4710 3102 4766 quoque
3135 4694 3205 4746 de
3229 4694 3350 4763 ipso
3375 4693 3589 4762 Spiritu
3618 4690 3870 4762 loquens
3898 4710 3917 4745 :

2225 4805 2251 4832 «
2281 4784 2388 4849 Qui
2437 4784 2766 4850 sanctiﬁcat,
2819 4789 2875 4837 et
2925 4799 3038 4836 non
3089 4781 3482 4846 sarctiﬁcetur,
3532 4781 3670 4834 deos
3729 4779 3930 4847 faciat,

2224 4887 2338 4924 non
2361 4871 2478 4941 ipse
2505 4872 2605 4924 ﬁat
2636 4870 3300 4936 Deus;incouvertibilis,
3347 4869 3726 4922 immutabilis
3776 4885 3935 4922 sem-

2223 4975 2324 5030 per
2360 4961 2520 5013 adest
2549 4959 2652 5012 sibi
2681 4975 2746 5012 ac
2777 4958 2924 5012 Patri
2957 4964 3016 5012 et
3068 4958 3228 5025 Filio,
3263 4957 3586 5022 invisibilis,
3629 4957 3935 5026 intempo-

2221 5048 2372 5110 ralis,
2405 5047 2653 5118 propriae
2677 5047 2967 5118 potentiae,
2999 5048 3187 5100 omnis
3219 5045 3510 5115 potentias.
3553 5066 3572 5091 ι
3611 5045 3752 5099 Cum
3785 5044 3941 5101 dicit

2221 5152 2352 5190 eum
2387 5135 2495 5189 sibi
2515 5151 2739 5206 semper
2776 5135 2969 5189 adesse
3001 5139 3058 5188 et
3089 5134 3242 5188 Patri
3275 5151 3338 5187 ac
3383 5132 3566 5195 Filiio,
3603 5148 3722 5186 non
3752 5133 3934 5187 obse-

2220 5224 2342 5294 quii
2372 5224 2704 5278 servitutem
2727 5223 3040 5276 assistendo
3061 5223 3440 5286 demonstrat,
3473 5221 3572 5274 sed
3619 5220 3936 5274 inconver-

2217 5312 2393 5365 tibilis
2447 5318 2504 5365 et
2547 5311 2939 5374 immutabilis,
2985 5311 3135 5381 quod
3186 5312 3258 5364 sit
3310 5315 3503 5364 tamen
3556 5309 3616 5363 in
3683 5309 3936 5378 propria

2217 5405 2424 5454 natura
2455 5417 2627 5471 quam
2644 5401 2703 5454 in
2731 5400 2912 5454 Patris
2936 5401 3174 5470 Filiique
3205 5399 3524 5452 substantia
3552 5414 3565 5451 :
3589 5398 3646 5451 in
3677 5397 3937 5467 propria

2217 5489 2521 5559 siquidem,
2557 5488 2691 5559 quia
2719 5504 2835 5543 non
2865 5493 2950 5542 est
2978 5489 3130 5558 apud
3170 5503 3303 5543 eum
3358 5488 3474 5541 ulla
3498 5487 3886 5541 commutatio
3917 5506 3934 5553 ;

2217 5577 2365 5630 Patri
2396 5593 2529 5630 vero
2572 5575 2830 5646 Filioque
2861 5576 2934 5630 sit
2992 5575 3392 5638 immutabilis,
3447 5576 3583 5646 quia
3626 5575 3791 5644 cujus
3841 5584 3943 5630 est
