4148 6180
208 330 307 384 249

1203 327 1478 384 CONTRA
1518 329 1915 385 ῦΗΑΞΟΟΗΕΜ
1957 326 2308 393 OPPOSlTA.
2344 359 2412 370 —
2465 330 2590 384 LIB.
2634 329 2707 385 ll.

3606 336 3708 387 250

205 474 425 522 naturae
452 469 619 522 Pater
650 473 706 520 et
737 466 927 531 Filius,
953 466 1207 536 ejusdem
1241 471 1325 520 est
1354 466 1525 521 etiam
1553 472 1609 521 et
1647 467 1890 538 Spiritus
1928 470 1974 521 Α
2002 465 2202 520 eadem
2254 466 2312 520 in
2356 466 2625 519 omnibus
2663 466 2960 537 operatio:
3012 467 3212 522 referri
3243 473 3437 523 tamen
3493 470 3700 526 Filium

202 562 451 610 sanctus.
488 556 645 611 Patri
675 555 961 626 siquidem
995 560 1079 609 est
1115 554 1567 609 inconvertibilis
1597 561 1655 610 et
1683 557 1897 610 immu-

200 646 412 708 tabilis,
464 644 564 716 qui
614 650 699 697 est
754 644 879 697 fons
928 649 984 697 et
1016 644 1179 713 origo
1226 644 1415 713 prima
1473 645 1898 713 universorum;

205 734 344 789 Filio
375 751 534 800 vero,
586 734 723 804 quia
769 733 1028 803 procedit
1070 734 1139 786 ab
1170 734 1288 795 illo,
1331 750 1432 788 nec
1480 739 1565 787 est
1611 735 1900 788 dissimilis

201 824 306 888 illi,
342 840 444 876 nec
477 824 712 876 alterius
746 838 917 891 quam
943 822 1116 876 Filius
1147 822 1507 889 substantiae;
1542 823 1644 894 qui
1673 840 1902 894 quoque

202 910 414 964 dicitur
445 911 689 980 propriae
723 910 1012 979 potentim,
1050 910 1236 963 omnis
1267 910 1563 979 potentiae;
1597 909 1732 980 quia
1759 916 1814 964 et
1843 911 1901 964 in

206 1001 440 1069 propria
476 1015 725 1068 persona
773 999 1049 1063 subsistit,
1104 1004 1158 1051 et
1191 999 1469 1069 quidquid
1520 1000 1784 1068 voluerit,
1844 1000 1901 1053 in

209 1089 363 1141 omni
396 1094 659 1141 creatura
690 1087 840 1141 facit.
877 1088 939 1140 Et
974 1088 1119 1141 infra
1148 1104 1159 1141 :
1210 1108 1235 1135 cr
1274 1089 1373 1142 Hic
1416 1093 1473 1141 et
1511 1088 1625 1141 vita
1650 1093 1734 1142 est
1763 1088 1902 1142 vivi-

211 1177 402 1241 ﬁcans,
439 1177 532 1229 lux
582 1182 639 1229 et
683 1176 1038 1243 illuminans,
1085 1177 1266 1230 bonus
1297 1181 1352 1230 et
1398 1176 1644 1241 bonitas,
1692 1176 1789 1247 qui
1823 1181 1905 1231 est

213 1264 485 1317 Dominus
519 1264 803 1327 omnium,
849 1264 1079 1317 mittens
1119 1265 1444 1333 apostolos:
1478 1264 1766 1334 inspirans
1808 1265 1905 1318 ubi

213 1355 357 1405 vult:
393 1353 657 1406 dividens
689 1353 1028 1406 donationes
1070 1358 1237 1423 prout
1286 1355 1440 1406 vult:
1474 1354 1720 1422 Spiritus
1760 1353 1905 1407 veri-

212 1442 355 1501 tatis,
379 1442 629 1511 Spiritus
651 1442 978 1510 sapientiae;
1000 1458 1103 1511 per
1126 1458 1298 1512 quem
1326 1443 1493 1496 Pater
1518 1442 1901 1512 cognoscitur,

211 1537 263 1583 et
292 1532 466 1584 Filius
498 1532 867 1601 gloriﬁcatur.
908 1553 934 1577 ››

274 1619 451 1672 Multa
498 1619 882 1690 praeterimus,
929 1636 995 1673 ea
1036 1619 1371 1689 colligentes
1420 1618 1539 1673 sola
1583 1636 1711 1690 quas
1763 1636 1904 1690 pra:-

211 1714 429 1761 sentem
476 1708 793 1777 respiciunt
823 1709 1220 1779 quaestionem.
1271 1708 1485 1761 Dicitur
1515 1708 1759 1779 Spiritus
1790 1710 1904 1763 vita

210 1814 355 1862 esse;
410 1801 466 1850 et
499 1798 675 1851 Filius
704 1798 772 1851 de
813 1814 869 1850 se
912 1797 1084 1851 dicit:
1122 1800 1231 1865 Ego
1262 1813 1380 1851 sum
1418 1800 1536 1851 vita
1567 1799 1737 1861 (Joan.
1790 1815 1899 1863 xxv,

210 1888 275 1951 6).
320 1884 543 1939 Dicitur
575 1886 863 1939 viviticans
894 1902 1043 1950 esse;
1079 1891 1135 1939 et
1183 1886 1353 1939 Filius
1398 1886 1467 1938 de
1501 1901 1559 1938 se
1589 1885 1708 1938 ait:
1756 1886 1905 1939 Sicut

213 1977 366 2029 Pater
393 1990 529 2042 quos
560 1976 675 2028 vult
705 1975 969 2044 vivi/icat,
998 1978 1077 2029 ita
1109 1979 1159 2028 et
1190 1976 1365 2029 Filius
1413 1990 1545 2043 quos
1596 1976 1710 2029 vult
1765 1976 1903 2028 vivi-

212 2064 333 2121 ﬁcat
372 2064 564 2131 (Joan.
598 2082 647 2129 v,
691 2066 805 2129 21).
848 2065 987 2133 Ergo
1020 2065 1066 2116 si
1100 2064 1215 2117 vita
1253 2064 1519 2133 Spiritus,
1566 2064 1677 2116 vita
1718 2068 1775 2116 et
1816 2063 1904 2115 Fi-

214 2154 341 2216 lius;
406 2162 463 2205 et
556 2152 845 2205 viviticans
899 2151 1164 2221 Spiritus,
1226 2159 1283 2205 et
1338 2153 1626 2206 viviticans
1699 2152 1899 2215 Filius;

215 2241 379 2294 unius
435 2241 764 2294 substantiae
820 2246 974 2304 sunt,
1035 2246 1091 2294 et
1141 2241 1309 2295 unius
1362 2240 1734 2310 operationis.
1797 2239 1905 2293 Sed

214 2330 319 2381 vita
356 2329 532 2382 Filius
564 2346 627 2382 ex
672 2331 855 2397 Patre,
900 2330 1012 2382 vita
1043 2346 1177 2383 vero
1218 2330 1461 2399 Spiritus
1504 2346 1569 2383 ex
1618 2330 1785 2395 Filio;
1830 2328 1908 2380 sic

217 2422 267 2470 et
294 2418 588 2471 viviticans
627 2418 799 2472 Filius
851 2434 915 2471 ex
950 2419 1137 2485 Patre,
1183 2418 1469 2471 viviticans
1502 2435 1635 2472 vero
1664 2417 1908 2488 Spiritus

216 2522 274 2558 ex
308 2507 470 2560 Filio.
529 2508 642 2560 Lux
686 2524 917 2578 quoque
948 2508 1192 2577 Spiritus
1224 2514 1279 2562 et
1311 2508 1672 2573 illuminans;
1707 2515 1762 2561 et
1786 2508 1907 2561 Sal-

215 2603 368 2648 vator
418 2596 489 2648 de
539 2612 630 2648 se:
682 2598 796 2662 Ego
843 2611 961 2649 sum
1008 2597 1105 2649 tum
1160 2596 1352 2649 mundi
1399 2596 1581 2664 (Joau.
1633 2613 1752 2659 xui,
1798 2598 1904 2665 12).

217 2684 571 2754 Evangelista
619 2685 865 2737 Joannes
915 2686 983 2738 de
1021 2684 1195 2739 Filio:
1248 2686 1356 2749 Qui
1387 2686 1661 2739 illuminat
1704 2701 1909 2739 omnem

218 2774 477 2825 hominem
508 2775 807 2825 venientem
836 2774 893 2825 in
924 2774 1064 2826 hunc
1088 2773 1351 2826 mundum
1381 2773 1546 2839 (Ibid.
1598 2790 1635 2837 ι,
1677 2777 1753 2841 9).
1800 2773 1910 2842 lgi-

216 2866 302 2912 tur
329 2862 375 2912 si
424 2866 670 2929 uterque
719 2862 833 2927 lux,
866 2867 923 2914 et
954 2869 1196 2931 uterque
1232 2860 1586 2926 illuminans,
1624 2861 1798 2914 Filius
1828 2861 1908 2914 vi-

215 2949 418 3001 delicet
460 2953 517 3000 et
565 2948 811 3017 Spiritus
855 2955 1098 3015 sanctus,
1146 2949 1317 3002 unius
1369 2954 1503 3003 sunt
1554 2950 1906 3017 substantiae,

219 3039 379 3090 unius
422 3042 477 3090 et
508 3037 882 3107 operationis.
929 3038 1035 3092 Sed
1068 3038 1313 3108 Spiritus
1344 3044 1569 3092 sanctus
1599 3043 1660 3091 ut
1690 3039 1764 3092 sit
1793 3040 1907 3101 lux,

218 3127 417 3194 accipit
443 3127 510 3179 de
548 3127 671 3179 luce
718 3127 875 3193 Filio,
928 3131 985 3179 et
1022 3132 1082 3180 ut
1112 3127 1184 3181 sit
1222 3127 1575 3192 illuminans,
1608 3127 1812 3197 accipit
1843 3129 1912 3181 de

222 3216 354 3269 Filio
407 3214 810 3278 illuminante;
855 3216 1341 3285 quemadmodum
1391 3216 1510 3286 ipso
1545 3216 1720 3269 Filius
1752 3220 1914 3267 testa-

220 3310 341 3357 tur:
397 3305 476 3356 De
506 3321 619 3358 meo
664 3306 893 3373 accipiet
926 3306 1101 3373 (Joan.
1149 3321 1265 3369 xv1,
1306 3306 1407 3371 14).
1460 3304 1678 3375 Accipit
1721 3309 1911 3357 autem

220 3410 324 3446 non
373 3398 655 3463 tanquam
698 3410 816 3447 non
856 3394 1118 3448 habendo
1165 3395 1317 3465 quod
1366 3394 1586 3464 accipit,
1631 3394 1725 3447 sed
1779 3398 1912 3447 tan-

220 3498 384 3552 quam
446 3482 777 3551 procedens.
816 3483 957 3536 Item
1013 3484 1194 3536 bonus
1223 3483 1500 3554 Spiritus;
1535 3487 1590 3536 et.
1646 3484 1818 3537 Fili-is
1845 3484 1913 3537 de

221 3587 307 3623 se:
344 3574 457 3637 Ego
500 3586 619 3624 sum
658 3576 848 3639 pastor
878 3573 1042 3625 bonus
1074 3574 1249 3641 (Joan.
1283 3590 1339 3639 χ,
1378 3574 1481 3641 11).
1534 3572 1760 3626 Bonitas
1794 3572 1915 3641 Spi-

220 3660 383 3723 ritus;
436 3660 726 3713 Christum
776 3677 1003 3731 quoque
1036 3661 1350 3715 bonitatem
1393 3676 1564 3713 nemo
1601 3677 1771 3713 sanus
1814 3677 1916 3713 ne-

220 3748 385 3817 gabit.
422 3748 531 3802 Sed
578 3748 764 3801 bonus
811 3754 867 3802 et
912 3751 1097 3803 bonus
1126 3766 1242 3803 non
1286 3750 1396 3803 duo
1442 3750 1601 3814 boni,
1639 3749 1733 3801 sed
1770 3765 1916 3801 unus

221 3836 429 3901 bonus;
470 3837 614 3888 sicut
646 3837 869 3889 bonitas
917 3844 975 3891 et
1022 3837 1244 3891 bonitas
1279 3855 1392 3892 non
1437 3839 1562 3891 dua:
1611 3839 1910 3902 bonitates,

222 3925 309 3977 sed
359 3942 472 3977 una
521 3925 771 3988 bonitas;
821 3926 954 3995 quia
986 3942 1100 3979 non
1136 3927 1249 3980 duo
1282 3927 1381 3991 dii,
1412 3928 1507 3979 sed
1554 3943 1699 3979 unus
1734 3927 1911 3988 Deus;

224 4029 317 4067 nec
350 4014 540 4068 Deitas
574 4014 1007 4083 multiplicando
1041 4030 1120 4081 se,
1174 4016 1400 4069 numeri
1433 4015 1588 4069 novit
1636 4030 1913 4083 augmen-

225 4108 357 4156 tum.
396 4104 545 4172 Ergo
574 4103 759 4156 bonus
801 4104 1043 4173 Spiritus
1082 4120 1149 4157 ex
1184 4104 1333 4156 bono
1383 4103 1523 4157 Filio
1574 4104 1911 4173 procedens,

225 4207 335 4243 non
365 4208 623 4243 nascens.
660 4191 725 4243 Et
765 4191 991 4245 bonitas
1038 4192 1282 4262 Spiritus
1330 4208 1394 4245 ex
1443 4192 1698 4245 bonitate
1750 4191 1912 4256 Filio,

227 4296 327 4332 non
363 4279 677 4342 nascendo,
705 4279 801 4332 sed
834 4280 1213 4349 procedendo.
1245 4279 1511 4350 Alioquin
1544 4279 1589 4331 si
1634 4279 1703 4332 de
1751 4280 1914 4333 Patre

226 4372 447 4419 tantum
498 4366 769 4435 procedat
794 4365 1057 4435 Spiritus,
1085 4372 1141 4420 et
1172 4381 1287 4418 non
1322 4365 1390 4418 de
1444 4364 1582 4418 Filio
1627 4364 1916 4434 quomodo

226 4472 347 4526 qua:
378 4460 517 4508 sunt
567 4455 714 4519 Filii,
748 4460 898 4508 sunt
937 4450 1108 4508 etiam
1164 4453 1450 4523 Spiritus?
1500 4453 1593 4505 Vel
1642 4452 1916 4523 quemad-

224 4545 455 4597 modum
489 4545 559 4598 de
594 4543 732 4596 Filio
762 4544 966 4613 accipit
998 4542 1279 4613 Spiritus?

287 4635 413 4686 Jam
474 4649 610 4685 vero
668 4632 822 4701 quod
855 4633 932 4685 ait
984 4638 1210 4685 sanctus
1259 4630 1587 4701 Gregorius,
1639 4629 1914 4700 Spiritum

222 4730 478 4774 sanctum
511 4722 819 4774 Dominum
846 4737 965 4773 esse
1011 4721 1294 4786 omnium,
1325 4720 1394 4772 ad
1435 4717 1914 4787 omnipotentiam

220 4812 469 4876 pertinet
502 4809 769 4877 Spiritus,
811 4825 877 4862 eo
921 4809 1074 4879 quod
1116 4809 1512 4862 universorum
1558 4822 1687 4876 quas
1728 4811 1917 4858 creata

221 4906 345 4951 sunt
390 4916 423 4951 a
476 4900 641 4953 Patre
689 4914 791 4967 per
835 4898 1040 4951 Filium
1091 4896 1368 4951 Dominus
1416 4896 1637 4962 existat,
1690 4911 1818 4947 nou-
1849 4910 1914 4947 ex

220 4991 480 5057 tempore
513 4984 903 5054 suscipiendo,
953 4984 1049 5037 sed
1083 4984 1431 5037 aaternaliter
1478 4999 1510 5035 a
1544 4983 1708 5035 Patre
1742 4982 1917 5035 Filio-

219 5092 325 5145 que
382 5074 772 5146 procedendo.
826 5072 1050 5126 Mittens
1102 5077 1291 5125 autem
1344 5071 1634 5140 apostolos
1671 5069 1917 5139 Spiritus

219 5171 446 5216 sanctus
495 5161 735 5226 dicitur;
782 5166 839 5213 et
886 5161 1143 5214 Salvator
1184 5160 1400 5213 eisdem
1451 5158 1738 5230 loquitur:
1788 5160 1917 5213 Ecce

218 5268 307 5317 ego
355 5254 514 5305 mitto
553 5265 647 5304 eos
680 5252 821 5304 sicut
867 5266 986 5304 oves
1021 5254 1079 5303 in
1108 5249 1281 5303 medio
1322 5250 1571 5319 luporum
1604 5248 1822 5317 (Matth.
1857 5264 1912 5311 x,

226 5342 323 5407 16).
363 5340 714 5392 Monstratur
744 5352 858 5389 una
907 5338 1207 5407 utriusque
1240 5334 1527 5405 operatio,
1571 5336 1705 5388 dum
1744 5335 1917 5387 Filius

222 5432 273 5479 et
312 5427 564 5497 Spiritus
597 5430 827 5478 sanctus
858 5426 963 5479 sibi
1013 5430 1414 5494 cooperantur.
1471 5423 1625 5477 Unde
1674 5423 1916 5476 manife-

220 5522 398 5568 statur
428 5533 535 5569 nec
569 5514 810 5567 diversae
858 5514 1212 5580 substantias,
1248 5530 1351 5567 nec
1383 5512 1619 5567 diversas
1647 5513 1916 5566 volunta—

219 5602 307 5669 tis,
342 5620 445 5657 nec
476 5603 719 5656 diversas
763 5601 1034 5671 potentiae
1073 5602 1402 5668 consistere,
1457 5616 1704 5671 quorum
1738 5605 1920 5656 exstat

2008 554 2077 609 ad
2111 556 2355 620 Patrem,
2406 557 2475 611 de
2521 572 2634 627 quo
2684 556 2954 621 nascitur,
3005 562 3061 610 et
3110 556 3389 627 Spiritum
3442 564 3705 615 sanctum

2008 644 2076 697 ad
2112 643 2341 711 Filium,
2374 661 2407 697 a
2438 661 2553 714 quo
2587 645 2862 714 procedit.
2905 645 3285 715 Subsequitur
3326 646 3523 700 beatus
3570 649 3704 703 Gre-

2010 734 2204 802 gorius
2232 734 2301 787 de
2346 734 2567 803 Spiritu
2618 733 2844 787 dicens:
2888 754 2913 782 ‹‹
2972 735 3263 804 Inspirans
3302 735 3399 789 ubi
3442 737 3593 801 vult;
3621 737 3705 790 di-

2011 823 2207 876 videns
2250 823 2587 877 donationes
2618 827 2790 892 prout
2834 823 2970 877 vult.
3019 846 3045 871 n
3081 825 3138 877 Et
3181 824 3249 877 de
3292 824 3461 879 Filio:
3505 827 3705 880 Ascen-

2011 911 2141 966 dens
2174 914 2231 966 in
2262 914 2434 966 altum
2459 915 2734 982 captivam
2758 911 2919 965 clausit
2948 916 3344 980 captivitatem,
3374 912 3524 966 dedit
3564 913 3707 967 dona

2011 1001 2313 1055 hominibus
2356 1001 2584 1070 (Ephes.
2638 1016 2710 1067 ιν,
2763 1000 2842 1069 8).
2893 1000 3110 1064 Quibus
3156 1001 3477 1054 ostenditur
3526 1000 3706 1054 sancti

2011 1088 2256 1157 Spiritus
2307 1090 2592 1158 majestas,
2642 1088 2794 1159 quod
2836 1104 2952 1142 non
2986 1089 3294 1158 subjectus,
3338 1096 3453 1142 non
3500 1089 3704 1159 imper-

2012 1178 2210 1243 fectus,
2262 1194 2374 1231 non
2424 1177 2617 1231 minus
2659 1182 2883 1246 potens,
2937 1193 3134 1231 verum
3181 1177 3417 1248 mqnalis
3451 1176 3602 1231 Patri
3634 1177 3708 1230 sit

2016 1267 2272 1337 Filioque
2297 1268 2353 1319 in
2376 1270 2600 1331 natura,
2626 1266 2683 1319 in
2708 1266 3125 1335 magnitudine,
3157 1266 3214 1319 in
3238 1266 3397 1319 omni
3424 1265 3703 1335 potentia,

2013 1361 2069 1408 et
2099 1355 2157 1408 in
2191 1356 2349 1409 omni
2396 1354 2626 1409 virtute.
2662 1355 2821 1418 Quod
2872 1360 3063 1407 autem
3116 1354 3455 1408 donationes
3508 1353 3707 1407 distri—

2013 1444 2138 1497 buit
2166 1444 2649 1515 quemadmodum
2686 1444 2878 1505 Filius,
2914 1460 3024 1497 non
3058 1444 3219 1510 alias,
3255 1444 3351 1497 sed
3387 1444 3566 1513 ipsas;
3607 1458 3711 1495 nec

2014 1533 2123 1585 alio
2159 1537 2416 1603 tempore
2450 1533 2644 1599 Filius,
2690 1533 2803 1586 alio
2854 1532 3100 1603 Spiritus
3149 1538 3404 1599 sanctus;
3438 1548 3544 1585 nec
3583 1529 3709 1584 aliis

2014 1622 2347 1676 hominibus
2394 1622 2587 1690 Filius,
2638 1621 2763 1675 aliis
2809 1622 3055 1691 Spiritus
3111 1625 3368 1686 sanctus;
3420 1620 3713 1674 evidenter

2014 1710 2332 1765 ostenditur
2387 1711 2557 1765 unius
2621 1711 2974 1780 operationis
3030 1710 3286 1774 etfectus,
3340 1715 3396 1763 et
3451 1708 3709 1778 ejusdem

2014 1800 2323 1854 voluntatis
2355 1800 2608 1854 aﬂ'ectus.
2656 1800 2717 1853 Et
2747 1815 2876 1853 cum
2907 1800 2987 1852 ita
3017 1799 3107 1863 sit,
3144 1814 3257 1852 non
3303 1814 3467 1868 posse
3500 1796 3708 1851 Filium

2014 1905 2136 1942 esse
2178 1889 2300 1942 sine
2341 1889 2556 1960 Spiritu
2601 1894 2815 1955 sancto,
2853 1904 2954 1942 nec
2985 1888 3261 1958 Spiritum
3291 1892 3553 1940 sanctum
3586 1886 3710 1939 sine

2012 1977 2172 2043 Filio,
2223 1983 2498 2048 tanquam
2550 1978 2718 2031 unius
2762 1978 3091 2031 substantia:
3122 1977 3274 2047 quod
3320 1976 3393 2029 sit
3436 1980 3709 2044 uterque,

2016 2070 2071 2120 et
2101 2067 2248 2137 quod
2296 2067 2363 2119 de
2397 2067 2537 2120 Filio
2588 2067 2856 2136 procedat
2895 2065 3159 2135 Spiritus.
3201 2065 3346 2118 Dicit
3376 2065 3545 2118 etiam
3578 2063 3709 2133 Spi-

2017 2157 2186 2208 ritum
2220 2162 2479 2209 sanctum
2525 2154 2801 2225 Spiritum
2849 2171 2969 2207 esse
3020 2153 3306 2217 veritatis;
3355 2158 3411 2207 et
3456 2153 3713 2206 Salvator

2017 2243 2086 2297 de
2132 2261 2224 2297 se:
2276 2247 2388 2311 Ego
2417 2259 2535 2297 sum
2574 2246 2774 2297 veritas
2807 2245 2979 2311 (Joan.
3011 2256 3129 2307 xxv,
3175 2244 3283 2309 16).
3324 2242 3467 2307 Ergo
3518 2239 3711 2293 dicens

2018 2333 2290 2402 Spiritum
2346 2332 2601 2386 veritatis
2649 2349 2792 2399 esse,
2855 2332 3020 2385 docet
3078 2329 3378 2384 manifeste
3435 2327 3712 2399 Spiritum

2019 2423 2249 2490 Christi,
2281 2422 2380 2492 qui
2414 2422 2619 2475 veritas
2649 2426 2750 2483 est,
2779 2436 2919 2474 esse.
3684 2406 3691 2412 i

2093 2510 2240 2565 Dicit
2280 2511 2466 2563 adhuc
2498 2510 2697 2564 beatus
2730 2509 2835 2562 iste
2874 2508 3151 2579 Spiritum
3182 2513 3440 2562 sanctum
3474 2524 3595 2561 esse
3628 2525 3711 2561 sa-

2020 2600 2282 2669 pientius;
2334 2600 2540 2653 Paulus
2592 2599 2885 2668 apostolus
2936 2597 3271 2651 testiﬁcatur
3304 2598 3590 2652 Christum
3624 2601 3717 2651 Dei

2019 2692 2274 2743 virtutem
2324 2694 2375 2741 et
2430 2690 2521 2742 Dei
2566 2690 2893 2757 sapientiam
2940 2703 3062 2740 esse
3113 2687 3165 2755 (Ι
3190 2687 3309 2741 Cor.
3356 2704 3390 2754 ι,
3450 2687 3562 2755 24).
3617 2687 3711 2740 Sa-

2019 2778 2251 2849 pientiae
2279 2777 2470 2848 itaque
2509 2777 2777 2846 Spiritus,
2811 2776 3018 2831 Christi
3052 2775 3298 2846 Spiritus
3329 2780 3435 2842 est,
3482 2775 3582 2845 qui
3631 2780 3715 2828 est

2024 2868 2120 2920 Dei
2141 2866 2440 2936 sapientia.
2474 2865 2657 2935 Igitur
2688 2864 2987 2918 evidenter
3015 2862 3561 2932 ostenditSpiritum
3595 2878 3715 2916 esse

2022 2954 2247 3019 Christi,
2283 2955 2522 3008 dicendo
2570 2953 2845 3024 Spiritum
2894 2953 3168 3017 veritatis,
3202 2957 3258 3005 et
3305 2952 3584 3021 Spiritum
3633 2967 3716 3004 sa-

1951 3068 1992 3122 ο
2023 3045 2272 3115 pientize.
2313 3044 2467 3098 Unde
2508 3059 2644 3111 ergo
2676 3042 2908 3106 Christi,
2952 3058 3084 3095 cum
3125 3041 3199 3094 sit
3242 3041 3487 3111 Spiritus
3522 3040 3714 3094 Domi-

2021 3150 2128 3186 nus
2158 3132 2416 3185 omnium
2466 3130 2983 3200 (quemadmodum
3016 3130 3170 3183 idem
3228 3130 3425 3182 beatus
3474 3133 3717 3182 testatur

2022 3219 2398 3292 Gregorius)?
2447 3218 2719 3271 nimirum
2752 3217 2886 3287 quia
2923 3218 3179 3287 procedit
3211 3234 3243 3269 a
3271 3217 3527 3269 Christo:
3563 3219 3714 3285 quod

2026 3311 2071 3362 si
2117 3309 2435 3379 negaveris,
2487 3306 2756 3360 fateberis
2804 3322 2935 3359 eum
2985 3305 3325 3375 subjectum,
3379 3308 3434 3357 et
3481 3320 3585 3373 per
3612 3304 3717 3357 hoc

2022 3400 2110 3453 vel
2142 3402 2482 3457 creaturam.
2508 3398 2593 3449 vel
2627 3396 2909 3450 minorem
2941 3394 3098 3449 Filio.
3135 3396 3228 3447 Est
3256 3397 3449 3447 autem
3488 3398 3710 3446 utrum-

2022 3503 2133 3555 que
2167 3487 2275 3540 hoc
2313 3484 2735 3554 blasphemum,
2787 3489 2844 3537 et
2884 3501 2915 3536 a
2963 3481 3238 3536 catholica
3280 3481 3495 3551 pietate
3544 3480 3716 3550 longe

2021 3581 2327 3629 remotum.
2378 3575 2608 3628 Dicatur
2660 3589 2797 3643 ergo
2846 3571 2999 3643 quod
3052 3570 3256 3623 veritas
3295 3569 3489 3635 habet,
3539 3567 3714 3639 Spiri-

2022 3669 2145 3717 tum
2190 3679 2310 3716 esse
2346 3662 2584 3727 Christi;
2629 3662 2893 3715 videlicet
2923 3664 2977 3713 et
3024 3658 3301 3729 Spiritum
3345 3657 3620 3723 veritatis,
3665 3661 3720 3709 et

2022 3752 2296 3821 Spiritum
2326 3751 2642 3820 sapientius,
2676 3750 2949 3819 quoniam
2982 3747 3239 3817 procedit
3268 3747 3338 3799 de
3381 3745 3625 3809 Christo,
3659 3744 3716 3798 id

2022 3845 2103 3893 est
2148 3838 2405 3907 procedit
2443 3856 2475 3892 a
2531 3838 2791 3902 veritate,
2838 3836 3095 3907 procedit
3143 3852 3176 3887 a
3231 3832 3532 3903 sapientia.
3573 3831 3717 3886 Sub-

2018 3928 2249 3997 jungit:
2290 3948 2316 3974 ‹‹
2352 3928 2460 3979 Per
2503 3942 2675 3996 quem
2725 3926 2894 3979 Pater
2923 3922 3275 3993 agnoscitur,
3309 3928 3365 3975 et
3394 3921 3561 3975 Filius
3594 3921 3715 3989 glo-

2024 4015 2294 4081 riﬁcatur,
2351 4020 2407 4067 et
2450 4030 2483 4067 a
2527 4014 2737 4084 quibus
2786 4012 2919 4066 solis
2968 4012 3086 4082 ipse
3130 4009 3510 4079 cognoscitur.
3566 4030 3592 4060 ιι
3625 4010 3720 4063 Ait

2023 4108 2215 4156 autem
2267 4102 2438 4157 Filius
2488 4101 2553 4155 ad
2598 4102 2860 4154 Patrem:
2913 4101 3093 4163 Pater,
3134 4100 3485 4164 manifestavi
3530 4113 3718 4150 nomen

2026 4198 2175 4246 tuum
2209 4192 2513 4246 hominibus
2554 4206 2685 4259 quos
2734 4190 2934 4243 dedisti
2980 4190 3115 4241 mihi
3163 4188 3337 4252 (Joan.
3373 4201 3505 4247 ιιι-ιι,
3540 4191 3607 4249 6).
3660 4184 3717 4239 Si

2029 4283 2195 4335 Pater
2230 4296 2333 4351 per
2361 4280 2636 4351 Spiritum
2678 4278 3027 4349 agnoscitur,
3072 4282 3129 4329 et
3164 4276 3335 4330 Filius
3386 4275 3568 4328 Patris
3612 4290 3716 4326 no-

1961 4370 2160 4425 Dmen
2197 4370 2531 4423 hominibus
2578 4367 2922 4432 manifestat,
2974 4365 3142 4418 unius
3199 4362 3550 4433 operationis
3598 4377 3719 4414 esse

2026 4464 2443 4513 monstrantur.
2497 4456 2640 4510 Dicit
2684 4455 2853 4508 etiam
2895 4453 3049 4524 quod
3100 4452 3271 4506 Filius
3305 4451 3657 4522 gloriticetur
3690 4467 3721 4502 a

2026 4545 2239 4614 Spiritu
2288 4550 2511 4609 sancto;
2564 4548 2620 4597 et
2680 4542 2854 4596 Filius
2911 4542 3023 4593 ait:
3087 4543 3182 4594 Est
3214 4542 3381 4593 Pater
3436 4552 3580 4591 meus
3626 4539 3722 4606 qui

2022 4631 2295 4697 glori/ient
2323 4646 2403 4684 me
2431 4632 2603 4697 (Joan.
2641 4644 2757 4690 vru,
2800 4630 2908 4692 54).
2958 4628 3020 4679 Et
3071 4626 3222 4679 Patri
3264 4626 3552 4694 loquitur:
3592 4625 3721 4680 Cla-

2021 4719 2182 4788 rtﬁca
2230 4734 2331 4781 me,
2385 4720 2562 4781 Pater,
2612 4717 2763 4785 apud
2808 4718 3145 4785 temetipsum
3196 4716 3373 4783 (Joan.
3424 4728 3591 4776 xxv",
3643 4714 3715 4776 5).

2022 4808 2079 4862 Si
2113 4807 2355 4878 Spiritus
2400 4806 2684 4876 gloriticat
2726 4805 2952 4869 Filium,
2996 4808 3050 4855 et
3098 4805 3263 4856 Pater
3311 4801 3592 4871 gloriticat
3637 4800 3719 4852 Fi-

2023 4895 2187 4958 lium,
2230 4910 2411 4948 unum
2460 4893 2730 4962 idemque
2784 4894 2950 4945 Pater
2993 4897 3048 4943 et
3093 4890 3342 4959 Spiritus
3376 4890 3715 4959 operantur;

2024 4989 2081 5037 et
2140 4983 2187 5035 si
2247 4983 2459 5052 pariter
2488 4986 2817 5051 operantur,
2873 4980 3044 5032 unius
3086 4978 3393 5031 voluntatis
3427 4980 3485 5028 et
3532 4987 3718 5026 essen-

2024 5072 2138 5137 tize,
2185 5070 2470 5138 uniusque
2514 5067 2809 5137 potestatis
2849 5066 3247 5119 ostenduntur.
3300 5060 3714 5132 Subjungitur:

2026 5179 2051 5211 ι(
2089 5160 2153 5213 Et
2203 5175 2234 5211 a
2267 5158 2476 5228 quibus
2525 5156 2660 5210 solis
2690 5155 2809 5226 ipse
2842 5153 3221 5223 cognoscitur.
3259 5176 3278 5199 ι
3311 5151 3367 5205 Si
3395 5168 3427 5203 a
3460 5149 3578 5201 solo
3606 5150 3717 5202 Pa-

2023 5253 2109 5301 tre
2156 5247 2411 5316 Filioque
2463 5244 2827 5315 cognoscitur
2874 5241 3117 5311 Spiritus
3161 5244 3410 5302 sanctus,
3461 5237 3716 5306 profecto

2022 5336 2279 5407 procedit
2309 5335 2377 5389 ab
2408 5339 2673 5405 utroque,
2707 5338 2764 5386 et
2801 5336 2884 5385 est
2910 5329 3210 5397 utriusque
3259 5324 3716 5379 consubstantia-

2024 5425 2107 5479 lis.
2155 5426 2216 5479 Et
2246 5424 2373 5479 vide
2406 5424 2540 5496 quid
2572 5424 2739 5488 dicat,
2771 5422 2904 5492 quia
2936 5416 3291 5489 gloriﬁcatur
3318 5415 3494 5469 Filius
3524 5430 3556 5467 a
3585 5414 3713 5484 Spi-

2025 5513 2168 5579 ritu;
2221 5512 2709 5583 quemadmodum
2755 5509 2984 5579 legitur,
3031 5504 3168 5576 quia
3219 5503 3393 5558 Filius
3439 5503 3721 5574 gloriticat

2025 5601 2445 5665 Patrem.QuiLd
2498 5606 2582 5655 est
2628 5603 2820 5657 autem
2869 5599 3089 5673 Patrem
3122 5592 3440 5665 gloriﬁcare
3490 5592 3716 5657 Filium,
