4148 6180
435 326 527 376 251
1585 310 1945 368 RATRAMNI
1983 303 2442 367 CORBEIENSIS
2482 310 2786 369 MONACHI

3838 309 3939 361 232

440 452 552 507 nisi
579 450 912 507 hominibus
956 447 1324 503 manifestum
1369 445 1553 500 facere
1595 443 1748 515 quod
1798 443 1871 498 sit
1898 443 2128 514 genitus
2168 450 2208 501 Α
2242 442 2377 514 quia
2402 442 2662 514 procedit
2682 458 2749 496 ex
2775 441 2921 512 ipso,
2955 440 3129 494 unius
3158 440 3467 494 voluntatis
3496 440 3571 494 sit
3603 440 3781 494 etiam
3808 455 3939 494 cum

439 559 469 595 a
495 540 701 596 Patre?
732 537 1007 595 Similiter
1041 537 1212 591 Filius
1234 534 1588 606 gloriticatur
1617 549 1648 585 a
1675 531 1911 601 Spiritu,
1942 536 2132 584 osten-

438 631 576 684 deus
606 629 740 698 quia
778 627 1033 697 procedit
1063 643 1093 678 a
1127 623 1284 679 Filio.
1314 622 1503 675 Multis
1546 621 1740 691 itaque
1773 620 1958 673 modis
2000 619 2131 673 bea-

440 724 530 771 tus
569 717 874 787 Gregorius
916 715 1119 785 probat
1158 711 1435 782 Spiritum
1478 714 1736 763 sanctum
1766 726 1797 761 a
1830 709 1969 763 Filio
2001 725 2130 779 pro-

437 806 657 871 cedere,
700 811 757 858 et
806 804 976 857 unius
1025 800 1401 871 ejusdemque
1432 815 1554 853 esse
1585 814 1714 851 cum
1748 799 1911 852 Patre
1962 797 2133 851 Filio-

437 911 549 966 que
596 892 965 946 substantias:
1024 897 1080 942 et
1123 889 1504 943 concludens:
1556 908 1581 937 (ι
1634 886 1781 951 Quid
1825 902 1970 966 opus
2025 893 2128 953 est,

439 960 645 1053 inquit,
680 981 939 1050 pluribus
987 978 1208 1032 verbis?
1250 977 1455 1031 Omnia
1495 994 1624 1047 qua:
1678 978 1843 1030 Pater
1873 960 1975 1042 est,
2013 976 2134 1030 haec

438 1078 522 1125 est
576 1076 631 1124 et
694 1070 886 1132 Filius,
938 1074 1174 1137 excepto
1226 1085 1291 1119 eo
1338 1065 1492 1136 quod
1541 1065 1771 1118 innatus
1820 1069 1902 1118 est
1948 1065 2129 1119 Pater.

440 1157 645 1213 Omnia
676 1174 803 1227 qua:
851 1156 1023 1210 Filius
1062 1160 1162 1217 est,
1197 1156 1319 1208 haec
1364 1160 1447 1207 est
1496 1160 1551 1209 et
1592 1154 1837 1224 Spiritus
1884 1159 2130 1221 sanctus,

439 1252 647 1317 praeter
699 1247 805 1300 hoc
836 1246 991 1315 quod
1044 1250 1211 1297 natus
1250 1250 1333 1297 est
1380 1244 1572 1297 Filius.
1609 1264 1636 1292 ››
1678 1242 1823 1307 Quid
1862 1244 1982 1296 vult
2028 1242 2132 1296 ista

440 1335 727 1389 distinctio
756 1341 813 1388 et
847 1334 1062 1388 ordinis
1102 1333 1545 1404 consequentia:
1604 1332 1808 1387 Filium
1831 1348 1947 1385 esse
1978 1333 2128 1402 quod

445 1427 607 1478 Pater
654 1429 756 1489 est,
809 1438 1019 1493 praeter
1064 1423 1173 1475 hoc
1216 1422 1371 1493 quod
1417 1422 1648 1475 innatus
1689 1426 1776 1474 est
1825 1422 2023 1474 Pater:
2079 1426 2133 1473 et

440 1512 714 1582 Spiritum
768 1516 1026 1564 sanctum
1057 1526 1178 1563 esse
1210 1511 1366 1579 quod
1409 1509 1581 1563 Filius
1631 1514 1733 1573 est,
1778 1524 1846 1562 eo
1895 1514 2131 1579 excepto

442 1603 595 1673 quod
627 1606 792 1656 natus
840 1604 925 1655 est
955 1599 1166 1654 Filius?
1202 1599 1391 1654 Potuit
1419 1615 1669 1669 namque
1698 1599 1908 1666 dicere,
1939 1600 2133 1653 omnia

440 1707 569 1761 quae
628 1692 793 1745 Pater
841 1693 926 1743 est
973 1704 1097 1741 esse
1155 1688 1360 1742 Filium
1415 1691 1472 1740 et
1514 1687 1789 1756 Spiritum
1847 1694 2131 1752 sanctum,

443 1784 652 1849 praster
697 1780 801 1832 hoc
844 1776 999 1848 quod
1041 1793 1155 1830 non
1189 1782 1357 1830 natus
1396 1781 1481 1829 est
1515 1776 1701 1841 Pater,
1745 1790 1849 1828 nec
1884 1775 2137 1845 procedit

443 1868 514 1921 ab
564 1867 714 1921 alio:
777 1882 931 1921 nunc
989 1870 1181 1919 autem
1235 1865 1441 1919 Filium
1493 1880 1614 1918 esse
1668 1864 1925 1935 loquitur
1968 1880 2141 1918 omne

445 1955 596 2025 quod
647 1955 814 2008 Pater
869 1958 973 2016 est,
1028 1958 1087 2007 et
1145 1952 1425 2024 Spiritum
1470 1958 1749 2017 sanctum,
1809 1968 1921 2006 non
1969 1968 2141 2005 omne

442 2041 597 2112 quod
626 2044 791 2095 Pater
821 2046 925 2107 est,
978 2040 1076 2093 sed
1120 2057 1290 2094 omne
1335 2040 1491 2111 quod
1545 2040 1719 2093 Filius
1768 2046 1873 2107 cst,
1907 2045 2140 2109 (xcepto

444 2127 755 2181 nativitatis
790 2126 1130 2196 privilegio:
1174 2126 1449 2179 nimirum
1489 2126 1569 2179 sic
1605 2125 1847 2196 loquens
1887 2126 2141 2179 ostendit

444 2214 597 2284 quod
627 2215 792 2268 Pater
839 2230 955 2267 non
999 2219 1084 2267 est
1131 2214 1200 2267 de
1232 2214 1446 2283 aliquo,
1502 2212 1674 2267 Filius
1704 2230 1835 2266 vero
1875 2214 1945 2267 de
1974 2215 2140 2267 Patre

445 2305 565 2358 solo
611 2302 686 2355 sit
727 2302 973 2372 genitus,
1026 2301 1274 2371 Spiritus
1327 2306 1521 2355 autem
1552 2301 1622 2355 de
1656 2300 1795 2355 Filio
1845 2301 2135 2371 procedat.

444 2392 606 2455 Quod
637 2397 827 2444 autem
859 2396 913 2444 et
948 2407 979 2443 a
1022 2392 1185 2444 Patre
1217 2392 1505 2461 procedat,
1539 2393 1711 2461 paulo
1744 2389 2006 2459 superius
2038 2390 2135 2455 ait,

446 2481 674 2535 dicens:
716 2500 741 2527 α
790 2481 854 2533 Et
891 2479 960 2533 ad
1006 2478 1254 2549 primam
1286 2478 1547 2532 omnium
1578 2477 1884 2546 originem,
1919 2476 2019 2547 qui
2057 2480 2141 2528 est

447 2570 634 2634 Pater,
668 2568 814 2620 sicut
864 2566 1154 2637 Unigeniti
1205 2566 1422 2632 omnia,
1456 2566 1537 2619 ita
1580 2566 1752 2619 etiam
1804 2566 1982 2618 sancti
2014 2564 2138 2633 Spi-

446 2661 591 2709 ritus
623 2655 817 2709 omnia
865 2655 1208 2709 referuntur.
1248 2675 1271 2706 s
1306 2655 1463 2709 Talia
1494 2655 1690 2709 dicens
1719 2653 1970 2708 ostendit
2015 2669 2137 2706 om-

448 2743 543 2796 nia
572 2759 703 2814 quas
740 2748 872 2796 sunt
903 2742 1052 2810 Filii,
1083 2743 1155 2795 ad
1188 2743 1411 2796 Patrem
1444 2741 1657 2796 habere
1687 2741 2052 2805 relationem;
2087 2744 2141 2792 et

446 2831 641 2885 omnia
670 2846 799 2901 quas
839 2835 972 2883 sunt
1001 2831 1177 2883 sancti
1207 2829 1467 2900 Spiritus,
1500 2830 1569 2883 ad
1626 2828 1893 2882 eumdem
1941 2828 2140 2882 referri

444 2920 602 2974 velut
648 2920 717 2973 ad
758 2918 1004 2989 primam
1048 2918 1310 2973 omnium
1341 2918 1661 2987 originem:
1713 2917 1989 2988 quoniam
2037 2917 2141 2971 etsi

445 3008 690 3078 Spiritus
715 3008 975 3078 procedit
1000 3024 1032 3060 a
1072 3007 1230 3071 Filio,
1267 3007 1485 3077 accepit
1512 3008 1619 3060 hoc
1667 3007 1842 3061 Filius
1876 3023 1909 3060 a
1952 3008 2138 3074 Patre,

445 3102 509 3149 ut
538 3097 822 3150 nascendo
855 3095 924 3150 de
981 3097 1145 3149 Patre
1205 3095 1398 3161 Filius,
1439 3095 1680 3165 Spiritus
1728 3102 1954 3149 sanctus
2009 3111 2141 3166 pro-

445 3186 673 3240 cederet
725 3185 795 3239 ab
824 3184 952 3250 illo;
1000 3188 1065 3237 ut
1113 3183 1308 3237 omnia
1363 3199 1491 3253 quae
1522 3186 1655 3236 sunt
1695 3183 1840 3249 Filii,
1875 3183 1994 3236 sint
2036 3185 2140 3237 Pa-

443 3274 574 3339 tris;
609 3276 662 3326 et
717 3270 913 3325 omnia
961 3286 1089 3341 quae
1120 3276 1253 3323 sunt
1304 3268 1551 3340 Spiritus
1582 3270 1779 3335 sancti,
1815 3269 1924 3323 sint
1968 3269 2140 3323 etiam

448 3361 611 3414 Filii:
642 3377 713 3427 ac,
734 3376 837 3430 per
866 3360 974 3412 hoc
1012 3359 1214 3425 Patris,
1246 3375 1277 3411 a
1320 3374 1432 3428 quo
1467 3358 1637 3411 Filius
1664 3358 1880 3425 accepit
1924 3363 1985 3410 ut
2014 3357 2141 3426 Spi-

446 3452 591 3502 ritus
638 3455 864 3502 sanctus
910 3449 979 3501 ab
1026 3447 1123 3501 illo
1169 3448 1526 3516 procederet,
1570 3461 1685 3498 non
1739 3452 1804 3498 ut
1849 3450 2071 3499 creatus
2109 3460 2142 3497 a

454 3539 640 3601 Patre,
697 3536 795 3589 sed
844 3535 1106 3605 genitus;
1142 3550 1247 3587 nec
1275 3534 1612 3599 minoratus,
1651 3533 1748 3586 sed
1779 3532 2015 3604 aequalis
2044 3547 2143 3602 po-

448 3624 675 3689 tentiae;
712 3640 819 3677 nec
848 3623 1106 3688 alterius,
1140 3622 1240 3677 sed
1272 3622 1443 3675 unius
1478 3622 1851 3692 ejusdemque
1893 3625 2136 3674 naturae.

518 3713 660 3766 Item
691 3710 753 3765 in
807 3711 1254 3783 posterioribus:
1303 3731 1330 3761 α
1384 3711 1463 3765 Re
1515 3710 1669 3763 enim
1725 3725 1857 3763 vera
1902 3709 2139 3780 dignum

448 3806 590 3867 erat,
640 3808 695 3853 et
750 3817 879 3854 cum
924 3802 1084 3854 Jesus
1137 3800 1300 3853 nobis
1364 3800 1734 3870 corporaliter
1803 3799 2135 3865 advenisset,

447 3889 621 3944 etiam
657 3890 935 3960 Spiritum
972 3889 1136 3943 nobis
1169 3890 1541 3959 corporaliter
1573 3904 1888 3958 apparere:
1925 3894 1981 3942 et
2011 3904 2139 3942 cuin

448 3980 703 4033 Christus
731 3980 801 4033 ad
833 3980 1023 4049 ipsum
1067 3978 1431 4045 ascendisset,
1471 3978 1662 4048 ipsum
1694 3977 2039 4031 descendere
2070 3977 2139 4031 ad

447 4085 578 4134 nos;
609 4068 708 4139 qui
739 4069 895 4122 venit
923 4068 1159 4138 quidem
1184 4072 1245 4121 ut
1279 4067 1551 4120 Dominus
1584 4065 1644 4119 in
1678 4068 1977 4136 potestate,
2003 4065 2139 4118 mit-

448 4158 587 4209 titur
636 4162 827 4211 autem
861 4162 1134 4226 tanquam
1184 4155 1282 4225 qui
1315 4171 1431 4207 non
1478 4154 1552 4207 sit
1581 4153 1900 4206 contrarius
1938 4155 2071 4206 Deo.
2112 4174 2134 4200 ι

451 4245 516 4296 Et
560 4244 650 4297 hic
698 4260 873 4297 unam
906 4244 1322 4314 operationem,
1358 4248 1415 4296 et
1468 4241 1635 4295 unius
1682 4242 2002 4295 οοιιοοτὼω
2049 4258 2141 4294 vo-

2244 531 2393 602 ipso;
2425 547 2529 585 nec
2569 547 2603 583 a
2650 530 2791 584 Filio
2839 530 2911 583 sit
2961 545 3136 599 opere
3185 529 3462 595 diversus,
3514 546 3545 582 a
3576 545 3692 599 quo
3723 544 3841 582 non
3872 529 3945 581 sit

2243 626 2447 674 natura
2472 627 2797 691 separatus;
2830 624 2885 673 et
2905 620 3015 690 ipsi
3043 634 3271 688 semper
3303 617 3375 671 sit
3404 617 3742 688 conjunctus
3773 615 3947 669 actio~

2245 725 2335 770 ne,
2376 709 2464 762 cui
2516 725 2811 780 nunquam
2847 709 3005 762 deest
3048 723 3151 777 per
3190 706 3639 761 coaeternitatem
3674 709 3737 758 ut
3769 721 3799 755 a
3828 720 3945 774 quo

2245 798 2521 868 procedit,
2555 798 2638 851 illi
2678 797 2894 867 jugiter
2936 801 3288 866 cooperetur.
3340 794 3500 859 Quod
3534 811 3663 848 vero
3696 794 3947 862 subjun-

2244 886 2358 940 xit:
2396 906 2423 937 «
2458 888 2521 941 Et
2552 902 2681 940 cum
2724 886 2982 940 Christus
3023 886 3093 939 ad
3129 884 3317 955 ipsum
3351 882 3717 947 ascendisset,
3751 882 3946 950 ipsum

2243 975 2583 1029 descendere
2628 976 2698 1028 ad
2733 991 2852 1040 nos,
2890 993 2917 1025 ››
2956 990 3072 1027 non
3114 972 3553 1027 minorationem
3607 969 3733 1025 Filii
3766 970 3949 1022 voluit

2244 1065 2561 1129 ostendere,
2596 1064 2688 1117 sed
2731 1062 3102 1117 humanitatis
3146 1060 3605 1131 susceptionem:
3651 1074 3757 1130 per
3795 1059 3947 1113 hanc

2242 1152 2394 1206 enim
2427 1169 2540 1206 non
2570 1153 2757 1206 solum
2787 1153 2855 1205 ad
2877 1152 3153 1220 Spiritum
3175 1156 3435 1203 sanctum
3470 1148 3729 1202 ascendit
3753 1147 3943 1205 Jesus.

2243 1257 2439 1294 verum
2473 1242 2643 1295 etiam
2678 1240 2749 1294 ad
2794 1240 3082 1310 seipsum;
3132 1239 3401 1309 quoniam
3434 1237 3534 1308 qui
3572 1252 3635 1290 ex
3670 1234 3945 1288 humani.

2242 1335 2358 1382 tate
2389 1330 2568 1383 factus
2603 1334 2686 1382 est
2717 1330 2866 1381 intra
2895 1327 3110 1389 omnia,
3147 1344 3249 1398 per
3298 1327 3667 1380 Divinitatem
3700 1328 3827 1377 erat
3856 1339 3946 1375 su-

2244 1435 2348 1488 pra
2372 1418 2584 1471 omnia.
2619 1418 2965 1488 Subjungit:
3010 1438 3031 1465 ι
3068 1417 3176 1480 Qui
3211 1416 3365 1469 venit
3393 1414 3625 1486 quidem
3658 1418 3723 1466 ut
3754 1413 3946 1465 Domi-

2245 1523 2351 1560 nus
2381 1506 2440 1559 in
2486 1511 2785 1576 potestate,
2820 1505 3069 1559 mittitur
3113 1509 3309 1557 autem
3355 1509 3629 1573 tanquam
3672 1501 3774 1572 qui
3826 1516 3944 1553 non

2245 1596 2318 1649 sit
2350 1594 2667 1649 contrarius
2702 1597 2833 1649 Deo.
2884 1616 2909 1642 ››
2946 1596 3069 1647 Duo
3110 1592 3268 1660 dicit,
3300 1598 3357 1645 et
3405 1591 3629 1645 venisse
3658 1588 3941 1659 Spiritum

2246 1688 2525 1749 sanctum,
2558 1688 2615 1736 et
2659 1682 2897 1735 missum
2930 1697 3068 1734 esse.
3104 1680 3265 1745 Quod
3309 1678 3482 1746 venit,
3518 1678 3747 1749 proprie
3776 1682 3936 1747 pote-

2249 1772 2407 1827 statis
2433 1778 2534 1838 est,
2585 1776 2642 1825 et
2669 1770 2878 1825 idcirco
2915 1769 3074 1833 dixit,
3112 1770 3179 1823 Ut
3220 1767 3528 1822 Dominus:
3560 1766 3714 1838 quod
3755 1765 3943 1819 mitti—

2249 1867 2362 1929 tur,
2415 1860 2649 1914 alterius
2692 1857 3032 1923 ostenditur,
3093 1865 3146 1913 et
3202 1856 3413 1910 idcirco
3470 1856 3581 1908 ait:
3641 1856 3943 1923 Tanquam

2250 1948 2349 2018 qui
2389 1964 2506 2002 non
2562 1947 2633 2001 sit
2669 1946 2985 2001 contrarius
3037 1947 3121 2000 illi
3171 1962 3205 1998 a
3257 1961 3371 2016 quo
3427 1944 3692 1997 mittitur.
3752 1944 3944 1997 Missio

2250 2054 2377 2091 vero
2405 2054 2518 2091 non
2565 2036 2975 2107 subjectionem
3006 2036 3310 2106 signiﬁcat,
3356 2036 3454 2089 sed
3496 2034 3943 2105 processionem.

2249 2126 2488 2180 Mittitur
2517 2142 2648 2179 vero
2699 2143 2731 2179 a
2763 2125 3007 2190 Christo,
3041 2126 3111 2178 ad
3146 2140 3319 2195 quem
3360 2124 3611 2177 ascendit
3651 2123 3944 2187 Christus;

2247 2220 2304 2267 et
2352 2214 2598 2267 mittitur
2646 2218 2921 2283 tanquam
2977 2229 3094 2266 non
3146 2211 3465 2265 contrarius
3528 2213 3660 2276 Deo,
3724 2211 3782 2263 id
3835 2216 3943 2273 est,

2249 2303 2493 2369 Christo,
2523 2302 2621 2374 qui
2663 2302 2899 2372 quidem
2937 2306 3024 2355 est
3067 2302 3232 2368 Deus,
3266 2302 3429 2371 cujus
3474 2299 3758 2353 voluntati
3789 2315 3944 2352 sem-

2248 2410 2348 2464 per
2370 2392 2666 2462 jungitur;
2726 2408 2757 2444 a
2804 2408 2916 2463 quo
2949 2396 3007 2444 et
3060 2389 3324 2457 mittitur,
3374 2388 3647 2460 quoniam
3678 2386 3949 2459 procedit

2249 2482 2317 2535 ab
2348 2482 2467 2535 illo.

2321 2569 2619 2624 Subdidit:
2662 2592 2681 2616 «
2741 2570 3050 2637 Propterea
3097 2572 3289 2622 autem
3340 2574 3468 2637 post
3515 2564 3829 2629 Christum,
3877 2570 3948 2618 ut

2252 2673 2398 2711 unus
2431 2657 2591 2711 nobis
2640 2657 2981 2727 paracletus,
3037 2656 3095 2711 id
3137 2662 3217 2710 est
3267 2656 3574 2710 advocatus
3610 2656 3699 2710 vel
3736 2671 3947 2708 conso-

2251 2748 2415 2812 lator,
2452 2761 2748 2816 nunquam
2774 2745 2947 2799 desit:
2973 2744 3181 2799 idcirco
3213 2750 3403 2798 autem
3438 2744 3584 2797 alius
3615 2744 3950 2798 Paracletus

2249 2835 2474 2900 dicitur,
2498 2834 2961 2904 utzequalitatem
2988 2839 3209 2887 naturae
3235 2850 3298 2886 ac
3324 2832 3620 2903 potestatis
3637 2848 3947 2902 agnoscas;

2250 2924 2395 2977 alius
2446 2922 2598 2977 enim
2650 2924 2757 2977 hoc
2800 2927 2885 2976 est
2927 2922 3070 2975 alius
3114 2938 3246 2992 ego;
3300 2921 3434 2992 quia
3483 2920 3628 2974 alius
3666 2936 3773 2991 ego
3828 2936 3951 2973 non

2200 3053 2217 3083 ἶ
2251 3013 2458 3067 dicitur
2489 3015 2556 3067 de
2587 3030 2654 3066 eo
2696 3013 2795 3083 qui
2823 3012 3058 3065 alterius
3088 3011 3315 3082 generis
3348 3010 3440 3076 sit,
3486 3011 3585 3063 sed
3616 3010 3685 3063 de
3733 3025 3802 3062 eo
3846 3008 3952 3078 qui

2251 3102 2502 3171 ejusdem
2528 3102 2602 3154 sit
2642 3099 2973 3154 substantiae
3008 3100 3093 3153 vel
3127 3104 3368 3152 naturas.
3408 3120 3429 3147 ι
3466 3097 3625 3161 Quod
3653 3097 3948 3151 Christum

2250 3191 2387 3245 dicit
2422 3189 2795 3259 paracletum,
2842 3193 2900 3241 et
2940 3187 3220 3257 Spiritum
3264 3193 3525 3240 sanctum
3567 3185 3953 3240 nihilominus

2256 3280 2627 3345 Paracletum,
2674 3282 2730 3330 et
2771 3276 3016 3330 abeunte
3055 3276 3274 3330 Christo
3306 3273 3501 3328 venire
3528 3274 3830 3344 Spiritum,
3872 3290 3951 3327 ne

2250 3368 2363 3420 sint
2393 3365 2590 3420 tideles
2631 3366 2754 3419 sine
2796 3365 3101 3434 paracleto,
3144 3365 3228 3417 vel
3274 3363 3497 3418 Christo
3552 3362 3817 3416 videlicet
3858 3364 3949 3415 vel

2248 3454 2463 3524 Spiritu
2510 3457 2724 3518 sancto,
2776 3452 2993 3523 liquido
3040 3457 3323 3506 monstrat
3372 3451 3541 3504 unius
3580 3466 3701 3504 esse
3741 3452 3949 3513 ofticii,

2249 3557 2494 3612 quorum
2541 3545 2762 3595 constat
2814 3557 2993 3595 unum
3042 3556 3164 3595 esse
3212 3540 3585 3605 vocabulum;
3640 3544 3695 3593 et
3741 3545 3950 3593 mutuo

2249 3629 2355 3683 sibi
2412 3630 2732 3695 succedere,
2792 3629 2929 3684 dum
2979 3629 3251 3684 dicuntur
3296 3628 3465 3682 unius
3509 3629 3836 3694 voluntatis,
3890 3636 3954 3682 et

2255 3716 2463 3789 [unius]
2516 3717 2863 3788 operationis
2890 3719 3335 3788 gostenduntur;
3405 3722 3461 3769 ct
3506 3731 3635 3769 cum
3689 3714 3954 3770 Christus

2253 3808 2524 3873 ascendit,
2605 3806 2849 3877 Spiritus
2908 3806 3221 3872 descendit,
3282 3805 3575 3859 evidenter
3630 3821 3664 3857 a
3720 3804 3954 3857 Christo

2250 3897 2519 3961 mittitur,
2559 3897 2719 3966 cujus
2773 3894 3220 3949 vicissitudinem
3266 3897 3657 3963 repraesentat.
3711 3894 3772 3945 Et
3809 3893 3952 3944 mis-

2250 3987 2331 4040 sio
2387 3985 2511 4048 ista,
2548 3984 2837 4055 processio
2887 3988 2990 4049 est,
3038 3983 3310 4052 quoniam
3346 3998 3459 4035 non
3489 3986 3573 4035 est
3613 3980 3951 4045 minoratio,

2252 4088 2354 4127 nec
2387 4073 2684 4143 subjectio.
2734 4072 2895 4126 Alius
2923 4077 3137 4137 autem,
3180 4072 3285 4125 hoc
3324 4076 3407 4125 est
3436 4071 3578 4124 alius
3624 4085 3752 4138 ego,
3793 4070 3954 4123 mitti

2248 4162 2492 4232 Spiritus
2522 4167 2750 4215 sanctus
2796 4162 3024 4228 dicitur,
3075 4176 3180 4230 per
3218 4160 3371 4231 quod
3419 4158 3731 4213 similitudo
3774 4174 3951 4211 mon-

2249 4255 2463 4303 stratur
2514 4249 2884 4304 omnimoda:
2936 4265 3123 4320 neque
3177 4248 3333 4302 enim
3382 4248 3526 4301 alius
3575 4263 3679 4317 ego
3752 4252 3953 4317 potest

447 4331 749 4393 luntatem,
780 4334 913 4386 Jesu
964 4337 1021 4384 et
1049 4332 1226 4385 sancti
1264 4331 1527 4401 Spiritus,
1582 4330 1687 4384 iste
1716 4331 1913 4385 doctor
1942 4338 2136 4383 osten-
2178 4350 2221 4404 D
2248 4338 2359 4392 dici
2404 4339 2473 4392 de
2506 4355 2571 4392 eo
2601 4339 2696 4409 qui
2725 4338 2796 4392 sit,
2824 4337 3056 4393 alterius
3102 4337 3347 4407 generis,
3384 4336 3477 4391 sed
3509 4336 3577 4390 de
3611 4352 3678 4389 eo
3723 4337 3822 4406 qui
3874 4337 3954 4390 sit

449 4418 551 4483 dit,
581 4434 756 4488 agens
787 4420 1026 4490 dignum
1065 4436 1205 4487 esse,
1263 4426 1325 4473 ut
1368 4420 1505 4489 quia
1558 4420 1717 4474 Jesus
1768 4420 2138 4489 corporaliter

446 4508 669 4561 venerit
725 4509 793 4563 ad
847 4525 968 4575 nos,
1014 4508 1257 4579 Spiritus
1289 4514 1517 4561 sanctus
1564 4508 1736 4561 etiam
1767 4508 2140 4578 corporaliter

448 4604 751 4666 appareret
783 4598 964 4652 uobis.
1009 4601 1085 4654 Ex
1124 4614 1238 4669 quo
1269 4598 1439 4653 unius
1469 4598 1777 4652 voluntatis
1823 4598 2137 4652 similitudo

450 4691 819 4755 monstratur,
876 4688 1100 4740 volente
1142 4687 1355 4758 Spiritu
1405 4693 1598 4741 sancto
1660 4686 2033 4757 corporaliter
2080 4703 2139 4739 se

452 4777 771 4830 monstrare
833 4776 1188 4842 mortalibus,
1241 4777 1514 4846 quoniam
1552 4778 1713 4831 Jesus
1767 4775 2141 4846 corporaliter

449 4862 697 4917 voluerit
740 4880 908 4918 suum
955 4865 1263 4919 adventum
1322 4864 1658 4919 mortalibus
1697 4864 2024 4929 ostendere;
2081 4868 2145 4916 ut

520 5032 545 5057 ⁸
574 5025 720 5091 Ignis
771 5038 895 5091 ergo
939 5026 1098 5078 Deus.
1149 5023 1247 5077 llic
1286 5025 1631 5078 Ratramnus
1662 5024 1998 5094 Gregorium
2036 5024 2141 5076 Na-

453 5094 786 5148 zianzenum
832 5094 909 5147 ita
957 5094 1238 5160 exscribit,
1291 5099 1353 5149 ut
1394 5095 1516 5161 ejus
1566 5095 1906 5147 sententiam
1956 5094 2144 5163 potius

453 5180 625 5235 quam
687 5165 858 5217 verba
905 5170 1144 5229 attexat;
1196 5165 1348 5234 quod
1400 5165 1674 5218 Acherius
1722 5166 1844 5235 ipse
1894 5165 2139 5218 monuit.

456 5237 612 5289 Falsa
668 5251 842 5304 porro
896 5240 980 5288 est
1030 5236 1332 5288 verborum
1392 5236 1649 5303 Gregorii
1707 5237 2141 5304 interpretatio:

454 5321 586 5359 nam
644 5308 797 5376 quod
852 5306 1043 5373 ignem
1094 5322 1214 5359 esse
1262 5306 1486 5375 scripsit
1513 5308 1688 5360 Deum
1726 5308 1975 5369 Patrem,
2007 5306 2146 5360 item

454 5376 645 5442 ignem
687 5393 808 5431 esse
855 5379 1035 5431 Deum
1071 5379 1299 5445 Filium,
1342 5394 1405 5430 ac
1436 5377 1642 5430 deinde
1687 5378 1903 5431 addidit
1950 5378 2145 5447 ignem

457 5460 685 5517 quoque
711 5464 831 5501 esse
863 5449 1147 5517 Scriptum
1180 5452 1462 5511 sanctum,
1496 5463 1600 5499 nec
1645 5448 1742 5501 Dei
1776 5464 1986 5501 nomen
2015 5449 2148 5501 huic

458 5516 834 5592 ascripsit,__ea
868 5519 937 5571 de
970 5516 1139 5592 causa
1168 5518 1379 5592 factum
1422 5518 1703 5583 novimus,
1734 5519 1895 5592 quod
1943 5535 2145 5592 quum-

456 5586 540 5636 vis
569 5586 833 5641 catholici
864 5605 1062 5644 omnes
1105 5591 1379 5662 Spiritum
1423 5593 1681 5643 sanctum
1720 5586 1873 5643 Patri
1912 5586 1979 5643 ac
2008 5589 2147 5644 Filio

2247 4427 2503 4495 ejusdem
2551 4427 2903 4493 substantiae,
2950 4442 3047 4479 seu
3092 4430 3331 4479 naturae.
3382 4426 3727 4479 Monstratur
3764 4423 3952 4494 igitur

2246 4514 2317 4568 ab
2350 4531 2416 4568 eo
2448 4515 2757 4585 procedere
2784 4516 3053 4585 Spiritus,
3086 4515 3248 4584 cujus
3280 4518 3365 4567 est
3393 4519 3633 4579 naturae,
3674 4530 3771 4566 seu
3801 4514 3948 4567 sub-

2247 4602 2469 4657 stantiaa
2493 4620 2505 4656 :
2541 4619 2727 4674 neque
2749 4605 2900 4657 enim
2925 4608 3112 4673 potest
3127 4602 3382 4671 ejusdem
3407 4607 3645 4668 naturae,
3670 4618 3765 4655 seu
3799 4602 3946 4656 sub-

2248 4691 2487 4756 stantius,
2538 4692 2699 4762 cujus
2743 4695 2828 4746 est
2866 4691 3058 4756 Filius,
3109 4706 3229 4744 esse
3276 4689 3541 4761 Spiritus,
3590 4689 3698 4743 nisi
3736 4705 3948 4759 proce-

2248 4776 2345 4830 dat
2373 4778 2442 4831 ab
2472 4778 2590 4831 illo.

2319 4865 2592 4937 Adjunxit
2625 4867 2798 4921 etiam
2839 4867 3113 4921 inferius:
3156 4886 3183 4916 α
3233 4866 3386 4937 Ignis
3436 4881 3573 4936 ergo
3617 4866 3764 4919 Deus
3797 4879 3844 4931 ει,
3898 4872 3965 4920 et

2251 5024 2531 5093 aequalem
2581 5042 2703 5078 esse
2736 5026 3055 5094 crederent,
3103 5027 3297 5095 plures
3341 5030 3536 5078 tamen
3584 5024 3738 5095 hunc
3768 5024 3965 5080 Deum

2251 5095 2528 5167 appellari
2560 5097 2818 5167 Gregorii
2852 5102 3019 5150 aetate
3044 5093 3262 5151 idcirco
3287 5096 3525 5167 nollent,
3559 5094 3692 5164 quia
3723 5093 3780 5147 in
3805 5096 3969 5167 Scri-

2251 5165 2436 5235 pturis
2466 5165 2749 5236 nusquam
2787 5169 2934 5221 Deus
2961 5168 3299 5237 appellatur.
3333 5165 3492 5230 Quod
3526 5182 3652 5219 cum
3692 5166 3969 5237 pruden-

2252 5236 2507 5308 tissimus
2538 5237 2779 5308 quisque
2810 5236 3122 5307 praesulem
3145 5238 3221 5291 ita
3252 5252 3585 5308 perversum
3607 5252 3744 5308 esse
3773 5236 3973 5308 intel-

2252 5306 2473 5376 ligeret,
2511 5306 2575 5360 ut
2604 5306 2735 5361 inde
2768 5306 2963 5361 tamen
2994 5310 3216 5362 nullum
3250 5307 3565 5361 Christiana
3594 5306 3736 5361 ﬁdes
3770 5307 3972 5363 detri-

2256 5383 2511 5430 mentum
2537 5379 2653 5447 pati
2688 5385 2896 5447 posset,
2928 5396 2960 5432 a
2989 5378 3202 5448 Spiritu
3241 5384 3434 5432 sancto
3468 5380 3578 5432 Deo
3608 5378 3973 5448 appellando

2254 5447 2522 5514 cavebat;
2588 5454 2757 5519 atque
2819 5450 2991 5519 hujus
3029 5447 3421 5519 indulgentias
3461 5450 3787 5517 exemplum
3842 5468 3971 5505 non

2256 5519 2560 5587 Gregorius
2615 5521 2819 5587 solum,
2879 5520 2974 5574 sed
3028 5521 3199 5574 etiam
3261 5520 3500 5573 Basilius
3534 5520 3768 5590 Magnus
3828 5521 3973 5591 ejus

2255 5605 2513 5643 summus
2545 5591 2756 5645 amicus
2787 5591 3065 5646 exhibuit.
