4148 6180
169 328 264 379 253
1178 326 1449 383 CONTRA
1487 325 1893 383 GRAECOBUM
1932 326 2288 383 OPPOSITA.
2318 357 2382 370 --
2416 328 2543 382 LIB.
2590 327 2653 381 ll.

3572 335 3674 389 254

168 460 310 531 ignis
341 460 593 532 Spiritus
617 466 860 515 sanctus.
901 459 1131 533 Legitur
1158 461 1227 515 de
1270 462 1382 515 Deo
1421 462 1577 533 quod
1610 461 1681 515 sit
1711 462 1859 532 ignis
1897 465 1940 518 Α
1968 467 2317 534 nuncupato,
2350 465 2516 518 Patre
2547 463 2828 529 videlicet,
2864 466 2947 519 vel
2983 466 3147 533 Filio,
3183 469 3267 523 vel
3296 470 3511 540 Spiritu
3544 488 3668 527 san-

167 565 535 616 consumens,
569 566 687 603 non
725 550 956 620 quidem
1004 550 1277 604 naturalis
1323 556 1379 603 et
1406 567 1731 621 corporeus,
1765 551 1864 605 sed

169 638 442 708 spiritalis
474 643 530 691 et
580 638 898 691 invisibilis.
935 638 1088 705 Ignis
1119 655 1255 707 ergo
1305 640 1449 693 Deus
1484 642 1670 706 Pater,
1715 640 1865 709 ignis

169 729 313 781 Deus
357 727 554 793 Filius,
588 727 737 796 ignis
784 729 931 782 Deus
979 727 1226 797 Spiritus
1258 735 1520 781 sanctus:
1574 730 1671 781 sed
1716 728 1866 798 ignis

168 834 225 869 ex
260 817 427 869 nullo
456 816 589 885 igne
617 817 761 869 Deus
800 817 982 882 Pater,
1018 816 1152 887 quia
1184 816 1252 870 de
1295 817 1455 871 nullo
1485 833 1717 870 sumens
1751 818 1864 869 ori-

167 904 391 974 ginem;
438 905 589 974 ignis
639 906 785 957 Deus
836 905 1027 969 Filius,
1075 906 1174 959 sed
1215 906 1283 959 de
1334 907 1498 959 Patre
1546 906 1696 976 igne,
1732 906 1865 976 quia

167 998 331 1046 natus
364 1010 433 1046 ex
468 993 595 1057 illo;
632 998 688 1046 et
721 993 871 1063 ignis
913 994 1158 1063 Spiritus
1197 999 1444 1060 sanctus,
1479 995 1574 1048 sed
1626 996 1694 1048 de
1729 994 1865 1048 Filio

169 1083 316 1151 igne,
351 1082 495 1152 quia
535 1084 848 1151 procedens
882 1098 949 1135 ex
987 1082 1146 1135 Filio.
1186 1104 1210 1133 υ
1256 1084 1399 1153 Ergo
1442 1084 1682 1137 dicendo
1714 1083 1865 1154 quod

172 1172 311 1224 Deus
344 1171 419 1224 sit
459 1172 628 1239 ignis,
663 1178 721 1223 et
748 1171 898 1240 ignis
938 1170 1182 1241 Spiritus
1231 1176 1480 1238 sanctus,
1516 1188 1688 1225 unam
1734 1173 1869 1225 sub-

168 1260 438 1312 stantiam
495 1261 670 1312 totius
718 1260 1010 1312 Trinitatis
1068 1260 1341 1324 ostendit;
1396 1260 1567 1313 Patris
1632 1260 1867 1330 quidem

169 1354 221 1402 et
279 1349 407 1403 Filii
469 1348 689 1401 socians
742 1363 1062 1418 personam,
1127 1348 1388 1413 dicendo,
1448 1349 1599 1418 Ignis
1654 1350 1801 1402 Deus
1852 1366 1863 1402 :

170 1437 376 1490 deinde
430 1436 731 1489 subintulit
774 1437 1019 1505 Spiritus
1067 1438 1265 1503 sancti,
1317 1437 1548 1491 dicens:
1603 1438 1667 1491 Et
1720 1437 1868 1506 ignis

169 1526 418 1595 Spiritus
470 1534 718 1579 sanctus.
773 1526 883 1579 Cur
933 1532 1126 1579 autem
1156 1526 1391 1579 seorsim
1435 1526 1617 1579 Patris
1648 1530 1703 1579 et
1745 1526 1868 1580 Filii

168 1630 445 1685 personas
487 1614 746 1684 posuerit
776 1614 881 1668 sub
932 1614 1030 1668 Dei
1062 1614 1335 1668 vocabulo
1366 1614 1752 1669 communiter
1779 1634 1867 1669 so-

169 1704 363 1769 ciatas,
398 1707 459 1756 et
485 1701 731 1772 Spiritus
766 1702 961 1755 sancti
993 1703 1230 1756 seorsim
1262 1703 1616 1773 distinguere
1649 1704 1868 1757 malue-

171 1794 261 1858 rit,
286 1808 378 1845 res
430 1791 491 1844 in
534 1790 783 1845 evidenti
823 1797 925 1845 est.
959 1791 1148 1845 Voluit
1192 1792 1389 1860 utique
1422 1797 1739 1846 monstrare
1770 1792 1871 1846 tali

172 1879 563 1947 distinctione,
594 1879 790 1949 ignem
829 1880 1107 1951 Spiritum
1150 1892 1410 1934 sanctum
1441 1880 1509 1934 de
1542 1880 1672 1951 igne
1705 1882 1870 1935 Patre

173 1968 431 2038 Filioque
459 1967 792 2037 procedere.

237 2056 483 2109 Sanctus
535 2055 843 2125 Gregorius
890 2072 1019 2109 cum
1068 2056 1129 2109 in
1179 2056 1422 2110 Ecclesia
1470 2056 1870 2111 Constantino-

174 2146 427 2215 politana
474 2143 545 2197 de
592 2143 803 2213 Spiritu
836 2150 1028 2198 sancto
1068 2144 1203 2198 talia
1238 2150 1550 2211 tractasset,
1582 2151 1637 2200 et
1668 2145 1872 2200 litteris

175 2234 523 2297 mandasset,
558 2232 769 2302 quibus
815 2233 1075 2302 probavit
1123 2234 1399 2304 Spiritum
1444 2240 1703 2288 sanctum
1734 2250 1870 2288 con-

174 2320 610 2374 substantialem
661 2320 840 2374 Patris
882 2321 1121 2391 Filiique
1167 2338 1309 2387 esse,
1343 2328 1398 2375 et
1446 2323 1514 2376 de
1566 2323 1705 2376 Filio
1748 2339 1873 2393 pro-

174 2410 493 2473 cedentem,
534 2425 636 2462 nec
683 2414 877 2462 tamen
908 2410 1328 2479 processionem
1378 2411 1500 2481 ejus
1529 2427 1561 2463 a
1595 2413 1755 2465 Patre
1788 2412 1873 2465 vel

176 2500 370 2564 silens,
426 2499 516 2551 vel
568 2499 883 2567 derogans,
935 2499 1033 2552 sed
1082 2498 1560 2569 omnipotentiam
1617 2501 1759 2569 ejus,
1820 2504 1877 2553 et

176 2587 637 2641 dominationem
692 2589 812 2657 ejus
860 2588 1011 2641 Patri
1073 2588 1331 2659 Filioque
1382 2605 1484 2658 per
1534 2590 1727 2643 omnia
1778 2606 1871 2643 co-

177 2694 435 2747 aequans,
474 2692 612 2729 num
659 2677 922 2745 repulsus
957 2681 1040 2730 est
1084 2676 1155 2729 ab
1199 2677 1479 2730 Ecclesia?
1528 2678 1674 2731 Num
1724 2677 1875 2732 illius

178 2782 362 2820 sermo
394 2765 773 2835 reprobatus?
803 2781 943 2819 num
974 2766 1060 2819 vel
1089 2782 1121 2818 a
1153 2765 1392 2831 civibus,
1426 2767 1510 2819 vel
1538 2767 1608 2819 ab
1633 2766 1875 2835 impera-

178 2861 298 2908 tore
332 2855 392 2907 in
423 2854 899 2907 communionem
938 2854 1175 2908 minime
1205 2856 1536 2925 susceptus?
1570 2856 1696 2909 Fuit
1725 2860 1875 2909 certe

179 2944 525 2997 venerabilis
576 2944 682 2997 iste
728 2944 927 2997 doctor
976 2944 1246 3008 Gratiani,
1280 2944 1394 2999 sive
1426 2945 1732 2999 Theodosii
1763 2946 1872 3000 Ma-

1972 556 2084 613 cto,
2117 552 2290 606 totius
2322 552 2614 606 Trinitatis
2644 552 2767 606 tieri
2795 556 3403 624 comprehensionem;
3435 560 3669 615 demon-

1974 646 2157 694 strans
2187 646 2404 695 tantam
2440 642 2500 695 in
2531 642 2711 695 tribus
2739 643 3084 712 aequalitatis
3113 644 3575 713 similitudinem,
3607 653 3669 703 ut

1978 745 2091 783 uno
2135 730 2409 783 vocabulo
2458 735 2571 783 tres
2621 747 2880 800 persona:
2924 733 3347 799 contineantur,
3398 736 3502 789 etsi
3552 752 3665 790 non

1974 817 2129 870 vocis
2166 817 2552 882 distinctione,
2606 817 2839 871 unitatis
2888 824 3079 872 tamen
3130 822 3471 889 aequalitate.
3507 821 3667 885 Quod

1976 911 2164 959 autem
2199 906 2333 960 dicit
2382 924 2413 959 a
2462 908 2623 961 Patre
2670 907 2979 975 procedere
3023 907 3322 977 Spiritum,
3360 911 3508 963 nulla
3537 910 3671 964 hinc

1975 994 2247 1063 quaestio;
2296 995 2591 1048 nobiscum
2644 995 2796 1048 enim
2831 996 2884 1049 id
2936 996 3232 1049 fatemini:
3288 998 3441 1067 quod
3475 1004 3669 1052 autem

1976 1082 2057 1135 ait
2119 1084 2259 1136 Filio
2319 1089 2673 1153 nuncupato,
2721 1084 2997 1153 Spiritum
3057 1084 3272 1155 pariter
3330 1086 3668 1156 nuncupari,

1977 1172 2110 1241 quia
2147 1172 2268 1225 Filii
2314 1172 2386 1225 sit
2418 1172 2686 1241 Spiritus,
2720 1173 2854 1226 hinc
2886 1189 2919 1225 a
2966 1173 3133 1226 nobis
3163 1172 3489 1226 dividimini
3523 1190 3535 1226 :
3571 1174 3671 1244 qui

1976 1262 2129 1314 enim
2166 1262 2421 1333 proliteri
2455 1262 2733 1330 dilfugitis
2772 1262 3049 1331 Spiritum
3089 1279 3123 1315 a
3170 1262 3308 1315 Filio
3340 1261 3671 1332 procedere.

1977 1350 2189 1421 pariter
2220 1366 2446 1422 quoque
2478 1350 2757 1421 dilfugitis
2793 1351 2981 1404 dicere
3012 1352 3166 1421 quod
3199 1351 3273 1404 sit
3309 1350 3552 1421 Spiritus
3584 1352 3671 1405 Fi-

1975 1439 2075 1493 lii:
2112 1440 2157 1493 si
2191 1456 2303 1493 non
2352 1440 2507 1492 enim
2552 1439 2622 1492 ab
2665 1440 2761 1492 illo
2804 1439 3079 1509 procedit,
3115 1455 3226 1492 non
3264 1444 3414 1493 recte
3465 1440 3675 1494 dicitur

1977 1527 2225 1597 Spiritus
2267 1528 2427 1597 ejus:
2482 1527 2691 1580 dicitur
2742 1533 2933 1580 autem
2987 1527 3233 1597 Spiritus
3284 1526 3487 1592 Patris,
3539 1527 3674 1598 quia

1978 1616 2235 1686 procedit
2263 1632 2297 1669 a
2344 1618 2529 1681 Patre,
2563 1632 2626 1669 ac
2656 1632 2757 1687 per
2800 1615 2927 1682 hoc,
2958 1620 3289 1685 nuncupato
3341 1615 3500 1682 Filio,
3554 1630 3672 1669 non

1977 1705 2145 1758 simul
2199 1704 2545 1774 intelligitur
2588 1706 2940 1775 nuncupatio
2993 1704 3239 1775 Spiritus
3287 1704 3497 1769 sancti;
3560 1720 3673 1757 non

1980 1794 2135 1848 enim
2213 1798 2393 1865 potest
2476 1793 2630 1847 illius
2715 1794 3145 1864 nuncupatione
3224 1793 3673 1862 comprehensus

1979 1882 2223 1947 ostendi,
2279 1882 2441 1953 cujus
2498 1897 2614 1935 non
2680 1886 2764 1935 est
2822 1882 3097 1951 Spiritus;
3160 1897 3277 1935 non
3334 1887 3421 1936 est
3478 1887 3673 1935 autem

1979 1970 2103 2040 ejus
2150 1986 2182 2023 a
2228 1986 2341 2041 quo
2390 1986 2505 2023 non
2557 1969 2835 2039 procedit,
2892 1975 3120 2023 sanctus
3169 1973 3363 2024 autem
3425 1970 3672 2024 Ambro-

1980 2060 2097 2113 sius
2148 2058 2285 2113 dicit
2332 2058 2467 2129 quia
2506 2057 2631 2111 Filii
2678 2057 2750 2111 sit
2780 2057 3045 2127 Spiritus,
3095 2058 3356 2129 procedit
3413 2058 3590 2128 igitur
3642 2073 3673 2111 a

1985 2147 2145 2202 Filio.

2054 2235 2115 2288 In
2161 2232 2638 2304 consequentibus
2670 2232 2822 2286 idem
2864 2232 3153 2304 loquitur:
3192 2254 3219 2281 ι(
3250 2232 3358 2297 Qui
3399 2232 3674 2303 Spiritum

1982 2329 2240 2377 sanctum
2276 2322 2525 2393 negabit,
2558 2326 2613 2375 et
2646 2323 2823 2375 Deum
2848 2324 3074 2376 Patrem
3100 2321 3333 2391 negabit
3354 2326 3410 2375 et
3438 2322 3672 2375 Filium:

1982 2411 2259 2483 quoniam
2292 2410 2444 2464 idem
2476 2415 2561 2463 est
2599 2410 2843 2479 Spiritus
2891 2409 3009 2473 Dei,
3042 2409 3141 2479 qui
3192 2408 3402 2462 Christi
3432 2408 3677 2479 Spiritus

1982 2506 2103 2554 est:
2140 2516 2315 2553 unum
2351 2504 2545 2553 autem
2575 2514 2701 2551 esse
2736 2498 3011 2569 Spiritum
3046 2513 3215 2550 nemo
3249 2496 3611 2550 dubitaverit.
3652 2519 3673 2543 ι

1983 2591 2201 2654 Quanta
2240 2589 2311 2642 sit
2361 2588 2568 2648 unitas,
2612 2593 2827 2658 quanta
2875 2585 3439 2639 consubstantialitas
3492 2584 3675 2654 Spiri-

1983 2682 2073 2731 tus
2103 2694 2230 2731 cum
2269 2680 2433 2731 Patre
2484 2676 2740 2746 Filioque
2796 2680 3101 2739 monstrat,
3136 2674 3275 2728 dum
3317 2674 3495 2728 dicit:
3545 2672 3681 2743 quia

1985 2784 2084 2837 qui
2118 2772 2289 2837 negat
2320 2766 2619 2837 Spiritum,
2652 2769 2825 2835 negat
2864 2780 3095 2835 quoque
3126 2764 3342 2834 pariter
3372 2765 3597 2817 Patrem
3626 2765 3682 2815 et

1987 2856 2221 2919 Filium;
2279 2855 2415 2926 quia
2468 2871 2614 2908 unus
2679 2854 2922 2924 Spiritus
2977 2858 3061 2907 est
3133 2853 3455 2908 amborum.
3520 2850 3679 2904 Unde

1984 2961 2233 3014 namque
2267 2943 2446 2997 Patris
2473 2942 2595 2997 est?
2629 2942 2761 3013 quia
2790 2942 3043 3011 procedit
3071 2959 3104 2994 a
3138 2943 3301 2995 Patre
3328 2957 3341 2994 :
3378 2939 3507 2994 hinc
3538 2954 3681 3009 quo-

174 3033 314 3103 joris
357 3032 776 3101 imperatorum
818 3033 1208 3087 Romanorum
1246 3034 1629 3103 temporibus;
1662 3051 1725 3088 ex
1762 3052 1876 3105 quo
1920 3067 1960 3120 ρ
1986 3048 2096 3104 que
2125 3032 2249 3087 Filii
2283 3032 2495 3102 pariter
2526 3036 2627 3094 est,
2660 3030 2794 3100 quia
2817 3029 3071 3099 procedit
3101 3045 3133 3081 a
3169 3029 3306 3085 Filio
3337 3044 3349 3081 :
3386 3044 3501 3082 non
3527 3027 3682 3081 enim

182 3137 361 3191 usque
391 3120 462 3173 ad
498 3125 693 3173 nostra
726 3126 981 3191 tempora
1011 3122 1314 3192 plusquam
1357 3122 1658 3192 quingenti
1688 3128 1880 3176 trans-

182 3209 369 3261 ierunt
401 3208 560 3273 anni,
595 3214 652 3261 et
686 3224 983 3280 nunquam
1015 3227 1048 3263 a
1078 3209 1215 3263 Filio
1248 3209 1493 3280 Spiritus
1529 3209 1709 3263 sancti
1740 3226 1881 3280 pro-

184 3298 356 3350 cessio
400 3297 687 3367 denegata
734 3302 836 3363 est,
884 3314 988 3351 nec
1019 3314 1083 3351 ex
1117 3314 1183 3351 eo
1230 3298 1380 3351 inter
1410 3297 1719 3352 catholicos
1766 3298 1884 3351 ulla

186 3387 427 3455 qinestio
455 3387 619 3447 facta,
649 3392 1030 3458 praeterquam
1064 3388 1237 3441 modo
1259 3388 1458 3441 vestris
1490 3387 1876 3458 temporibus;

187 3489 378 3527 verum
431 3490 661 3545 semper
690 3481 746 3529 et
788 3476 1091 3529 Orientalis
1133 3481 1189 3529 et
1222 3476 1595 3530 Occidentalis
1626 3475 1883 3530 Ecclesiae

188 3562 382 3615 similis
419 3572 738 3634 eademque
778 3564 847 3617 de
876 3563 1092 3633 Spiritu
1122 3570 1315 3619 sancto
1346 3565 1477 3619 ﬁdei
1511 3565 1719 3619 mansit
1751 3582 1882 3635 pro-

190 3650 368 3704 fessio.
409 3650 549 3714 Quae
581 3668 733 3705 nunc
764 3668 851 3704 res
883 3652 990 3705 ista
1033 3658 1158 3723 post
1187 3658 1270 3706 tot
1314 3654 1519 3706 saecula
1550 3654 1884 3724 quazstionis

190 3739 352 3808 bujns
404 3741 676 3810 genuerit
728 3742 1195 3810 propositionem,
1251 3759 1347 3795 vos
1398 3742 1679 3807 videritis;
1729 3743 1885 3795 nulla

192 3834 374 3883 tamen
410 3830 498 3882 vel
550 3829 867 3899 probitatis,
902 3830 987 3882 vel
1020 3830 1312 3900 sapientiae
1350 3830 1493 3883 ratio
1542 3831 1883 3901 comproba-

193 3922 298 3979 tur,
347 3933 451 3970 cur
486 3918 545 3970 in
596 3918 701 3971 hoc
752 3918 1117 3986 deveneritis,
1160 3919 1434 3989 quoniam
1478 3918 1614 3972 talia
1644 3919 1886 3972 dicendo

195 4006 481 4059 catholicas
521 4005 654 4058 tidei
700 4013 1079 4075 repugnatur,
1115 4012 1170 4059 et
1219 4006 1443 4060 veritati
1494 4007 1791 4073 resistitur,
1832 4012 1885 4060 et

194 4096 357 4147 sacris
389 4094 621 4164 paginis
652 4094 935 4148 obviatur.

862 4237 1085 4291 CAPUT
1126 4238 1209 4293 1V.

832 4345 918 4397 Ea:
944 4344 987 4397 A
1000 4344 1248 4398 mbrosio.

259 4448 596 4502 Ambrosius
650 4447 1084 4502 Mediolanensis
1130 4449 1451 4520 episcopus,
1494 4448 1581 4501 vir
1628 4447 1888 4501 omnium

197 4538 496 4605 splendore
531 4536 802 4590 virtutum
842 4537 1158 4603 decoratus,
1200 4538 1469 4592 adversus
1498 4538 1737 4591 Arianos
1770 4552 1889 4589 cer-

198 4626 405 4677 tamina
438 4640 555 4677 non
590 4640 769 4693 pauca
801 4624 1124 4689 conﬁciens,
1159 4642 1261 4679 nec
1294 4625 1488 4695 paucis
1530 4625 1601 4678 ab
1653 4624 1734 4677 eis
1765 4639 1889 4694 per-

196 4714 556 4766 secutionum
618 4711 845 4780 injuriis
910 4713 1220 4781 appetitus,
1284 4714 1342 4767 in
1401 4714 1563 4767 libris
1621 4729 1765 4783 quos
1821 4712 1892 4765 de

196 4803 404 4869 Spiritu
452 4806 654 4853 sancto
701 4801 969 4854 adversus
1036 4801 1306 4855 Arianam
1376 4802 1715 4872 pravitatem
1775 4801 1893 4853 elo-

199 4890 570 4959 quentissime
617 4889 865 4959 scripsit,
918 4894 973 4943 et
1012 4890 1339 4960 evangelica
1390 4890 1624 4943 veritate
1658 4890 1894 4943 robora-

203 4980 295 5044 vit,
324 4981 403 5033 ait
434 4978 562 5045 (lib.
598 4993 616 5031 ι
648 4978 713 5031 de
742 4980 890 5045 Spir.
923 4985 1126 5045 sancto,
1158 4995 1281 5049 cap.
1314 4982 1371 5046 3)
1405 4998 1420 5032 :
1463 5001 1478 5026 ι
1514 4979 1571 5033 Si
1603 4978 1893 5032 Christum

206 5067 366 5133 dicas,
395 5073 452 5120 et
486 5068 666 5120 Deum
717 5066 941 5119 Patrem
981 5083 1014 5119 a
1059 5084 1173 5137 quo
1220 5073 1425 5120 unctus
1474 5072 1558 5119 est
1608 5066 1799 5130 Filius,
1838 5070 1896 5118 et

207 5154 381 5223 ipsum
416 5157 516 5225 qui
550 5159 753 5207 unctus
793 5161 878 5208 est
924 5156 1150 5222 Filium,
1183 5161 1241 5209 et
1278 5155 1555 5224 Spiritum
1603 5154 1703 5226 qui
1735 5154 1895 5207 unxit

208 5245 547 5314 designasti:
585 5249 640 5296 et
692 5243 740 5296 si
790 5246 1013 5297 Patrem
1056 5244 1241 5310 dicas;
1274 5245 1477 5298 Filium
1524 5245 1647 5315 ejus
1685 5250 1739 5298 et
1769 5244 1893 5313 Spi-

210 5333 368 5386 ritum
402 5333 518 5385 oris
568 5332 692 5401 ejus
742 5331 957 5400 pariter
987 5331 1279 5386 indicasti:
1328 5333 1373 5386 si
1407 5337 1598 5386 tamen
1637 5333 1808 5385 etiam
1837 5331 1895 5385 id

210 5422 360 5474 corde
390 5419 868 5491 comprehendas.
919 5421 983 5473 Et
1008 5420 1055 5474 si
1095 5420 1371 5491 Spiritum
1418 5421 1601 5486 dicas;
1631 5431 1687 5473 et
1716 5422 1893 5473 Deum

216 5509 421 5563 Patrem
454 5526 489 5562 a
526 5525 642 5579 quo
670 5508 933 5578 procedit
963 5510 1227 5580 Spiritus,
1261 5515 1316 5564 et
1343 5510 1569 5577 Filium,
1604 5508 1738 5579 quia
1772 5507 1897 5562 Filii

218 5613 426 5670 quoque
470 5603 557 5653 est
584 5597 854 5669 Spiritus.
892 5618 919 5646 »
960 5598 1137 5654 Docet
1164 5598 1365 5653 beatus
1394 5597 1732 5653 Ambrosius
1778 5612 1896 5651 uno

1991 3122 2124 3185 duo,
2158 3120 2254 3173 sed
2289 3135 2435 3172 unus
2484 3124 2567 3171 est
2612 3118 2897 3187 Spiritus:
2952 3133 3054 3170 nec
3086 3117 3239 3170 enim
3283 3116 3429 3169 alius
3475 3116 3685 3170 dicitur

1991 3224 2110 3262 esse
2145 3210 2343 3273 Patris,
2395 3211 2449 3260 et
2481 3206 2625 3259 alius
2677 3204 2800 3258 Filii
2845 3203 3107 3273 Spiritus,
3142 3204 3236 3258 sed
3284 3220 3434 3257 unus
3478 3203 3683 3257 ambo-

1991 3314 2153 3362 rum;
2201 3294 2461 3365 procedit
2508 3294 2685 3365 igitur
2727 3294 2798 3348 ab
2847 3300 3111 3364 utroque.
3163 3293 3227 3346 In
3272 3291 3683 3362 posterioribus

1993 3386 2133 3455 (cap.
2173 3384 2294 3453 10):
2328 3402 2357 3435 α
2387 3384 2511 3437 Non
2563 3399 2698 3453 ergo
2742 3381 2905 3453 quasi
2938 3397 3003 3434 ex
3036 3381 3161 3435 loco
3213 3379 3460 3434 mittitur
3505 3377 3676 3448 Spiri-

1992 3480 2104 3541 tus,
2155 3478 2253 3526 aut
2298 3472 2458 3543 quasi
2503 3488 2567 3524 ex
2619 3473 2739 3524 loco
2787 3470 3076 3541 procedit,
3140 3468 3370 3541 quando
3432 3464 3686 3537 procedit

1994 3579 2059 3616 ex
2110 3562 2267 3627 Filio,
2315 3560 2460 3614 sicut
2491 3560 2612 3630 ipse
2662 3560 2836 3613 Filius
2882 3575 3010 3612 cum
3044 3558 3201 3625 dicit,
3231 3559 3298 3611 de
3350 3559 3510 3611 Patre
3552 3571 3683 3625 pro-

1993 3654 2134 3705 cessi
2185 3656 2242 3704 et
2279 3649 2425 3703 veni.
2480 3671 2499 3695 ι
2554 3648 2844 3702 Manifeste
2886 3647 3161 3718 Spiritum
3192 3663 3257 3700 ex
3309 3646 3449 3699 Filio
3480 3660 3685 3716 proce-

1996 3741 2128 3794 dere
2160 3742 2415 3791 testatur.
2452 3737 2659 3788 Verum
2694 3751 2765 3789 ne
2800 3736 2906 3789 ista
2940 3736 3222 3805 processio
3253 3736 3322 3788 de
3371 3732 3685 3803 corporali-

1994 3826 2100 3879 bus
2161 3824 2358 3894 spatiis
2408 3822 2697 3887 metiatur,
2749 3822 2869 3891 ipse
2922 3823 3091 3875 Filius
3148 3822 3294 3875 hanc
3351 3821 3686 3890 opinionem

1996 3914 2319 3978 excludens,
2362 3912 2440 3965 ait
2487 3912 2555 3965 de
2600 3912 2784 3975 Patre,
2819 3912 3056 3965 Processi
3097 3916 3147 3963 et
3192 3911 3316 3964 veni
3346 3909 3521 3979 (Joan.
3567 3924 3684 3973 vui,

1997 4001 2104 4067 4'2).
2144 4000 2405 4054 Procedit
2433 4005 2620 4052 autem
2665 3998 2840 4051 Filius
2869 3998 2938 4051 de
2978 3999 3165 4063 Patre,
3198 4013 3311 4050 non
3344 3996 3525 4067 spatio
3556 3995 3687 4063 loci,

1998 4089 2096 4142 sed
2150 4087 2460 4142 nativitatis
2509 4102 2778 4155 egressu:
2827 4086 3086 4156 procedit
3124 4085 3368 4156 Spiritus
3400 4090 3624 4138 sanctus
3656 4100 3689 4136 a

2001 4177 2141 4231 Filio
2190 4192 2294 4231 nec
2344 4176 2448 4229 loci
2499 4176 2708 4246 spatio,
2764 4190 2869 4229 nec
2921 4174 3233 4228 nativitatis
3281 4188 3532 4244 egressu,
3590 4170 3685 4225 sed

1999 4267 2317 4321 existenliaa
2348 4282 2637 4336 processu.

1932 4369 1973 4421 υ
2070 4354 2312 4409 Inferius
2341 4355 2583 4423 loquens
2616 4352 2686 4406 de
2736 4351 3102 4422 processione
3152 4350 3277 4404 Filii
3308 4366 3372 4403 ex
3419 4350 3583 4403 Patre
3614 4347 3692 4402 sic

1998 4443 2156 4497 iniit:
2193 4463 2217 4493 (ι
2275 4443 2468 4512 Neque
2511 4457 2641 4495 cum
2682 4441 2751 4494 de
2800 4442 2963 4495 Patre
3003 4441 3133 4506 exit,
3172 4440 3240 4492 de
3289 4439 3410 4491 loco
3459 4436 3688 4502 recedit,

2000 4537 2057 4585 et
2103 4531 2265 4602 quasi
2311 4546 2519 4600 corpus
2567 4546 2600 4582 a
2647 4545 2884 4598 corpore
2929 4532 3282 4598 separantur.
3320 4528 3513 4596 Neque
3562 4540 3692 4578 cum

2000 4625 2085 4673 est
2113 4634 2243 4672 cum
2294 4620 2476 4681 Patre,
2510 4622 2785 4687 tanquam
2833 4617 2891 4669 in
2942 4631 3178 4686 corpore
3212 4631 3419 4685 corpus
3451 4612 3691 4666 includi-

1999 4713 2130 4761 tur:
2182 4706 2425 4777 Spiritus
2465 4720 2697 4775 quoque
2741 4710 2969 4758 sanctus
3003 4719 3130 4757 cum
3164 4702 3422 4773 procedit
3453 4718 3486 4755 a
3530 4703 3694 4756 Patre

2000 4802 2057 4850 et
2085 4812 2117 4848 a
2159 4796 2319 4859 Filio,
2368 4810 2481 4847 non
2532 4798 2831 4864 separatur
2872 4810 2905 4845 a
2936 4794 3119 4857 Patre,
3155 4807 3267 4844 non
3315 4799 3613 4860 separatur
3661 4806 3692 4841 a

2002 4885 2162 4941 Filio.
2200 4906 2226 4932 ››
2265 4883 2586 4952 Praecipuus
2627 4883 2730 4935 iste
2768 4882 2984 4944 doctor,
3021 4886 3077 4933 et
3105 4879 3456 4934 clarissimus
3487 4875 3694 4931 Christi

2002 4973 2316 5039 confessor,
2361 4972 2557 5025 dicens
2587 4972 2893 5041 procedere
2932 4968 3207 5038 Spiritum
3238 4972 3495 5021 sanctum
3527 4982 3557 5016 a
3590 4966 3693 5019 Pa-

2002 5069 2109 5124 tre,
2144 5061 2450 5132 procedere
2484 5066 2541 5113 et
2572 5078 2604 5113 a
2635 5059 2795 5124 Filio,
2827 5058 3053 5112 Arianis
3081 5058 3351 5111 adversus
3382 5071 3525 5125 quos
3555 5067 3696 5122 age—

2003 5152 2120 5215 bat,
2171 5148 2609 5218 blaspbemandi
2660 5147 2886 5200 sustulit
2934 5145 3302 5208 occasionem,
3343 5159 3415 5196 ne
3465 5140 3564 5211 qui
3604 5139 3694 5193 di-

2002 5240 2206 5293 cebant
2236 5255 2367 5292 eum
2402 5238 2520 5291 fore
2550 5241 2889 5295 creaturam,
2923 5240 2979 5286 et
3026 5233 3305 5286 minorem
3349 5246 3465 5283 non
3512 5229 3696 5283 solum

2004 5331 2188 5392 Patre,
2238 5343 2436 5381 verum
2488 5326 2661 5379 etiam
2710 5324 2869 5388 Filio,
2918 5321 3169 5375 victoria:
3214 5320 3464 5390 palmam
3514 5318 3697 5372 refer-

2005 5423 2167 5471 rent:
2218 5432 2414 5470 verum
2458 5414 2755 5469 audientes
2804 5428 2934 5465 eum
2972 5428 3037 5463 ex
3089 5415 3334 5479 utroque
3381 5406 3696 5478 proceden-

2003 5511 2142 5570 tem,
2175 5507 2585 5576 cognoscerent
2625 5500 2804 5557 Patris
2854 5488 3697 5568 Filiique‘consubstantialem,

2005 5610 2070 5649 ac
2108 5594 2322 5666 pariter
2368 5609 2498 5648 cum
2552 5592 2635 5646 eis
2679 5587 3107 5644 coadorandum
3148 5591 3204 5640 et
3258 5584 3699 5659 congloriﬁcan—
