4148 6180
459 324 560 375 235
1515 333 1519 338 '
1601 314 1958 371 RATltAMNI
1996 314 2455 373 COItBEIENSlS
2494 316 2801 373 MONACHI
3860 325 3961 375 256

462 452 621 511 dum.
656 453 720 506 Et
746 449 986 505 inferius
1028 447 1235 503 Filium
1279 446 1563 502 dicentem
1614 452 1891 501 testatur:
1929 448 2038 513 Qui
2066 446 2152 501 di-
2193 451 2235 504 A
2265 452 2368 514 est,
2403 452 2468 501 ut
2513 448 2587 501 sit
2636 448 2892 518 ejusdem
2947 448 3279 504 substantia:
3327 466 3457 505 cum
3506 452 3667 518 Filio,
3702 453 3854 507 sicut
3882 457 3964 507 est

462 544 585 610 tigit
624 557 722 608 me,
759 554 1051 594 sermonem
1089 552 1262 591 meum
1302 537 1568 603 servabit;
1602 541 1651 590 et
1702 538 1860 591 Pater
1888 552 2032 591 meus
2062 537 2149 589 di-

462 633 589 698 liget
627 645 765 693 eum,
811 634 860 681 et
902 627 977 681 ad
1020 643 1139 680 eum
1190 628 1479 691 veniemus,
1525 632 1575 678 et
1622 628 1950 681 mansionem
2002 626 2153 695 apud

460 735 577 772 eum
608 720 881 783 faciemus
921 716 1108 784 (Joan.
1146 731 1255 779 xiv,
1285 714 1395 783 ‘23).
1429 734 1456 761 ‹‹
1499 714 1589 768 Sic
1619 714 1798 783 igitur
1844 715 1998 768 venit
2026 715 2151 785 Spi-

459 806 623 873 ritus,
670 804 1159 875 quemadmodum
1207 803 1362 855 venit
1410 804 1604 869 Pater;
1653 805 1787 873 quia
1848 804 1944 857 ubi
1990 806 2154 858 Pater

461 902 563 961 est,
592 894 672 948 ibi
726 898 809 946 est
847 900 902 947 et
952 892 1155 956 Filius;
1192 896 1249 945 et
1276 891 1369 944 ubi
1419 892 1613 959 Filius,
1657 892 1737 945 ibi
1767 896 1853 945 est
1895 898 1951 947 et
1981 893 2154 963 Spiri-

461 989 552 1037 tus
600 989 848 1036 sanclus.
905 1002 931 1031 »
982 981 1127 1044 Quid
1179 986 1264 1034 est
1304 985 1493 1034 autem
1541 981 1696 1051 quod
1746 981 1846 1046 ait,
1876 982 2011 1051 quia
2058 982 2153 1035 ubi

463 1074 631 1126 Pater
660 1077 765 1137 est,
795 1070 871 1123 ibi
905 1076 989 1123 est
1029 1075 1080 1123 et
1116 1070 1309 1134 Filius,
1342 1070 1450 1123 nisi
1498 1071 1635 1140 quia
1665 1070 1839 1124 Filius
1871 1072 1939 1124 de
1990 1073 2153 1125 Patre

463 1167 628 1213 natus
675 1164 779 1223 est,
830 1176 859 1211 a
910 1176 1023 1229 quo
1076 1174 1370 1228 nunquam
1420 1158 1740 1211 dividitur:
1783 1163 1838 1211 et
1881 1158 2017 1230 quid
2050 1164 2151 1226 est,

464 1247 557 1301 ubi
588 1254 673 1300 est
706 1247 899 1313 Filius,
939 1246 1018 1299 ibi
1066 1252 1151 1299 est
1199 1246 1443 1316 Spiritus
1487 1246 1754 1300 sanctus?
1782 1246 1891 1300 nisi
1922 1248 2056 1317 quia
2085 1248 2155 1301 de

466 1335 603 1388 Filio
634 1335 891 1405 procedit
919 1334 1165 1403 Spiritus
1191 1341 1439 1400 sanctus,
1463 1351 1494 1386 a
1526 1351 1639 1404 quo
1674 1352 1970 1405 nunquam
2001 1352 2156 1406 sepa-

462 1430 639 1488 ratur,
675 1430 732 1477 et
782 1424 1126 1477 ineffabilem
1162 1423 1412 1476 ostendit
1454 1424 1628 1477 totius
1675 1423 1965 1478 Trinitatis
2014 1441 2149 1477 con-

462 1512 1026 1577 substantialitatem,
1078 1529 1207 1566 cum
1260 1513 1464 1566 Filium
1527 1517 1766 1565 testatur
1820 1529 2045 1583 semper
2094 1515 2155 1568 in

463 1603 624 1656 Patre
675 1618 818 1667 esse,
872 1607 929 1656 et
995 1601 1270 1672 Spiritum
1319 1608 1577 1655 sanctum
1634 1618 1861 1671 semper
1917 1620 2037 1656 esse
2098 1606 2156 1656 in

464 1689 626 1757 Filio,
657 1694 720 1743 ut
752 1689 850 1743 ubi
885 1691 1049 1743 Pater
1079 1690 1168 1754 sit,
1201 1689 1274 1743 sit
1314 1694 1371 1742 et
1402 1690 1603 1755 Filius;
1640 1695 1695 1743 et
1729 1690 1823 1744 ubi
1855 1690 2048 1758 Filius,
2082 1691 2156 1744 sit

462 1794 693 1849 quoque
742 1778 983 1848 Spiritus
1029 1784 1275 1840 sanctus,
1322 1794 1438 1831 non
1493 1781 1642 1845 loco,
1702 1796 1816 1832 non
1872 1784 2154 1849 tempore,

463 1882 574 1919 non
623 1867 935 1930 voluntate,
1007 1882 1123 1919 non
1188 1866 1427 1930 actione,
1491 1883 1607 1920 non
1668 1868 1909 1921 essentia
1967 1868 2153 1921 divisi.

462 1957 599 2009 ltem
657 1956 945 2025 posterius
1009 1958 1152 2025 (cap.
1210 1956 1335 2021 12):
1399 1974 1427 2005 α
1496 1955 1650 2009 Sicut
1702 1958 1867 2010 Pater
1923 1957 2157 2010 tradidit

462 2044 691 2108 Filium,
724 2049 781 2097 et
832 2043 1004 2097 Filius
1050 2044 1171 2113 ipse
1221 2060 1280 2096 se
1320 2043 1576 2108 tradidit,
1619 2045 1809 2114 accipe
1858 2046 1993 2115 quia
2030 2046 2154 2115 Spi-

461 2132 604 2185 ritus
653 2136 881 2184 sanctus
957 2147 1091 2184 eum
1158 2131 1429 2184 tradidit:
1491 2131 1765 2201 scriptum
1818 2140 1903 2186 est
1958 2134 2151 2187 enim:

466 2223 612 2273 Tunc
638 2220 802 2272 Jesus
843 2219 1034 2272 ductus
1066 2223 1144 2272 est
1188 2222 1247 2272 in
1278 2220 1547 2273 desertum
1586 2237 1619 2273 a
1666 2222 1901 2289 Spiritu,
1933 2227 1993 2275 ut
2037 2229 2152 2276 ten-

462 2313 671 2362 taretur
699 2324 734 2360 α
782 2307 995 2361 diabolo
1027 2307 1250 2377 (Matth.
1307 2310 1405 2376 ιν).
1451 2308 1595 2378 Ergo
1639 2316 1695 2362 et
1734 2310 1976 2380 Spiritus
2019 2311 2155 2364 dili-

462 2410 603 2463 gens
642 2394 878 2449 tradidit
920 2395 1164 2449 Filium:
1196 2401 1281 2449 est
1320 2396 1472 2449 enim
1523 2413 1635 2450 una
1685 2397 1928 2451 Charitas
1973 2400 2156 2453 Patris

463 2488 517 2536 et
552 2483 695 2537 Filii.
735 2506 754 2531 θ
814 2485 957 2537 Dum
1005 2484 1142 2538 dicit
1168 2484 1499 2538 charitatem
1534 2501 1704 2538 unam
1738 2503 1858 2541 esse
1891 2488 2071 2542 Patris
2102 2493 2157 2541 et

466 2571 614 2637 Filii,
644 2572 988 2626 testiﬁcatur
1022 2588 1203 2626 unum
1249 2590 1369 2627 esse
1400 2573 1678 2643 Spiritum
1713 2576 2037 2647 utriusque;
2072 2583 2157 2629 est

464 2658 617 2712 enim
675 2659 919 2730 Spiritus
991 2660 1254 2715 Charitas.
1327 2662 1473 2716 Dicit
1528 2664 1872 2734 Apostolus:
1929 2667 2155 2719 Fructus

461 2749 600 2801 enim
628 2748 897 2817 Spiritus,
930 2750 1172 2804 charitas
1200 2752 1342 2818 (Gal.
1386 2768 1442 2819 v,
1481 2752 1591 2821 22).
1640 2753 1981 2807 Monstratur
2018 2770 2155 2824 ergo

460 2836 703 2906 Spiritus
733 2854 766 2890 a
796 2840 960 2892 Patre
992 2844 1048 2892 et
1081 2839 1219 2893 Filio
1256 2840 1584 2909 procedere,
1616 2857 1861 2911 quorum
1902 2847 1984 2895 est
2022 2842 2153 2895 cha-

460 2924 636 2978 ritas:
672 2941 789 2979 non
839 2926 991 2980 enim
1033 2932 1223 2997 potest
1264 2927 1508 2981 Charitas
1547 2929 1727 2982 Patris
1775 2946 1896 2982 esse
1929 2930 2039 2983 nisi
2085 2930 2154 2984 de

460 3013 628 3067 Patre
658 3014 957 3083 procedat;
1006 3015 1142 3086 quia
1185 3032 1299 3070 non
1351 3017 1581 3071 aliunde
1628 3017 1963 3073 charitatem
2003 3020 2153 3073 acci-

462 3102 578 3171 pit:
614 3119 799 3174 neque
829 3104 953 3157 Filii
982 3104 1227 3158 Charitas
1271 3110 1455 3176 potest
1498 3123 1639 3170 esse,
1673 3107 1782 3160 nisi
1828 3108 2094 3178 procedat
2123 3126 2156 3163 a

461 3191 639 3245 Filio:
675 3193 963 3263 quomodo
1008 3210 1123 3265 qua
1166 3194 1355 3264 diligit
1384 3196 1650 3263 Charitas,
1683 3212 1747 3249 ex
1794 3196 1916 3266 ipso
1949 3214 2155 3268 proce-

458 3276 586 3330 dit:
620 3282 675 3331 et
721 3278 1007 3347 quomodo
1046 3295 1160 3332 una
1207 3280 1453 3333 charitas
1494 3286 1579 3334 est
1622 3282 1802 3335 Patris
1847 3287 2018 3352 atque
2068 3284 2151 3337 Fi-

458 3365 541 3432 lii,
575 3382 724 3419 unus
772 3367 1017 3436 Spiritus
1067 3373 1151 3420 est
1200 3368 1499 3438 utriusque
1543 3371 1856 3437 procedens
1888 3372 1958 3424 ab
1989 3378 2146 3425 utro-

459 3469 591 3523 que.

532 3539 593 3591 In
642 3538 891 3591 secundo
940 3538 1085 3593 libro
1132 3544 1273 3608 (cap.
1315 3544 1394 3608 l2)
1441 3541 1520 3594 sic
1567 3542 1743 3597 dicit:
1809 3562 1835 3593 ‹‹
1885 3545 1963 3597 De
2016 3545 2154 3598 Filio

458 3624 704 3695 Spiritus
750 3631 977 3678 sanctus
1027 3626 1263 3697 accepit.
1311 3630 1541 3699 Accepit
1592 3636 1783 3683 autem
1817 3648 1919 3701 per
1966 3634 2154 3686 unita-

459 3718 577 3766 tem
608 3713 963 3779 substantiaa,
1008 3714 1155 3769 sicut
1198 3716 1416 3787 accepit
1445 3734 1479 3771 a
1520 3720 1681 3772 Patre
1729 3720 1922 3774 Filius.
1960 3742 1986 3772 »
2037 3722 2156 3776 Hoc

462 3801 673 3869 dicens,
709 3818 901 3857 nonne
930 3804 1244 3859 clarissime
1275 3806 1439 3861 docet
1479 3808 1631 3878 quod
1665 3810 1885 3880 accepit
1913 3810 2155 3882 Spiritus

460 3897 686 3945 sanctus
732 3910 764 3946 a
814 3893 994 3947 Filio?
1025 3901 1081 3947 et
1119 3895 1271 3966 quod
1315 3898 1552 3967 accepit,
1589 3899 1949 3968 procedendo
1993 3916 2154 3953 acce-

459 3978 574 4049 pit;
601 3982 1093 4050 quemadmodum
1138 3983 1313 4038 Filius
1347 3986 1499 4055 quod
1532 3987 1749 4055 accepit
1778 4005 1811 4041 a
1842 3989 2020 4050 Patre,
2053 4005 2153 4042 na-

460 4070 665 4123 scendo
713 4072 946 4139 accepit.
988 4073 1134 4125 Num
1183 4072 1337 4126 aliud
1380 4074 1570 4143 potuit
1611 4075 1865 4144 accipere
1914 4076 2155 4145 Spiritus

459 4164 688 4210 sanctus
726 4174 758 4210 a
808 4159 949 4211 Filio
996 4160 1145 4228 quod
1196 4166 1365 4214 antea
1419 4178 1535 4214 non
1589 4162 1851 4229 habebat,
1900 4181 2028 4217 cum
2085 4164 2157 4218 sit

461 4244 631 4296 unius
657 4244 987 4298 substantiae
1021 4262 1148 4299 cum
1185 4247 1345 4313 Filio,
1380 4249 1549 4303 unius
1578 4252 1886 4320 potentiae:
1920 4259 1975 4305 et
2005 4269 2157 4322 quas-

2263 536 2435 589 Filius
2477 536 2733 606 ejusdem
2783 537 3111 591 substantiae
3162 554 3293 592 cum
3340 541 3524 594 Patre.
3558 542 3697 595 Item
3735 542 3794 595 in
3828 558 3961 596 con-

2260 626 2669 695 sequentibus:
2737 649 2757 673 ι
2820 626 2977 690 Quod
3032 627 3289 698 loquitur
3344 629 3536 697 Filius,
3591 630 3857 701 loquitur
3912 638 3965 684 et

2262 714 2460 780 Pater;
2506 720 2562 768 et
2611 715 2763 785 quod
2812 716 2975 768 Pater
3023 716 3299 786 loquitur,
3335 717 3592 788 loquitur
3638 725 3692 772 et
3745 719 3959 773 Filius:

2262 807 2318 855 et
2356 802 2425 855 de
2469 802 2683 872 Spiritu
2730 804 2903 857 Filius
2952 804 3055 857 Dei
3093 804 3272 858 dixit:
3320 808 3437 860 Non
3484 810 3623 861 enim
3654 809 3904 875 loquitur
3930 825 3964 861 a

2261 907 2330 956 se,
2380 891 2490 945 hoc
2538 898 2640 956 est,
2687 908 2801 945 non
2860 893 2983 945 sine
3033 909 3161 946 mea
3208 899 3267 948 et
3323 894 3501 948 Patris
3556 897 3965 950 communione

2263 982 2399 1049 (non
2456 978 2611 1033 enim
2652 979 2869 1032 divisus
2910 996 2973 1033 ac
3029 986 3325 1049 separatus
3373 986 3457 1035 est
3508 982 3810 1052 Spiritus),
3873 982 3967 1036 sed

2263 1084 2381 1135 quae
2428 1068 2585 1121 audit
2634 1069 2877 1136 loquitur
2933 1069 3129 1137 (Ibid.,
3190 1070 3317 1136 13):
3377 1070 3535 1123 audit
3564 1071 3831 1125 videlicet
3867 1087 3967 1140 per

2266 1156 2538 1210 unitatem
2594 1157 2950 1220 substantias,
3011 1162 3065 1210 et
3121 1157 3531 1228 proprietatem
3589 1158 3869 1211 scientias.
3940 1180 3960 1205 ο

2266 1248 2409 1300 Dum
2456 1247 2758 1300 conﬁtetur
2801 1248 2999 1301 doctor
3044 1247 3147 1300 iste
3178 1247 3488 1301 catholicus
3524 1248 3799 1318 Spiritum
3834 1264 3965 1300 san-

2263 1341 2417 1388 ctum
2451 1350 2563 1388 non
2614 1335 2771 1406 loqui
2819 1336 2940 1388 sine
2986 1336 3169 1389 Patris
3226 1336 3466 1406 Filiique
3513 1336 3964 1402 communione;

2265 1424 2527 1478 videlicet
2559 1425 2829 1495 loquente
2877 1424 3119 1494 Spiritu,
3165 1425 3422 1495 loquitur
3471 1427 3652 1491 Pater,
3700 1426 3966 1496 loquitur

2264 1520 2319 1566 et
2353 1513 2543 1575 Filius,
2594 1517 2834 1565 testatur
2879 1513 3146 1566 eumdem
3196 1530 3317 1567 esse
3370 1514 3547 1567 Patris
3577 1523 3633 1567 et
3664 1514 3793 1568 Filii
3827 1531 3963 1568 con-

2264 1601 2720 1670 substantialem,
2750 1607 2805 1655 et
2845 1602 3099 1672 ejusdem
3138 1602 3504 1671 operationis,
3545 1619 3649 1656 nec
3686 1603 3964 1669 divisum,

2264 1707 2368 1744 nec
2398 1695 2743 1759 separatum.
2775 1691 2839 1744 Et
2866 1691 3015 1761 quod
3044 1690 3298 1745 addidit:
3332 1691 3467 1755 Quir
3499 1692 3657 1744 audit
3683 1691 3961 1762 loquitur,

2266 1779 2687 1849 proccssionem
2738 1782 2860 1847 ejus
2912 1780 3199 1834 insinuat:
3244 1796 3362 1833 non
3410 1781 3563 1833 enim
3616 1780 3966 1850 quibusdam

2266 1867 2579 1938 interjectis
2627 1868 2845 1937 spatiis,
2898 1869 2984 1921 vel
3034 1869 3323 1939 aliquibus
3370 1869 3753 1923 foraminibus
3802 1871 3967 1923 audit

2267 1952 2446 2007 Patris
2478 1952 2719 2022 Filiique
2748 1952 3093 2005 locutionem
3126 1953 3394 2023 Spiritus,
3427 1969 3557 2006 cum
3590 1953 3665 2006 sit
3699 1953 3965 2023 ejusdem

2265 2039 2617 2093 substantiae.
2667 2040 2731 2093 Et
2772 2040 2917 2093 sicut
2962 2040 3098 2093 dicit
3134 2041 3342 2094 Filius:
3378 2044 3570 2097 Omnia
3601 2057 3721 2111 quae
3767 2041 3968 2095 audiri

2265 2144 2300 2181 a
2355 2130 2517 2181 Patre
2564 2144 2693 2195 meo,
2721 2135 2848 2182 nota
2894 2131 3001 2195 feci
3047 2130 3193 2183 vobis
3247 2130 3433 2200 (Joan.
3494 2146 3585 2191 xv,
3648 2133 3771 2197 l5):
3832 2145 3967 2183 nas-

2264 2216 2443 2271 cendo
2475 2217 2733 2271 videlicet
2761 2217 2828 2270 de
2860 2218 3046 2283 Patre,
3081 2224 3137 2271 et
3168 2219 3226 2271 in
3268 2218 3447 2272 Patris
3478 2218 3798 2272 substantia
3829 2235 3963 2288 per-

2266 2306 2570 2373 manando,
2628 2321 2743 2359 non
2790 2306 3079 2376 aliquibus
3124 2307 3436 2360 intervallis
3490 2307 3666 2361 Patris
3714 2308 3964 2361 locutio-

2266 2411 2397 2449 nem
2426 2394 2835 2466 percipiendo:
2886 2395 2965 2448 sic
3012 2399 3067 2447 et
3116 2395 3358 2464 Spiritus
3393 2412 3519 2465 quin
3563 2396 3721 2449 audit
3768 2396 3964 2467 loqui-

2266 2490 2377 2549 tur,
2409 2484 2765 2553 procedendo
2800 2483 3014 2537 scilicet
3040 2484 3109 2537 de
3151 2486 3314 2537 Patre
3350 2485 3623 2556 Filioque,
3654 2485 3791 2555 quia
3824 2486 3964 2539 sub-

2266 2573 2612 2625 stantialiter
2655 2588 2896 2626 manens
2950 2572 3009 2625 in
3076 2578 3347 2643 utroque,
3404 2577 3461 2625 et
3514 2575 3830 2643 procedens
3889 2575 3965 2627 ab

2265 2666 2530 2732 utroque,
2556 2661 2714 2715 audit
2742 2678 2871 2733 qua:
2898 2661 3153 2732 loquitur
3181 2678 3282 2732 per
3316 2662 3589 2717 unitatem
3622 2664 3967 2718 substantias

2266 2754 2321 2803 ct
2350 2750 2761 2820 preprietatem
2795 2750 3066 2804 scientias.

2338 2841 2399 2892 Et
2437 2838 2619 2891 intra:
2681 2863 2700 2886 ι
2757 2838 2959 2893 Omnia
2991 2838 3173 2892 Patris
3212 2839 3386 2893 habet
3434 2840 3628 2904 Filius,
3678 2840 3778 2911 qui
3830 2842 3916 2895 ait
3947 2862 3965 2895 :

2265 2927 2459 2981 Omnia
2511 2942 2631 2995 quae
2680 2928 2860 2982 Patris
2906 2932 3054 2995 sunt,
3098 2943 3215 2981 mea
3272 2933 3397 2981 sunt
3451 2930 3630 2996 (Joan.
3681 2946 3794 2997 xvx,
3854 2932 3966 2999 15),

2194 3046 2233 3098 C
2263 3020 2318 3069 et
2347 3032 2475 3086 qua:
2522 3015 2740 3084 accepit
2786 3016 2907 3085 ipse
2958 3032 3059 3085 per
3106 3016 3387 3070 unitatem
3437 3024 3679 3086 naturas,
3713 3034 3779 3071 ex
3833 3018 3970 3088 ipso

2264 3120 2367 3174 per
2428 3104 2688 3158 eamdem
2758 3104 3037 3157 unitatem
3118 3106 3334 3175 accepit
3414 3105 3720 3175 Spiritus:
3817 3108 3976 3162 sicut

2264 3191 2380 3262 ipse
2443 3190 2719 3246 Dominus
2773 3192 2936 3244 Jesus
2996 3190 3247 3245 declarat
3294 3191 3364 3245 de
3440 3192 3652 3263 Spiritu
3712 3210 3817 3247 suo
3875 3195 3973 3248 di-

2262 3295 2430 3332 cens:
2500 3284 2803 3348 propterea
2883 3278 3038 3332 dixi:
3112 3282 3185 3334 De
3250 3295 3361 3333 meo
3426 3283 3687 3349 accipiet,
3752 3288 3805 3336 et
3862 3298 3972 3335 an-

2264 3367 2537 3421 nuntiabit
2628 3366 2778 3420 vobis
2874 3366 3069 3435 (Ibid,
3165 3369 3268 3433 14).
3364 3390 3390 3416 ››
3474 3369 3677 3422 Dicens
3762 3371 3975 3425 omnia

2262 3455 2441 3507 Patris
2494 3470 2622 3524 quas
2679 3459 2812 3508 sunt
2867 3455 3078 3509 habere
3136 3455 3360 3523 Filium,
3414 3473 3609 3511 rursus
3657 3464 3713 3512 et
3763 3460 3976 3515 omnia

2262 3558 2391 3612 quas
2447 3542 2666 3611 accepit
2726 3542 2847 3612 ipse
2925 3560 2958 3596 a
3026 3546 3208 3607 Patre,
3268 3561 3372 3614 per
3442 3546 3723 3600 unitatem
3790 3553 3971 3602 natu-

2262 3647 2340 3683 ra:
2398 3630 2681 3700 Spiritum
2734 3632 3015 3702 accepisse
3073 3649 3139 3687 ex
3214 3633 3357 3703 ipso,
3409 3634 3467 3688 id
3526 3641 3613 3688 est
3663 3653 3727 3689 ex
3787 3638 3974 3703 Filio;

2266 3734 2452 3771 nonne
2486 3720 2782 3773 manifeste
2814 3720 3061 3774 declarat
3102 3721 3307 3775 Filium
3344 3738 3409 3774 ex
3445 3724 3605 3776 Patre
3644 3730 3869 3788 natum,
3912 3726 3973 3780 id

2264 3812 2349 3861 est
2378 3824 2444 3861 ex
2474 3813 2711 3878 paterna
2749 3809 3088 3875 substantia,
3124 3810 3396 3880 Spiritum
3437 3828 3664 3883 quoque
3697 3820 3972 3868 sanctum

2263 3912 2327 3949 ex
2364 3896 2503 3950 Filio
2555 3896 2883 3967 procedere,
2929 3897 2985 3949 id
3037 3902 3121 3951 est
3167 3899 3292 3951 Filii
3320 3899 3667 3965 substantia;
3719 3909 3777 3955 et
3821 3903 3979 3957 sicut

2266 3984 2439 4038 Filius
2469 3986 2752 4039 nascendo
2795 3985 2991 4038 omnia
3021 4003 3148 4056 quae
3192 3987 3375 4040 Patris
3415 3994 3569 4056 sunt,
3603 3991 3850 4059 accepit;
3887 3992 3978 4045 sic

2262 4082 2315 4129 et
2345 4074 2588 4143 Spiritus
2619 4078 2845 4127 sanctus
2890 4075 3248 4144 procedendo
3295 4075 3362 4129 de
3396 4077 3556 4142 Filio,
3600 4094 3977 4149 quascunque

2264 4167 2396 4215 sunt
2448 4161 2573 4215 Filii
2616 4162 2905 4232 suscepit?
2937 4163 3004 4216 Et
3032 4163 3213 4216 infra:
3266 4184 3293 4215 α
3325 4164 3486 4227 Quod
3535 4183 3673 4235 ergo
3703 4167 3979 4239 loquitur

2262 4252 2524 4321 Spiritus,
2574 4252 2701 4306 Filii
2749 4258 2859 4319 est;
2907 4254 3063 4322 quod
3113 4254 3269 4308 dedit
3318 4256 3513 4323 Filius,
3554 4258 3735 4309 Patris
3779 4266 3881 4313 est.
3948 4282 3975 4309 ο

460 4346 686 4401 cunque
715 4333 889 4385 Filius
932 4333 1121 4400 habet,
1168 4335 1372 4390 habeat
1413 4337 1587 4391 etiam
1628 4345 1684 4392 et
1727 4339 1972 4409 Spiritus
2020 4358 2154 4393 san—
2196 4342 2239 4396 D
2268 4342 2449 4411 Igitur
2478 4341 2523 4393 si
2565 4341 2718 4412 quod
2764 4341 3023 4411 loquitur
3054 4342 3298 4412 Spiritus
3348 4344 3474 4398 Filii
3521 4350 3621 4408 est,
3657 4347 3978 4403 manifeste

460 4419 622 4474 ctus?
652 4419 958 4491 Subjungit
997 4428 1226 4476 sanctus
1267 4426 1601 4479 Ambrosius
1648 4428 2041 4482 testiinonium
2087 4446 2155 4483 ex

464 4507 799 4577 Evangelia:
851 4512 964 4575 Ille,
1000 4512 1203 4582 inquit,
1237 4529 1318 4566 me
1368 4516 1712 4583 clariﬁcabit,
1754 4520 1886 4586 quia
1933 4518 1998 4571 de
2045 4535 2156 4573 meo

460 4599 705 4664 accipiet,
741 4602 789 4650 et
827 4601 1180 4655 annuntiabit
1221 4604 1389 4656 vobis.
1442 4606 1638 4658 Omnia
1685 4621 2011 4675 quaecunque
2056 4609 2155 4661 ha-

463 4683 545 4736 bet
575 4685 757 4750 Pater,
794 4702 910 4740 mea
948 4695 1107 4755 sunt;
1152 4698 1438 4759 propterea
1476 4694 1619 4757 dixi,
1653 4694 1718 4747 de
1763 4710 1873 4749 meo
1903 4698 2152 4764 accipiet,

460 4776 513 4825 et
568 4774 919 4828 annuntiabit
971 4778 1119 4831 vobis
1174 4778 1354 4847 (Joun.
1406 4795 1519 4843 xvr,
1572 4782 1674 4846 l-i).
1736 4782 2150 4853 Subsequitur:

466 4882 493 4910 «
546 4861 690 4925 Quid
741 4861 922 4932 igitur
969 4864 1074 4918 hac
1121 4868 1440 4922 evidentius
1492 4870 1743 4923 unitate?
1791 4872 1926 4935 Qua:
1985 4873 2157 4926 habet

444 4950 649 5015 Pater,
682 4951 806 5005 Filii
857 4957 1023 5006 sunt:
1073 4970 1201 5025 quin
1235 4957 1408 5011 habet
1441 4958 1627 5021 Filius,
1662 4961 1880 5029 accepit
1927 4966 1981 5013 et
2028 4961 2151 5030 Spi-

462 5039 622 5093 ritus.
671 5059 699 5090 ι)
750 5039 880 5094 Haec
928 5042 1105 5096 sancti
1154 5045 1439 5099 Ambrosii
1486 5049 1655 5100 verba
1697 5049 2030 5117 planissime
2075 5056 2155 5103 te-

462 5134 680 5182 stantur
749 5128 1024 5199 Spiritum
1097 5142 1352 5187 sanctum
1429 5153 1460 5189 a
1515 5137 1652 5190 Filio
1708 5137 2155 5191 substantialiter

462 5217 838 5285 processisse;
895 5220 974 5273 ait
1031 5236 1316 5291 namque:
1376 5226 1512 5287 Quae
1575 5224 1748 5280 habet
1807 5228 1969 5279 Pater
2029 5226 2153 5280 Filii

463 5311 614 5372 sunt,
642 5305 695 5359 id
732 5314 835 5373 est,
869 5308 1320 5363 substantialiter
1349 5318 1513 5365 natus
1542 5312 1610 5365 de
1652 5314 1835 5378 Patre,
1869 5331 1993 5384 quas
2024 5320 2155 5370 sunt

467 5390 644 5443 Patris
691 5400 822 5447 sunt
875 5402 933 5449 et
988 5397 1151 5450 Filii:
1214 5398 1478 5453 similiter
1524 5405 1580 5452 et
1633 5400 1875 5469 Spiritus
1928 5409 2154 5457 sanctus

466 5476 915 5536 substantialiter
961 5486 1275 5553 procedens
1323 5487 1391 5540 de
1444 5487 1604 5552 Filio,
1655 5489 1873 5557 accepit
1905 5508 1936 5543 a
1988 5492 2153 5557 Filio,

466 5567 531 5614 ut
558 5578 912 5639 quaecunque
965 5571 1137 5626 Filius
1187 5573 1376 5641 habet,
1427 5573 1635 5628 habeat
1672 5580 1728 5628 et
1782 5575 2046 5647 Spiritus,
2091 5578 2148 5643 id

2263 4430 2462 4483 doctor
2495 4428 2598 4483 iste
2644 4434 2883 4483 testatur
2926 4430 3060 4501 quia
3091 4448 3449 4501 quaecunque
3487 4433 3733 4502 Spiritus
3765 4435 3977 4501 habet,

2265 4536 2297 4571 a
2330 4519 2467 4571 Filio
2506 4518 2770 4589 suscepit,
2818 4518 2950 4588 quia
2994 4520 3248 4588 procedit
3295 4536 3361 4573 ex
3406 4520 3558 4590 ipso;
3610 4526 3667 4575 et
3709 4522 3753 4575 si
3806 4526 3979 4593 quod

2264 4607 2418 4661 dedit
2474 4607 2672 4673 Filius,
2719 4607 2900 4661 Patris
2951 4612 3055 4674 est,
3105 4608 3198 4661 cui
3246 4625 3378 4662 vero
3424 4609 3619 4663 dedit?
3674 4610 3979 4667 Nimirum

2263 4695 2501 4764 Spiritui
2533 4701 2727 4748 sancto
2768 4695 2867 4765 qui
2909 4696 2978 4749 de
3009 4696 3104 4749 illo
3133 4698 3427 4766 procedit:
3460 4704 3516 4751 et
3544 4699 3588 4751 si
3622 4700 3771 4769 quod
3806 4702 3986 4756 dedit

2262 4783 2443 4839 Patris
2489 4789 2592 4850 est,
2628 4784 2844 4854 accepit
2882 4784 2951 4838 de
2999 4786 3165 4839 Patre
3218 4786 3501 4841 nascendo
3553 4788 3745 4853 Filius,
3782 4796 3848 4843 ut
3905 4808 3985 4846 ex

2262 4873 2387 4943 ipso
2421 4873 2686 4942 procedat
2718 4873 2963 4943 Spiritus
2985 4879 3233 4928 sanctus.
3270 4876 3573 4946 Subjunxit
3599 4893 3613 4930 :
3645 4898 3671 4924 «
3708 4879 3788 4931 Ita
3820 4880 3986 4936 nihil

2262 4976 2294 5013 a
2322 4978 2380 5014 se
2411 4966 2511 5014 aut
2542 4960 2716 5014 Filius
2752 4961 3002 5031 loquitur
3030 4967 3129 5015 aut
3162 4962 3426 5033 Spiritus,
3461 4964 3598 5034 quia
3628 4964 3776 5019 nihil
3806 4974 3987 5022 extra

2262 5065 2320 5102 se
2368 5048 2611 5103 Trinitas
2657 5050 2929 5120 loquitur.
2964 5071 2990 5097 ››
3026 5051 3167 5104 Tota
3204 5051 3446 5105 Trinitas
3480 5052 3539 5106 in
3569 5054 3754 5115 Patre,
3797 5056 3987 5126 Filio,

2262 5136 2594 5207 Spirituque
2624 5138 2897 5191 consistit.
2934 5137 3085 5191 Nihil
3113 5143 3304 5192 autem
3331 5139 3584 5209 loquitur
3614 5140 3790 5194 Filius
3818 5161 3855 5195 a
3888 5162 3986 5213 se,

2262 5225 2397 5295 quia
2442 5241 2563 5278 non
2609 5230 2693 5279 est
2732 5242 2763 5278 a
2799 5241 2879 5291 se,
2928 5225 3026 5279 sed
3070 5242 3103 5280 a
3134 5228 3320 5280 Patre.
3370 5226 3643 5281 Similiter
3692 5230 3843 5284 nihil
3900 5234 3990 5287 ln-

2262 5313 2457 5385 quitur
2487 5312 2729 5384 Spiritus
2760 5331 2791 5367 a
2838 5331 2918 5379 se,
2949 5314 3086 5385 quia
3115 5331 3232 5368 non
3280 5321 3366 5369 est
3390 5333 3422 5368 a
3465 5332 3545 5382 se,
3578 5317 3677 5370 sed
3709 5336 3741 5370 a
3776 5320 3939 5375 Filio
3970 5340 3985 5378 :

2263 5404 2414 5456 solus
2444 5408 2634 5456 autem
2667 5404 2829 5457 Pater
2851 5419 2917 5456 ex
2946 5403 3127 5457 nullo.
3159 5405 3303 5474 Ergo
3335 5406 3736 5475 cumloqnitur
3758 5408 3986 5479 Filius,

2261 5496 2381 5544 tota
2426 5491 2669 5545 Trinitas
2724 5490 3010 5562 loquitur;
3073 5498 3129 5546 et
3187 5509 3314 5546 cum
3379 5494 3632 5563 loquitur
3685 5495 3988 5567 Spiritus,

2263 5584 2377 5633 tota
2415 5579 2660 5633 Trinitas
2707 5580 2995 5652 loquitur;
3031 5586 3084 5634 et
3122 5598 3253 5655 cum
3305 5582 3558 5654 loquitur
3607 5584 3793 5645 Pater.
3844 5592 3995 5646 tota
