4148 6180
188 264 280 315 257
1179 257 1455 314 CONTRA
1493 256 1901 314 camenae»
1944 245 2294 313 OPPOSITA.
2327 288 2393 296 -
2438 258 2572 312 un.
2625 257 2695 313 ιι.

3583 262 3687 316 258

188 398 427 452 Trinitas
472 396 761 467 loquitur;
816 395 948 466 quia
993 395 1134 449 nihil
1187 401 1344 448 extra
1390 412 1446 447 se
1496 395 1739 448 Trinitas
1795 396 1872 447 Io-
1914 395 1960 447 Α
1990 394 2143 448 tione
2190 394 2499 465 procedere
2536 393 2813 463 Spiritum
2874 398 2990 447 tam
3048 395 3116 448 de
3166 397 3329 449 Patre
3387 414 3560 467 quam
3617 398 3686 451 de

190 488 397 557 quitur,
424 487 561 555 quia
592 503 705 539 non
747 485 1021 539 dividitur
1049 500 1082 536 a
1111 500 1189 549 se,
1227 500 1329 536 nec
1361 488 1676 552 separatur.

254 573 396 625 Item
449 571 707 641 ejusdem
764 571 956 639 aperis
1015 570 1072 622 in
1128 569 1295 621 tertio
1363 570 1741 637 lihello(Cup.
1783 569 1877 637 l):

190 680 213 709 α
246 662 382 714 Nam
439 660 756 713 secundum
804 658 1161 711 divinitatem
1212 674 1326 710 non
1374 674 1547 727 supra
1596 657 1881 710 Christum

188 754 266 802 est
297 747 569 818 Spiritus,
616 747 713 800 sed
764 747 822 798 in
871 746 1098 800 Christo
1161 761 1173 799 :
1224 745 1357 815 quia
1402 745 1546 797 sicut
1603 746 1769 797 Pater
1822 744 1882 797 in

189 837 340 901 Filio,
373 842 432 888 et
463 835 638 888 Filius
684 835 743 887 in
777 835 971 898 Patre;
1033 833 1112 886 ita
1152 834 1251 886 Dei
1284 832 1528 903 Spiritus
1554 838 1611 885 et
1638 832 1883 901 Spiritus

188 924 387 978 Christi
421 923 481 976 in
512 924 676 976 Patre
707 929 792 975 est
818 928 873 974 et
902 922 1065 975 Filio.
1101 943 1120 967 ι
1182 924 1385 975 Beatus
1414 920 1748 974 Ambrosius
1798 921 1882 974 di-

187 1030 309 1065 cens
340 1012 661 1065 secundum
695 1010 1050 1065 divinitatem
1081 1010 1358 1079 Spiritum
1392 1027 1509 1063 non
1541 1027 1661 1063 esse
1710 1027 1884 1080 super

188 1102 493 1165 Christum,
530 1100 629 1152 sed
656 1099 716 1152 in
750 1099 993 1165 Christo,
1022 1098 1294 1151 discernit
1319 1098 1736 1152 humanitatem
1758 1099 1883 1168 ejus

187 1206 216 1241 a
238 1189 560 1242 divinitate.
599 1188 862 1257 Legimus
895 1187 952 1240 in
994 1188 1325 1257 Evangelio,
1358 1187 1494 1257 quia
1527 1189 1681 1241 venit
1704 1188 1882 1257 Spiri-

188 1284 271 1331 tus
301 1283 534 1330 sanctus
566 1293 739 1346 super
764 1276 1143 1344 Salvatorem,
1185 1282 1240 1328 et
1275 1276 1481 1329 mansit
1504 1292 1676 1346 super
1705 1293 1835 1329 eum
1868 1293 1879 1329 :

188 1374 239 1420 et
270 1368 437 1420 Pater
464 1366 724 1435 loquitur
759 1365 962 1419 Joanni
996 1382 1008 1417 :
1044 1366 1217 1433 Super
1248 1380 1409 1433 quem
1450 1365 1657 1419 videris
1703 1366 1881 1433 Spiri-

189 1461 291 1508 tum
331 1455 738 1509 descendentem
789 1460 839 1507 et
885 1459 1183 1507 manentem
1230 1468 1391 1522 super
1448 1468 1565 1506 eum
1622 1457 1797 1518 (Joan.
1844 1472 1882 1519 1,

188 1546 288 1612 33)..
350 1545 554 1613 Itaque
614 1544 926 1596 secundum
970 1543 1387 1596 humanitatem
1442 1543 1595 1594 venit
1638 1542 1884 1611 Spiritus

188 1649 350 1702 super
391 1632 703 1697 Christum,
738 1638 794 1684 et
826 1632 1037 1684 mansit
1070 1647 1243 1700 super
1273 1631 1490 1699 ipsum;
1526 1635 1580 1683 at
1624 1648 1757 1683 vero
1792 1647 1882 1683 se-

186 1722 432 1774 cundum
494 1721 849 1774 divinitatem
910 1726 1105 1772 manet
1176 1721 1235 1771 in
1306 1719 1549 1784 Christo,
1609 1719 1884 1789 quoniam

188 1810 425 1879 :equalis
492 1814 579 1861 est
636 1808 765 1879 ipsi,
825 1810 1122 1878 utriusque
1172 1807 1505 1860 substantiae
1550 1823 1679 1859 cum
1730 1808 1881 1876 ipso;

190 1898 326 1951 sicut
353 1902 409 1950 et
457 1898 525 1950 de
559 1899 723 1950 Patre
754 1897 1037 1961 scribitur,
1072 1896 1223 1966 quod
1274 1902 1504 1949 maneat
1535 1897 1592 1947 in
1640 1896 1796 1962 Filio,
1832 1902 1887 1949 et

192 1986 353 2038 Filius
388 1987 446 2038 in
506 1987 690 2038 Patre.
745 1984 900 2048 Quod
965 1984 1280 2053 subjunxit,
1341 1984 1617 2053 Spiritum
1680 1984 1797 2051 Dei,
1831 1990 1887 2037 et

187 2074 462 2143 Spiritum
493 2073 702 2127 Christi
734 2073 793 2126 in
822 2074 984 2126 Patre
1019 2088 1270 2137 manere,
1309 2088 1406 2124 seu
1456 2073 1615 2137 Filio,
1650 2078 1888 2125 testatur

189 2179 361 2216 unum
402 2162 705 2232 utriusque
738 2162 1037 2231 Spiritum,
1072 2178 1138 2213 eo
1185 2161 1337 2230 quod
1368 2161 1438 2213 ab
1475 2166 1715 2231 utroque
1758 2178 1883 2230 pro~

188 2251 361 2313 cedat,
405 2257 463 2303 et
486 2256 714 2303 maneat
746 2266 848 2319 per
877 2249 1527 2302 consubstantialitatem
1574 2249 1634 2302 in
1690 2250 1885 2303 ambu-

189 2340 303 2392 bus.
338 2340 652 2408 Subjunxit
682 2355 694 2391 :
735 2360 755 2385 ι
788 2339 970 2391 Manet
1001 2338 1157 2391 enim
1208 2337 1266 2390 in
1310 2340 1442 2403 Deo,
1478 2339 1615 2408 quia
1647 2354 1715 2392 ex
1770 2340 1883 2391 Deo

186 2436 285 2492 est,
327 2429 478 2480 sicut
541 2428 811 2496 scriptum
862 2432 973 2490 est;
1006 2448 1033 2475 ››
1095 2429 1202 2480 Nos
1235 2433 1411 2479 autem
1462 2443 1566 2480 non
1614 2428 1885 2495 Spiritum

187 2518 344 2584 hujus
386 2516 583 2568 mundi
624 2518 946 2584 accepimus,
998 2515 1093 2568 sed
1122 2516 1392 2583 Spiritum
1442 2518 1538 2584 qui
1566 2532 1633 2569 ea:
1678 2519 1779 2569 Deo
1809 2521 1886 2569 est

189 2606 226 2672 (Ι
262 2608 393 2657 Cor.
451 2620 512 2671 ιι,
572 2606 687 2671 12);
742 2610 799 2656 et
839 2610 1032 2656 manet
1083 2605 1139 2656 in
1191 2604 1412 2657 Christo
1438 2605 1575 2674 quia
1605 2602 1883 2658 aChristo

186 2695 422 2762 accepit,
456 2701 515 2747 et
548 2695 606 2745 in
648 2693 867 2746 Christo
899 2698 1001 2746 est.
1038 2693 1179 2756 Quia
1201 2694 1411 2745 iterum
1442 2696 1717 2763 scriptum
1761 2697 1881 2745 est:

191 2784 275 2836 Ille
304 2783 372 2835 de
397 2798 513 2836 meo
547 2785 773 2850 accipiet
818 2784 993 2846 (Joan.
1050 2798 1161 2849 xvr,
1223 2783 1320 2849 14).
1386 2782 1543 2835 Unde
1600 2787 1686 2834 est
1749 2797 1885 2851 ergo

188 2888 250 2924 ex
285 2874 401 2924 Deo
451 2870 736 2941 Spiritus?
769 2886 976 2939 nempe
1030 2871 1166 2939 quia
1213 2870 1470 2940 procedit
1505 2887 1571 2924 ex
1635 2871 1766 2924 Deo.
1826 2872 1889 2924 Et

1995 484 2151 545 Filio,
2182 484 2317 537 dum
2366 482 2578 552 legitur
2625 483 2780 552 quod
2830 481 2904 535 sit
2958 482 3204 553 Spiritus
3243 485 3358 537 oris
3398 490 3454 539 et
3498 487 3682 541 Patris

1993 576 2049 625 et
2083 572 2225 624 Filii.

2064 660 2428 729 Persequitur
2481 660 2679 713 beatus
2737 659 3071 712 Ambrosius
3129 661 3275 729 (cap.
3356 662 3408 730 8)
3479 662 3683 716 indivi-

1991 748 2162 801 duam
2205 764 2433 801 munere
2463 748 2745 801 unitatem
2774 754 2887 800 tam
2938 748 3147 801 Christi
3194 766 3370 819 quam
3442 751 3686 819 Spiritus

1991 838 2125 908 quia
2163 859 2189 885 «
2233 854 2418 907 neque
2450 837 2704 891 Christus
2743 838 2865 890 sine
2910 838 3147 904 Spiritu,
3198 856 3385 909 neque
3442 840 3687 909 Spiritus

1992 927 2172 996 possit
2200 942 2321 979 esse
2353 926 2475 978 sine
2516 926 2761 980 Christo.
2793 946 2820 973 «
2878 926 2998 978 Non
3031 932 3213 995 potest
3262 943 3381 980 esse
3434 928 3687 981 Christus

1993 1014 2114 1066 sine
2169 1014 2405 1083 Spiritu,
2458 1018 2731 1084 tanquam
2792 1013 2897 1066 sibi
2926 1014 3429 1081 lconsubstantiali,
3484 1021 3539 1067 et
3587 1016 3685 1085 qui

1994 1118 2059 1155 ex
2091 1118 2147 1155 se
2182 1102 2476 1172 procedat;
2539 1118 2725 1172 neque
2780 1118 2974 1154 rursus
3022 1102 3269 1171 Spiritus
3325 1106 3510 1171 potest
3567 1119 3685 1155 esse

1993 1191 2115 1243 sine
2136 1191 2375 1256 Christo,
2425 1195 2701 1260 tanquam
2723 1190 2811 1243 cui
2858 1191 3357 1243 consubstantialis
3408 1194 3511 1255 est,
3570 1195 3624 1242 et
3654 1206 3687 1243 a

1995 1294 2109 1347 quo
2144 1278 2359 1347 accepit
2414 1294 2769 1347 quacunque
2796 1278 3053 1331 Christus
3084 1278 3271 1331 habet.
3313 1278 3683 1332 Connectitur

1995 1383 2163 1421 causa
2192 1383 2293 1420 cur
2319 1368 2397 1420 ita
2428 1367 2501 1419 sit
2531 1367 2792 1420 videlicet
2825 1387 2850 1416 α
2887 1367 3171 1437 quoniam
3204 1384 3318 1421 non
3364 1371 3556 1437 potest
3601 1367 3685 1419 di-

1998 1454 2145 1507 vina:
2185 1460 2403 1508 natura:
2459 1455 2645 1508 unitas
2693 1456 2964 1523 separari.
3009 1476 3036 1501 ››
3082 1456 3195 1508 Hoc
3243 1455 3434 1508 dicens
3478 1454 3688 1508 fatetur

1998 1549 2258 1597 naturam
2292 1544 2518 1608 Christi,
2574 1548 2837 1596 naturam
2870 1560 2988 1596 esse
3019 1542 3285 1611 Spiritus,
3334 1549 3391 1596 et
3422 1548 3686 1596 naturam

1996 1632 2237 1701 Spiritus
2269 1638 2531 1684 naturam
2569 1648 2688 1684 esse
2732 1632 2959 1695 Christi,
3016 1647 3119 1684 nec
3172 1631 3407 1684 unitatis
3451 1647 3689 1700 compa—

1995 1737 2121 1789 gem
2145 1721 2339 1789 aliquo
2373 1720 2543 1772 modo
2580 1736 2745 1789 posse
2769 1720 3044 1789 separari,
3074 1725 3285 1789 praeter
3315 1736 3485 1789 quam
3514 1719 3687 1772 Filius

1998 1814 2181 1873 natus,
2239 1808 2483 1878 Spiritus
2530 1825 2663 1861 vero
2698 1808 3043 1877 procedens;
3098 1808 3195 1860 sed
3242 1809 3364 1860 haec
3423 1823 3538 1860 non
3579 1808 3685 1859 sub

1996 1897 2261 1950 stantiam
2282 1896 2517 1963 faciunt,
2551 1897 2649 1949 sed
2676 1896 3015 1949 relationem
3064 1896 3395 1949 ostendunt.
3443 1894 3685 1948 Inferius

1997 1986 2294 2055 loquitur:
2331 2005 2356 2033 α
2393 1987 2623 2038 Lectum
2656 1989 2757 2048 est,
2799 1985 2935 2054 quia
2977 1985 3141 2037 Verbi
3183 1984 3405 2053 gladius
3443 1983 3686 2053 Spiritus

1994 2076 2064 2127 sit
2096 2091 2108 2127 :
2142 2074 2407 2127 similiter
2440 2075 2644 2126 lectum
2685 2078 2786 2134 est,
2821 2073 2955 2143 quia
2980 2072 3224 2141 Spiritus
3256 2072 3435 2124 sancti
3458 2072 3685 2141 gladius

1997 2163 2241 2216 Verbum
2275 2162 2373 2216 Dei
2414 2162 2488 2215 sit
2518 2161 2739 2230 (Ephes.
2792 2176 2867 2227 vi,
2905 2162 3007 2219 l7}.
3061 2178 3085 2210 ι
3124 2161 3187 2212 Et
3243 2160 3539 2212 nonnullis
3588 2176 3689 2228 per

1994 2251 2445 2320 assumptionem
2479 2249 2828 2318 interpositis
2859 2248 3180 2316 colligendo
3220 2248 3520 2314 conclusit,
3561 2246 3641 2299 ita
3673 2264 3686 2300 :

1998 2358 2024 2390 (ί
2068 2339 2208 2392 Cum
2240 2338 2418 2409 igitur
2454 2338 2623 2391 Verbi
2672 2337 2895 2407 gladius
2944 2336 3189 2407 Spiritus
3230 2340 3457 2389 sanctus
3499 2334 3592 2403 sit,
3635 2340 3692 2388 et

1994 2428 2243 2496 Spiritus
2282 2428 2460 2481 sancti
2492 2426 2713 2496 gladius
2744 2425 2988 2478 Verbum
3020 2426 3110 2491 sit,
3146 2424 3344 2495 utique
3391 2424 3578 2477 unitas
3610 2431 3693 2477 est

1995 2517 2284 2587 potentiae.
2322 2539 2349 2565 ››
2382 2516 2487 2570 Sed
2540 2515 2765 2581 gladius
2798 2515 2962 2568 Verbi
3014 2515 3155 2585 quid
3208 2520 3293 2568 est
3336 2514 3445 2567 nisi
3495 2514 3685 2583 ipsum

1997 2606 2286 2660 Verbum?
2314 2607 2375 2659 Et
2404 2605 2622 2674 gladius
2652 2602 2893 2674 Spiritus
2925 2603 3063 2673 quid
3116 2607 3220 2665 est,
3253 2603 3365 2656 nisi
3414 2602 3533 2671 ipse
3565 2602 3689 2670 Spi-

1998 2693 2181 2749 ritus?
2215 2695 2286 2747 Ex
2318 2710 2430 2763 quo
2468 2692 2755 2762 colligitur
2793 2691 2928 2761 quia
2976 2690 3224 2760 Spiritus
3254 2697 3483 2743 sanctus
3526 2691 3689 2743 Verbi

1996 2788 2079 2837 est
2107 2783 2372 2852 Spiritus,
2405 2782 2567 2851 cujus
2606 2787 2691 2835 est
2721 2780 2965 2851 gladius,
3024 2785 3081 2833 et
3137 2780 3386 2833 Verbum
3441 2778 3685 2848 Spiritus

1996 2871 2176 2924 sancti
2206 2876 2312 2935 est,
2346 2870 2508 2940 cujus
2539 2876 2625 2923 est
2662 2870 2915 2940 gladius;
2971 2868 3241 2939 quoniam
3290 2883 3394 2921 nec
3443 2867 3687 2920 Verbum

191 2961 335 3013 unde
367 2960 588 3029 accepit
621 2977 650 3011 a
684 2958 946 3013 Christo?
997 2961 1158 3013 Certe
1188 2959 1324 3029 quia
1364 2960 1623 3029 procedit
1655 2977 1687 3013 a
1731 2960 1887 3013 Chri-
1927 2976 1966 3030 ρ
1998 2959 2118 3011 sine
2140 2958 2358 3027 Spiritu
2382 2962 2597 3023 sancto,
2635 2973 2736 3010 nec
2771 2956 3015 3026 Spiritus
3044 2961 3272 3009 sanctus
3315 2956 3437 3010 sine
3486 2956 3688 3019 Verbo,

190 3054 289 3101 sto.
333 3050 398 3102 Et
441 3048 593 3101 unde
638 3054 828 3101 manet
869 3053 985 3101 tam
1036 3048 1093 3101 in
1137 3049 1251 3101 Deo
1300 3064 1474 3118 quam
1514 3049 1571 3101 in
1620 3048 1883 3103 Christo?

190 3137 427 3193 Prorsus
458 3137 591 3206 quia
617 3136 1115 3189 consubstantialis
1157 3141 1241 3190 est
1282 3136 1601 3207 utriusque.
1648 3137 1795 3190 Dicit
1824 3136 1883 3190 in

190 3225 563 3295 sequentibus
594 3226 776 3292 (capp.
833 3229 883 3291 7,
931 3227 983 3292 8)
1060 3227 1296 3294 loquens
1352 3227 1421 3277 de
1477 3225 1877 3279 Antichristi):

193 3336 216 3359 ιι
251 3315 417 3378 Quem
459 3316 716 3366 Dominus
746 3315 897 3366 Jesus
948 3316 1234 3381 interﬁciet
1275 3316 1497 3383 Spiritu
1536 3317 1647 3368 oris
1681 3318 1769 3368 sui
1804 3315 1888 3382 (ΙΙ

196 3402 343 3455 Thes.
364 3418 427 3466 Il,
447 3404 526 3469 8).
548 3402 646 3454 llic
665 3417 777 3454 non
798 3401 1073 3472 acquisita
1100 3403 1282 3471 gratia
1321 3408 1423 3468 est,
1445 3404 1541 3456 sed
1581 3403 1879 3457 individua

190 3497 372 3543 manet
419 3489 639 3554 unitas;
701 3488 836 3559 quia
891 3505 1077 3560 neque
1134 3491 1387 3544 Christus
1450 3490 1571 3544 sine
1642 3491 1878 3560 Spiritu,

190 3596 368 3651 neque
413 3578 660 3646 Spiritus
700 3583 886 3647 potest
927 3594 1047 3631 esse
1083 3578 1205 3635 sine
1246 3579 1511 3633 Christo:
1570 3596 1684 3633 non
1728 3581 1881 3633 enim

187 3672 367 3736 potest
396 3665 608 3719 divinas
641 3671 855 3717 natura!
912 3665 1102 3718 unitas
1132 3667 1405 3736 separari.
1441 3688 1467 3716 »
1518 3667 1613 3721 Hic
1655 3684 1882 3739 quoque

188 3762 411 3809 sanctus
438 3754 770 3809 Ambrosius
801 3753 1174 3807 humanitatis
1208 3772 1269 3807 ac
1315 3755 1629 3809 divinitatis
1672 3755 1880 3811 Christi

189 3844 607 3913 separationem
651 3842 916 3908 ostendit,
948 3858 1063 3895 non
1107 3843 1257 3912 quod
1299 3843 1445 3896 alius
1479 3844 1553 3896 sit
1600 3844 1793 3909 homo,
1826 3849 1881 3898 et

190 3934 329 3986 alius
366 3934 516 3985 Deus
545 3930 821 3996 Christus,
855 3931 951 3984 sed
979 3931 1130 4000 quod
1161 3930 1445 3999 perfectus
1480 3932 1643 3996 Deus,
1676 3938 1731 3985 et
1761 3950 1878 4003 per-

190 4020 366 4073 fectus
398 4020 594 4083 homo,
631 4019 703 4071 sit
733 4035 881 4072 unus
928 4018 1215 4085 Christus;
1260 4020 1433 4072 homo
1475 4024 1666 4073 tamen
1700 4021 1883 4090 gratia

194 4109 366 4161 factus
422 4113 508 4160 est
553 4109 746 4160 Deus:
803 4108 950 4160 Deus
1004 4124 1136 4161 vero
1202 4113 1407 4161 natura
1473 4109 1663 4162 existit
1712 4110 1879 4163 Deus.

193 4196 386 4265 Itaque
416 4210 550 4249 cum
596 4195 809 4249 diceret
840 4212 853 4248 :
888 4199 1051 4265 Quem
1089 4199 1343 4251 Dominus
1379 4198 1545 4251 Jesus
1595 4198 1886 4268 interﬁciat

1994 3048 2269 3119 quoniam
2296 3046 2465 3099 unius
2497 3051 2629 3099 sunt
2654 3044 3023 3114 operationis,
3058 3044 3428 3114 ejusdemque
3483 3050 3693 3113 poten-

1992 3140 2107 3191 tizr.
2160 3137 2303 3190 Cum
2350 3135 2429 3187 ita
2472 3133 2567 3197 sit,
2624 3148 2739 3185 non
2770 3137 3013 3202 possunt
3058 3132 3378 3184 substantia
3413 3130 3689 3199 separari,

1993 3239 2178 3293 neque
2242 3223 2533 3275 voluntate
2583 3220 2801 3274 dividi:
2878 3220 3056 3289 igitur
3123 3218 3304 3271 unius
3359 3218 3687 3270 substantia;

1990 3313 2277 3382 uniusque
2325 3310 2637 3363 voluntatis
2689 3309 2862 3362 Filius
2889 3313 2945 3361 et
2987 3307 3233 3378 Spiritus
3284 3311 3515 3359 sanctus
3565 3306 3685 3359 exi-

1992 3404 2223 3465 stentes,
2263 3399 2522 3469 procedit
2571 3398 2714 3451 alter
2746 3397 2813 3451 ab
2861 3398 3059 3462 altero,
3102 3396 3157 3449 id
3214 3400 3300 3448 est
3342 3393 3589 3463 Spiritus
3625 3409 3688 3446 ex

1991 3488 2150 3554 Filio,
2189 3487 2462 3557 quoniam
2518 3486 2695 3541 Filius
2739 3493 2909 3540 natus
2958 3486 3028 3540 de
3085 3487 3270 3552 Patre,
3319 3482 3512 3535 omnia
3561 3498 3691 3551 qua:

1990 3577 2275 3631 nascendo
2324 3576 2544 3645 accepit
2588 3593 2619 3629 a
2664 3578 2851 3639 Patre,
2886 3575 3045 3629 dedit
3080 3572 3319 3643 Spiritui
3349 3614 3362 3636 ,
3386 3587 3502 3624 non
3527 3571 3690 3640 quasi

1992 3664 2222 3729 minori,
2252 3681 2356 3718 nec
2402 3670 2675 3735 tanquam
2726 3670 3015 3730 extraneo,
3075 3662 3170 3716 sed
3225 3665 3501 3730 tanquam
3550 3676 3581 3712 a
3631 3675 3688 3712 sa

1988 3753 2337 3824 procedenti.

2060 3842 2381 3895 Videndum
2409 3845 2593 3894 autem
2625 3841 2761 3910 quia
2807 3855 2936 3893 cum
2969 3838 3177 3892 dicitur
3204 3837 3450 3907 Spiritus
3510 3836 3689 3888 sancti

1990 3932 2216 4001 gladius
2250 3930 2515 3995 Verbum,
2560 3934 2617 3982 et
2666 3928 2831 3981 Verbi
2881 3927 3106 3997 gladius
3150 3925 3393 3996 Spiritus
3439 3928 3687 3990 sanctus,

1993 4035 2107 4072 non
2133 4033 2506 4087 personarum
2535 4016 2599 4070 ﬁt
2622 4016 2969 4084 conjunctio,
3002 4014 3098 4068 sed
3128 4013 3482 4079 substantiae,
3523 4028 3685 4066 mon-

1992 4113 2200 4160 stratur
2244 4107 2529 4176 copulatio
2568 4110 2633 4159 ut
2662 4104 2829 4158 unius
2883 4104 2997 4157 sint
3027 4103 3379 4167 substantiae,
3406 4118 3535 4156 cum
3571 4116 3686 4154 non

1992 4197 2105 4250 sint
2134 4196 2306 4250 unius
2341 4211 2621 4265 personae.
2658 4195 2749 4248 Est
2787 4198 2980 4247 autem
3011 4193 3157 4247 alter
3209 4208 3273 4245 ex
3314 4192 3517 4257 altero,
3559 4190 3686 4261 Spi-

192 4285 429 4353 Spiritus
458 4285 571 4336 oris
598 4285 704 4347 sui,
752 4288 808 4336 et
837 4284 1212 4354 subjunxerit,
1258 4300 1371 4337 non
1403 4285 1493 4337 hic
1543 4285 1883 4355 acquisitam
1927 4270 1967 4324 D
1995 4285 2138 4338 ritus
2169 4284 2433 4337 videlicet
2462 4299 2529 4336 ex
2557 4283 2718 4344 Filio,
2753 4298 2871 4335 non
2913 4297 3045 4335 vero
3107 4280 3282 4334 Filius
3330 4279 3400 4333 de
3449 4277 3687 4348 Spiritu,

190 4372 432 4440 gratiam
460 4388 607 4435 esse,
635 4372 1052 4427 humanitatem
1088 4373 1348 4438 removit,
1384 4378 1446 4426 ut
1471 4373 1717 4443 Spiritus
1749 4374 1885 4441 oris,

190 4478 301 4531 quo
340 4462 389 4514 si
438 4460 823 4514 Antichristus
868 4461 1321 4529 interﬁciendus,
1364 4462 1682 4515 divinitatis
1728 4463 1888 4517 intel-

188 4550 399 4619 ligatur
435 4548 702 4618 Spiritus,
760 4547 1021 4601 videlicet
1067 4546 1310 4617 Spiritus
1359 4553 1606 4612 sanctus,
1648 4548 1747 4619 qui
1805 4554 1889 4602 est

188 4640 245 4690 in
276 4643 474 4691 sancta
503 4637 779 4690 Trinitate
811 4652 926 4688 una
972 4652 1245 4705 persona;
1283 4642 1343 4689 ut
1375 4638 1531 4706 quod
1567 4637 1666 4702 ait,
1720 4638 1887 4702 Quem

189 4728 443 4779 Dominus
495 4727 649 4779 Jesus
703 4723 990 4795 interﬁciat
1033 4725 1247 4793 Spiritu
1290 4728 1398 4778 oris
1448 4728 1551 4790 sui,
1608 4725 1887 4795 Spiritum

190 4821 449 4868 sanctum
510 4813 821 4883 intelligas,
869 4812 969 4883 qui
1013 4812 1086 4866 sit
1141 4812 1386 4882 Spiritus
1445 4814 1674 4867 Domini
1731 4814 1882 4867 Jesu.

189 4902 361 4957 Simul
396 4903 732 4969 videndum,
765 4902 900 4972 quia
928 4918 1057 4955 cum
1078 4902 1147 4955 de
1169 4903 1372 4955 eodem
1399 4901 1624 4972 ,Spiritu
1667 4901 1889 4955 dicatur

192 4993 339 5061 quod
370 4993 445 5046 sit
476 4991 724 5061 Spiritus
767 4991 883 5044 oris
914 4990 1165 5055 Domini,
1208 4996 1264 5044 et
1293 5007 1443 5044 nunc
1490 4991 1701 5045 dicitur
1730 4991 1887 5061 quod

192 5080 262 5134 sit
289 5082 540 5152 Spiritus
570 5080 687 5133 oris
719 5080 944 5133 Domini
991 5081 1145 5148 Jesu,
1182 5079 1493 5132 clarissime
1539 5084 1889 5132 monstratur

196 5169 434 5239 Spiritus
464 5175 697 5223 sanctus
726 5169 1033 5239 procedere
1062 5184 1128 5221 ex
1173 5184 1270 5221 ore
1316 5168 1542 5221 Domini
1587 5168 1740 5235 Jesu,
1772 5182 1889 5220 non

196 5259 340 5327 quod
360 5258 681 5312 secundum
715 5257 1074 5312 divinitatem
1119 5274 1181 5311 os
1213 5257 1440 5321 habeat,
1476 5256 1598 5310 sed'
1631 5255 1785 5327 quod
1820 5255 1888 5309 de

198 5346 503 5417 substantia
545 5347 705 5400 illius
762 5346 1063 5415 procedat;
1126 5344 1618 5417 quemadmodum
1679 5344 1888 5412 dicitur

198 5431 431 5503 Spiritus
471 5435 615 5503 oris,
651 5433 902 5500 Domini,
939 5434 1219 5504 quoniam
1268 5434 1525 5505 procedit
1575 5434 1644 5488 de
1707 5434 1888 5487 Patris

202 5521 524 5579 substantia.
588 5523 775 5593 Igitur
818 5522 1246 5577 evidentissima
1292 5523 1645 5578 monstratur
1699 5538 1889 5576 asser—

1992 4373 2086 4427 sed
2116 4374 2185 4427 de
2210 4374 2397 4427 Patre.
2433 4371 2547 4424 Hoc
2588 4372 2757 4425 modo
2779 4376 3004 4425 sanctus
3033 4368 3372 4424 Ambrosius
3418 4367 3486 4421 de
3515 4366 3689 4436 Spiri-

1997 4463 2110 4516 ritu
2142 4467 2337 4515 sancto
2368 4460 2619 4513 sentiens
2670 4465 2840 4529 atque
2894 4459 3212 4529 disputans,
3265 4472 3383 4510 non
3440 4456 3686 4525 impera-

1996 4548 2215 4603 toribus
2248 4550 2592 4608 Graecorum,
2632 4548 2899 4601 Gratiano
2949 4546 3207 4599 videlicet
3263 4551 3319 4598 et
3372 4542 3687 4598 Theodosio

1994 4636 2209 4708 Majori,
2257 4652 2503 4706 quorum
2571 4635 2930 4706 temporibus
2992 4635 3220 4701 enituit,
3276 4634 3364 4687 vel
3430 4633 3689 4703 ingratus

1994 4728 2081 4779 vel
2126 4726 2426 4779 haereticus
2474 4725 2625 4777 visus
2676 4729 2780 4791 est,
2833 4724 2934 4794 qui
3004 4730 3123 4777 toto
3181 4729 3440 4777 Sanctum
3502 4722 3689 4775 virum

1995 4829 2188 4866 amore
2223 4812 2542 4878 coluerunt,
2599 4816 2655 4865 et
2698 4812 2990 4882 praecipua
3034 4813 3403 4865 veneratione
3462 4824 3689 4877 semper

1996 4901 2265 4956 habuere.
2324 4902 2496 4970 Cujus
2549 4902 2881 4970 disputatio,
2947 4906 3003 4954 et
3060 4916 3165 4969 pro
3228 4899 3515 4952 Catholica
3578 4895 3687 4948 ﬁde

1997 4991 2160 5044 labor
2217 4990 2555 5057 indefessus,
2624 4989 2863 5042 Arianos
2924 4988 3225 5042 Ecclesiam
3287 4988 3687 5056 impugnantes

1997 5077 2360 5149 expugnavit,
2413 5076 2564 5142 vicit,
2621 5076 2927 5145 oppressit.
2991 5075 3186 5128 Videte
3234 5088 3383 5125 nunc
3433 5086 3527 5122 vos
3579 5069 3686 5120 im-

1997 5173 2291 5237 peratores
2338 5181 2584 5236 quorum
2634 5164 2926 5230 studeatis,
2998 5163 3083 5216 vel
3130 5163 3300 5215 tidem
3360 5158 3683 5221 defendere,

1996 5256 2082 5308 vel
2117 5254 2457 5325 religionem
2488 5254 2700 5307 imitari
2733 5268 2897 5306 :ecce
2932 5250 3196 5320 negando
3228 5248 3504 5318 Spiritum
3556 5261 3687 5297 san—

1998 5349 2152 5397 ctum
2196 5360 2229 5397 a
2286 5344 2426 5398 Filio
2486 5343 2816 5414 procedere,
2887 5338 3176 5394 catholicis
3228 5336 3422 5389 obvias
3481 5334 3688 5389 fecistis

1988 5446 2205 5486 manus
2257 5432 2556 5502 episcopis,
2627 5430 2726 5503 qui
2811 5429 3050 5483 Arianos
3115 5441 3286 5496 prave
3345 5425 3414 5479 de
3475 5416 3685 5495 Spiritu

1999 5526 2194 5575 sancto
2228 5520 2537 5575 sentientes
2568 5518 2906 5590 protrivere,
2940 5523 3007 5589 et.
3027 5521 3347 5569 vestrorum
3378 5514 3685 5585 majorum,
