4130 6184
411 247 514 300 259

1556 235 1922 292 RATRAMNI
1961 233 2423 290 COR-BEIENSIS
2461 233 2767 289 MONACHI

3810 234 3917 286 260

414 352 807 446 Romanorum
837 375 1101 430 videlicet
1137 374 1574 445 imperatorum,
1623 375 1892 444 pietatem
1944 386 2110 425 ever-
2148 372 2193 423 Α
2224 369 2453 424 Christi.
2485 392 2510 418 ν
2559 368 2809 423 Gratiam
2854 369 2963 423 hoc
3010 368 3069 422 in
3118 368 3244 422 loco
3281 369 3436 429 Jesu.
3498 368 3701 423 Christi
3755 369 3913 433 dicit,

415 469 556 535 titis,
591 467 687 539 qui
719 442 869 522 hanc
898 465 1069 519 ﬁdem
1104 442 1331 534 semper
1379 442 1637 527 coluere,
1678 466 1735 515 et
1780 477 1885 531 pro
1914 476 1976 514 ea
2010 461 2107 514 de-

416 562 696 611 certantes
721 557 881 609 nulla
909 554 1271 608 veneratione
1311 552 1581 604 dilexere.

1112 693 1334 747 CAPUT
1362 693 1422 746 ν.

1066 802 1151 853 Ea:
1188 798 1421 869 Didyme
1436 840 1448 853 .

486 917 510 942 ³
543 907 814 978 Didymus
867 903 1300 969 Alexandrinus,
1359 901 1752 972 corporalibus
1810 900 2041 971 quidem
2079 918 2106 953 a

418 1012 596 1066 puero
635 1000 834 1062 captus
881 993 1081 1059 oculis,
1138 1007 1337 1044 verum
1401 990 1643 1061 spiritali
1702 989 1913 1043 visione
1974 988 2109 1042 satis

417 1084 671 1149 illustris,
706 1084 763 1136 in
812 1081 958 1135 libro
1010 1096 1182 1151 quem
1231 1080 1300 1134 de
1353 1078 1566 1149 Spiritu
1619 1082 1815 1132 sancto
1862 1076 2106 1148 scripsit,

417 1175 493 1226 sic
525 1172 778 1242 loquitur
813 1186 825 1224 :
863 1189 888 1221 α
923 1169 1106 1238 Igitur
1137 1169 1465 1239 quicunque
1503 1167 1891 1221 communicat
1930 1166 2108 1236 Spiri-

416 1260 495 1314 tui
528 1264 742 1325 sancto,
775 1258 962 1312 statim
1009 1258 1400 1311 communicat
1446 1262 1502 1310 et
1548 1256 1700 1310 Patri
1748 1260 1806 1309 et
1857 1254 2015 1308 Filio.
2046 1256 2110 1308 Et

418 1350 516 1418 qui
548 1348 881 1402 charitatem
912 1347 1081 1400 habet
1114 1345 1314 1409 Patris,
1361 1345 1533 1399 habet
1572 1360 1696 1398 eam
1730 1362 1759 1397 a
1792 1343 1931 1397 Filio
1973 1359 2106 1396 con-

418 1437 696 1491 tributam
728 1452 832 1507 per
853 1436 1129 1505 Spiritum
1158 1440 1449 1499 sanctum;
1481 1438 1537 1486 et
1580 1433 1677 1503 qui
1709 1432 1996 1502 particeps
2026 1437 2108 1485 est

419 1526 617 1589 gratiae
646 1527 771 1578 Jesu
810 1524 1038 1583 Christi.
1064 1523 1321 1577 eamdem
1365 1522 1605 1592 gratiam
1640 1522 1813 1575 habet
1856 1521 2045 1573 datam
2081 1536 2106 1571 θ

420 1617 583 1668 Patre
614 1629 717 1684 per
762 1613 1035 1682 Spiritum
1079 1618 1358 1665 sanctum.
1396 1633 1423 1659 ››
1458 1612 1525 1663 Ex
1581 1610 1791 1681 quibus
1842 1610 2111 1662 omnibus

419 1704 772 1773 approbatur
801 1701 1058 1754 eamdem
1085 1700 1475 1769 operationem
1509 1714 1629 1751 esse
1674 1698 1850 1751 Patris
1899 1703 1955 1750 et.
1989 1698 2111 1751 Filii

418 1797 475 1843 et
512 1790 752 1860 Spiritus
794 1790 992 1842 sancti.
1049 1789 1365 1856 Diligenter
1406 1785 1585 1858 [qum]
1644 1787 1801 1843 dicit.
1843 1791 2112 1839 retracte-

419 1895 564 1932 mus.
620 1878 714 1931 Ait
759 1893 935 1947 ergo:
972 1896 998 1927 »
1046 1875 1383 1945 Quicunque
1429 1875 1817 1928 communicat
1874 1874 2108 1944 Spiritui

419 1971 633 2033 sancto,
666 1988 692 2014 »
721 1966 767 2018 is
812 1970 1000 2018 autem
1046 1964 1429 2017 communicat
1480 1962 1739 2031 Spiritui,
1788 1962 1882 2032 qui
1932 1962 2109 2032 parti-

417 2072 549 2125 ceps
602 2054 849 2107 eflicitur
902 2053 1099 2122 ipsius,
1137 2074 1163 2097 ‹‹
1214 2052 1318 2104 iste
1375 2051 1563 2104 statim
1622 2050 2005 2103 communicat
2056 2054 2111 2103 et

422 2143 567 2198 Patri
595 2148 650 2195 et
708 2142 846 2195 Filio
875 2158 888 2194 :
942 2162 968 2189 ››
1001 2139 1284 2211 particeps
1317 2140 1468 2192 enim
1501 2143 1583 2191 est
1630 2139 1807 2192 factus
1855 2144 1968 2192 tam
2007 2140 2109 2192 Pa-

420 2232 521 2285 tris
582 2246 754 2301 quam
834 2230 959 2284 Filii
1022 2245 1127 2300 per
1198 2228 1443 2299 Spiritus
1501 2227 2104 2281 communicationem.

417 2321 755 2374 Monstratur
806 2334 871 2373 ex
944 2319 1052 2372 hoc
1110 2318 1356 2387 Spiritus
1413 2316 1915 2370 consubstantialis
1988 2332 2110 2369 esse

421 2408 601 2463 Patris
649 2408 914 2478 Filiique,
950 2412 1005 2460 et
1049 2406 1189 2460 adeo
1220 2421 1473 2471 consors,
1526 2412 1590 2459 ut
1620 2422 1734 2458 non
1789 2404 1969 2475 possit
2020 2405 2111 2458 ha-

417 2495 541 2550 beri
589 2496 852 2566 Spiritus,
888 2495 997 2548 nisi
1028 2494 1241 2564 pariter
1290 2495 1569 2547 habeatur
1621 2495 1785 2548 Pater
1824 2499 1881 2545 et
1914 2493 2105 2548 Filius.

419 2581 722 2651 Subjungit
759 2598 771 2635 :
810 2604 829 2630 ε
876 2581 940 2634 Et
968 2580 1066 2650 qui
1104 2580 1435 2633 charitatem
1478 2579 1653 2633 habet
1693 2579 1895 2643 Patris,
1938 2579 2113 2632 habet

420 2686 544 2724 eam
578 2687 611 2724 a
651 2670 792 2724 Filio
850 2669 1234 2722 contributam
1291 2684 1391 2737 per
1445 2667 1719 2737 Spiritum
1767 2672 2045 2720 sanctum.
2081 2689 2107 2715 ››

421 2759 693 2831 Superius
758 2756 1403 2831 consubstantialitatem
1471 2756 1867 2809 tantummodo
1934 2756 2113 2809 Patris

421 2854 476 2901 et
506 2848 629 2902 Filii
662 2846 1018 2906 monstravit.
1066 2846 1184 2915 jam
1217 2828 1583 2898 vero'docere
1632 2844 1836 2914 incipit
1885 2860 2110 2914 proces-

421 2937 640 2991 sionem
685 2935 949 3006 Spiritus.
1000 2934 1345 2988 Charitatem
1395 2938 1585 2987 autem
1637 2933 1821 2987 Patris
1863 2933 2116 3003 appellat

418 3025 693 3096 Spiritum
739 3028 1019 3091 sanctum,
1072 3023 1218 3077 sicut
1277 3039 1345 3076 ex
1391 3022 1801 3093 posterioribus
1843 3022 2117 3092 approba-

418 3121 531 3182 tur,
563 3114 756 3169 dicens
789 3128 913 3167 eam
946 3112 1332 3167 contributam
1364 3128 1466 3181 per
1509 3110 1785 3181 Spiritum
1836 3116 2137 3177 sanctum,

424 3204 545 3257 Non
599 3202 752 3256 enim
811 3201 1013 3257 tribuit
1066 3200 1313 3272 Spiritus
1363 3204 1591 3254 sanctus
1644 3200 1758 3254 nisi
1815 3201 2115 3271 proprium

421 3308 630 3346 munus
662 3307 791 3345 cum
818 3291 1019 3345 tribuit
1069 3290 1427 3344 charitatem.
1462 3289 1527 3342 Et
1553 3289 1623 3343 de
1662 3290 1937 3342 eharitate
1972 3289 2115 3342 scri-

420 3380 576 3434 bitur
597 3380 745 3451 quod
779 3380 852 3432 sit
884 3380 1065 3443 Deus;
1096 3394 1230 3447 ergo
1261 3377 1521 3430 tribuens
1551 3376 1886 3430 charitatem
1935 3378 2114 3447 Spiri-

422 3474 532 3534 tus,
558 3466 929 3535 semetipsum
970 3464 1193 3531 tribuit,
1241 3464 1515 3534 quoniam
1547 3464 1668 3533 ipse
1698 3465 1943 3518 Charitas
1990 3470 2110 3519 est:

422 3572 509 3609 ses
537 3557 661 3610 haec
711 3554 958 3608 charitas
989 3553 1172 3607 Patris
1212 3568 1333 3606 esse
1380 3552 1606 3619 dicitur,
1666 3553 1939 3623 quoniam
1997 3553 2118 3625 Spi-

422 3644 584 3709 ritus,
629 3641 810 3697 Patris
858 3645 942 3695 est
989 3639 1278 3710 Spiritus:
1313 3644 1369 3693 et
1421 3638 1573 3693 unde
1621 3639 1774 3693 illius
1833 3639 2115 3710 Spiritus?

421 3730 557 3802 quia
599 3730 858 3802 procedit
905 3746 967 3784 ex
1003 3730 1149 3801 ipso,
1183 3744 1297 3783 non
1345 3729 1496 3783 enim
1534 3734 1924 3783 creaturarum
1970 3746 2117 3784 unus

419 3824 504 3874 est
538 3819 782 3890 Spiritus
805 3824 867 3873 ut
896 3819 967 3872 sit
1038 3818 1274 3873 alterius
1326 3834 1495 3889 quam
1527 3819 1709 3873 Patris
1763 3818 2113 3873 substantim.

419 3910 777 3981 Quapropter
830 3924 947 3962 non
988 3912 1263 3978 tanquam
1321 3906 1393 3961 ab
1448 3923 1514 3961 eo
1558 3912 1781 3961 creatus
1832 3908 1953 3977 ejus
2000 3924 2119 3962 esse

418 3999 649 4067 dicitur,
684 3997 782 4052 sed
811 4000 1083 4068 tanquam
1118 3994 1645 4062 consubstantialis,
1675 3999 1731 4048 et
1762 4012 1827 4049 ex
1851 3996 1950 4049 illo
1981 4012 2117 4065 pro-

419 4089 644 4143 cedens.
730 4086 877 4141 Dicit
960 4092 1153 4138 autem
1229 4083 1463 4138 babenti
1534 4083 1869 4137 charitatem
1938 4084 2119 4138 Patris

420 4176 803 4230 contributam
832 4189 865 4226 a
898 4173 1038 4227 Filio
1087 4188 1192 4242 per
1222 4172 1499 4240 Spiritum
1558 4176 1818 4224 sanctum
1852 4187 1864 4226 :
1917 4188 2117 4243 quem-

2222 475 2394 529 quam
2459 458 2721 530 superius
2786 458 3121 512 charitatem
3172 457 3351 511 Patris
3401 458 3725 528 appellavit.
3766 458 3911 521 Quid

2220 552 2305 601 est
2336 551 2525 601 autem
2560 547 2714 618 quod
2767 545 3011 616 gratiam
3078 546 3210 599 Jesu
3266 545 3477 598 Christi
3531 561 3685 598 nunc
3741 546 3914 607 dicat.

2219 652 2393 706 quam
2424 640 2641 689 constat
2695 651 2816 687 esse
2865 650 3078 688 munus
3135 634 3381 704 Spiritus
3434 634 3657 687 sancti?
3714 635 3912 688 Procul

2218 725 2391 779 dubio
2446 728 2723 778 monstrat
2778 739 2811 776 a
2882 724 3015 777 Jesu
3074 723 3298 777 Christo
3364 722 3669 788 contribui,
3750 723 3913 791 cujus

2221 814 2408 868 existit
2438 812 2651 884 gratia;
2695 817 2756 865 ut
2787 812 2930 865 sicut
2971 811 3182 865 dicitur
3210 809 3475 877 cbaritas,
3527 811 3728 869 Patris.
3783 809 3918 880 quia

2218 902 2480 973 procedit
2534 919 2561 954 a
2610 903 2794 967 Patre,
2845 900 2923 954 sic
2973 901 3171 953 eadem
3230 899 3475 952 rharitas
3517 915 3688 969 quam
3724 898 3920 969 appel-

2219 992 2297 1045 lat
2347 990 2591 1060 gratiam
2640 992 2768 1044 Jesu
2818 989 3047 1055 Christi,
3094 988 3413 1058 |procedere
3474 994 3851 1057 cognoscatur
3887 1003 3921 1040 a

2215 1082 2349 1134 Jesu
2389 1080 2633 1133 Christo.
2687 1078 2957 1132 Eamdem
3017 1083 3208 1130 autem
3237 1077 3476 1145 gratiam
3512 1076 3769 1147 quisquis
3812 1077 3913 1130 ha-

2218 1170 2315 1223 bet
2342 1169 2572 1234 Cbristi,
2622 1167 2758 1221 dicit
2809 1168 2860 1220 ei
2909 1167 3100 1219 datam
3141 1181 3245 1235 per
3296 1165 3573 1235 Spiritum
3624 1170 3916 1231 sanctum;

2219 1262 2280 1311 ut
2310 1257 2544 1327 quidem
2594 1256 2885 1309 videamus
2936 1258 3343 1324 cooperantem
3393 1254 3501 1307 sibi
3562 1259 3741 1307 totam
3789 1254 3920 1308 Tri-

2219 1348 2480 1414 nitatem,
2529 1351 2584 1399 et
2636 1352 2934 1399 teneamus
2993 1344 3276 1414 Spiritum
3325 1348 3610 1409 sanctum,
3671 1343 3769 1413 qui
3831 1348 3918 1396 est

2221 1435 2466 1488 charitas
2498 1434 2676 1487 Patris
2707 1438 2761 1486 et
2794 1433 2939 1500 Filii,
2975 1432 3280 1503 procedere
3310 1437 3426 1485 tam
3461 1433 3696 1498 aLPatre
3741 1447 3916 1502 quam

2219 1541 2251 1577 a
2286 1523 2446 1577 Filio.
2485 1522 2868 1592 Subsequitur
2903 1536 2915 1571 :
2963 1543 2981 1566 ι
3025 1522 3096 1574 Ex
3136 1520 3343 1590 quibus
3382 1519 3649 1573 omnibus
3700 1535 3919 1588 appro-

2221 1613 2387 1666 batur
2425 1611 2684 1665 eamdem
2736 1610 3128 1679 operationem
3191 1625 3309 1661 esse
3356 1609 3534 1661 Patris
3579 1613 3636 1661 et
3693 1608 3817 1662 Filii
3865 1613 3922 1660 et

2223 1700 2466 1770 Spiritus
2498 1699 2697 1754 sancti.
2737 1717 2764 1748 ι)
2791 1701 3044 1763 Quorum
3070 1702 3257 1750 autem
3291 1703 3377 1750 est
3405 1698 3602 1750 eadem
3637 1696 3921 1766 operatio,

2222 1806 2337 1842 una
2361 1794 2445 1841 est
2478 1804 2710 1859 quoque
2732 1788 2995 1840 voluntas
3033 1790 3125 1840 :et
3163 1802 3410 1857 quorum
3472 1801 3584 1838 una
3632 1787 3917 1851 voluntas,

2222 1895 2335 1931 una
2357 1882 2441 1931 est
2461 1876 2795 1930 substantia.
2833 1877 2972 1931 Hinc
3004 1880 3088 1927 est
3116 1874 3267 1945 quod
3302 1875 3601 1944 subjungit
3641 1890 3653 1927 :
3690 1895 3715 1922 α
3757 1874 3915 1937 Ono-

2222 1983 2347 2019 rum
2382 1970 2571 2018 autem
2609 1971 2693 2018 est
2722 1981 2836 2017 una
2877 1963 3155 2034 operatio,
3192 1979 3301 2016 una
3356 1967 3445 2015 est
3491 1968 3546 2015 et
3576 1963 3915 2021 substantia,

2220 2055 2354 2125 quia
2381 2070 2509 2124 qum
2543 2053 2801 2123 ejusdem
2834 2052 3166 2106 substantiae
3197 2052 3449 2123 ὑμωύσια
3496 2057 3653 2117 sunt,
3686 2052 3914 2103 easdem

2220 2144 2433 2196 habent
2464 2142 2829 2212 operationes
2885 2146 2942 2194 et
2976 2157 3100 2211 quas
3127 2141 3358 2194 alterius
3391 2140 3714 2193 substantiae
3742 2144 3915 2207 lsunt,

2218 2232 2476 2285 dissonas
2526 2235 2697 2301 atque
2756 2229 3022 2283 diversas.
3052 2250 3073 2277 »
3126 2230 3420 2299 Approbat
3465 2228 3739 2299 Spiritum
3792 2244 3916 2280 san-

2219 2325 2372 2373 ctum
2405 2319 2575 2373 unius
2604 2335 2732 2373 cum
2768 2320 2931 2372 Patre
2967 2318 3222 2388 Filioque
3253 2318 3602 2373 substantiae.
3631 2317 3917 2387 :quoniam

2221 2408 2481 2462 eamdem
2534 2422 2661 2461 cum
2699 2407 2779 2460 eis
2820 2405 2993 2460 habet
3037 2406 3453 2476 operationem.
3490 2405 3596 2459 Sed
3621 2412 3912 2458 ostensum

2221 2500 2305 2547 est
2352 2494 2612 2564 superius
2658 2493 2839 2547 Patris
2882 2498 2939 2545 et
2995 2493 3116 2546 Filii
3146 2492 3421 2561 Spiritum
3466 2508 3606 2557 esse,
3639 2492 3913 2561 quoniam

2221 2583 2495 2653 procedat
2524 2588 2638 2636 tam
2671 2598 2703 2635 a
2734 2583 2899 2636 Patre
2928 2597 3098 2651 quam
3132 2597 3165 2633 a
3194 2580 3351 2634 Filio.
3408 2582 3467 2634 in
3500 2578 3916 2649 posterioribus

2221 2671 2301 2725 ait
2333 2688 2344 2725 :
2375 2694 2401 2721 «
2430 2671 2571 2727 Cum
2629 2670 2780 2724 enim
2824 2669 3029 2723 dixerit
3079 2670 3140 2723 in
3197 2672 3454 2738 tempore
3507 2666 3917 2737 respondendi,

2223 2760 2495 2813 nimirum
2550 2758 2741 2824 Filius,
2794 2757 2988 2811 doceri
3056 2756 3364 2827 discipulos
3413 2774 3443 2810 a
3500 2756 3735 2826 Spiritu,
3780 2755 3918 2825 quid

2223 2848 2471 2902 debeant
2504 2846 2865 2916 respondere,
2919 2846 2977 2899 in
3023 2845 3391 2915 sequentibus
3440 2845 3565 2898 ait:
3602 2845 3722 2910 Ego
3775 2846 3920 2896 enim

2223 2937 2360 2989 dabo
2406 2937 2554 2990 tabis
2614 2936 2941 3004 sapientiam
2989 2936 3076 2987 cui
3128 2949 3233 2986 non
3285 2937 3539 3003 poterunt
3584 2934 3833 2985 resistere
3868 2936 3919 2983 et

2223 3025 2590 3079 contradicere
2651 3024 2802 3094 (Luc.
2853 3039 2965 3082 xxx,
3030 3024 3133 3089 lii).
3188 3023 3264 3074 Ex
3327 3022 3535 3092 quibus
3594 3020 3923 3073 ostenditur

2223 3115 2584 3185 sapientiam,
2635 3129 2762 3184 quae
2812 3111 3105 3181 discipulis
3154 3112 3321 3166 datur
3384 3128 3416 3163 a
3461 3110 3621 3176 Filio,
3672 3108 3922 3180 Spiritus

2225 3204 2401 3256 sancti
2445 3218 2565 3255 esse
2603 3202 2975 3273 sapientiam;
3019 3206 3076 3255 et
3122 3200 3439 3255 doctrinam
3497 3199 3741 3270 Spiritus
3790 3215 3921 3251 san-

2225 3292 2321 3357 cti,
2344 3291 2570 3346 Domini
2602 3308 2721 3344 esse
2744 3290 3060 3344 doctrinam
3121 3310 3148 3339 »
3197 3288 3692 3353 Quemadmodum
3725 3294 3921 3340 autem

2226 3381 2301 3433 sit
2345 3380 2647 3450 sapientia,
2707 3395 2835 3449 quae
2885 3379 3056 3433 datur
3098 3395 3131 3432 a
3191 3379 3350 3445 Filio,
3405 3378 3648 3448 Spiritus
3701 3376 3925 3430 sancti?

2226 3468 2351 3521 Non
2384 3468 2543 3534 alias,
2571 3467 2682 3521 nisi
2715 3468 2848 3538 quia
2880 3467 3141 3537 procedit
3169 3466 3416 3537 Spiritus
3437 3452 3663 3519 sanctus
3691 3482 3723 3518 a
3755 3465 3926 3530 Filio,

2224 3557 2384 3625 cujus
2415 3555 2714 3626 sapientia,
2757 3556 3033 3626 sapientia
3056 3562 3142 3609 est
3170 3572 3402 3626 quoque
3434 3555 3674 3624 Spiritus
3719 3553 3925 3607 sancti.

2227 3646 2292 3698 Et
2340 3645 2627 3714 quomodo
2687 3645 3007 3698 doctrinam
3053 3644 3298 3714 Spiritus
3347 3643 3547 3708 sancti,
3602 3643 3927 3696 doctrinam

2226 3732 2365 3787 dicit
2406 3750 2527 3787 esse
2574 3734 2845 3788 Domini?
2891 3733 3161 3786 Videlicet
3212 3748 3279 3785 eo
3325 3732 3480 3803 quod
3545 3731 3741 3784 omnia
3799 3748 3931 3801 qum

2227 3826 2359 3876 sunt
2389 3820 2633 3893 Spiritus
2665 3821 2867 3889 sancti,
2904 3822 3018 3874 sint
3047 3821 3219 3874 etiam
3250 3820 3478 3874 Domini
3506 3821 3638 3874 Jesu
3685 3818 3928 3882 Christi;

2228 3910 2500 3982 quoniam
2530 3910 2791 3981 procedit
2820 3926 2887 3963 ex
2916 3911 3059 3980 ipso.
3098 3909 3255 3963 Unde
3278 3909 3611 3979 subjungit:
3644 3932 3669 3956 α
3706 3909 3928 3962 Unum-

2228 4016 2339 4070 que
2394 4004 2451 4053 et
2498 4004 2717 4053 natura;
2765 4004 2821 4052 et
2879 3998 3187 4053 voluntatis
3251 3998 3601 4052 consortium
3677 3997 3929 4066 Spiritus

2229 4104 2349 4142 esse
2380 4104 2509 4142 cum
2548 4088 2707 4142 Filio.
2754 4108 2780 4137 »
2836 4089 3136 4142 Testantur
3184 4088 3306 4142 haec
3341 4088 3614 4158 Spiritum
3658 4093 3924 4140 sanctum

2226 4177 2630 4248 procedentem
2661 4192 2694 4229 a
2727 4176 2887 4242 Filio,
2920 4176 3057 4230 dum
3081 4177 3253 4231 unius
3284 4182 3342 4231 et
3371 4181 3587 4230 naturae
3621 4179 3677 4229 et
3715 4176 3928 4227 volun-

419 4263 730 4317 admodum
790 4261 971 4331 igitur
1014 4259 1324 4313 contribuit
1373 4259 1547 4313 Filius
1596 4275 1806 4313 munus
1865 4260 2111 4331 Spiritus
2150 4266 2352 4323 Dtatis
2404 4264 2474 4318 sit
2513 4264 2756 4335 Spiritus
2812 4280 2944 4318 cum
3004 4264 3143 4319 Filio
3176 4264 3468 4335 :alioquin
3528 4264 3573 4317 si
3626 4280 3738 4317 non
3792 4280 3930 4333 pro-

420 4350 635 4404 sancti?
667 4350 940 4403 Videlicet
972 4349 1126 4402 velut
1170 4353 1509 4418 cooperator
1549 4349 1700 4402 Patri
1739 4348 2114 4421 Spirituique.

420 4439 528 4493 Sed
589 4436 1080 4509 quemadmodum
1155 4440 1343 4507 potest
1388 4437 1642 4491 tribuere
1691 4437 1798 4491 sibi
1862 4454 2121 4508 coaequa-

422 4530 577 4582 lem:
629 4528 714 4580 vel
772 4526 1030 4593 alterius,
1062 4524 1118 4578 id
1176 4529 1262 4578 est
1323 4525 1567 4595 Spiritus
1613 4527 1792 4580 sancti
1849 4527 2120 4581 donum?

421 4616 583 4671 Certe
605 4614 740 4687 quia
784 4614 1047 4681 cbaritas,
1083 4630 1211 4684 qua:
1251 4618 1336 4667 est
1384 4614 1585 4679 Patris,
1621 4618 1677 4668 et
1728 4631 1857 4686 qua).
1896 4632 1929 4669 a
1978 4616 2117 4669 Filio

419 4704 802 4758 contribuitur
826 4719 932 4772 per
957 4702 1235 4772 Spiritum
1266 4706 1548 4769 sanctum,
1581 4708 1667 4756 est
1717 4704 1891 4758 etiam
1952 4705 2112 4772 Filii;

421 4794 555 4864 quia
586 4808 946 4864 quaecunque
978 4796 1111 4845 sunt
1147 4790 1347 4859 Patris,
1380 4797 1514 4845 sunt
1544 4796 1597 4845 et
1640 4791 1784 4846 Filii.
1820 4792 1929 4847 Sed
1977 4809 2118 4847 nun-

422 4883 557 4953 quid
585 4880 832 4935 cbaritas
863 4896 991 4951 quas
1013 4884 1097 4934 est
1144 4878 1392 4950 Spiritus
1445 4884 1693 4948 sanctus,
1728 4881 1805 4935 sic
1854 4885 1938 4934 est
1973 4881 2118 4951 Filii,

426 4977 485 5025 ut
510 4972 582 5025 sit
602 4971 903 5025 creatura?
934 4984 1299 5039 nequaquam
1343 4984 1608 5039 prorsus;
1644 4968 1741 5023 sed
1788 4968 2062 5024 tribuitur
2090 4987 2122 5024 a

425 5062 587 5128 Filio,
640 5060 778 5131 quia
817 5058 1077 5129 procedit
1117 5073 1183 5111 ex
1230 5058 1359 5124 illo;
1414 5061 1470 5111 et
1514 5061 1597 5111 est
1648 5057 1792 5127 Filii,
1846 5059 2117 5130 quoniam

422 5147 922 5203 consubstantialis
953 5149 1040 5199 est
1057 5146 1160 5200 illi.

496 5235 879 5307 Subjungitur
911 5251 923 5288 :
961 5256 988 5283 (ι
1036 5235 1099 5287 Et
1128 5234 1227 5304 qui
1268 5233 1552 5304 particeps
1586 5238 1670 5287 est
1726 5234 1925 5304 gratim
1990 5236 2121 5290 Jesu

496 5402 521 5427 ⁸
569 5395 831 5462 Didymus
903 5391 1337 5449 Alexandrinus.
1405 5391 1565 5444 Hunc
1626 5389 1852 5462 Didymi
1910 5391 2121 5445 librum

428 5462 630 5517 Encas
662 5461 1014 5529 Parisiensis,
1046 5461 1340 5517 Ratramni
1381 5467 1722 5533 comtaneus,
1763 5461 1822 5533 in
1857 5478 1925 5515 eo
1952 5479 2124 5533 opere

423 5535 579 5605 quod
608 5535 921 5590 Ratramno
944 5533 1373 5605 subjungimus,
1395 5536 1636 5586 testatur
1662 5531 1734 5585 ab
1774 5531 2121 5603 Hieronymo

2228 4353 2389 4407 cedat
2418 4352 2487 4406 ab
2518 4353 2640 4423 ipso
2685 4352 2950 4423 Spiritus,
2985 4369 3099 4407 non
3151 4357 3237 4406 est
3283 4353 3539 4423 ejusdem
3587 4352 3928 4419 voluntatis,

2224 4442 2388 4511 cujus
2447 4446 2531 4495 est
2589 4441 2805 4495 Filius:
2857 4457 2992 4494 nam
3047 4458 3177 4513 qua!
3233 4446 3573 4511 separantur
3616 4440 3930 4506 consortio,

2227 4535 2565 4602 separantur
2606 4530 2781 4585 etiam
2811 4531 3119 4585 voluntate.
3162 4531 3307 4584 Dicit
3357 4530 3528 4583 etiam
3564 4546 3576 4582 :
3623 4549 3649 4579 (ι
3694 4530 3756 4582 Et
3788 4529 3935 4598 quia

2228 4619 2492 4690 superius
2518 4619 2973 4673 demonstratum
3004 4622 3089 4673 est
3117 4618 3332 4672 socium
3375 4634 3493 4672 esse
3526 4634 3630 4688 per
3660 4622 3935 4670 naturam

2226 4707 2503 4777 Spiritum
2550 4707 2855 4778 Unigenito
2884 4708 3020 4773 Deo,
3073 4711 3131 4761 et
3169 4708 3284 4762 Deo
3316 4706 3497 4761 Patri:
3544 4706 3732 4773 ,Filius
3792 4721 3941 4758 vero

2227 4801 2282 4850 et
2310 4797 2479 4850 Pater
2504 4812 2685 4850 unum
2715 4801 2849 4850 sunt
2880 4797 3040 4864 juxta
3068 4796 3208 4850 illud
3246 4812 3258 4850 :
3292 4799 3406 4864 Ego
3456 4800 3506 4849 et
3546 4796 3712 4848 Pater
3756 4808 3943 4848 unum

2226 4898 2447 4949 sumus;
2478 4883 2723 4937 indivisa
2762 4887 2819 4936 et
2863 4884 3261 4955 inseparabilis
3298 4884 3612 4938 secundum
3659 4886 3942 4937 naturam

2228 4977 2455 5025 ostensa
2475 4977 2561 5025 est
2588 4971 2851 5025 Trinitas.
2877 4994 2904 5020 ››
2969 4973 3025 5027 Si
3063 4989 3167 5042 per
3196 4979 3460 5026 naturam
3514 4969 3765 5025 sociatur
3794 4969 3944 5038 Spi-

2229 5059 2373 5112 ritus
2406 5059 2712 5129 Unigenito
2744 5061 2884 5125 Deo,
2916 5065 2973 5114 et
3006 5061 3117 5115 Deo
3167 5061 3340 5127 Patri,
3372 5059 3631 5132 procedit
3688 5057 3758 5111 ab
3792 5059 3954 5113 Uni-

2229 5147 2423 5217 genito
2460 5148 2594 5201 Deo.
2635 5147 2799 5212 Quod
2843 5149 2889 5201 si
2933 5153 3156 5202 tantum
3205 5149 3467 5220 procedit
3494 5165 3527 5202 a
3566 5149 3680 5202 Deo
3726 5148 3947 5217 ,Patre,

2232 5240 2289 5287 et
2333 5250 2449 5289 non
2495 5236 2751 5305 procedit
2815 5236 2886 5290 ab
2944 5236 3248 5307 Unigenito
3302 5238 3445 5303 Deo;
3495 5236 3647 5291 Patri
3696 5236 3954 5306 quidem

2236 5392 2290 5446 in
2335 5394 2596 5448 Latinum
2650 5411 2977 5450 sermonem
3024 5397 3261 5451 verbum
3317 5412 3456 5451 esse.
3514 5396 3674 5457 idem
3725 5395 3959 5453 deinde

2233 5464 2461 5535 scripsit
2481 5467 2786 5520 Anselmus
2812 5467 3043 5523 Havelb.
3083 5468 3300 5538 Dialog.
3333 5467 3433 5522 lib.
3478 5484 3536 5534 ιι,
3577 5482 3701 5537 cap.
3734 5469 3828 5521 24.
