4148 6180
201 249 291 301 261
1200 249 1480 305 CONTRA
1518 250 1918 306 GBECORUM
1963 250 2320 309 OPPOSITA.
2353 283 2425 295 —
2464 254 2590 310 LIB.
2638 257 2705 312 11.

3599 268 3702 321 262

202 382 449 436 sociatur
479 399 584 452 per
621 386 907 449 naturam,
952 384 1247 453 unigenito
1278 401 1411 440 vero
1462 387 1574 439 Deo
1612 403 1724 440 non
1758 404 1892 440 con-
1934 392 1973 443 Λ
2010 389 2286 458 Spiritum
2318 407 2442 445 esse
2473 392 2750 455 veritatis,
2786 394 2999 459 intulit,
3036 416 3062 445 «κ
3098 398 3162 451 Et
3212 399 3307 453 Dei
3356 417 3475 456 esse
3524 403 3699 473 Spiri-

199 473 459 542 jungitur
490 489 502 526 :
539 488 649 524 non
681 474 834 525 enim
882 474 1049 543 jungi
1082 478 1266 544 potest
1297 475 1348 528 ei
1398 491 1501 544 per
1543 481 1828 538 naturam,
1862 491 1894 527 a

203 577 309 631 quo
342 577 463 613 non
526 561 797 630 proredit.
835 562 939 615 Sed
1000 569 1195 615 auctor
1229 568 1469 616 testatur
1501 580 1619 617 esse
1674 565 1892 617 socium

202 650 299 703 iste
330 666 435 718 per
468 656 733 703 naturam
784 649 1062 719 Spiritum
1106 651 1403 721 unigenito
1458 653 1616 706 Deo:
1688 653 1895 706 fatetur

202 754 333 807 ergo
380 738 688 806 procedere
709 737 986 807 Spiritum
1035 740 1107 792 ab
1139 741 1438 809 unigenito
1486 742 1620 794 Deo.
1655 741 1722 793 Et
1751 757 1893 810 quo-

203 826 352 879 niam
388 826 779 879 indivisam'et
808 827 1245 898 inseparabilem
1275 830 1586 883 secundum
1624 834 1892 882 naturam

202 915 333 969 dicit
362 930 486 967 esse
537 916 899 981 Trinitatem,
951 916 1159 970 fatetur
1193 918 1395 972 Filium
1428 918 1497 971 de
1528 919 1691 971 Patre
1730 919 1891 987 geni-

201 1008 340 1067 tum,
378 1002 661 1071 Spiritum
690 1019 825 1056 vero
856 1004 926 1058 de
968 1006 1132 1059 Patre
1167 1006 1418 1075 Filioque
1462 1007 1886 1075 procedentem.

198 1090 356 1153 Quod
383 1092 428 1143 si
462 1093 532 1144 de
555 1093 716 1145 Patre
748 1092 948 1147 doceas
980 1099 1201 1147 tantum
1250 1095 1554 1164 procedere
1590 1094 1887 1164 Spiritum,

190 1179 303 1247 jam
338 1194 453 1231 non
485 1185 571 1232 est
602 1180 843 1234 indivisa
880 1186 935 1233 et
984 1181 1382 1250 inseparabilis
1430 1183 1705 1249 Trinitas;
1744 1199 1887 1253 qun-

197 1268 345 1320 niam
380 1266 627 1337 Spiritus
667 1269 938 1323 dividitur
967 1286 999 1321 a
1024 1270 1185 1334 Filio,
1219 1288 1249 1323 a
1279 1288 1392 1341 quo
1443 1288 1560 1325 non
1584 1272 1843 1341 procedit
1873 1288 1885 1325 :

194 1362 489 1426 separatur
536 1357 607 1411 ab
665 1358 985 1428 unigenito,
1040 1360 1202 1429 cujus
1254 1378 1367 1414 non
1429 1361 1697 1431 Spiritus.
1761 1363 1888 1415 Pro-

192 1446 274 1499 cul
307 1446 479 1499 liaasit
521 1464 554 1499 a
597 1447 887 1500 catholicis
938 1450 1210 1502 membris
1264 1449 1578 1519 impietatis
1630 1450 1824 1520 opinio
1868 1468 1881 1505 :

190 1540 267 1587 est
302 1536 459 1587 enim
490 1535 731 1588 indivisa
763 1542 817 1589 et
844 1537 1235 1605 inseparabilis
1268 1539 1583 1592 secundum
1619 1545 1883 1593 naturam

190 1629 374 1677 sancta
405 1624 685 1689 Trinitas;
722 1626 994 1695 quoniam
1028 1628 1190 1679 Pater
1219 1627 1288 1679 de
1323 1628 1495 1690 nullo,
1541 1628 1712 1680 Filius
1756 1644 1885 1680 vero

189 1713 254 1764 de
289 1713 458 1765 Patre
507 1713 756 1779 genitus,
808 1714 1052 1783 Spiritus
1084 1720 1274 1768 autem
1321 1721 1549 1767 sanctus
1601 1716 1670 1769 de
1721 1716 1883 1769 Patre

190 1802 448 1871 Filioque
475 1801 803 1870 procedens.

252 1891 392 1943 item
422 1890 600 1943 dicit:
640 1912 659 1936 ι
684 1891 745 1943 ln
776 1890 885 1943 alio
912 1907 1142 1961 quoque
1166 1892 1476 1961 Evangelio
1500 1892 1746 1961 legitur:
1770 1895 1884 1947 Non

187 1982 318 2031 enim
350 1993 449 2032 vos
470 1981 599 2032 estis
630 1981 727 2047 qui
754 1980 1059 2047 loquimini,
1106 1982 1201 2033 sed
1229 1982 1471 2049 Spiritus
1508 1983 1687 2035 Patris
1719 1984 1886 2035 vestri

188 2071 277 2136 qui
306 2067 557 2136 loquitur
584 2072 641 2121 in
681 2068 831 2121 vobis
863 2070 1079 2137 (Matth.
1115 2086 1168 2135 x,
1203 2070 1313 2138 20).
1357 2070 1415 2123 Si
1456 2086 1593 2139 ergo
1636 2070 1884 2138 Spiritus

188 2157 363 2210 Patris
395 2157 457 2209 in
492 2157 768 2226 apostolis
799 2157 1075 2227 loquitur,
1116 2159 1325 2211 docens
1350 2175 1443 2211 eos
1474 2174 1603 2228 quae
1641 2158 1885 2212 debeant

184 2246 562 2315 respondere,
611 2252 667 2298 et
716 2262 843 2316 quae
884 2246 1173 2315 jdocentur
1223 2264 1256 2300 a
1291 2247 1554 2316 Spiritu,
1605 2248 1883 2317 sapientia

183 2341 279 2400 est,
309 2350 490 2404 quam
525 2350 640 2387 non
664 2350 968 2403 possumus
989 2336 1165 2389 alium
1202 2342 1411 2405 praeter
1462 2337 1664 2390 Filium
1713 2336 1885 2406 [intel-

184 2424 392 2491 ligere;
428 2423 653 2493 liquido
682 2430 918 2494 apparet
944 2425 1201 2494 ejusdem
1224 2431 1441 2479 natura;
1457 2425 1733 2494 Spiritum
1761 2442 1882 2477 esse

181 2527 305 2563 cum
339 2511 510 2572 Filio,
568 2517 624 2564 et
670 2528 800 2564 cum
850 2513 1013 2566 Patre
1052 2511 1217 2581 cujus
1257 2519 1341 2566 est
1384 2512 1651 2583 Spiritus.
1707 2514 1881 2565 Porro

182 2599 343 2653 Pater
372 2605 434 2652 et
462 2600 638 2652 Filius
674 2616 854 2653 unum
893 2605 1041 2653 sunt.
1095 2620 1121 2651 ι)
1184 2600 1326 2654 Dicit
1383 2607 1585 2654 auctor
1639 2602 1742 2654 iste
1800 2617 1885 2653 sa-

180 2688 477 2756 pientiam,
522 2703 697 2758 quam
750 2688 912 2741 docet
952 2689 1196 2759 Spiritus
1232 2690 1412 2743 Patris
1463 2686 1748 2759 apostolos
1801 2690 1881 2742 Fi-

181 2776 316 2829 lium
350 2793 499 2829 esse.
538 2775 595 2829 Si
628 2776 906 2846 sapientia
942 2778 1117 2830 Filius
1150 2782 1252 2843 est,
1287 2781 1343 2830 et
1382 2777 1628 2846 Spiritus
1657 2784 1883 2831 sanctus

180 2865 547 2933 sapientiam,
598 2880 726 2934 quae
785 2865 955 2918 Filius
1006 2877 1110 2929 est,
1162 2866 1413 2936 loquitur
1469 2867 1527 2919 in
1581 2868 1878 2937 apostolis,

181 2954 377 3023 accipit
410 2971 442 3006 a
470 2954 635 3007 Filio.
697 2954 1187 3017 Quemadmodum
1232 2961 1424 3008 autem
1475 2956 1717 3024 accipit?
1750 2972 1879 3026 pro-

179 3042 429 3097 cedendo
462 3049 637 3108 certe,
692 3059 805 3097 non
848 3043 1245 3113 participando
1274 3044 1424 3114 quod
1460 3050 1590 3097 ante
1622 3060 1734 3097 non
1786 3045 1881 3097 ha-

180 3132 398 3185 buerit:
430 3148 548 3185 non
573 3131 725 3185 enim
755 3132 863 3185 fuit
882 3132 1193 3203 aliquando
1225 3133 1472 3201 Spiritus
1498 3133 1620 3185 sine
1654 3134 1878 3202 sapien-

181 3221 271 3285 tia,
304 3220 406 3274 sed
440 3221 658 3291 accepit
685 3237 717 3274 a
749 3221 888 3274 Filio
939 3228 1001 3274 ut
1047 3237 1272 3290 semper
1314 3227 1463 3273 esset
1494 3221 1744 3289 sapiens,
1805 3221 1876 3273 ab

180 3310 294 3378 ipso
322 3309 679 3378 procedens;
709 3310 845 3380 quia
869 3310 1039 3363 unius
1090 3316 1174 3363 est
1204 3316 1423 3364 natura:
1472 3327 1599 3364 cum
1654 3311 1793 3364 Filio
1824 3316 1879 3363 et

181 3412 303 3449 cum
328 3397 517 3454 Patre.
556 3397 717 3465 cujus
751 3400 835 3450 est
881 3397 1129 3467 Spiritus
1163 3413 1176 3453 :
1229 3400 1385 3468 quod
1438 3399 1519 3452 sic
1570 3414 1684 3451 non
1716 3399 1875 3464 dixit,

180 3491 379 3538 utnon
428 3486 602 3540 etiam
636 3486 912 3556 Spiritum
966 3487 1090 3541 Filii
1140 3487 1517 3557 significaret;
1579 3487 1741 3557 cujus
1782 3504 1877 3540 sa-

180 3574 455 3643 pientiam
506 3575 649 3627 dixit
697 3575 854 3646 loqui
906 3575 1207 3644 Spiritum.
1267 3576 1361 3629 sed
1417 3574 1553 3646 quia
1611 3576 1876 3644 superius

182 3664 395 3717 dixerat
428 3680 441 3716 :
480 3666 596 3719 Non
626 3667 771 3717 enim
808 3680 897 3718 vos
929 3667 1059 3718 estis
1104 3666 1201 3733 qui
1240 3666 1545 3732 loquimini,
1609 3664 1703 3718 sed
1742 3666 1873 3733 Spi-

183 3760 261 3806 tus
293 3754 484 3806 Patris
514 3754 700 3805 vestri.
737 3752 875 3805 Nam
908 3752 1044 3805 dicit
1098 3753 1155 3805 in
1187 3752 1602 3821 posterioribus
1635 3769 1647 3805 :
1702 3754 1876 3806 Porro

186 3842 343 3895 Pater
370 3848 429 3895 et
466 3841 638 3894 Filius
671 3857 847 3895 unum
897 3846 1049 3894 sunt.
1081 3840 1140 3894 Si
1186 3842 1354 3894 Pater
1402 3847 1457 3895 et
1492 3841 1664 3894 Filius
1696 3857 1875 3895 unum

181 3934 328 3994 sunt,
366 3929 634 4001 Spiritus,
670 3931 769 3999 qui
819 3930 996 3983 Patris
1023 3934 1127 3992 est,
1187 3934 1270 3982 est
1301 3929 1472 3984 etiam
1504 3935 1561 3984 et
1619 3929 1778 3995 Filii;
1815 3945 1878 3983 ac

182 4035 278 4087 per
338 4020 450 4072 hoc
502 4033 569 4072 ex
637 4023 884 4088 utroque
945 4017 1283 4088 procedens.
1347 4019 1409 4072 In
1462 4018 1876 4088 posterioribus

182 4108 363 4174 Ubii,
403 4107 501 4161 lib.
538 4112 595 4173 n)
628 4123 756 4160 cum
797 4123 911 4160 non
968 4123 1151 4177 pauca
1181 4107 1248 4160 de
1306 4107 1487 4161 Patris
1529 4113 1586 4160 et
1643 4108 1765 4161 Filii
1822 4112 1877 4160 et

182 4197 356 4250 sancti
415 4196 665 4266 Spiritus
718 4196 1305 4250 consubstantialitate
1372 4200 1687 4257 tractasset,
1748 4212 1879 4249 con-

2003 482 2144 541 tum,
2177 501 2195 525 -
2233 496 2533 549 personam
2568 482 2693 535 Filii
2727 484 2919 535 volens
2953 484 3212 556 intelligi.
3249 488 3358 542 Sed
3400 506 3469 543 ne
3492 491 3699 545 tituba-

2002 566 2081 619 tio
2146 567 2413 622 lectorem
2464 570 2857 636 confunderet,
2934 572 3013 626 ait
3082 574 3140 627 in
3216 580 3698 648 consequentibus

2006 676 2031 701 ‹‹
2066 655 2345 725 Spiritum
2376 658 2669 727 sapientiae
2702 664 2756 711 et
2789 662 3061 726 veritatis,
3094 663 3149 715 id
3169 670 3253 716 est
3285 665 3410 718 Filii
3444 667 3560 720 Dei.
3596 688 3623 716 n

2073 745 2134 798 In
2195 746 2605 815 posterioribus
2655 746 2861 817 inquit.
2898 767 2924 797 ‹‹
2978 750 3152 803 Porro
3197 752 3316 819 jam
3366 754 3694 822 frequenter

2003 834 2357 886 ostendimus
2390 835 2647 903 ejusdem
2679 851 2798 888 esse
2848 838 3199 905 operationis
3251 840 3546 910 Spiritum,
3597 858 3691 895 cu-

1999 922 2091 989 jus
2118 926 2203 975 est
2226 923 2392 975 Pater
2424 927 2479 975 et
2525 922 2698 975 Filius
2729 928 2786 975 et
2816 924 2872 975 in
2914 924 3115 978 eadem
3157 930 3487 996 operatione
3519 947 3692 983 unam

2002 1025 2119 1061 esse
2162 1010 2561 1075 substantiam,
2594 1016 2650 1063 et
2699 1011 2987 1081 reciproca
3033 1028 3233 1068 eorum
3298 1033 3426 1086 qua:
3471 1019 3694 1088 ὁμούσια

2001 1102 2155 1163 sunt,
2187 1100 2574 1167 operationem
2601 1116 2834 1171 quoque
2867 1118 2978 1155 non
3005 1118 3127 1156 esse
3149 1103 3447 1158 diversam.
3490 1128 3510 1152 ι
3546 1108 3692 1177 Ope-

2000 1186 2143 1239 ratio
2173 1186 2417 1256 Spiritus
2466 1188 2666 1242 eadem
2706 1196 2789 1242 est
2831 1207 2958 1260 quae
2998 1196 3052 1244 et
3084 1192 3261 1245 Patris
3305 1199 3359 1247 et
3394 1194 3517 1247 Filii
3566 1212 3694 1265 ope-

2000 1274 2180 1340 ratio;
2216 1276 2489 1346 quoniam
2525 1278 3029 1333 consubstantialis
3077 1285 3162 1335 est
3207 1282 3504 1352 utriusque
3562 1290 3695 1337 tau-

1999 1379 2171 1433 quam
2211 1364 2525 1434 procedens
2572 1366 2643 1419 ab
2674 1371 2913 1437 utroque
2952 1383 3111 1422 :non
3158 1371 3313 1424 enim
3367 1377 3555 1441 potest
3614 1373 3696 1425 eis

1996 1452 2194 1506 eadem
2228 1454 2557 1523 operatione
2587 1455 2883 1525 conjungi,
2934 1457 2979 1510 si
3020 1474 3133 1511 non
3165 1459 3236 1513 ab
3274 1464 3514 1530 utroque
3563 1478 3695 1530 pro-

1997 1541 2181 1595 cedit:
2216 1542 2487 1595 dividitur
2536 1559 2787 1614 namque
2847 1545 3165 1600 substantia
3208 1548 3419 1618 quibus
3466 1565 3694 1619 proces—

1997 1630 2158 1682 sione
2202 1646 2317 1683 non
2365 1632 2629 1695 cohaeret,
2681 1649 2779 1685 nec
2838 1635 3004 1686 aliter
3052 1641 3243 1704 potest
3280 1639 3364 1690 vel
3415 1638 3563 1691 Patri
3608 1640 3694 1693 vel

1928 1690 1966 1742 Β
2000 1718 2137 1770 Filio
2190 1690 2639 1772 substantialiter
2677 1722 2956 1789 copulari,
3006 1690 3280 1793 quoniam
3328 1732 3389 1778 ut
3436 1690 3508 1779 sit
3550 1690 3691 1781 sub;

1996 1806 2221 1867 stantia,
2271 1807 2517 1877 Spiritus
2564 1811 2780 1879 accepit
2821 1815 2936 1863 tam
2978 1827 3009 1862 a
3062 1813 3224 1866 Patre
3280 1830 3452 1883 quam
3492 1832 3521 1867 a
3551 1815 3689 1868 Filin

1992 1895 2372 1963 procedendo.
2408 1898 2546 1950 Item
2572 1897 2721 1951 infra
2752 1916 2763 1951 :
2800 1899 2913 1952 «In
2937 1902 3417 1971 consequentibus
3448 1903 3516 1956 de
3560 1904 3686 1972 Spi-

1996 1983 2102 2036 ritu
2138 1984 2405 2045 veritatis,
2450 1986 2548 2055 qui
2582 2003 2614 2038 a
2657 1988 2821 2040 Patre
2871 1989 3139 2053 mittitur,
3188 1994 3244 2042 et
3283 1990 3329 2042 si
3371 1992 3690 2061 paracletus

1995 2073 2248 2125 Salvator
2299 2074 2418 2126 ait:
2454 2077 2570 2129 Non
2625 2078 2766 2128 enim
2815 2076 3057 2146 loquitur
3116 2095 3149 2130 ιι
3178 2082 3455 2147 semetipso
3510 2080 3684 2149 (Joan.

1994 2177 2105 2223 xw,
2141 2164 2259 2229 13);
2296 2162 2399 2213 hoc
2426 2167 2509 2215 est
2538 2163 2659 2215 sine
2690 2180 2802 2230 me,
2860 2170 2915 2217 et
2946 2164 3068 2218 sine
3101 2181 3228 2218 meo
3274 2170 3329 2219 et
3376 2167 3558 2219 Patris
3604 2183 3688 2219 ar-

1995 2247 2194 2312 bitrio;
2227 2249 2360 2317 quia
2391 2249 2792 2319 inseparabilis
2835 2267 2867 2303 a
2900 2267 3027 2305 mea
3067 2258 3121 2305 et
3159 2253 3341 2305 Patris
3373 2258 3456 2305 est
3486 2254 3688 2306 volun-

1991 2340 2102 2389 tate
2136 2353 2148 2389 :
2183 2338 2284 2389 hoc
2316 2338 2468 2391 enim
2500 2338 2688 2407 ipsum
2743 2340 2891 2409 quod
2948 2340 3205 2394 subsistit
3244 2346 3299 2394 et
3348 2342 3622 2412 loquitur,
3656 2362 3685 2397 a

1996 2427 2155 2477 Patre
2185 2430 2240 2477 et
2261 2442 2349 2479 me
2384 2427 2465 2479 illi
2497 2431 2600 2480 est.
2632 2428 2747 2496 Ego
2783 2428 3074 2481 veritatem
3123 2429 3344 2499 loquor,
3392 2430 3446 2483 id
3480 2436 3564 2485 est
3596 2432 3683 2483 in-

1992 2513 2149 2581 spiro
2189 2529 2317 2583 qum
2378 2514 2635 2583 loquitur
2681 2525 2723 2577 ³,
2786 2515 3070 2585 siquidem
3131 2516 3374 2585 Spiritus
3434 2519 3686 2572 veritatis

1992 2608 2096 2653 est.
2130 2624 2156 2650 ››
2222 2603 2510 2655 Manifesta
2571 2604 2770 2656 doctor
2818 2603 2926 2655 iste
2974 2620 3075 2657 nos
3125 2605 3357 2658 instruit
3404 2606 3682 2675 Spiritum

1990 2696 2246 2743 sanctum
2278 2707 2399 2744 esse
2424 2707 2455 2743 a
2485 2691 2656 2758 Filio;
2690 2707 2824 2744 nam
2856 2708 2985 2745 cum
3012 2692 3150 2746 dicit
3200 2710 3211 2746 :
3262 2695 3381 2748 Non
3410 2698 3552 2748 enim
3600 2697 3683 2750 lo-

1991 2784 2181 2850 quitur
2228 2797 2262 2832 a
2306 2782 2584 2848 semetipso
2630 2780 2882 2833 ostendit
2934 2796 3067 2834 eum
3122 2797 3155 2834 a
3203 2783 3509 2853 semetipso
3567 2800 3682 2838 non

1990 2887 2142 2936 esse;
2190 2875 2426 2940 propter
2455 2870 2607 2941 quod
2639 2871 2949 2940 explanans
2978 2872 3131 2941 quod
3160 2871 3302 2925 dixit
3335 2889 3346 2926 :
3387 2894 3407 2921 ι
3460 2874 3574 2927 Hoc
3604 2879 3689 2928 est

1991 2959 2112 3012 sine
2145 2974 2257 3025 me,
2292 2964 2349 3012 et
2380 2958 2501 3012 sine
2535 2974 2662 3012 meo
2694 2964 2750 3011 et
2796 2959 2974 3013 Patris
3008 2959 3273 3025 arbitrio;
3313 2981 3334 3008 ι
3369 2963 3617 3015 ostendit
3654 2980 3688 3015 a

1988 3063 2100 3118 quo
2136 3047 2229 3111 sit,
2254 3046 2354 3117 qui
2387 3063 2500 3099 non
2534 3046 2789 3117 loquitur
2815 3065 2849 3101 a
2896 3048 3224 3117 semetipso,
3264 3066 3296 3101 a
3332 3051 3493 3102 Patre
3531 3049 3683 3101 scili-

1988 3140 2075 3188 cet
2105 3140 2187 3188 est
2218 3141 2273 3187 et
2303 3152 2335 3187 a
2388 3135 2549 3199 Filio,
2582 3135 2703 3188 sine
2748 3136 2978 3206 quibus,
3014 3141 3069 3189 et
3122 3136 3246 3188 sine
3291 3151 3535 3205 quorum
3567 3152 3683 3189 non

1988 3223 2244 3292 loquitur
2282 3222 2538 3276 arbitrio.
2573 3223 2639 3276 Et
2658 3222 2851 3277 dicens
2883 3239 2895 3276 :
2933 3246 2958 3271 (ι
2992 3224 3104 3276 Hoc
3138 3223 3289 3275 enim
3323 3224 3512 3292 ipsum
3534 3225 3683 3293 quod

1988 3311 2243 3366 subsistit
2300 3317 2355 3366 et
2386 3311 2662 3381 loquitur,
2699 3328 2804 3382 ego
2856 3312 3064 3365 veritas
3093 3311 3316 3383 loquor,
3347 3334 3373 3359 ››
3435 3312 3685 3366 ostendit

1988 3400 2409 3454 subsistentiam
2439 3401 2685 3471 Spiritus
2724 3418 2845 3455 esse
2876 3417 2909 3455 a
2945 3401 3100 3455 Filio.
3136 3401 3204 3453 Et
3251 3400 3296 3453 si
3330 3416 3458 3453 cum
3507 3402 3687 3471 loqui-

1987 3494 2082 3542 tur
2111 3489 2379 3559 Spiritus,
2406 3489 2662 3559 loquitur
2688 3489 2913 3555 veritas,
2952 3488 3067 3559 [hoc
3118 3493 3204 3542 est
3253 3489 3447 3553 Filius,
3500 3493 3684 3543 osten-

1988 3577 2071 3630 dit
2106 3576 2241 3647 quia
2294 3577 2447 3647 quod
2480 3577 2758 3647 loquitur,
2791 3582 2848 3631 et
2900 3578 3052 3648 quod
3105 3577 3359 3631 subsistit
3409 3577 3678 3648 Spiritus,

1987 3666 2254 3735 acccpita
2305 3665 2462 3719 Filio.
2514 3666 2580 3719 Et
2609 3665 2899 3720 inculcans
2928 3666 3176 3735 idipsum
3223 3667 3379 3720 velut
3425 3667 3680 3738 apertius

1988 3754 2139 3824 quod
2170 3753 2425 3818 dixerat,
2459 3753 2698 3817 faciens;
2737 3776 2758 3803 ι
2796 3755 2854 3808 id
2899 3759 2984 3807 est
3035 3755 3255 3824 iuspiro
3305 3772 3433 3826 quae
3492 3755 3684 3825 loqui-

1987 3846 2098 3895 tur.
2145 3860 2172 3891 »
2201 3840 2497 3905 Quomodo
2520 3842 2804 3912 inspirat?
2834 3842 3108 3896 nimirum
3147 3858 3275 3896 cum
3317 3844 3387 3898 ab
3418 3843 3519 3897 illo
3549 3859 3687 3914 pro-

1986 3928 2136 3981 cedit
2186 3932 2242 3981 et
2296 3927 2598 3982 connectit.
2666 3949 2687 3976 ι
2756 3928 3051 3999 Siquidem
3116 3928 3362 3997 Spiritus
3430 3928 3684 3982 veritatis

1987 4023 2117 4071 est:
2153 4036 2179 4067 »
2231 4016 2386 4086 quod
2437 4021 2518 4070 est
2574 4016 2783 4081 dicere,
2842 4016 3090 4086 Spiritus
3141 4016 3264 4069 Filii
3320 4021 3422 4069 est.
3468 4018 3684 4080 Quibus

1988 4104 2259 4158 omnibus
2306 4104 2735 4158 demonstratur
2782 4104 2937 4173 quod
2986 4102 3061 4156 sit
3135 4102 3382 4173 Spiritus
3445 4103 3588 4171 Filii,
3629 4110 3686 4157 et

1989 4193 2140 4264 quod
2188 4192 2502 4262 inspiretur
2530 4209 2563 4245 a
2606 4192 2766 4255 Filio,
2811 4191 2868 4245 id
2916 4196 3003 4244 est
3032 4192 3301 4262 procedat
3334 4191 3403 4246 ab
3449 4192 3569 4246 illo.
3623 4194 3686 4246 Et

181 4287 389 4339 clusit:
440 4308 467 4333 ‹‹
518 4287 592 4339 Ex
638 4286 725 4338 his
771 4285 1085 4355 colligitur,
1128 4301 1458 4355 quanquam
1510 4284 1747 4337 indivisa
1808 4285 1879 4338 sit
1916 4281 2123 4352 unia
2160 4282 2309 4353 quod
2352 4280 2606 4352 loquitur
2658 4280 2924 4351 Spiritus,
2972 4286 3030 4334 et
3078 4280 3338 4335 subsistit
3399 4280 3681 4351 Spiritus;

182 4374 497 4428 substantia
528 4374 839 4441 Trinitatis,
875 4382 931 4428 et
965 4376 1188 4428 Patrem
1216 4378 1405 4426 tamen
1436 4388 1566 4426 vere
1603 4371 1727 4425 Filii
1754 4386 1875 4424 esse

182 4464 428 4530 Patrem,
478 4468 534 4517 et
590 4464 792 4518 Filium
848 4480 978 4517 vere
1005 4463 1183 4517 Patris
1214 4463 1440 4527 Filium,
1494 4466 1549 4514 et
1601 4460 1875 4531 Spiritum

180 4558 435 4606 sanctum
470 4570 602 4606 vere
632 4554 811 4606 Patris
839 4558 894 4606 et
926 4553 1022 4606 Dei
1046 4568 1168 4606 esse
1200 4550 1475 4620 Spiritum
1504 4570 1519 4615 ;
1548 4554 1604 4602 et
1641 4549 1878 4617 insuper

178 4640 474 4710 sapientia?
505 4646 564 4695 et
591 4641 863 4709 veritatis,
896 4640 949 4694 id
983 4643 1066 4694 est
1112 4639 1239 4693 Filii
1271 4638 1391 4694 Dei.
1431 4660 1452 4686 ι
1489 4637 1546 4691 Si
1597 4652 1734 4707 ergo
1788 4637 1879 4689 Pa-

180 4734 260 4781 ter
291 4729 417 4783 Filii
457 4731 618 4783 Pater
649 4737 752 4791 est,
786 4730 922 4801 quia
947 4728 1146 4800 genuit
1181 4727 1373 4793 illum;
1408 4731 1464 4781 et
1494 4726 1667 4780 Filius
1697 4725 1877 4779 Patris

180 4815 367 4884 Filius,
402 4818 544 4888 quia
572 4818 802 4888 genitus
844 4822 927 4871 est
958 4818 1027 4871 ab
1081 4817 1201 4884 illo,
1255 4820 1311 4869 et
1353 4815 1600 4885 Spiritus
1651 4818 1878 4867 sanctus

179 4920 307 4957 vere
338 4905 520 4959 Patris
580 4906 846 4976 Spiritus,
902 4906 1038 4976 quia
1081 4904 1344 4970 procedit
1381 4904 1451 4957 ab
1502 4903 1624 4970 illo,
1674 4917 1872 4955 conse-

178 4999 420 5061 quenter
448 4999 504 5047 et
536 4995 831 5065 sapientiae
860 4999 915 5048 et
946 4994 1221 5056 veritatis,
1252 4992 1311 5047 id
1344 4998 1429 5046 est
1459 4991 1585 5045 Filii
1611 4991 1709 5045 Dei
1740 4990 1873 5060 Spi-

179 5081 318 5133 ritus
345 5086 450 5149 est,
474 5082 753 5152 quoniam
782 5081 1039 5151 procedit
1069 5098 1102 5134 a
1132 5081 1293 5145 Filio,
1329 5080 1385 5134 id
1420 5086 1506 5134 est
1557 5079 1815 5150 procedit
1846 5096 1879 5133 a

181 5170 434 5239 veritate,
475 5170 736 5241 procedit
766 5188 798 5224 a
828 5170 1131 5241 sapientia,
1174 5168 1434 5240 procedit
1463 5186 1495 5222 a
1528 5170 1663 5237 Deo,
1703 5169 1759 5223 id
1793 5174 1880 5223 est

182 5257 319 5313 Filio
348 5278 363 5313 :
396 5260 529 5314 ideo
558 5276 813 5331 namque
846 5276 974 5313 cum
1019 5260 1255 5315 dixisset
1285 5258 1565 5329 Spiritum
1616 5262 1878 5312 sanctum

249 5440 272 5465 ⁸
322 5434 603 5505 Siquidem
661 5435 927 5503 Spiritus.
984 5436 1188 5489 Totum
1236 5434 1341 5489 hoc
1396 5433 1680 5505 quidquid
1737 5437 1878 5486 este

190 5505 432 5574 margine
464 5508 524 5561 in
558 5512 786 5561 textum
830 5506 1123 5560 transferri
1147 5506 1492 5567 curavimus,
1535 5521 1668 5559 nam
1708 5510 1877 5559 antea

189 5571 288 5628 hoc
307 5571 520 5632 tantum
558 5578 884 5648 legebatur,
925 5578 1068 5646 quod
1108 5578 1355 5631 subsistit
1392 5582 1441 5630 et
1489 5576 1734 5645 loquitur
1783 5591 1877 5642 ego

1987 4370 2190 4441 accipit
2219 4387 2247 4423 a
2282 4371 2444 4435 Filio,
2494 4386 2611 4423 non
2662 4374 2939 4440 tanquam
2998 4356 3208 4436 minori,
3259 4370 3358 4424 sed
3402 4373 3680 4441 tanquam

1987 4457 2505 4522 consubstantialis,
2536 4463 2593 4511 et
2622 4474 2688 4511 ex
2721 4458 2818 4511 illo
2848 4458 3183 4529 procedens.

2057 4547 2194 4599 item
2235 4546 2424 4599 infra:
2480 4567 2506 4594 ‹‹
2562 4546 2739 4615 Loqui
2785 4562 2922 4615 ergo
2965 4547 3212 4611 Patrem,
3245 4549 3301 4598 et
3355 4546 3555 4600 audire
3606 4547 3685 4601 Fi-

1986 4633 2164 4699 lium;
2198 4632 2285 4686 vel
2316 4649 2345 4685 e
2376 4631 2685 4695 contrario,
2715 4632 2853 4685 Filio
2889 4634 3156 4702 loquente
3196 4632 3393 4686 audire
3437 4634 3680 4700 Patrem,

1988 4721 2243 4792 ejusdem
2290 4725 2510 4775 natura:
2569 4721 2625 4773 in
2669 4721 2846 4789 ,Patre
2910 4725 2965 4773 et
3032 4720 3198 4789 Filio,
3258 4738 3683 4793 consensusque

1987 4810 2327 4879 signiﬁcatio
2383 4816 2485 4863 est.
2542 4810 2791 4879 Spiritus
2850 4825 3078 4881 quoque
3138 4814 3384 4873 sanctus,
3445 4808 3544 4880 qui
3599 4814 3683 4862 est

1988 4900 2233 4969 Spiritus
2264 4898 2534 4965 veritatis,
2565 4898 2927 4968 Spiritusque
2959 4897 3280 4967 sapientiae,
3333 4914 3443 4951 non
3494 4901 3680 4967 potest

1989 4989 2126 5043 Filio
2154 4989 2424 5060 loquente
2465 4988 2663 5042 audire
2714 5003 2843 5057 quae
2888 4987 3101 5052 nescit;
3150 5002 3280 5040 cum
3336 4987 3443 5039 boc
3490 4986 3679 5054 ipsum

1986 5078 2059 5131 sit
2087 5078 2238 5149 quod
2271 5077 2558 5148 profertur
2592 5094 2622 5130 a
2668 5076 2827 5129 Filio.
2864 5096 2885 5123 ι
2951 5077 3151 5128 Dicens
3196 5076 3523 5145 loquentem
3571 5073 3680 5125 Pa—

1985 5172 2133 5221 trem
2166 5166 2361 5221 audire
2393 5165 2616 5231 Filium,
2660 5166 3017 5237 demonstrat
3048 5163 3175 5217 Filii
3214 5162 3567 5216 nativitatem
3615 5175 3680 5214 ex

1988 5257 2197 5311 Patre:
2259 5255 2523 5309 similiter
2565 5254 2765 5308 Filium
2807 5253 3134 5323 loquentem
3184 5250 3383 5305 audire
3432 5251 3679 5318 Patrem,

1987 5432 2425 5499 veritasloquor,
2456 5430 2743 5498 siquidem,
2792 5429 2941 5500 quod
2982 5427 3235 5500 profecto
3282 5427 3678 5500 imperfectum

1988 5507 2130 5557 erat.
2191 5502 2529 5572 Quanquam
2575 5517 2641 5555 ex
2699 5499 3068 5572 sequentibus
3116 5499 3251 5553 satis
3301 5504 3519 5554 constet
3577 5499 3682 5563 Ra-

1985 5581 2216 5628 tramno
2248 5572 2527 5644 placuisse
2556 5587 2787 5642 pravam
2834 5572 3154 5625 lectionem.
