4148 6180
454 255 556 307 263
1591 240 1959 297 RATRAMNI
1999 240 2455 298 CORBEIENSIS
2494 239 2797 295 MONACHI
3834 240 3925 293 264

454 391 681 443 Patrem
716 386 946 441 intimat
978 383 1246 454 genuisse
1298 381 1531 445 Filium;
1568 383 1624 431 et
1654 377 1788 449 quia
1809 383 1941 432 sunt
1968 377 2139 431 unius
2179 381 2220 432 A
2253 392 2366 430 non
2400 375 2658 448 loquitur
2686 393 2719 429 a
2749 376 3055 446 semetipso
3090 378 3385 445 separatus
3418 389 3453 426 a
3475 373 3645 438 ﬁlio;
3674 374 3924 444 quoniam

451 483 672 533 naturas
703 478 867 529 Pater
901 479 955 528 et
986 473 1179 531 Filius.
1225 475 1356 525 sunt
1384 470 1552 523 etiam
1584 468 1839 536 ejusdem
1899 483 2143 520 consen-

452 584 577 633 sus;
615 571 678 620 ut
714 567 817 617 hoc
844 563 916 616 sit
966 561 1126 631 loqui
1154 562 1372 613 Patrem
1430 556 1499 610 ad
1554 557 1758 610 Filium
1800 558 1883 609 vel
1939 555 2141 609 Filium

370 710 371 713 η
451 656 519 708 ad
545 657 789 721 Patrem,
840 653 897 705 in
952 650 1120 703 unius
1170 662 1505 701 consensum
1549 645 1857 697 voluntatis
1905 644 2141 697 venire:

454 760 637 814 neque
691 743 978 796 diversum
1037 736 1254 806 aliquid
1300 735 1528 788 sentire.
1582 735 1857 804 Spiritum
1917 748 2146 803 quoque

453 837 711 884 sanctum
753 825 1001 880 veritatis
1040 823 1312 892 Spiritum
1358 821 1452 893 [et]
1509 822 1805 892 sapientia:
1846 821 2143 875 conﬁtens.

455 920 728 989 Spiritum
764 916 889 968 Filii
916 914 1182 979 declarat,
1209 911 1279 964 de
1302 928 1414 980 quo
1443 911 1597 974 dicit,
1642 910 1774 981 quia
1818 925 1935 963 non
1963 916 2149 979 potest

456 1008 594 1062 Filio
624 1009 893 1075 loquente
935 1001 1132 1054 audire
1165 1016 1295 1070 quae
1337 1000 1578 1065 nesciat;
1617 999 1890 1069 quoniam
1917 1015 2045 1051 cum
2080 998 2150 1050 sit

454 1095 713 1165 ejusdem
747 1106 875 1144 cum
911 1090 1049 1143 Filio
1081 1090 1432 1154 substantias,
1468 1089 1851 1158 procedatque
1883 1087 1951 1140 de
1985 1086 2145 1152 Filio,

453 1199 581 1254 quas
636 1178 893 1248 loquitur
926 1177 1117 1242 Filius,
1172 1176 1427 1246 loquitur
1477 1181 1532 1229 et
1587 1176 1838 1245 Spiritus
1887 1179 2144 1239 sanctus;

451 1270 724 1341 quoniam
746 1267 852 1320 hoc
884 1266 1072 1335 ipsum
1119 1266 1270 1335 quod
1326 1270 1413 1318 est
1455 1264 1721 1335 Spiritus,
1763 1264 1976 1317 locutio
2025 1263 2149 1316 Filii

451 1365 535 1413 est
565 1359 633 1411 ad
671 1356 971 1426 Spiritum,
1013 1354 1283 1424 praesenti
1331 1354 1561 1407 doctore
1601 1354 1841 1407 dicente.
1877 1352 1985 1416 Qui
2018 1367 2147 1406 cum

451 1446 686 1499 dixisset
709 1461 824 1498 non
858 1461 1018 1513 posse
1051 1443 1328 1513 Spiritum
1372 1446 1624 1495 sanctum
1685 1442 1826 1495 Filio
1879 1443 2149 1511 loquente

453 1534 649 1588 audire
682 1550 810 1604 quae
844 1533 1076 1595 nesciat,
1113 1549 1241 1585 mox
1275 1532 1565 1585 subdidit:
1600 1555 1619 1578 ι
1658 1532 1799 1585 Cum
1831 1531 1936 1584 hoc
1963 1531 2147 1599 ipsum

452 1622 701 1692 sitquod
752 1621 1039 1690 profertur
1091 1638 1120 1672 a
1156 1621 1324 1685 Filio;
1388 1644 1412 1668 ››
1450 1621 1554 1672 hoc
1594 1626 1678 1673 est
1725 1619 1971 1689 prolatio
2021 1619 2147 1671 Filii

451 1711 763 1764 substantia
791 1716 875 1762 est
898 1710 1139 1778 Spiritus
1168 1726 1179 1761 :
1212 1724 1342 1761 nam
1371 1709 1595 1775 dicens;
1636 1725 1764 1760 cum
1797 1709 1904 1761 hoc
1956 1708 2143 1776 ipsum

452 1798 543 1864 sit,
595 1798 934 1852 subauditur
983 1797 1229 1866 Spiritus
1280 1814 1291 1849 :
1345 1797 1500 1866 quod
1546 1797 1836 1868 profertur
1882 1812 1914 1848 a
1962 1796 2143 1859 Filio,

454 1889 559 1941 hoc
609 1891 693 1941 est
757 1887 909 1956 quod
969 1886 1226 1956 loquitur
1271 1887 1465 1939 Filius.
1532 1886 1589 1939 Si
1672 1886 1823 1955 quod
1891 1883 2147 1954 loquitur

454 1976 664 2035 Filius,
721 1975 966 2045 Spiritus
1021 1979 1245 2027 sanctus
1275 1981 1381 2039 est,
1432 1973 1917 2043 quemadmodum
1949 1973 2147 2027 doctor

454 2068 558 2119 iste
598 2070 855 2130 testatur,
910 2080 1025 2116 non
1066 2069 1254 2132 potest
1307 2062 1505 2132 negari
1552 2063 1700 2131 quod
1748 2078 1779 2113 a
1820 2062 1958 2113 Filio
2008 2076 2141 2129 pro-

453 2153 618 2207 cedat
684 2153 930 2222 Spiritus
991 2167 1004 2204 :
1068 2150 1353 2220 siquidem
1405 2150 1613 2202 locutio
1672 2147 1796 2201 Filii
1870 2148 1939 2201 de
2006 2148 2146 2201 Filio

452 2242 715 2313 procedit
764 2258 777 2294 :
838 2256 951 2310 qua
999 2240 1068 2293 de
1120 2255 1179 2292 re
1235 2255 1365 2291 cum
1420 2238 1525 2291 hoc
1572 2238 1725 2291 idem
1786 2236 1859 2289 sit
1902 2236 2147 2306 Spiritus

452 2331 603 2403 quod
651 2330 937 2400 profertur
994 2347 1024 2380 a
1084 2328 1244 2395 Filio,
1301 2327 1557 2397 procedit
1611 2325 1846 2379 omnino
1899 2324 2145 2396 Spiritus

451 2438 484 2474 a
518 2420 678 2473 Filio.

522 2507 828 2579 Subjungit
861 2523 872 2559 :
909 2525 937 2556 «
971 2505 1226 2575 Denique
1287 2520 1358 2557 ne
1410 2504 1535 2573 quis
1586 2503 1749 2555 illum
1798 2518 1830 2555 a
1878 2502 2059 2556 Patris
2091 2506 2145 2555 et

454 2597 580 2653 Filii
631 2596 922 2650 voluntate
1003 2599 1061 2648 et
1114 2592 1381 2646 societate
1437 2592 1810 2658 discerneret,
1863 2591 2141 2660 scriptum

450 2689 534 2740 est
568 2702 579 2739 :
611 2687 730 2739 Non
777 2685 915 2737 enim
959 2700 993 2735 a
1041 2684 1326 2751 semetipso
1383 2682 1650 2749 loquetur,
1691 2680 1785 2733 sed
1844 2682 1985 2734 sicut
2043 2696 2144 2733 au-

450 2775 561 2828 diet
609 2774 856 2841 loquetur
907 2772 1083 2841 (Joan.
1129 2786 1240 2835 xvx,
1303 2770 1404 2831 13).
1467 2770 1570 2824 Cui
1610 2769 1797 2823 simile
1839 2768 2012 2822 etiam
2075 2769 2143 2822 de

451 2861 751 2931 semetipso
784 2860 1041 2913 Salvator
1069 2860 1149 2912 ait
1181 2876 1193 2912 :
1227 2862 1364 2913 sicut
1411 2858 1596 2922 audio,
1631 2858 1822 2926 judico
1871 2858 2056 2926 (Joan.
2088 2874 2141 2923 v,

452 2952 562 3022 30).
595 2972 621 3000 ››
675 2950 942 3004 Voluntas
975 2948 1157 3001 Patris
1206 2948 1468 3000 voluntas
1508 2952 1594 2999 est
1638 2945 1784 3012 Filii,
1823 2949 1879 2998 et
1908 2945 2143 2998 societas
2182 2985 2221 3039 ρ

452 3035 749 3107 utriusque
800 3036 1043 3105 Spiritus
1096 3035 1447 3088 amborum:
1524 3033 1801 3105 quoniam
1876 3033 2138 3099 cbaritas,

452 3139 581 3192 qua:
613 3130 698 3178 est
720 3124 984 3195 Spiritus,
1019 3124 1199 3177 sociat
1245 3125 1599 3178 voluntatem
1642 3123 1824 3176 Patris
1874 3126 1930 3177 et
1972 3123 2094 3176 Filii
2129 3138 2141 3176 :

449 3226 637 3282 neque
668 3217 859 3283 potest
898 3212 1162 3266 voluntas
1204 3212 1448 3282 Spiritus
1479 3229 1511 3265 a
1544 3214 1832 3266 voluntate
1879 3212 2061 3265 Patris
2091 3216 2145 3264 et

452 3300 576 3354 Filii
611 3301 867 3371 sejungi;
921 3301 1019 3355 sed
1072 3301 1220 3354 sicut
1272 3301 1646 3369 societas.est
1690 3301 2007 3370 utriusque,
2067 3300 2145 3353 sic

449 3388 704 3455 ejusdem
735 3388 1040 3440 voluntatis
1071 3387 1396 3440 amborum.
1435 3387 1502 3439 Et
1532 3386 1676 3438 sicut
1715 3386 1976 3439 voluntas
2006 3386 2143 3454 [Filii

448 3475 700 3527 nascitur
727 3475 795 3527 de
844 3476 1032 3541 Patre,
1086 3475 1164 3526 sic
1215 3475 1476 3526 voluntas
1526 3473 1768 3542 Spiritus
1826 3473 2147 3542 procedita

451 3562 608 3615 Filio.
644 3561 783 3613 Hinc
816 3565 900 3613 est
953 3561 1107 3628 quod
1160 3560 1239 3612 ait
1282 3560 1351 3614 de
1416 3560 1635 3628 Spiritu
1682 3578 1693 3613 :
1749 3563 1862 3615 Non
1915 3564 2055 3613 enim
2111 3577 2146 3613 a

448 3651 731 3715 semetipso
777 3650 1045 3716 loquetur,
1091 3648 1186 3701 sed
1213 3651 1354 3701 sicut
1410 3649 1597 3702 audiet
1631 3650 1895 3717 loquetur.
1937 3652 1980 3702 A
2032 3664 2145 3719 quo

449 3736 687 3790 audiet?
722 3736 994 3790 Videlicet
1023 3753 1054 3789 a
1096 3737 1256 3800 Filio,
1293 3738 1362 3791 de
1395 3754 1509 3807 quo
1542 3737 1818 3808 procedit.
1854 3739 1919 3791 Et
1946 3738 2143 3791 audire

450 3825 746 3896 Spiritum,
780 3825 1085 3898 procedere
1122 3831 1208 3879 est
1237 3842 1269 3879 a
1302 3827 1442 3880 Filio
1478 3844 1489 3881 :
1542 3828 1688 3880 sicut
1713 3831 1769 3879 et
1818 3826 2018 3881 audire
2052 3827 2145 3880 Fi-

453 3915 615 3985 lium,
642 3916 793 3970 nasci
826 3920 908 3969 est
954 3920 1020 3969 de
1063 3917 1225 3969 Patre
1262 3931 1276 3967 :
1308 3931 1441 3968 nam
1474 3932 1591 3969 non
1628 3915 1782 3968 aliud
1816 3921 1900 3968 est
1947 3916 2145 3969 audire

452 4006 679 4073 Filium,
707 4012 762 4059 et
782 4005 941 4059 aliud
967 4004 1138 4071 nasci,
1179 4004 1273 4057 sed
1316 4004 1470 4057 idem
1502 4009 1811 4073 utrumque
1843 4020 1855 4057 :
1885 4004 1964 4057 sic
1991 4004 2145 4057 enim

450 4092 605 4145 aliud
657 4092 895 4146 minime
945 4098 1029 4145 est
1058 4092 1258 4145 audire
1303 4091 1601 4162 Spiritum,
1657 4097 1713 4145 et
1743 4091 1897 4146 aliud
1941 4108 2144 4162 proce-

450 4180 605 4245 dere,
648 4180 747 4234 sed
776 4197 957 4234 unum
989 4185 1073 4233 est
1102 4186 1435 4250 utrumque.
1476 4181 1538 4233 Et
1566 4180 1717 4233 infra
1748 4199 1763 4233 :
1795 4202 1813 4231 ι
1860 4180 2145 4250 Scriptum

450 4271 534 4319 est
547 4267 699 4320 enim
728 4285 740 4321 :
768 4269 1116 4336 Quaecunque
1136 4270 1227 4322 ille
1255 4270 1395 4334 facit
1417 4268 1587 4337 (haud
1609 4268 1845 4323 dubium
1875 4270 2012 4340 quin
2039 4271 2141 4323 Pa-

451 4354 559 4425 ter)
593 4356 701 4409 haec
733 4355 918 4409 eadem
948 4358 1119 4411 Filius
1147 4360 1287 4423 facit
1305 4359 1578 4412 similiter.
1613 4358 1774 4421 Quod
1808 4359 1856 4411 si
1876 4366 2148 4429 operante

452 4444 617 4497 Patre
648 4449 703 4497 et
738 4443 895 4507 Filio,
929 4460 1045 4498 non
1074 4446 1238 4514 juxta
1265 4446 1528 4499 ordinem
1558 4446 1730 4517 primi
1773 4452 1828 4501 et
1886 4448 2146 4516 secundi,

451 4532 545 4591 sed
577 4533 738 4602 juxta
767 4533 921 4587 idem
969 4538 1193 4603 tempus
1241 4535 1519 4605 operandi
1558 4536 1759 4590 eadem
1805 4541 1861 4589 et
1914 4536 2146 4605 similia,

451 4619 769 4673 subsistunt
793 4622 1058 4674 universa
1089 4638 1218 4692 quin
1250 4622 1397 4675 fiunt
1429 4640 1440 4677 :
1491 4628 1549 4676 et
1578 4624 1753 4677 Filius
1799 4640 1913 4677 non
1962 4628 2149 4694 potest

451 4709 819 4778 asemetipso
866 4709 1004 4779 quid
1054 4710 1261 4776 facere,
1311 4711 1448 4783 quia
1497 4729 1530 4766 a
1575 4713 1739 4766 Patre
1791 4730 1905 4767 non
1962 4720 2149 4783 potest

452 4798 707 4867 separari
742 4815 757 4849 :
791 4797 871 4851 sic
902 4803 956 4852 et
1000 4798 1244 4868 Spiritus
1298 4806 1526 4855 sanctus
1567 4817 1934 4871 nequaquam
1977 4817 2148 4872 sepa-

452 4891 610 4939 ratus
636 4902 670 4939 a
700 4886 862 4951 Filio,
895 4892 1135 4955 propter
1186 4888 1498 4941 voluntatis
1542 4894 1876 4959 naturasque
1930 4905 2149 4943 consor-

450 4974 617 5041 tium,
675 4989 788 5025 non
849 4990 879 5025 a
932 4974 1233 5043 semetipso
1293 4976 1543 5029 creditur
1591 4976 1783 5046 loqui;
1840 4976 1935 5030 sed
1984 4977 2149 5045 juxta

455 5063 712 5127 verbum,
746 5066 802 5114 et
835 5066 1127 5114 veritatem
1159 5063 1280 5131 Dei,
1313 5064 1569 5133 loquitur
1600 5066 1884 5119 universa.
1920 5085 1948 5115 ››
1981 5067 2148 5119 Pater

452 5155 510 5204 et
558 5150 732 5204 Filius
778 5150 976 5203 eadem
1009 5156 1339 5220 operantur,
1371 5168 1487 5205 non
1519 5153 1633 5207 alio
1664 5160 1925 5223 tempore
1958 5155 2141 5219 Pater,

451 5243 508 5292 et
531 5239 641 5293 alio
678 5240 872 5307 Filius,
904 5238 999 5293 sed
1043 5239 1245 5293 eodem
1300 5240 1467 5293 simul
1514 5246 1571 5294 et
1602 5243 1801 5296 eodem
1842 5247 2099 5311 tempore
2130 5257 2142 5296 :

453 5342 556 5379 nec
618 5334 806 5396 potest
859 5327 1032 5381 Filius
1084 5332 1378 5397 separatus
1428 5330 1674 5399 operari,
1712 5330 1985 5400 quoniam
2032 5346 2147 5383 non

454 5413 721 5469 dividitur
751 5434 780 5469 a
812 5418 998 5483 Patre,
1033 5433 1165 5471 cum
1217 5418 1288 5472 sit
1320 5422 1488 5471 natus
1535 5434 1599 5471 ex
1644 5419 1829 5486 Patre,
1882 5425 1937 5473 et
1999 5421 2147 5489 ejus.

454 5499 585 5552 dem
609 5502 942 5556 substantias
972 5522 1103 5560 cum
1168 5508 1330 5560 Patre
1368 5522 1379 5559 :
1413 5505 1490 5558 sic
1548 5512 1602 5559 et
1631 5506 1876 5576 Spiritus
1920 5514 2147 5560 sanctus

2253 466 2566 536 procedens
2596 481 2628 517 a
2656 464 2797 518 Filio
2844 480 3075 517 consors
3108 469 3191 516 est
3222 468 3443 515 natura!
3483 461 3605 515 Filii
3646 478 3660 514 :
3694 463 3929 515 volunta-

2253 554 2324 608 tis
2346 559 2401 607 et
2430 554 2709 622 ejusdem,
2743 553 2905 623 cujus
2934 558 2989 605 et
3048 552 3258 605 Filius:
3306 567 3421 603 non
3481 551 3637 603 enim
3682 552 3927 603 voluntas

2254 643 2699 713 discernitquod
2744 650 2949 695 natura
2986 640 3303 709 conjungit,
3357 639 3452 692 sed
3497 640 3660 707 juxta
3710 638 3926 692 verbum

2256 736 2312 785 et
2342 731 2635 784 veritatem
2663 730 2756 785 Dei
2788 729 3046 800 loquitur
3081 727 3376 791 universa;
3407 726 3680 795 quoniam
3712 742 3741 778 a
3775 727 3928 777 verbo

2256 824 2313 874 et
2349 820 2583 873 veritate
2619 817 2931 888 procedens
2985 815 3229 885 percipit
3277 814 3413 885 quid
3459 815 3759 884 loquatur:
3824 830 3926 867 non

2257 908 2412 961 enim
2446 908 2597 961 aliud
2631 912 2715 959 est
2738 906 2891 977 quod
2925 905 3198 974 procedit,
3232 910 3288 957 et
3321 902 3476 956 aliud
3509 902 3779 973 loquendi
3810 919 3925 972 per-

2257 996 2462 1067 ceptio,
2534 996 2631 1050 sed
2678 994 2968 1065 perceptio
3034 992 3337 1046 locutionis
3402 992 3780 1060 processionis
3855 997 3928 1044 est

2258 1085 2580 1145 existentia.
2648 1082 3135 1154 quemadmodum
3184 1081 3499 1135 existentiee
3546 1080 3928 1151 processio,lo~

2257 1174 2501 1228 cutionis
2528 1173 2800 1243 acceptio.

2332 1264 2397 1317 Et
2424 1262 2572 1315 infra
2607 1279 2619 1315 :
2657 1282 2682 1312 (ι
2717 1261 3016 1325 Quomodo
3048 1258 3224 1329 igitur
3268 1274 3441 1328 supra
3485 1259 3554 1310 de
3596 1257 3811 1311 naturis
3855 1257 3929 1309 in-

2257 1351 2649 1421 corporalibus
2695 1350 3056 1418 disputantes
3101 1348 3504 1413 intelleximus,
3548 1347 3627 1399 sic
3654 1351 3733 1413 _et
3796 1361 3931 1398 nunc

2256 1438 2533 1508 Spiritum
2588 1442 2847 1490 sanctum
2899 1452 2931 1488 a
2986 1435 3125 1488 Filio
3182 1435 3458 1504 accipere,
3515 1434 3570 1487 id
3620 1433 3772 1503 quod
3826 1449 3929 1485 suae

2260 1534 2477 1580 naturae
2525 1527 2728 1591 fuerat,
2779 1524 3233 1587 cognoscendum
3279 1530 3385 1583 est,
3427 1528 3483 1574 et
3542 1539 3655 1573 non
3720 1523 3933 1574 dantem

2261 1623 2316 1668 et
2346 1615 2742 1685 accipientem,
2800 1614 2894 1666 sed
2949 1629 3122 1665 unam
3179 1612 3502 1681 signiﬁcare
3549 1611 3929 1663 substantiam.

2189 1678 2227 1731 Β
2261 1678 2554 1773 Siquidem
2587 1710 2643 1756 et
2674 1703 2844 1755 Filius
2875 1703 3076 1754 eadem
3125 1718 3154 1754 a
3204 1678 3365 1753 Patre
3401 1700 3660 1768 accipere
3718 1698 3930 1759 dicitur,

2258 1809 2385 1862 quae
2419 1798 2503 1845 est
2532 1792 2653 1860 ipse
2701 1790 3016 1843 subsistens
3050 1809 3065 1842 :
3109 1805 3297 1858 neque
3324 1788 3477 1841 enim
3506 1787 3645 1856 quid
3691 1787 3840 1840 aliud
3861 1792 3933 1839 est

2259 1881 2451 1941 Filius,
2488 1879 2738 1949 exceptis
2768 1879 2838 1931 iis
2858 1895 2987 1948 quas
3018 1878 3069 1931 ei
3091 1878 3298 1931 dantur
3321 1894 3353 1930 a
3408 1878 3572 1930 Patre
3605 1892 3790 1946 neque
3835 1875 3934 1928 alia

2256 1969 2573 2022 substantia
2603 1974 2686 2022 est
2713 1968 2958 2038 Spiritus
2986 1967 3183 2034 sancti,
3204 1972 3412 2036 praeter
3442 1966 3497 2018 id
3516 1966 3669 2036 quod
3702 1967 3751 2018 ei
3782 1965 3934 2018 datur

2256 2074 2288 2110 a
2323 2059 2487 2113 Filio.
2529 2080 2547 2103 ν
2589 2059 2906 2112 Contirmat
2952 2056 3371 2126 processionem
3425 2055 3673 2124 Spiritus
3729 2072 3759 2107 a
3808 2054 3932 2107 Filio

2256 2147 2485 2210 factam,
2535 2153 2589 2199 et
2638 2145 2775 2200 dicit
2823 2145 3102 2214 Spiritum
3134 2149 3390 2197 sanctum
3424 2161 3457 2197 a
3501 2144 3641 2197 Filio
3693 2143 3933 2212 accipere

2256 2235 2311 2289 id
2340 2235 2496 2305 quod
2529 2251 2645 2287 sum
2677 2239 2895 2287 natura)
2926 2233 3129 2299 fuerat,
3160 2232 3313 2302 quod
3364 2237 3469 2298 est,
3502 2235 3769 2285 naturam
3814 2231 3933 2300 Spi—

2257 2322 2395 2375 ritus
2426 2340 2491 2376 ex
2523 2324 2662 2376 Filio
2692 2338 2831 2385 esse,
2865 2327 2921 2375 et
2947 2337 3061 2374 non
3096 2322 3167 2373 sit
3190 2320 3341 2373 aliud
3377 2319 3633 2388 accipere
3672 2319 3934 2389 Spiritum

2255 2412 2469 2473 aFilio,
2522 2427 2693 2481 quam
2735 2410 3041 2481 procedere
3073 2410 3142 2464 de
3175 2410 3349 2475 Filio;
3401 2426 3586 2479 neque
3637 2409 3864 2462 dantem
3889 2414 3937 2461 et

2255 2499 2627 2569 accipientem
2681 2499 3119 2569 intelligendum
3184 2503 3460 2568 tanquam
3514 2497 3750 2551 alterius
3792 2503 3844 2551 et
3871 2498 3939 2550 al-

2256 2588 2429 2641 terius
2478 2588 2830 2651 snbstantiaa,
2879 2587 2976 2641 sed
3026 2603 3327 2657 personam
3381 2586 3506 2639 Filii
3561 2586 3815 2649 dantem,
3882 2589 3938 2637 ut

2254 2677 2456 2729 existat
2497 2676 2760 2746 Spiritus,
2794 2681 2853 2729 et
2897 2691 3199 2745 personam
3258 2674 3498 2745 Spiritus
3549 2674 3936 2744 accipientem,

2253 2770 2318 2817 ut
2348 2765 2614 2836 procedat
2660 2782 2690 2817 a
2738 2765 2896 2818 Filio.
2947 2766 3011 2818 Et
3067 2764 3370 2817 conﬁrmat
3407 2763 3744 2833 opinionem
3789 2778 3939 2815 suam

2253 2870 2319 2908 ex
2352 2869 2418 2906 eo
2452 2852 2602 2921 quod
2635 2852 2806 2905 Filius
2828 2851 3083 2920 accipere
3105 2850 3311 2903 dicitur
3340 2866 3372 2903 a
3400 2851 3598 2903 Patre:
3646 2866 3762 2903 non
3798 2850 3940 2903 enim

2253 2941 2406 2995 aliud
2436 2944 2520 2993 est
2552 2940 2747 3006 Filius,
2791 2946 2848 2994 et
2894 2940 3047 2993 aliud
3083 2942 3170 2993 est
3209 2938 3361 3009 quod
3410 2939 3659 3008 percipit
3689 2956 3721 2991 a
3756 2940 3938 3002 Patre;

2255 3031 2354 3085 sed
2382 3048 2412 3084 a
2444 3034 2605 3085 Patre
2635 3029 2925 3100 perceptio
2958 3028 3083 3082 Filii
3105 3033 3189 3081 est
3209 3027 3577 3081 subsistentia
3610 3027 3802 3098 :quod
3844 3027 3941 3080 cla-

2253 3120 2370 3173 rius
2395 3119 2642 3174 affirmat
2667 3117 3064 3189 prosequendo
3103 3133 3113 3170 :
3153 3140 3175 3166 ι
3212 3118 3407 3186 Neque
3436 3116 3591 3169 enim
3625 3116 3768 3186 quid
3799 3116 3942 3169 aliud

2253 3218 2339 3266 est
2376 3210 2568 3277 Filius,
2611 3209 2859 3279 exceptis
2908 3209 2997 3262 his
3052 3224 3179 3278 quae
3239 3208 3290 3259 ei
3338 3208 3546 3260 dantur
3593 3224 3626 3261 a
3686 3208 3872 3262 Patre.
3916 3230 3938 3255 ιι

2253 3300 2413 3363 Quod
2441 3305 2526 3353 est
2575 3315 2689 3351 non
2738 3298 2871 3351 licet
2914 3296 3172 3364 excipere
3219 3312 3348 3365 quae
3398 3296 3690 3349 donantur
3725 3314 3755 3349 a
3790 3298 3944 3350 Patre

2257 3388 2399 3441 Filio
2430 3405 2462 3439 a
2504 3386 2824 3439 substantia
2872 3385 3019 3451 Filii,
3071 3385 3170 3438 sed
3213 3385 3343 3439 data
3401 3386 3584 3438 Patris
3635 3386 3946 3439 substantia

2254 3480 2337 3529 est
2373 3475 2521 3541 Filii,
2555 3475 2831 3544 quoniam
2846 3474 3132 3527 nascendo
3166 3475 3419 3544 percepit
3444 3474 3641 3527 omnia
3673 3491 3804 3545 quae
3824 3480 3948 3528 sunt

2253 3562 2466 3627 Patris;
2502 3562 2580 3615 sic
2600 3568 2657 3615 et
2689 3563 2758 3616 de
2784 3562 2997 3632 Spiritu
3029 3568 3222 3617 sancto
3262 3562 3489 3625 fatetur,
3525 3564 3681 3632 quod
3723 3579 3837 3617 non
3881 3562 3946 3616 sit

2253 3650 2366 3703 alia
2400 3650 2719 3704 substantia
2749 3650 2995 3720 Spiritus
3021 3651 3203 3705 sancti
3234 3658 3444 3720 praeter
3473 3650 3531 3704 id
3565 3651 3720 3720 quod
3753 3652 3802 3704 ei
3855 3652 3946 3704 da-

2254 3744 2349 3793 tur
2396 3756 2429 3792 a
2480 3739 2665 3793 Filio:
2724 3739 2830 3792 hoc
2875 3744 2977 3803 est,
3030 3753 3147 3793 non
3193 3740 3349 3794 aliud
3406 3739 3651 3809 Spiritus
3702 3745 3946 3805 sanctus,

2255 3833 2311 3882 et
2335 3828 2489 3882 aliud
2517 3828 2670 3897 quod
2701 3827 2939 3898 Spiritui
2986 3833 3183 3883 sancto
3231 3828 3398 3882 datur
3427 3846 3454 3880 a
3507 3828 3668 3893 Filio,
3718 3829 3819 3883 sed
3850 3830 3949 3883 do-

2257 3934 2392 3971 num
2446 3916 2572 3970 Filii
2602 3917 2918 3972 substantia
2959 3923 3043 3970 est
3084 3917 3327 3987 Spiritus
3360 3916 3557 3971 sancti.
3592 3916 3717 3979 Quo
3763 3918 3949 3971 mani-

2254 4005 2393 4059 feste
2438 4005 2807 4059 commendat
2855 4004 3133 4075 Spiritum
3187 4011 3443 4060 sanctum
3476 4022 3595 4059 esse
3652 4007 3723 4060 de
3789 4007 3947 4069 Filio,

2254 4111 2372 4149 non
2399 4096 2674 4163 tanquam
2710 4100 2955 4165 partem,
2989 4094 3085 4148 sed
3122 4100 3397 4166 tanquam
3430 4100 3637 4161 totum,
3685 4095 3844 4164 quod
3875 4100 3951 4147 est

2256 4183 2461 4248 Filius;
2517 4182 2653 4252 quia
2684 4199 3045 4254 quaecunque
3076 4188 3208 4237 sunt
3271 4184 3417 4251 Filii,
3452 4188 3586 4237 sunt
3620 4189 3677 4237 et
3705 4184 3951 4254 Spiritus

2185 4281 2227 4335 υ
2256 4270 2471 4324 sancti:
2504 4275 2562 4324 et
2588 4271 2793 4341 accipit
2822 4271 3070 4341 Spiritus
3111 4277 3338 4326 sanctus
3372 4289 3404 4325 a
3428 4271 3588 4337 Filio,
3632 4273 3952 4341 procedens

2257 4357 2325 4410 ab
2357 4357 2456 4410 illo
2486 4356 2629 4410 sicut
2668 4358 3190 4423 consubstantialis,
3236 4362 3291 4410 et
3330 4358 3544 4412 habens
3594 4358 3800 4412 omnia
3828 4373 3952 4429 qua:

2257 4451 2390 4499 sunt
2420 4445 2563 4499 Filii.
2599 4446 2882 4500 Inferius:
2922 4468 2948 4496 u
2986 4448 3242 4517 Denique
3293 4447 3835 4516 interpretationem
3869 4448 3951 4501 in-

2256 4536 2443 4589 ferens
2475 4536 2765 4605 quomodo
2806 4536 3059 4602 dixisset,
3105 4537 3170 4589 de
3209 4551 3320 4589 meo
3385 4534 3642 4603 accipiet,
3689 4536 3956 4605 protinus

2256 4624 2463 4693 adjecit
2508 4628 2685 4677 omnia
2716 4640 2833 4693 quae
2865 4624 3023 4678 habet
3055 4623 3242 4687 Pater,
3296 4639 3413 4677 mea
3452 4628 3579 4677 sunt
3612 4637 3628 4673 :
3664 4630 3957 4692 propterea

2257 4712 2397 4780 dimi,
2454 4713 2519 4767 de
2549 4728 2659 4766 meo
2710 4712 2961 4781 accipiet,
2984 4718 3031 4766 et
3062 4713 3411 4766 annuntiabit
3440 4713 3589 4766 vobis
3624 4715 3797 4777 (Joan
3845 4728 3955 4775 xvn,

2261 4803 2498 4869 13,14);
2545 4800 2968 4871 quodammodo
3008 4801 3268 4869 loquens,
3313 4800 3444 4853 licet
3473 4816 3505 4853 a
3554 4801 3720 4853 Patre
3771 4817 3961 4871 proca

2256 4890 2350 4944 dat
2376 4890 2621 4958 Spiritus
2652 4889 2928 4948 veritatis,
2963 4894 3017 4942 et
3044 4888 3139 4942 det
3181 4890 3328 4943 Deus
3368 4888 3644 4958 Spiritum
3692 4896 3958 4943 sanctum

2256 4977 2582 5049 petentibus
2614 4994 2701 5043 se;
2729 4983 2924 5031 tamen
2950 4977 3085 5047 quia
3133 4976 3330 5030 omnia
3376 4993 3499 5047 quas
3548 4977 3725 5031 habet
3770 4978 3959 5043 Pater,

2258 5082 2385 5120 mea
2415 5070 2568 5131 sunt,
2618 5073 2674 5120 et
2711 5066 2816 5120 iste
2848 5065 2970 5135 ipse
3009 5066 3259 5135 Spiritus
3314 5066 3496 5119 Patris
3535 5081 3697 5120 meus
3748 5070 3863 5134 est,
3909 5074 3964 5120 et

2257 5152 2327 5207 de
2359 5168 2488 5207 meo
2521 5152 2829 5223 accipiet.»
2860 5155 2975 5207 Hoc
3006 5154 3202 5208 dicens
3224 5156 3390 5209 docet
3422 5153 3699 5225 Spiritum
3728 5171 3768 5209 a
3820 5156 3963 5211 Filio

2258 5242 2587 5313 procedere,
2622 5243 2767 5296 sicut
2815 5243 3070 5312 procedit
3115 5260 3148 5297 a
3186 5245 3396 5298 Patre:
3447 5248 3531 5297 est
3577 5244 3729 5297 enim
3776 5244 3966 5315 Spiri-

2256 5337 2345 5385 tus
2375 5333 2647 5399 veritatis,
2705 5331 2971 5386 videlicet
3028 5333 3257 5398 Christi,
3299 5334 3399 5403 qui
3449 5334 3703 5388 veritatis
3730 5342 3825 5388 est
3858 5352 3871 5389 :
3909 5342 3966 5389 et

2259 5419 2397 5489 quia
2430 5421 2606 5474 Filius
2632 5418 2803 5474 habet
2848 5421 3043 5475 omnia
3071 5438 3199 5492 quas
3242 5421 3424 5476 Patris
3476 5426 3626 5487 sunt,
3677 5422 3788 5475 iste
3838 5423 3963 5493 ipse

2260 5508 2507 5578 Spiritus
2555 5509 2738 5563 Patris
2790 5514 3038 5564 testatur
3092 5511 3245 5581 quod
3295 5510 3366 5563 sit
3415 5510 3560 5577 Filii,
3628 5514 3685 5564 et
3751 5513 3967 5582 accipit
