4148 6180
209 294 300 346 265

1204 288 1481 345 CONTRA
1520 290 1917 346 GRECORUM
1960 289 2312 345 OPPOSITA.
2347 321 2415 330 —
2466 292 2592 345 LIB.
2636 292 2709 346 ff.

3608 299 3710 351 266

200 430 261 483 de
294 429 458 483 Filio.
490 427 639 492 Quid
666 427 909 498 accipit?
938 425 1173 480 omnino
1204 426 1635 481 subsistentiam
1670 427 1739 481 de
1788 426 1886 480 illo
1927 424 1973 481 A
2000 442 2111 495 que
2164 427 2462 481 nativitate
2509 426 2806 498 conjungi,
2873 430 2938 481 ut
2986 430 3156 483 Pater
3205 435 3261 486 et
3314 432 3509 487 Filius.
3565 438 3708 491 [tem

204 517 589 587 procedendo.

266 608 327 659 In
361 604 853 674 consequentibus
883 620 895 657 :
931 622 956 653 α
988 603 1143 657 idem
1176 606 1366 655 autem
1410 603 1653 672 Spiritus
1688 604 1807 667 Dei,
1841 608 1899 656 et

197 695 437 765 Spiritus
474 694 680 748 Christi
714 698 818 756 est,
872 693 1159 745 adducens
1206 697 1258 744 et
1301 693 1571 761 copulans
1602 709 1754 755 eum,
1798 692 1895 762 qui

196 802 249 837 se
271 783 562 845 habuerit,
606 781 850 836 Domino
880 782 1008 834 Jesu
1064 780 1307 833 Christo.
1353 782 1509 834 Unde
1554 781 1609 833 in
1650 798 1895 851 sequen-

196 874 341 925 tibus
370 872 634 924 dicitur:
686 871 747 924 Si
799 872 922 939 quis
952 874 1131 922 autem
1183 870 1453 937 Spiritum
1519 870 1735 924 Christi
1790 886 1898 923 non

198 961 371 1027 habet,
416 961 504 1013 hic
563 975 667 1013 non
715 965 793 1012 est
831 962 944 1027 ejus
996 959 1170 1025 (Rom.
1222 974 1340 1023 vui,
1375 961 1447 1025 9).
1484 980 1509 1005 ››
1566 959 1752 1028 Siqui
1813 964 1898 1011 est

196 1050 440 1120 Spiritus
471 1050 592 1112 Dei,
631 1053 797 1101 estet
830 1047 1077 1116 Spiritus
1126 1047 1357 1113 Christi,
1409 1048 1895 1116 quemadmodum

195 1145 393 1192 auctor
425 1139 531 1190 iste
566 1137 812 1200 fatetur;
849 1135 1000 1189 haud
1032 1135 1271 1188 dubium
1304 1152 1419 1188 non
1451 1141 1583 1189 sunt
1614 1136 1724 1189 duo
1768 1136 1895 1205 Spi-

195 1230 357 1293 ritus,
433 1227 580 1279 alius
645 1224 844 1289 Patris,
905 1224 1051 1276 alius
1101 1224 1246 1288 Filii,
1296 1224 1390 1277 sed
1440 1240 1587 1276 unus
1629 1230 1686 1277 et
1744 1225 1893 1278 idem

195 1317 519 1385 utriusque.
554 1314 621 1365 Et
660 1314 707 1366 si
736 1312 944 1366 Christi
976 1312 1221 1382 Spiritus
1279 1318 1363 1365 est
1410 1312 1456 1363 is
1504 1313 1601 1382 qui
1650 1313 1895 1382 Spiritus

198 1405 289 1459 Dei
316 1404 503 1457 Patris
529 1408 642 1465 est;
700 1402 845 1454 sicut
882 1401 1143 1471 procedit
1169 1418 1199 1451 a
1254 1402 1435 1463 Patre,
1470 1401 1547 1453 sic
1580 1402 1833 1470 procedit
1862 1418 1895 1454 a

196 1494 334 1548 Filio
372 1509 384 1545 :
422 1508 539 1544 non
588 1490 741 1543 enim
790 1490 928 1542 alias
981 1489 1080 1542 Dei
1132 1489 1313 1541 Patris
1370 1489 1577 1541 dicitur
1625 1489 1890 1559 Spiritus,

194 1583 301 1635 nisi
335 1581 491 1651 quod
522 1597 555 1632 a
589 1582 701 1632 Deo
734 1580 897 1632 Patre
940 1577 1225 1647 procedit;
1270 1577 1349 1629 sic
1382 1594 1494 1630 non
1536 1578 1702 1630 aliter
1748 1577 1889 1630 dici-

192 1676 285 1724 tur
315 1670 568 1739 Spiritus
599 1667 828 1729 Christi,
863 1666 971 1719 nisi
994 1666 1125 1736 quia
1155 1666 1411 1735 procedit
1433 1682 1464 1717 a
1492 1665 1714 1720 Christo
1740 1682 1752 1719 :
1777 1680 1889 1718 non

193 1759 347 1812 enim
381 1762 468 1810 est
500 1761 778 1821 creatura,
805 1773 916 1824 quo
951 1759 1223 1823 tanquam
1249 1754 1485 1806 inferior
1510 1754 1890 1823 possideatur,

189 1848 283 1901 sed
318 1845 843 1899 consubstantialis.
879 1844 970 1897 Sic
1010 1860 1242 1913 quoque
1294 1843 1446 1912 quod
1497 1842 1669 1907 addit,
1716 1843 1889 1911 Spiri-

192 1942 317 1989 tum
344 1934 555 1989 Christi
586 1950 703 1986 non
734 1934 1041 1985 habentem
1074 1931 1281 1986 Christi
1311 1948 1423 1983 non
1454 1946 1599 1994 esse,
1630 1930 1697 1982 de
1729 1930 1889 1982 Chri-

194 2030 277 2076 sto
307 2024 526 2075 fatetur
562 2022 969 2091 prodeuntem,
1004 2035 1174 2088 quem
1205 2018 1340 2072 dicit
1370 2034 1489 2070 esse
1521 2017 1760 2079 Christi;
1793 2034 1893 2070 nec

194 2130 313 2167 esse
370 2127 541 2182 posse
600 2110 828 2172 Christi,
879 2109 977 2179 qui
1011 2124 1123 2161 non
1180 2108 1383 2160 habeat
1427 2107 1702 2177 Spiritum
1739 2109 1887 2175 ejus;

197 2201 480 2269 quoniam
528 2200 587 2251 in
620 2214 734 2267 quo
791 2213 909 2249 non
967 2201 1050 2248 est
1108 2196 1355 2263 Spiritus
1407 2194 1614 2247 Christi
1648 2209 1759 2245 nou
1812 2200 1895 2245 est

196 2289 495 2342 Christus:
534 2304 647 2340 non
680 2287 833 2339 enim
866 2285 1215 2338 habitatione
1250 2288 1605 2353 separantur,
1639 2283 1734 2352 qui
1767 2282 1895 2335 sub-

194 2378 405 2429 stantia
438 2377 801 2445 copulantur.
843 2374 997 2426 Unde
1028 2373 1299 2426 discimus
1346 2372 1671 2424 societatem
1721 2387 1892 2439 quam

194 2466 363 2519 habet
392 2464 640 2533 Spiritus
661 2463 731 2517 ad
762 2462 1066 2525 Christum,
1100 2462 1253 2531 quod
1282 2461 1487 2513 habeat
1525 2465 1579 2513 et
1610 2460 1678 2513 ad
1713 2461 1891 2512 Deum

196 2556 473 2608 Patrem:
524 2568 639 2604 non
694 2552 849 2604 enim
895 2556 1080 2619 potest
1140 2565 1339 2602 eorum
1392 2548 1725 2602 societatem
1776 2564 1891 2599 non

194 2641 431 2706 habere,
463 2640 673 2709 quibus
717 2642 799 2691 est
828 2637 1352 2699 consubstantialis,
1384 2640 1439 2689 et
1463 2652 1495 2688 a
1542 2636 1748 2705 quibus
1781 2636 1893 2687 exi-

193 2730 306 2782 stit.
356 2728 604 2782 Inferius
654 2742 934 2797 quoque:
974 2743 1001 2775 (ί
1058 2726 1166 2779 Sed
1209 2730 1264 2778 et
1313 2725 1371 2778 in
1435 2725 1684 2795 Epistula
1742 2724 1891 2777 Petri

193 2817 444 2885 Spiritus
476 2821 706 2868 sanctus
734 2831 851 2867 esse
890 2814 1101 2869 Christi
1154 2814 1399 2883 Spiritus
1438 2813 1843 2882 comprobatur
1876 2829 1887 2865 :

193 2910 536 2969 scrutantes,
568 2904 778 2975 inquit,
813 2910 867 2957 et
894 2905 1256 2973 exquirentes
1288 2904 1365 2973 (id
1392 2908 1473 2955 est
1498 2902 1790 2971 prophetae
1823 2901 1891 2953 de

195 2994 407 3064 quibus
433 2995 486 3047 ei
512 2994 698 3046 fuerat
728 3010 914 3046 sermo
947 2992 1232 3062 superior)
1272 2992 1327 3043 in
1376 2991 1529 3061 quod
1576 2996 1676 3042 aut
1722 2990 1889 3058 quale
1930 3018 1970 3072 Ο

194 3091 425 3152 tempus
492 3081 856 3148 significabat
910 3081 997 3134 his
1054 3080 1152 3149 qui
1209 3080 1268 3132 in
1325 3079 1408 3131 eis
1472 3084 1595 3131 erat
1650 3077 1891 3146 Spiritus

195 3171 423 3235 Christi,
458 3170 768 3223 testificaris
808 3168 869 3221 in
920 3167 1141 3222 Christo
1190 3168 1497 3235 passiones,
1542 3171 1599 3217 et
1647 3181 1714 3217 ea
1764 3179 1891 3232 qua:

193 3265 324 3328 post
357 3263 522 3312 erant
545 3263 811 3311 secutura
840 3257 1086 3309 decreta.
1133 3275 1157 3305 »
1196 3257 1257 3308 Et
1296 3255 1465 3325 paulo
1504 3258 1631 3323 post
1664 3269 1675 3305 :
1721 3271 1747 3301 ‹(
1784 3253 1890 3304 Iste

194 3354 384 3401 autem
420 3347 670 3417 Spiritus
700 3350 925 3399 sanctus
953 3346 1136 3398 dictus
1177 3350 1262 3397 est
1300 3350 1355 3397 et
1402 3342 1645 3411 Spiritus
1678 3341 1798 3407 Dei,
1831 3345 1894 3393 ut

194 3438 314 3489 ibi:
343 3440 428 3491 Ea
469 3452 589 3504 qua:
640 3437 737 3488 Dei
771 3440 897 3488 sunt
944 3450 1093 3487 nemo
1132 3435 1281 3486 nouit
1327 3434 1439 3485 nisi
1490 3432 1735 3498 Spiritus
1796 3431 1893 3482 Dei

193 3526 245 3591 (Ι
298 3527 417 3581 Cor.
478 3542 538 3589 u,
599 3524 707 3589 Η).
768 3546 789 3570 ιο
844 3522 1119 3576 Eumdem
1168 3538 1302 3587 ergo
1360 3521 1569 3573 fatetur
1615 3518 1890 3588 Spiritum

190 3612 428 3677 Christi,
458 3611 559 3682 qui
587 3612 659 3664 sit
687 3610 927 3680 Spiritus
962 3611 1077 3675 Dei,
1115 3626 1177 3661 ac
1212 3626 1312 3678 per
1362 3608 1468 3660 hoc
1527 3608 1596 3661 de
1648 3612 1891 3675 utroque

184 3701 606 3769 prodeuntem;
661 3698 933 3769 quoniam
977 3713 1091 3750 non
1133 3697 1204 3749 sit
1245 3697 1401 3749 aliud
1445 3710 1547 3748 cur
1594 3694 1891 3762 utriusque

185 3788 417 3842 dicatur
459 3788 705 3857 Spiritus
741 3804 753 3840 :
800 3786 1039 3856 aequalis
1086 3792 1172 3838 est
1215 3785 1369 3838 enim
1422 3789 1477 3837 et
1517 3782 1893 3836 consubstan-

181 3878 362 3931 tialis.
408 3879 554 3930 Item
589 3876 739 3929 infra
778 3876 1075 3945 loquitur:
1113 3892 1139 3923 ‹‹
1185 3875 1289 3926 Per
1337 3874 1445 3925 hoc
1470 3872 1623 3942 quod
1674 3872 1754 3923 ait
1789 3888 1800 3923 :
1833 3871 1893 3924 Si

183 3972 311 4035 quis
361 3971 545 4018 autem
590 3965 859 4032 Spiritum
892 3964 1097 4017 Christi
1128 3976 1234 4014 non
1278 3961 1455 4019 habet,
1506 3962 1609 4013 iste
1658 3976 1763 4012 non
1814 3962 1891 4013 est

181 4057 303 4121 ejus
348 4056 526 4123 (Rom.
579 4068 693 4117 vui,
742 4052 813 4115 9).
865 4053 927 4103 Et
964 4051 1253 4102 infertur:
1299 4050 1358 4103 Si
1410 4053 1587 4101 autem
1644 4050 1891 4103 Christus

182 4146 243 4194 in
284 4144 445 4195 vobis
494 4145 573 4195 est
623 4140 823 4207 (Ibi1.,
882 4142 985 4208 lO),
1029 4137 1490 4191 manifestissime
1530 4136 1890 4189 demonstra-

183 4231 266 4284 vit
326 4229 776 4298 inseparabilem
845 4245 964 4280 esse
1011 4227 1284 4297 Spiritum
1330 4230 1587 4279 sanctum
1646 4242 1679 4277 a
1730 4225 1890 4279 Chri-

187 4325 309 4383 sto;
358 4319 498 4389 quia
548 4318 875 4386 ubicunque
908 4314 1153 4386 Spiritus
1184 4314 1373 4378 fuerit,
1417 4313 1495 4366 ibi
1545 4317 1599 4365 et
1637 4313 1890 4367 Christus

182 4413 271 4461 est
305 4425 319 4462 :
365 4414 427 4459 et
456 4406 845 4474 undecunque
876 4404 1083 4458 Christi
1112 4403 1357 4471 Spiritus
1387 4401 1726 4466 discesserit,
1760 4402 1892 4455 inde

181 4496 415 4564 pariter
450 4494 665 4547 recedit
694 4498 750 4545 et
776 4492 1053 4546 Christus.
1091 4512 1116 4539 in
1158 4492 1268 4543 lsta
1298 4491 1535 4543 societas
1564 4489 1811 4558 Spiritus
1837 4500 1895 4544 et

182 4584 427 4647 Christi,
478 4598 653 4652 quam
709 4581 894 4645 docet,
955 4597 1069 4633 non
1131 4585 1355 4633 tantum
1413 4581 1723 4634 voluntatis
1785 4588 1890 4640 est,

175 4686 391 4722 verum
426 4670 601 4720 etiam
621 4666 1138 4731 substantialitatis,
1170 4674 1226 4720 et
1249 4684 1367 4719 non
1400 4667 1894 4720 substantialitatis

172 4760 401 4822 solum,
462 4771 662 4809 verum
716 4755 887 4809 etiam
955 4756 1379 4825 processiouis:
1440 4761 1681 4824 possunt
1738 4755 1892 4807 enim

172 4847 490 4899 voluntate
533 4844 809 4913 conjungi
857 4860 984 4913 quae
1035 4844 1354 4896 substantia
1411 4848 1778 4912 separantur;
1833 4849 1896 4895 ut

167 4934 320 4987 illud
387 4933 549 5003 quod
611 4932 868 4985 Christus
926 4932 1179 5002 loquitur
1227 4931 1567 5001 discipulis:
1617 4934 1748 4985 Ecce
1802 4946 1895 4997 ego

168 5024 466 5077 robiscum
525 5036 647 5073 cum
701 5021 944 5074 omnibus
1003 5020 1191 5073 diebus
1248 5022 1465 5089 (Matth.
1519 5036 1708 5086 xxvui,
1768 5022 1892 5085 20);

165 5112 253 5165 vel
296 5110 465 5181 quod
514 5109 574 5161 in
608 5109 875 5179 praesenti
917 5109 1041 5161 loco
1083 5108 1243 5169 dixit,
1280 5109 1341 5160 in
1373 5124 1486 5178 quo
1522 5115 1606 5160 est
1653 5106 1897 5177 Spiritus

168 5200 396 5253 Christi
436 5198 509 5250 sit
544 5214 775 5267 quoque
810 5198 1082 5252 Christus.
1124 5198 1187 5249 In
1232 5197 1442 5267 quibus
1478 5212 1725 5265 namque
1769 5195 1895 5263 Spi-

165 5289 317 5343 ritus
368 5286 592 5341 Christi
642 5294 748 5353 est,
789 5292 846 5339 et
899 5287 1153 5339 Christus
1201 5301 1432 5355 quoque
1488 5285 1706 5354 pariter
1755 5288 1838 5335 est
1883 5299 1895 5335 :

168 5379 349 5430 simul
401 5375 650 5445 quidem
699 5380 848 5440 sunt,
903 5375 1001 5429 sed
1039 5374 1354 5438 voluntate,
1400 5390 1514 5426 non
1558 5372 1894 5425 substantia.

174 5468 326 5519 Deus
383 5462 611 5517 etenim
662 5467 719 5515 et
764 5462 936 5515 homo
976 5478 1093 5515 non
1138 5461 1327 5527 unius,
1369 5461 1463 5514 sed
1496 5460 1732 5513 diversm
1770 5464 1901 5511 sunt

175 5551 560 5608 substantiae.
597 5553 741 5605 Item
777 5557 1015 5620 possunt
1045 5549 1365 5603 substantia
1396 5548 1674 5618 copulari,
1708 5547 1901 5600 simul-

529 5648 823 5707 PATROL.
872 5648 1097 5708 CXXI.

1933 4311 2231 4379 Ddogma,
2292 4312 2462 4364 fidem
2534 4313 2924 4380 apostolicam,

2008 516 2349 585 copulantur
2407 516 2739 581 substantia,
2798 533 2908 570 non
2970 522 3165 571 autem
3225 520 3542 592 nativitate,
3608 526 3702 579 sed

2007 605 2394 673 processione,
2428 606 2601 658 Filius
2637 611 2693 658 et
2733 605 2999 675 Spiritus.
3047 607 3193 676 Ergo
3229 608 3364 661 dum
3396 610 3553 677 dicit,
3577 613 3702 667 ubi-

2006 709 2232 763 cunque
2265 694 2508 761 Spiritus
2563 694 2757 759 fuerit,
2794 694 2871 747 ibi
2906 698 2963 746 et
3011 694 3270 749 Christus
3299 702 3411 762 est;
3446 703 3501 751 et
3531 701 3705 755 unde-

2006 797 2232 852 cunque
2259 782 2467 836 Christi
2498 782 2742 851 Spiritus
2767 783 3112 849 discesserit,
3148 784 3281 837 inde
3312 786 3525 855 pariter
3554 804 3705 843 rece-

2003 870 2087 921 dit
2152 868 2535 932 etChristus,
2600 875 2881 922 monstrat
2943 870 3273 924 societatem
3354 872 3521 927 istam
3586 892 3703 929 non

2005 958 2292 1010 voluntate
2343 958 2551 1020 solum,
2597 958 3054 1027 substantiaque,
3102 974 3298 1012 verum
3349 960 3521 1015 etiam
3569 979 3700 1033 pro-

2005 1046 2347 1105 cessionem.
2397 1051 2685 1110 constare;
2716 1047 2871 1116 quod
2899 1047 3144 1116 Spiritus
3180 1064 3296 1100 non
3328 1050 3511 1103 solum
3566 1068 3702 1105 con-

2003 1134 2387 1187 substantialis
2431 1139 2611 1187 exstat
2664 1135 2892 1201 Christi,
2927 1152 3126 1189 verum
3176 1137 3349 1189 etiam
3390 1138 3590 1193 existat
3630 1143 3701 1195 ab

2006 1222 2152 1292 ipso.

2074 1312 2214 1364 Item
2275 1311 2558 1380 posterius
2615 1312 2874 1380 Apostoli
2924 1313 3319 1368 testimonium
3379 1332 3697 1383 assumens,

2002 1400 2118 1453 ait:
2171 1422 2196 1447 ‹‹
2247 1402 2363 1455 Non
2405 1403 2694 1468 accepistis
2747 1403 3021 1469 Spiritum
3061 1407 3338 1458 servitutis
3386 1408 3445 1459 in
3513 1409 3703 1460 timore

2002 1488 2173 1557 (Rom.
2227 1505 2340 1551 vui,
2391 1492 2501 1554 15);
2550 1489 2602 1541 id
2646 1494 2730 1541 est
2773 1506 2890 1542 non
2932 1491 2990 1543 in
3030 1491 3467 1547 similitudinem
3518 1511 3703 1548 servo-

2003 1592 2149 1641 rum,
2177 1582 2327 1629 metu
2362 1582 2416 1629 et
2448 1583 2663 1629 terrore
2686 1594 2982 1647 pcenarum
3011 1597 3108 1631 vos
3135 1581 3433 1635 abstinetis
3458 1599 3492 1635 a
3521 1584 3698 1648 vitiis,

2003 1666 2137 1735 quia
2169 1666 2392 1719 habetis
2418 1666 2572 1719 vobis
2603 1667 2797 1720 datum
2832 1667 3110 1737 Spiritum
3145 1670 3493 1738 adoptionis,
3529 1672 3583 1725 id
3619 1677 3703 1725 est

2002 1754 2278 1823 Spiritum
2312 1759 2568 1807 sanctum
2593 1774 2606 1820 ;
2630 1754 2726 1824 qui
2758 1756 2931 1809 etiam
2965 1757 3210 1826 Spiritus
3229 1758 3351 1811 Filii
3374 1763 3429 1811 et
3450 1759 3656 1813 Christi
3684 1776 3696 1812 :

2003 1848 2059 1895 et
2088 1844 2339 1895 veritatis
2370 1844 2575 1897 dicitur
2626 1850 2795 1913 atque
2839 1845 3156 1914 sapientiae.
3201 1868 3227 1893 ››
3260 1846 3405 1909 Quid
3448 1864 3550 1917 per
3580 1848 3701 1901 haec

2005 1931 2298 1983 insinuat?
2326 1947 2458 1983 nam
2510 1932 2723 1984 veritas
2762 1937 2816 1984 et
2876 1933 3157 2001 sapientia
3200 1934 3455 1987 Christus
3498 1941 3585 1988 est
3613 1938 3701 2005 (ut

2002 2020 2290 2088 Scriptura
2333 2024 2594 2085 testatur,
2648 2025 2703 2071 et
2750 2037 2862 2073 non
2912 2022 3085 2073 semel
3136 2023 3515 2091 approbatum
3570 2027 3699 2089 est,)

2004 2108 2257 2161 Christus
2306 2122 2537 2176 quoque
2572 2107 2744 2159 Filius
2791 2108 2971 2160 Patris
3002 2113 3088 2160 est
3122 2108 3272 2160 haud
3307 2110 3569 2163 dubium.
3602 2111 3699 2164 Af-

2002 2195 2195 2248 tirmat
2248 2195 2523 2264 Spiritum
2566 2201 2827 2248 sanctum
2874 2196 3276 2265 procedentem
3305 2214 3336 2250 a
3369 2198 3533 2265 Filio,
3566 2214 3698 2268 pro-

2004 2284 2300 2337 cedentem
2327 2302 2357 2335 a
2388 2284 2638 2347 Christo;
2689 2284 3092 2353 procedentem
3143 2302 3176 2338 a
3222 2286 3458 2339 veritate
3515 2291 3572 2340 et
3616 2304 3703 2340 sa-

2003 2373 2221 2442 pientia
2250 2390 2365 2424 non
2410 2372 2642 2441 quidem
2687 2372 2839 2441 quod
2881 2372 2993 2425 sint
3024 2372 3248 2442 Spritus
3292 2373 3516 2438 diversi,
3563 2374 3700 2443 quia

2006 2479 2117 2515 non
2150 2466 2279 2513 suut
2306 2478 2433 2530 quae
2466 2461 2654 2529 posita
2683 2466 2834 2527 sunt,
2874 2478 3121 2531 quorum
3152 2478 3270 2514 esse
3323 2461 3534 2515 dicitur
3571 2463 3696 2533 Spi-

2002 2551 2170 2615 ritus,
2202 2550 2481 2601 dsversain
2538 2549 2913 2601 substantiam
2956 2549 3354 2618 significantia.
3408 2551 3700 2621 Sapientia

2003 2656 2252 2708 namque
2305 2645 2361 2689 et
2413 2638 2640 2703 veritas,
2692 2643 2747 2690 et
2792 2638 3064 2701 Christus,
3098 2639 3306 2693 Filium
3349 2640 3693 2708 prmdicant:

2003 2727 2256 2782 Christus
2286 2730 2520 2795 propter
2567 2726 2863 2778 hominem
2900 2732 3258 2795 susceptum;
3291 2728 3519 2793 veritas,
3554 2744 3698 2797 quo-

2001 2816 2155 2868 niam
2215 2815 2337 2883 ipse
2386 2814 2571 2866 dixit:
2610 2817 2716 2879 Ego
2762 2830 2880 2867 sum
2932 2818 3154 2868 veritas.
3200 2815 3512 2883 Sapientia,
3562 2815 3699 2886 quia

2002 2906 2208 2957 Paulus
2234 2907 2474 2955 testatur
2506 2904 2572 2954 de
2597 2902 2720 2970 ipso
2754 2904 2801 2971 (Ι
2847 2904 2966 2957 Cor.
3004 2921 3040 2965 ι,
3084 2904 3192 2973 30),
3245 2905 3396 2973 quod
3430 2905 3502 2956 sit
3531 2904 3698 2957 nobis

2001 3009 2033 3045 a
2062 2994 2174 3044 Deo
2206 2992 2385 3043 factus
2421 2990 2729 3058 Sapientia.
2781 2991 2925 3052 Quid
2977 2992 3098 3044 haec
3138 2992 3331 3043 omnia
3375 2991 3697 3061 colligunt?

2004 3078 2203 3130 Procul
2246 3077 2419 3130 dubio
2444 3078 2597 3145 quod
2628 3078 2902 3146 procedat
2928 3094 2959 3129 a
2998 3078 3164 3142 Filio,
3196 3079 3358 3147 cujus
3390 3096 3512 3132 esse
3546 3080 3694 3132 dici-

2002 3171 2093 3218 tur
2123 3166 2367 3234 Spiritus
2399 3183 2411 3219 :
2439 3182 2551 3218 non
2580 3166 2732 3218 enim
2764 3168 2848 3220 vel
2883 3183 3011 3235 pars
3036 3167 3160 3235 ejus
3192 3171 3384 3236 potest
3412 3184 3557 3232 esse,
3602 3169 3687 3222 vel

2002 3255 2234 3324 aliquod
2266 3255 2405 3308 Filio
2456 3254 2795 3323 subjectum.
2839 3255 2993 3308 Unde
3024 3255 3181 3324 Qergo
3224 3256 3417 3308 illius?
3468 3257 3692 3309 Proces-

2002 3343 2181 3408 sione,
2216 3343 2331 3395 sive
2380 3343 2966 3397 consubstantialitate
3000 3360 3011 3396 :
3065 3344 3162 3396 sed
3195 3344 3696 3398 consubstantiali—

2000 3436 2085 3484 tas
2112 3432 2497 3500 aequalitatem
2538 3432 2820 3497 ostendit;
2849 3432 3382 3502 aequalitas‘autem
3418 3449 3533 3486 non
3565 3434 3694 3487 sub-

1994 3521 2220 3590 jicitur;
2281 3520 2379 3573 sed
2450 3520 2757 3573 confertur.
2822 3521 2978 3573 Unde
3030 3536 3167 3589 ergo
3221 3520 3463 3591 Spiritus
3534 3521 3695 3576 Filii?

2001 3608 2151 3661 haud
2182 3608 2422 3661 dubium
2445 3609 2579 3678 quia
2605 3609 2863 3677 procedit
2893 3626 2961 3661 ex
2994 3610 3152 3662 Filio.

2072 3696 2369 3749 Sufficiant
2416 3696 2521 3749 ista
2567 3697 2634 3749 de
2670 3696 2813 3748 libro
2862 3696 3086 3765 Didymi
3138 3696 3388 3749 breviter
3436 3696 3691 3765 collecta,

2002 3784 2101 3854 qui
2127 3784 2264 3837 dum
2316 3784 2451 3836 talia
2480 3784 2547 3837 de
2579 3784 2793 3853 Spiritu
2851 3791 3045 3837 sancto
3080 3784 3297 3853 positus
3340 3784 3696 3839 Alexandriae

2001 3870 2237 3923 sentiret
2267 3876 2323 3923 et
2351 3872 2641 3935 scriberet,
2688 3888 2789 3924 nec
2836 3888 2869 3924 a
2894 3871 3119 3936 Graecis,
3154 3888 3257 3925 nec
3288 3890 3320 3924 a
3366 3873 3694 3927 Graecorum

2002 3958 2444 4028 imperatoribus
2518 3965 2603 4013 est
2654 3960 2738 4012 vel
2808 3960 3211 4029 reprehensus,
3274 3960 3363 4013 vel
3439 3976 3694 4014 commu-

2002 4046 2169 4099 nione
2201 4064 2506 4116 suspensus
2536 4063 2547 4100 :
2584 4047 2981 4115 iutelligebaut
3013 4048 3164 4100 enim
3201 4049 3299 4117 qui
3331 4064 3434 4116 per
3462 4048 3523 4103 id
3547 4053 3694 4103 tem-

2000 4136 2158 4205 poris
2207 4136 2611 4205 imperatores;
2665 4136 2762 4205 qui
2796 4152 2913 4189 non
2958 4137 3145 4189 solum
3178 4136 3693 4207 Constantinopoli,

1999 4240 2197 4276 verum
2258 4224 2429 4276 etiam
2485 4224 2681 4299 Roma:
2750 4226 3085 4293 regnabant,
3167 4226 3511 4279 catholicum
3574 4242 3695 4280 esse

3009 4313 3305 4379 perfidiam
3392 4314 3696 4367 haeretico-

2003 4417 2128 4452 rum
2176 4416 2304 4469 quae
2346 4398 2687 4465 debellaliat,
2739 4405 2796 4452 et
2841 4401 3096 4453 veritatis
3153 4402 3477 4455 doctrinam
3535 4403 3692 4455 affir-

2002 4489 2208 4541 mabat.
2278 4489 2385 4541 Vos
2445 4505 2596 4541 nunc
2637 4490 3011 4557 imperatores
3068 4490 3345 4555 moderni,
3412 4491 3544 4543 novi
3602 4506 3695 4543 se-

1980 4558 2149 4628 .ctam
2199 4576 2407 4629 erroris
2450 4576 2841 4638 instituentes,
2899 4577 3081 4629 videte
3132 4578 3292 4645 cujus
3346 4578 3467 4631 sitis
3519 4578 3691 4641 fidei;

2001 4680 2255 4734 quosque
2314 4663 2583 4716 habueris
2642 4664 2701 4716 in
2745 4664 3005 4717 doctrina
3062 4665 3264 4719 Christi
3328 4666 3627 4734 magistros
3676 4684 3689 4720 :

2000 4768 2132 4806 nam
2192 4752 2422 4804 illorum
2471 4750 2877 4803 convincimini
2927 4768 3038 4804 non
3087 4769 3207 4805 esse
3253 4753 3543 4823 discipuli,
3596 4754 3695 4824 qui

2001 4840 2223 4909 priores
2264 4839 2435 4892 vestri
2475 4838 2650 4904 fuere,
2703 4839 2801 4908 qui
2863 4839 3198 4893 catholicam
3245 4841 3416 4895 fidem
3467 4842 3697 4895 robora-

2002 4944 2154 4994 vere,
2226 4927 2326 4997 qui
2389 4927 2548 4996 pravi
2618 4928 2900 4995 dogmatis
2964 4928 3191 4981 inventa
3241 4945 3466 4999 semper
3528 4944 3699 4998 expu—

2004 5033 2250 5088 guavere
2266 5058 2278 5071 .

2678 5139 2903 5193 CAPUT
2942 5141 3028 5194 VI.

2633 5256 2721 5307 Ea:
2756 5254 3066 5309 Paschasio.

2078 5370 2171 5422 His
2221 5367 2501 5421 sociemus
2555 5368 2690 5438 quid
2739 5385 2840 5439 per
2890 5370 3088 5423 eadem
3146 5377 3406 5438 tempora
3449 5370 3705 5423 Romana

2008 5458 2187 5511 sensit
2252 5458 2498 5509 Ecclesia
2546 5457 2615 5509 de
2669 5458 2883 5529 Spiritu
2952 5463 3166 5521 sancto,
3220 5463 3287 5512 ut
3363 5457 3703 5529 comproba-

2010 5546 2266 5599 verimus
2321 5562 2528 5598 novam
2571 5563 2688 5599 nou
2745 5548 2862 5600 fore
2912 5550 3120 5599 sectum
3177 5564 3346 5617 quam
3414 5548 3709 5618 pimdicat,

3348 5650 3384 5704 9
