4148 6180
461 356 559 408 267

1613 343 1972 398 RATRAMNI
2012 340 2465 397 CORBEIENSIS
2507 339 2815 395 MONACHI
3854 340 3940 388 itit;

462 486 556 540 sed
585 485 720 539 olim
776 499 809 536 a
857 479 1112 535 Patribus
1144 478 1627 544 commendatam,
1675 484 1733 531 et
1777 494 1878 547 per
1916 478 2149 531 univer-
2190 480 2233 528 Α
2264 477 2629 530 chinantibus
2660 477 2751 546 pie
2780 477 2913 529 satis
2942 481 3222 545 cauteque
3257 474 3568 545 respondet
3616 474 3809 526 doctor
3849 474 3940 525 iste

462 590 588 627 sum
628 574 799 627 totius
852 568 1113 623 Ecclesia:
1168 584 1376 637 corpus
1435 567 1795 631 vindicatam,
1848 573 1903 619 et
1955 573 2154 620 contra

463 664 685 715 diversa
728 658 1036 712 sentientes
1085 662 1502 726 expugnatam;
1552 656 1891 708 ostendatur
1941 657 2156 725 pariter

460 752 670 804 frustra
700 764 851 801 nunc
895 745 1236 815 reprehendi
1283 744 1441 814 quasi
1491 760 1699 796 novum
1750 745 1958 813 dogma
2008 761 2153 813 prae-

460 839 671 903 dicans,
715 852 845 889 cum
890 835 1021 888 sita
1069 833 1357 903 prioribus
1406 833 1615 885 nostris
1674 848 1902 901 semper
1946 833 2155 902 praedi-

460 932 673 978 catum.

534 1011 882 1071 Paschasius,
929 1009 1199 1079 antiquus
1249 1008 1520 1061 Romanae
1565 1007 1713 1061 sedis
1770 1013 1825 1060 et
1855 1008 2051 1061 doctor
2104 1010 2159 1059 et

458 1103 752 1162 diaconus,
810 1098 869 1150 in
921 1098 1111 1150 libello
1159 1112 1330 1167 quem
1391 1098 1459 1149 de
1502 1096 1714 1165 Spiritu
1786 1102 1978 1149 sancto
2023 1095 2156 1147 scri-

460 1190 590 1259 psit,
638 1188 860 1256 Didymi
899 1202 1141 1256 sequens
1190 1186 1560 1237 AleXandrini
1617 1186 1871 1253 vestigia,
1944 1184 2022 1236 sic
2070 1184 2157 1236 in—

460 1278 527 1331 ﬁt
566 1278 677 1345 (lib.
708 1294 744 1337 ι,
781 1292 880 1343 cap
915 1275 964 1342 ‘2)
999 1291 1011 1327 :
1049 1295 1075 1321 ‹‹
1120 1275 1239 1327 Non
1277 1273 1544 1325 scruteris
1581 1274 1828 1341 qualiter
1881 1274 2025 1325 Deus
2065 1272 2155 1338 sit,

461 1380 633 1435 quem
692 1365 869 1415 Deum
930 1378 1049 1414 esse
1101 1360 1468 1413 manifestum
1521 1366 1621 1411 est.
1679 1360 1778 1413 Hic
1828 1359 1969 1411 ratio
2002 1360 2155 1424 latet,

461 1454 667 1506 veritas
700 1468 813 1504 non
847 1451 1001 1503 latet.
1035 1451 1147 1503 Cur
1186 1450 1507 1517 interroges
1536 1448 1825 1517 quomodo
1867 1448 1937 1500 sit
1977 1447 2160 1500 socius

463 1548 519 1595 et
549 1542 784 1611 aequalis
808 1540 998 1607 Regis,
1033 1556 1202 1609 quem
1243 1538 1382 1607 regii
1413 1542 1633 1589 constat
1667 1553 1786 1589 esse
1822 1543 1877 1589 et
1925 1536 2161 1589 honoris

464 1636 519 1683 et
540 1628 785 1698 generis.
823 1628 897 1680 Ex
940 1628 1228 1695 superfluo
1260 1626 1326 1678 de
1361 1626 1592 1678 nomine
1627 1626 1814 1694 agitur
1844 1624 2158 1694 inquisitio,

462 1718 560 1772 ubi
592 1732 707 1770 non
748 1719 831 1768 est
881 1714 950 1767 de
999 1714 1349 1767 sublimitate
1398 1713 1698 1767 dubitatio.
1734 1734 1760 1762 »
1813 1715 1925 1767 Hoc
1959 1713 2157 1766 adver-

462 1823 556 1859 sus
581 1805 843 1868 Arianos,
895 1803 994 1873 qui
1043 1803 1287 1872 Spiritus
1340 1802 1520 1855 sancti
1571 1802 1930 1855 divinitatem
1986 1802 2159 1855 dene-

462 1894 696 1964 gabant,
762 1893 1018 1945 nolentes
1088 1890 1345 1943 conﬁteri
1409 1891 1558 1943 Patri
1616 1891 1872 1961 Filioque
1916 1891 2158 1944 consub-

461 1981 803 2047 stantialem,
834 1980 931 2033 sed
964 1987 1281 2033 creaturam
1315 1979 1582 2031 dicebant
1629 1980 1768 2032 Filio
1820 1980 2157 2049 subiectam,

461 2074 737 2139 tanquam
814 2068 1122 2134 minorem,
1193 2083 1290 2119 vos
1379 2068 1657 2119 veraciter
1708 2067 2028 2132 confutans,
2107 2070 2163 2120 et

466 2159 644 2211 Deum
686 2172 883 2209 verum
912 2171 1033 2208 esse
1074 2154 1347 2224 praedicat
1396 2160 1451 2208 et
1498 2155 1701 2220 Patris,
1756 2161 1813 2208 et
1853 2156 1977 2209 Filii
2020 2171 2160 2208 con-

464 2244 918 2298 substantialem.
976 2242 1122 2306 Quid
1179 2243 1353 2296 etiam
1407 2243 1475 2295 de
1526 2243 1886 2311 processione
1952 2244 2163 2295 sentiat

466 2333 761 2386 subdendo
806 2331 1133 2384 manifestat
1174 2348 1187 2384 :
1235 2352 1261 2379 ‹‹
1300 2333 1441 2400 Ergo
1488 2331 1623 2400 quia
1654 2330 1897 2399 Spiritus
1937 2336 2162 2384 sanctus

467 2436 532 2474 ex
564 2425 806 2489 utroque
854 2420 1111 2489 procedit
1138 2419 1264 2472 ideo
1303 2420 1440 2472 dicit
1476 2435 1489 2471 :
1527 2422 1631 2487 Qui
1678 2424 1855 2472 autem
1894 2421 2163 2488 Spiritum

469 2511 684 2562 Christi
726 2522 831 2561 non
880 2508 1037 2561 habet
1076 2513 1124 2560 et
1171 2508 1256 2560 hic
1285 2523 1391 2560 non
1441 2514 1518 2560 est
1561 2509 1677 2575 ejus
1709 2509 1863 2575 (Rom
1919 2525 2034 2571 vui,
2086 2512 2159 2577 9).

469 2601 535 2653 Et
565 2600 675 2652 alio
709 2601 834 2652 loco
871 2612 883 2653 :
924 2599 1241 2665 Insumavit
1286 2603 1335 2651 et
1374 2598 1519 2650 dixit
1554 2614 1565 2651 :
1614 2600 1858 2666 Accipite
1898 2600 2165 2667 Spiritum

468 2694 713 2742 sanctum
769 2688 945 2755 (Joan.
987 2702 1077 2749 xx,
1134 2686 1246 2752 '22).
1299 2686 1559 2739 Testatur
1605 2692 1662 2739 et
1714 2687 1991 2755 Spiritum
2034 2704 2162 2740 san-

468 2783 623 2831 ctum
650 2793 713 2829 ex
746 2779 907 2829 Patre
956 2776 1211 2845 Filioque
1264 2775 1602 2843 procedere;
1645 2792 1924 2845 suamque
1978 2792 2164 2829 asser-

470 2868 687 2920 tionem
711 2866 943 2918 roborat
973 2870 1094 2916 tum
1126 2880 1190 2916 ex
1227 2866 1493 2933 Apostolo
1529 2880 1700 2932 quam
1736 2881 1807 2917 ex
1842 2866 2161 2935 Evangelia,

471 2956 685 3024 pariter
712 2954 1018 3007 ostendens
1049 2954 1185 3022 quia
1218 2952 1463 3022 Spiritus
1496 2969 1608 3005 non
1641 2953 1806 3006 aliter
1834 2955 2013 3023 possit
2044 2972 2164 3006 esse

474 3042 696 3105 Christi,
733 3043 840 3095 nisi
887 3042 1153 3113 procedat
1191 3043 1259 3094 ab
1302 3043 1425 3111 ipso
1465 3058 1477 3095 :
1521 3058 1625 3095 nec
1675 3043 1815 3094 alias
1864 3042 1961 3095 dat
2012 3044 2167 3095 Chri-

475 3139 594 3184 stus
645 3132 921 3200 Spiritum
982 3130 1348 3191 insufflando,
1409 3131 1519 3183 nisi
1573 3146 1635 3183 ex
1691 3147 1793 3183 sua
1851 3132 2170 3184 substantia

474 3222 774 3281 mittendo,
823 3221 1105 3291 siquidem
1176 3236 1303 3272 cum
1360 3221 1582 3273 dicatur
1636 3220 1884 3289 Spiritus
1939 3221 2166 3279 Christi,

476 3302 808 3359 relationem
843 3306 1051 3361 habere
1072 3310 1424 3357 monstratur
1452 3305 1521 3357 ad
1546 3304 1859 3367 Christum,
1895 3322 2007 3357 non
2038 3322 2171 3357 vero

472 3400 746 3464 tanquam
777 3410 969 3446 servus
997 3394 1131 3462 (non
1188 3394 1340 3445 enim
1375 3400 1460 3445 est
1513 3397 1794 3456 creatura)
1831 3409 1842 3445 :
1900 3394 1993 3445 sed
2044 3398 2169 3445 tan-

474 3499 645 3551 quam
693 3482 764 3534 ab
814 3482 912 3533 illo
955 3483 1185 3549 capiens
1224 3481 1578 3533 existentiam
1627 3480 2007 3546 procedendo,
2059 3497 2172 3532 non

474 3571 722 3623 creando
771 3570 858 3622 vel
892 3571 1241 3638 generando.
1274 3569 1549 3623 Similiter
1578 3585 1707 3621 cum
1743 3568 1994 3621 insufflat
2041 3585 2169 3621 eum

475 3658 754 3712 mittendo
791 3673 803 3710 :
838 3673 955 3710 non
1002 3657 1179 3710 mittit
1209 3664 1566 3721 extraneum,
1601 3674 1706 3710 nec
1740 3658 1967 3710 aliunde
1999 3674 2170 3727 quam

473 3748 541 3800 de
571 3746 803 3816 propria
835 3750 1041 3798 natura
1082 3762 1095 3798 :
1131 3762 1233 3799 nec
1264 3752 1452 3815 potest
1496 3746 1697 3815 negari
1734 3761 2001 3816 processu
2051 3746 2172 3814 ejus

475 3835 689 3899 aFilio,
718 3850 889 3904 quem
934 3833 1279 3887 insufﬂando
1329 3851 1393 3887 ex
1436 3834 1658 3888 intimis
1701 3851 1818 3887 sua:
1862 3834 2171 3887 divinitatis

476 3923 650 3976 Filius
691 3923 922 3976 emittit.
966 3922 1277 3993 Subjungit
1338 3922 1521 3975 adhuc
1559 3924 1628 3975 de
1687 3924 1883 3975 eodem
1932 3923 2170 3992 loquens

476 4011 736 4079 Spiritu:
796 4030 821 4060 ‹‹
877 4012 1074 4064 Utrum
1125 4012 1351 4080 genitus
1399 4027 1470 4063 an
1517 4012 1807 4077 ingenitus
1859 4011 1928 4062 sit
1977 4013 2167 4079 requi-

478 4100 594 4153 ris?
644 4100 789 4151 nihil
848 4114 910 4150 ex
961 4100 1067 4150 hoc
1113 4099 1341 4167 eloquia
1386 4114 1542 4150 sacra
1594 4098 1941 4155 cecinerunt.
2010 4099 2169 4151 nefas

477 4193 562 4240 est
591 4188 911 4252 irrumpere
944 4185 1159 4237 dixinia
1202 4186 1445 4237 silentia.
1486 4186 1646 4248 Quod
1686 4187 1829 4238 Deus
1874 4188 2167 4253 scripturis

476 4274 591 4325 suis
655 4274 1025 4325 indicandum
1098 4288 1219 4325 esse
1286 4289 1400 4325 non
1458 4273 1716 4331 credidit.
1788 4274 2162 4343 interrogare,

2264 567 2593 619 catholicus.
2657 567 2850 619 dicens
2908 565 3183 633 Spiritum
3213 571 3473 616 sanctum
3530 578 3633 614 nec
3666 562 3935 629 genitum,

2268 672 2369 708 nec
2401 656 2723 723 ingenitum
2757 654 2963 707 debere
3008 653 3139 713 dici,
3193 654 3348 722 quod
3395 656 3602 703 sanctae
3650 649 3941 717 Seripturae

2267 760 2379 796 non
2432 745 2795 813 loquuntur:
2851 742 3057 795 debere
3109 757 3237 793 vero
3285 739 3543 810 profiteri
3599 738 3750 807 quod
3806 737 3943 789 afﬁr-

2267 837 2445 890 mant,
2480 831 2755 899 Spiritum
2791 830 3051 882 videlicet
3078 834 3338 881 sanctum
3372 826 3525 880 Patri
3552 827 3805 895 Filioque
3833 841 3947 877 con-

2269 919 2718 984 substantialem,
2757 924 2811 970 et
2842 918 2911 969 de
2946 923 3190 985 utroque
3223 914 3651 984 procedentem.

2340 1009 2402 1060 ln
2452 1006 2861 1076 posterioribus
2910 1003 3165 1075 loquitur
3196 1004 3335 1073 (cap.
3385 1005 3468 1067 l0)
3508 1019 3519 1055 :
3554 1022 3581 1051 ‹‹
3624 1002 3688 1054 In
3735 1001 3949 1054 Actibus

2266 1098 2657 1165 apostolorum
2705 1097 2901 1147 Petrus
2944 1094 3012 1145 de
3067 1093 3308 1146 Domino
3360 1093 3493 1144 Jesu
3535 1090 3756 1144 Christo
3804 1089 3947 1141 dific-

2270 1201 2399 1237 rens
2446 1184 2523 1236 ita
2579 1184 2759 1237 dicit:
2814 1186 3047 1235 Dextera
3092 1184 3265 1248 igitur
3295 1183 3391 1233 Dei
3423 1181 3727 1249 Zexaltatus,
3771 1184 3819 1231 et
3865 1196 3949 1245 pro

2268 1275 2517 1327 missione
2568 1274 2808 1341 Spiritus
2839 1274 3015 1324 sancti
3037 1275 3253 1338 accepta
3290 1286 3324 1322 a
3384 1271 3543 1322 Putre
3576 1268 3774 1335 effudit
3824 1269 3950 1322 hunc

2270 1378 2423 1433 quem
2452 1362 2646 1415 ridetis
2671 1366 2720 1413 et
2750 1360 2955 1413 auditis
2987 1361 3132 1415 (Act.
3172 1375 3228 1423 ιι,
3263 1359 3370 1425 33).
3407 1359 3466 1410 In
3510 1358 3744 1411 dextera
3793 1356 3950 1409 Filius

2271 1452 2330 1504 in
2380 1452 2492 1504 Deo
2551 1452 2733 1515 Pater,
2780 1450 2835 1502 in
2892 1449 3142 1501 nominis
3182 1448 3269 1500 sui
3324 1447 3674 1517 proprietate
3724 1446 3951 1515 Spiritus

2271 1544 2495 1591 sanctus
2531 1540 2922 1605 designantur.
2965 1560 2990 1583 η
3028 1540 3141 1592 lloc
3192 1537 3526 1589 testimonio
3572 1535 3951 1605 comprobavit

2271 1628 2542 1697 Spiritum
2602 1635 2855 1679 sanctum
2910 1644 2940 1679 a
2990 1627 3125 1679 Filio
3186 1626 3513 1695 procedere,
3566 1641 3736 1695 quem
3788 1626 3854 1677 ab
3894 1640 3951 1675 co

2272 1716 2673 1770 dixiteﬁ‘usum
2712 1732 2723 1768 :
2754 1732 2864 1768 non
2905 1716 3056 1768 enim
3090 1715 3291 1768 effudit
3315 1714 3423 1767 nisi
3457 1714 3609 1784 quod
3645 1714 3701 1766 in
3735 1729 3794 1766 se
3825 1729 3952 1765 con-

2200 1778 2240 1830 B
2274 1804 2511 1868 timebat,
2547 1820 2659 1856 non
2696 1805 2850 1857 velut
2880 1804 2937 1856 in
2970 1805 3092 1856 loco
3125 1804 3457 1855 conclusum
3495 1818 3505 1854 :
3542 1802 3637 1855 sed
3690 1807 3949 1871 tanquam

2267 1894 2327 1947 in
2368 1910 2425 1946 se
2473 1892 2923 1945 substantialiter
2972 1898 3342 1943 manentem:
3392 1906 3494 1942 nec
3543 1889 3620 1941 sic
3662 1889 3859 1942 effudit
3902 1893 3957 1940 ut

2269 1982 2357 2035 sui
2398 1982 2790 2034 vacuationem
2824 1981 3062 2045 faceret;
3115 1978 3599 2049 quemadmodum
3650 1994 3748 2030 vas
3789 1977 3953 2030 efﬁci-

2268 2076 2362 2123 tur
2401 2086 2641 2123 vacuum
2696 2085 2825 2122 cum
2877 2068 3190 2121 effunditur
3254 2068 3408 2138 quod
3457 2066 3860 2119 continebatur
3904 2066 3957 2117 in

2268 2159 2411 2212 illo:
2465 2164 2549 2213 est
2598 2174 2790 2211 rerum
2832 2158 2979 2211 istud
3019 2172 3424 2226 corporearum
3473 2172 3485 2207 :
3530 2161 3615 2207 est
3658 2154 3717 2207 in
3767 2155 3957 2207 divinis

2270 2262 2385 2299 non
2416 2246 2590 2298 idem.
2628 2248 2770 2301 Cum
2804 2245 2954 2297 enim
2992 2246 3075 2297 vel
3122 2246 3290 2297 Pater
3318 2244 3406 2298 vel
3467 2242 3641 2295 Filius
3690 2242 3953 2311 Spiritum

2270 2334 2532 2399 effundit,
2580 2350 2694 2385 non
2744 2350 2800 2385 se
2842 2339 3063 2397 vacuat,
3112 2333 3209 2384 sed
3265 2332 3349 2383 sui
3413 2330 3668 2383 muneris
3727 2331 3957 2398 gratiam

2271 2423 2391 2476 sine
2421 2423 2734 2485 suildamno
2768 2422 2975 2492 quibus
3005 2423 3125 2473 vult
3153 2421 3562 2473 communicat.
3597 2420 3659 2473 Et
3688 2419 3834 2471 infra
3863 2436 3953 2488 po-

2273 2528 2415 2564 nens
2455 2511 2847 2564 testimonium
2880 2510 3177 2578 Apostoli:
3223 2532 3249 2557 cr
3291 2512 3393 2564 Vos
3438 2516 3616 2562 autem
3664 2526 3771 2563 non
3822 2512 3955 2561 estis.

2271 2600 2477 2670 inquit,
2511 2603 2568 2652 in
2606 2615 2784 2663 carne,
2830 2599 2924 2653 sed
2970 2602 3030 2652 in
3060 2601 3279 2667 Spiritu
3316 2615 3328 2651 :
3372 2601 3423 2652 si
3483 2604 3675 2651 tamcm
3724 2600 3958 2667 Spiritus

2273 2693 2369 2743 Dei
2409 2689 2621 2742 habitat
2666 2690 2724 2740 in
2754 2687 2918 2741 vobis.
2973 2688 3033 2741 Si
3062 2690 3185 2756 quis
3226 2692 3402 2740 autem
3434 2688 3702 2756 Spiritum
3760 2688 3961 2739 Christi

2272 2793 2377 2830 non
2410 2778 2586 2841 habet,
2611 2778 2694 2829 hic
2731 2792 2837 2829 non
2888 2782 2964 2828 cst
2992 2778 3108 2843 ejus
3138 2777 3310 2842 (Rom.
3347 2792 3465 2833 vin.
3511 2780 3585 2839 9).
3641 2777 3787 2828 Dum
3839 2775 3963 2826 dicit

2273 2868 2543 2933 Spiritum
2574 2868 2685 2930 Dei,
2724 2868 2779 2917 et
2800 2864 2973 2916 infert
3003 2869 3421 2933 consequenter
3445 2865 3717 2932 Spiritum
3745 2863 3959 2923 Christi,

2276 2954 2502 3005 adverte
2534 2952 2668 3020 quia
2720 2951 2808 3004 hic
2861 2968 3162 3019 personam
3216 2951 3427 3004 Christi
3476 2952 3580 3004 sub
3633 2953 3728 3004 Dei
3777 2951 3959 3019 appel-

2280 3041 2491 3094 latione
2545 3041 2822 3109 designat.
2870 3044 2981 3093 Aut
3030 3041 3075 3092 si
3135 3040 3225 3093 hic
3277 3042 3462 3102 Patre,
3516 3040 3676 3107 cujus
3726 3040 3964 3109 Spiritus

2279 3132 2367 3195 sit,
2402 3131 2506 3182 sub
2537 3130 2635 3182 Dei
2670 3129 3096 3197 nuncupatione
3130 3129 3433 3199 significat,
3469 3145 3595 3182 ecce
3650 3130 3739 3181 hic
3789 3131 3955 3199 Spiri-

2282 3225 2371 3270 tus
2400 3234 2504 3287 per
2530 3218 2803 3270 unitatem
2860 3218 3214 3283 substantias,
3249 3222 3305 3270 et
3363 3218 3541 3269 Patris
3574 3224 3629 3271 et
3684 3220 3810 3272 Filii
3852 3236 3961 3272 esse

2282 3307 2528 3375 Spiritus
2568 3306 2907 3365 declaratur,
2936 3311 2993 3358 et
3023 3305 3227 3357 merito
3276 3306 3585 3375 procedere
3615 3323 3677 3358 ex
3732 3314 3965 3377 utroque

2283 3396 2655 3463 dignoscitur,
2686 3401 2743 3446 et
2773 3395 2831 3446 in
2890 3393 3117 3446 vinculo
3149 3394 3453 3447 Trinitatis
3475 3394 3802 3448 distinctam
3857 3413 3967 3465 pcr-

2283 3498 2481 3535 sonam
2515 3482 2722 3533 habere
2754 3482 3128 3550 perspicitur;
3160 3487 3214 3535 et
3244 3483 3342 3552 qui
3384 3482 3665 3551 Spiritum
3716 3491 3963 3536 sanctum

2282 3585 2395 3621 non
2426 3569 2611 3631 habet,
2667 3586 2771 3622 nec
2818 3570 3100 3623 Christum
3156 3571 3365 3623 habere
3416 3576 3784 3625 monstratur.
3836 3574 3969 3625 Dens

2282 3657 2475 3727 itaque
2546 3658 2791 3727 Spiritus
2849 3666 3097 3725 sanctus,
3162 3676 3276 3728 quo
3342 3666 3545 3728 negato
3622 3668 3868 3731 negatur
3921 3666 3970 3713 et

2282 3746 2558 3813 Christus,
2622 3748 2719 3815 qui
2793 3747 2934 3800 dixit
2982 3764 2995 3801 :
3048 3749 3207 3801 Nemo
3253 3752 3397 3801 venit
3452 3750 3525 3801 nd
3584 3752 3796 3804 Patrem
3872 3754 3973 3803 nisi

2276 3851 2375 3905 per
2420 3852 2501 3888 me
2548 3836 2730 3904 (Joan.
2773 3852 2883 3897 xw,
2938 3838 3018 3904 ὓ).
3084 3838 3186 3899 Qui
3248 3838 3463 3907 Spiritu
3522 3845 3715 3891 sancto
3766 3856 3970 3893 vacuus

2280 3929 2382 3989 est,
2446 3924 2652 3977 Christi
2714 3941 2826 3977 non
2886 3930 2990 3989 est,
3062 3932 3115 3975 et
3166 3928 3415 3993 perdidit
3473 3928 3619 3979 viam
3679 3945 3790 3997 qua
3853 3945 3969 3999 per-

2278 4013 2503 4065 venitur
2562 4012 2626 4065 ad
2690 4013 2931 4066 Patrem.
2996 4034 3021 4060 ››
3085 4014 3268 4065 Multis
3333 4016 3583 4067 ostendit
3663 4018 3972 4070 rationibus

2279 4100 2555 4169 Spiritum
2589 4109 2848 4152 sanctum
2885 4106 2940 4153 et
2974 4103 3148 4153 Deum
3208 4118 3352 4165 esse,
3410 4109 3468 4156 et
3516 4105 3970 4159 consubstantia-

2280 4190 2387 4241 lem
2420 4188 2599 4241 Patris
2635 4194 2691 4241 et
2724 4190 2869 4254 Filii,
2904 4194 2959 4241 et
3006 4207 3067 4242 ex
3107 4197 3349 4261 utroque
3405 4194 3736 4261 procedere,
3799 4212 3899 4246 nec
3945 4210 3973 4245 a

2278 4277 2501 4329 vinculo
2540 4277 2830 4329 Trinitatis
2881 4294 3042 4346 posse
3093 4279 3357 4344 discerni,
3402 4298 3529 4334 cum
3584 4283 3657 4334 sit
3692 4284 3967 4351 ejusdem.

475 4362 560 4414 vel
614 4362 753 4414 scire
801 4364 1089 4429 superﬂua
1132 4362 1461 4414 curiositate
1509 4368 1563 4414 te
1615 4362 1814 4415 uoluit.
1872 4364 1984 4415 Hoc
2041 4380 2163 4432 per-
2204 4366 2433 4434 Dcujus
2464 4370 2520 4418 et
2582 4366 2745 4417 Pater
2794 4372 2848 4418 et
2908 4368 3081 4419 Filius
3135 4373 3243 4433 est,
3302 4374 3539 4422 naturae.
3614 4372 3677 4422 Et
3733 4372 3974 4425 inculcat

477 4450 669 4503 venire
740 4449 943 4502 debere
994 4450 1270 4517 judicavit
1354 4452 1424 4504 ad
1499 4452 1901 4504 conscientiam
1984 4458 2162 4517 tuam,

476 4538 629 4607 quod
682 4538 928 4607 pertinet
976 4538 1045 4591 ad
1096 4539 1338 4591 salutem
1400 4545 1576 4592 tuam.
1632 4561 1657 4586 »
1722 4541 1847 4593 Haec
1893 4541 2191 4605 adversus,

475 4643 568 4681 eos
588 4627 840 4696 loquitur
861 4628 956 4696 qui
981 4628 1228 4698 Spiritus
1250 4628 1427 4680 sancti
1452 4643 1777 4696 personam,
1805 4634 2014 4681 sancta:
2043 4629 2163 4681 Tri-

473 4715 641 4767 nitati
680 4715 1043 4783 derogantes,
1080 4716 1259 4769 Deum
1302 4732 1422 4769 esse
1464 4732 1579 4769 non
1626 4716 1993 4785 recipiebant,
2040 4722 2163 4770 tan-

474 4819 647 4873 quam
675 4803 720 4855 si
768 4805 911 4857 Deus
966 4804 1289 4867 haberetur,
1347 4807 1433 4857 vel
1480 4806 1767 4872 ingenitus
1802 4806 1890 4859 vel
1937 4807 2166 4874 genitus

471 4893 839 4947 conliteretur
870 4909 881 4945 :
919 4893 965 4945 si
997 4893 1246 4962 genitus,
1281 4893 1394 4946 duo
1436 4893 1541 4947 ﬁlii
1587 4894 1934 4957 dicerentur,
1964 4898 2019 4947 et
2042 4894 2163 4962 jam

472 4980 727 5035 Salvator
755 4979 867 5033 dici
901 4996 1017 5033 non
1048 4987 1240 5050 posset
1273 4981 1635 5051 unigenitus;
1670 4986 1931 5051 essetque
1969 4986 2167 5034 contra

470 5068 807 5123 catholicam
853 5068 1048 5134 fidem,
1098 5084 1224 5137 quae
1280 5069 1517 5138 quidem
1577 5070 1883 5122 conﬁtetur
1935 5068 2164 5121 credere

471 5174 529 5210 se
574 5158 632 5210 in
702 5159 880 5210 Deum
935 5158 1156 5210 Patrem
1208 5157 1687 5226 omnipotentem,
1747 5162 1805 5210 et
1859 5157 1919 5210 in
1975 5158 2163 5210 Jesum

471 5246 756 5299 Christum
790 5246 993 5299 Filium
1034 5246 1156 5314 ejus
1204 5246 1587 5313 unigenitum.
1637 5245 1801 5309 Quod
1834 5246 1879 5298 si
1929 5246 2165 5299 conﬁte-

473 5337 628 5383 retur
655 5332 963 5401 ingenitus,
986 5334 1107 5399 jam
1136 5348 1252 5385 non
1297 5348 1444 5385 unus
1476 5335 1658 5396 Pater,
1692 5332 1787 5386 sed
1836 5334 1948 5386 duo
2002 5350 2163 5386 com-

473 5419 881 5485 probarentur;
925 5426 981 5473 et
1020 5425 1166 5473 esset
1206 5420 1313 5473 hoc
1354 5420 1729 5473 nihilomnius
1772 5420 1905 5474 ﬁdei
1955 5422 2162 5476 Catho-

472 5505 594 5557 lica:
622 5507 783 5559 valde
825 5508 1197 5562 contrarium.
1250 5508 1547 5560 Credimus
1592 5508 1803 5561 etenim
1856 5509 1916 5562 in
1982 5527 2162 5564 unum

476 5592 652 5645 Deum
712 5594 935 5648 Patrem
996 5597 1469 5666 omnipotentem.
1525 5596 1657 5648 Tam
1722 5613 1988 5665 perversa
2051 5615 2163 5651 ma-

2277 4454 2561 4508 Christum
2596 4455 2803 4507 habere
2836 4470 2949 4507 non
3009 4471 3193 4524 posse,
3238 4457 3338 4526 qui
3374 4474 3485 4510 non
3530 4458 3742 4512 haheat
3790 4460 3972 4529 Spiri-

2274 4546 2395 4594 tum
2427 4548 2725 4595 sanctum:
2762 4549 2819 4595 et
2848 4544 3121 4613 quoniam
3154 4546 3299 4598 Deus
3329 4552 3411 4597 est
3438 4547 3684 4615 Spiritus
3722 4556 3970 4609 sanctus,

2274 4630 2373 4698 qui
2435 4632 2726 4700 negaverit
2777 4631 3080 4699 Spiritum,
3139 4640 3555 4705 consequenter
3630 4639 3861 4707 negarit
3920 4643 3972 4691 et

2276 4720 2604 4772 Christum:
2648 4721 2799 4789 quod
2840 4738 2953 4774 non
2996 4722 3178 4785 fieret,
3213 4724 3259 4775 si
3311 4740 3422 4777 non
3481 4726 3537 4777 in
3589 4726 3817 4780 Christo
3852 4744 3973 4779 ma-

2275 4812 2455 4870 neret,
2489 4813 2543 4859 et
2600 4807 2652 4859 ei
2710 4811 3210 4863 consubstantialis
3261 4813 3498 4865 existere
3538 4855 3549 4866 .
3584 4814 3811 4869 Manere
3845 4833 3975 4867 vero

2275 4896 2333 4947 in
2374 4895 2621 4960 Christo,
2665 4899 2721 4947 et
2750 4898 3293 4953 consubstantialem
3340 4918 3461 4953 esse
3518 4903 3738 4956 Christo
3794 4906 3973 4974 Spiri-

2274 4985 2446 5034 ritum
2505 4983 2904 5051 procedentem
2968 4988 3038 5039 ab
3098 5004 3163 5039 eo
3216 4989 3568 5042 demonstrat
3622 5007 3769 5045 :non
3821 4994 3976 5045 enim

2274 5074 2481 5139 potest,
2515 5071 2623 5122 nisi
2653 5073 2919 5139 procedat
2951 5075 3018 5125 ab
3054 5074 3171 5139 illo,
3218 5077 3276 5128 in
3308 5077 3460 5146 quod
3520 5084 3735 5140 manet,
3779 5086 3839 5133 et
3888 5084 3976 5133 cui

2274 5158 2832 5213 consubstantialiter
2879 5162 3158 5227 inhzeret;
3202 5169 3255 5216 et
3312 5182 3441 5218 cum
3473 5167 3563 5219 via
3593 5167 3664 5219 sit
3718 5169 3978 5222 Christus

2274 5247 2340 5300 ad
2371 5248 2613 5311 Patrem,
2649 5249 2747 5316 qui
2779 5249 3055 5316 Spiritum
3088 5268 3201 5305 non
3249 5253 3440 5322 habet,
3486 5256 3633 5308 viam
3686 5257 3975 5311 Christum

2273 5336 2482 5387 habere
2534 5353 2643 5388 non
2690 5339 2883 5391 valet:
2928 5355 3044 5392 non
3093 5340 3246 5393 enim
3279 5342 3523 5397 alterum
3572 5345 3780 5397 habere
3848 5347 3979 5416 quis

2273 5428 2460 5493 potest
2488 5432 2698 5493 praeter
2742 5428 3006 5486 alterum.
3052 5430 3147 5498 qui
3191 5445 3292 5483 nec
3338 5431 3657 5485 substantia
3702 5434 3972 5487 dividun-

2272 5516 2386 5576 tur,
2421 5527 2522 5564 uec
2557 5514 2869 5567 mansione.
2905 5516 3143 5585 Propter
3192 5513 3342 5587 quod
3394 5519 3607 5587 Spiritu
3650 5526 3845 5575 sancto
3878 5539 3974 5574 va-

2274 5616 2432 5665 CUtlS,
2474 5600 2693 5656 Christo
2755 5620 2981 5675 quoque
3034 5622 3239 5659 vacuus
3300 5608 3616 5675 invenitur;
3678 5610 3814 5681 quia
3873 5612 3972 5682 qui
