4148 6180
184 286 268 336 269

1175 288 1445 343 CONTRA
1484 290 1885 345 GRAECOBUM
1928 290 2277 346 OPPOSlTA.
2309 323 2372 330 —
2402 293 2528 347 LIB.
2572 293 2639 347 ll.

3558 306 3664 358 270

181 415 380 468 fontem
414 430 529 468 non
564 414 756 480 habet,
792 415 965 469 fontis
998 416 1213 487 irriguo
1242 435 1354 472 non
1377 418 1704 474 inundatur.
1726 420 1854 484 Qui-
1893 425 1937 477 A
1968 422 2310 489 continenti,
2344 426 2728 492 comparatur.
2776 425 2853 479 De
2890 440 3005 495 quo
3048 435 3466 499 consequenter
3513 434 3661 505 adji-

182 504 270 556 bus
320 504 592 557 omnibus
642 504 933 559 evidenter
978 507 1301 561 ostenditur
1331 509 1607 562 aChristo
1662 526 1855 579 proce-

180 594 293 645 dere
325 592 603 662 Spiritum
633 600 914 647 sanctum.

237 682 299 734 Et
332 681 482 733 intra
513 684 661 751 (cap.
700 684 783 751 ll)
820 699 832 734 :
871 706 891 731 ι
936 685 1021 737 Nil
1057 683 1249 754 itaque
1306 684 1357 737 in
1405 686 1614 755 Spiritu
1662 693 1853 739 sancto

178 770 541 840 semiplenum
575 776 828 838 putetur,
866 773 999 842 quia
1045 773 1391 841 plenitudini
1443 783 1807 843 comparatur
1838 796 1852 830 :

180 874 291 911 nam
342 858 443 928 qui
494 858 561 911 ad
610 859 789 912 vicem
825 860 923 912 Dei
967 860 1222 929 pignoris
1268 861 1391 915 loco
1440 863 1736 927 tribuitur,
1772 865 1853 916 fas

176 964 271 999 non
304 951 408 1011 est,
444 953 506 1000 ut
536 948 691 1001 aliud
725 964 895 1017 quam
944 950 1087 1002 Deus
1121 966 1241 1002 esse
1268 952 1553 1003 credatur.
1595 974 1613 998 ι
1665 952 1849 1005 Semi-

176 1039 391 1105 plenum
417 1036 692 1105 Spiritum
753 1042 1011 1090 sanctum
1062 1037 1292 1107 deputa,
1340 1039 1601 1109 quisquis
1655 1058 1787 1093 eum
1820 1059 1850 1093 a

179 1125 295 1177 Filio
350 1125 662 1194 procedere
721 1126 1013 1195 denegat:
1047 1132 1102 1179 et
1142 1133 1309 1195 negat
1353 1145 1481 1181 eum
1546 1129 1611 1181 ad
1672 1130 1852 1183 vicem

178 1213 255 1266 Dei
280 1214 546 1283 pignoris
565 1214 689 1267 loco
719 1216 1024 1280 contribui,
1050 1217 1398 1286 quicumque
1433 1218 1851 1286 processiouem

176 1320 199 1355 a
228 1303 362 1356 Filio
385 1302 469 1355 illi
500 1319 618 1357 non
649 1304 853 1357 tribuit
888 1320 1040 1357 :non
1076 1305 1227 1358 enim
1258 1312 1439 1375 potest
1468 1307 1672 1375 plenus
1709 1308 1853 1361 Deus

178 1392 429 1461 intelligi,
486 1393 577 1445 cui
608 1392 1162 1447 consubstantialitas
1193 1394 1509 1463 denegatur
1560 1395 1716 1461 Filii;
1752 1412 1851 1448 nec

175 1482 339 1533 vicem
396 1481 541 1534 valet
598 1482 693 1535 Dei
750 1488 1177 1552 reprmsentare,
1233 1484 1323 1536 cui
1382 1483 1553 1536 Filius
1605 1500 1718 1536 non
1771 1489 1851 1537 est

175 1568 683 1623 consubstantialis.
736 1571 943 1623 Verum
971 1571 1279 1624 catholicus
1318 1572 1509 1624 nullus
1542 1572 1619 1624 sic
1659 1573 1849 1639 sentit,

175 1657 256 1711 sed
288 1658 529 1727 plenum
563 1658 740 1711 Deum
772 1676 833 1711 ac
883 1659 1422 1713 consubstantialem
1463 1662 1634 1726 Patri,
1684 1662 1847 1715 Filio-

174 1764 269 1817 que
301 1747 645 1800 conﬁtetur:
682 1747 903 1801 noverit
929 1748 1058 1801 inde
1095 1749 1401 1818 procedere
1440 1749 1667 1818 Filium,
1706 1751 1852 1805 unde

176 1850 392 1904 quoque
453 1835 629 1887 sumit
687 1836 1092 1903 substantiam;
1169 1843 1226 1891 et
1264 1837 1362 1907 qui
1402 1838 1553 1891 Patri
1600 1838 1855 1909 Filioque

173 1923 466 1992 copulatur
516 1925 856 1992 substantia,
908 1926 1176 1994 procedat
1207 1943 1431 1981 necesse
1462 1933 1547 1980 est
1596 1928 1666 1981 ab
1706 1936 1853 1981 utro-

175 2029 290 2082 que.
317 2014 460 2066 ltem
486 2013 800 2083 subjungit,
833 2013 1147 2083 capitulum
1181 2032 1395 2085 ponens
1427 2016 1684 2085 ejusdem
1707 2019 1853 2085 Apo-

172 2101 287 2154 stuli
332 2102 404 2154 ad
461 2101 753 2155 Titumzu
820 2101 1012 2156 Salvos
1069 2118 1163 2157 nos
1217 2106 1348 2169 fecit
1414 2120 1513 2172 per
1578 2106 1857 2158 lavacrum

172 2192 578 2254 regenerationis
652 2197 700 2245 et
752 2194 1114 2245 renovationis
1168 2193 1410 2261 Spiritus
1467 2196 1644 2247 sancti
1702 2209 1857 2263 quem

172 2280 353 2346 effudit
382 2281 444 2331 in
467 2279 620 2332 nobis
640 2279 853 2332 abunde
898 2296 999 2347 per
1050 2282 1227 2333 Jesum
1275 2279 1550 2336 Christum
1590 2282 1718 2351 (Tit.
1772 2298 1852 2347 ιιι,

268 2368 407 2420 Ecce
436 2368 607 2421 etiam
641 2368 731 2421 hic
759 2368 861 2421 sub
894 2368 1167 2423 Trinitate
1210 2370 1509 2424 manifesta
1550 2371 1715 2423 Pater
1756 2387 1859 2441 per

175 2456 364 2509 Filium
443 2456 811 2510 abundatiam
866 2457 1108 2527 Spiritus
1174 2459 1349 2513 sancti
1427 2458 1686 2513 effundit.
1774 2460 1854 2525 Et,

174 2547 314 2615 quod
354 2546 446 2598 vel
475 2546 723 2599 maxime
756 2546 1162 2600 advertendum
1188 2553 1289 2612 est,
1323 2547 1430 2617 ipsi
1454 2548 1692 2617 Spiritui
1726 2565 1853 2601 san-

170 2640 249 2687 cto
271 2636 592 2705 potentiam
634 2635 1078 2705 regenerationis
1112 2641 1167 2689 et
1221 2636 1607 2690 reuovationis
1654 2637 1858 2690 adscri-

171 2724 258 2777 bit.
279 2744 305 2773 ι)
332 2724 549 2778 Effudit
577 2725 740 2778 Pater
761 2724 820 2777 in
852 2724 1019 2778 nobis
1039 2725 1311 2793 Spiritum
1345 2730 1602 2777 sanctum
1632 2726 1857 2779 abunde

170 2829 262 2881 per
290 2814 490 2866 Jesum
524 2813 809 2866 Christum
844 2830 856 2866 :
901 2817 963 2865 ut
994 2812 1255 2866 ostendat
1290 2812 1421 2883 quia
1452 2813 1708 2882 procedit
1737 2820 1792 2866 et
1826 2831 1859 2867 a

169 2903 319 2956 Patre
344 2908 402 2956 et
424 2918 457 2954 a
476 2903 605 2956 Iesu
639 2901 879 2955 Christo.
906 2903 1045 2956 Dum
1073 2900 1237 2954 nobis
1256 2901 1587 2967 effunditur,
1621 2902 1860 2956 effundit

1962 509 2135 574 ciens,
2172 511 2321 581 quod
2354 511 2556 564 caloris
2589 513 2710 582 ejus
2734 512 2863 582 igne
2906 531 3071 567 nemo
3119 516 3193 569 sit
3251 519 3351 587 qui
3384 537 3497 575 non
3530 540 3662 577 con-

1962 598 2235 668 tingatur,
2268 599 2406 652 illud
2440 606 2679 653 testatur
2701 602 2853 671 quod
2878 602 2945 655 de
2984 602 3122 655 Filio
3155 621 3384 677 quoque
3415 609 3658 667 dicitur:

1963 688 2067 753 Qui
2130 690 2404 741 illuminat
2461 704 2666 743 omnem
2724 692 2986 744 hominem
3057 696 3353 750 venientem
3405 701 3463 751 in
3518 700 3659 756 hunc

1960 776 2221 828 mundum
2252 778 2441 846 (Joan.
2490 794 2528 845 ι,
2569 780 2652 845 9);
2690 783 3015 832 monstrans
3065 780 3320 849 ejusdem
3355 800 3487 839 eum
3535 803 3658 841 esse

1962 866 2252 934 potentias,
2325 867 2483 935 cujus
2541 872 2598 920 et
2668 868 2862 933 Filius,
2932 869 3396 940 quandoquidem
3482 874 3659 929 Filius

1961 970 2189 1007 omnem
2263 954 2556 1007 hominem
2620 955 2926 1022 illuminat,
2990 961 3044 1011 et
3095 975 3125 1011 a
3179 960 3365 1014 calore
3413 961 3657 1032 Spiritus

1961 1042 2197 1094 extorris
2247 1058 2414 1095 nemo
2458 1043 2577 1096 ﬁat.
2627 1047 2883 1115 Cumque
2934 1052 2991 1099 et
3041 1063 3073 1098 a
3126 1049 3289 1101 Patre
3336 1053 3391 1101 et
3434 1067 3463 1101 a
3516 1053 3656 1106 Filio

1960 1130 2112 1183 mitti
2145 1130 2374 1200 dicitur,
2420 1137 2473 1185 et
2522 1132 2590 1185 de
2644 1134 2901 1202 ipsorum
2945 1135 3260 1189 substantia
3319 1139 3651 1206 procedere.

1960 1224 2312 1272 monstratur
2367 1219 2583 1289 pariter
2631 1226 2687 1273 et
2737 1238 2767 1273 a
2825 1238 2939 1290 quo
2998 1220 3072 1275 sit
3099 1222 3363 1291 Spiritus,
3398 1228 3453 1277 et
3498 1223 3658 1293 cujus

1958 1307 2184 1361 virtutis
2215 1308 2440 1374 existat;
2495 1324 2598 1378 per
2635 1309 2825 1363 omnia
2888 1310 3068 1364 Deum
3122 1311 3286 1364 illum
3354 1312 3659 1365 ostendens

1959 1397 2308 1467 coaequalem
2352 1398 2501 1450 Patri
2534 1398 2789 1467 Filioque
2820 1404 2935 1451 tam
2967 1399 3244 1468 potentia,
3290 1416 3464 1471 quam
3519 1400 3658 1453 sub-

1960 1486 2185 1553 stantia,
2209 1492 2264 1538 et
2291 1486 2425 1556 quia
2460 1486 2699 1555 prodeat
2721 1486 2790 1539 ab
2815 1492 3058 1557 utroque
3090 1504 3104 1541 :
3143 1492 3200 1542 et
3243 1488 3412 1554 infra,
3453 1490 3658 1543 Filium

1961 1574 2328 1627 introducens
2368 1575 2652 1629 dicentem
2696 1591 2707 1628 :
2750 1598 2776 1623 ‹‹
2805 1577 3108 1631 Paraclitus
3140 1579 3238 1646 qui
3283 1594 3317 1631 a
3345 1580 3504 1632 Patre
3537 1594 3661 1647 pro-

1963 1663 2104 1716 cedit
2137 1663 2310 1733 (Juan.
2344 1680 2433 1730 xv,
2467 1667 2576 1730 26),
2612 1680 2725 1717 non
2800 1665 2945 1718 dixit
2975 1666 3073 1735 qui
3123 1683 3153 1718 a
3212 1668 3370 1720 Patre
3439 1671 3660 1720 creatus

1965 1755 2067 1814 est,
2104 1751 2197 1804 sed
2238 1768 2272 1804 a
2301 1754 2460 1806 Patre
2483 1753 2747 1821 procedit,
2775 1753 2829 1807 id
2880 1759 2985 1817 est,
3043 1754 3111 1806 de
3164 1760 3420 1824 paternas
3474 1756 3655 1809 socie-

1964 1842 2079 1892 tate
2110 1841 2407 1909 potentire,
2432 1844 2487 1893 et
2519 1841 2589 1894 de
2630 1840 2978 1911 proprietate
3013 1848 3270 1907 naturae;
3314 1848 3370 1897 et
3412 1860 3479 1897 ex
3528 1843 3655 1914 ipso

1966 1944 2230 1983 sermone
2253 1929 2592 1996 ostenditur,
2638 1946 2767 1983 cum
2800 1931 3009 1985 dicitur
3034 1947 3067 1984 a
3114 1933 3279 1985 Patre
3324 1933 3655 2003 procedere,

1965 2034 2093 2071 cum
2125 2019 2287 2071 Patre
2340 2017 2569 2071 initium
2609 2035 2726 2071 non
2774 2019 3003 2073 habere.
3060 2042 3086 2069 υ
3138 2021 3249 2073 Nec
3305 2027 3473 2090 putes
3520 2037 3653 2075 eum

1966 2121 2174 2175 negare
2228 2105 2468 2158 voluisse
2517 2106 2788 2176 Spiritum
2840 2112 3099 2160 sanctum
3145 2108 3213 2160 de
3268 2107 3405 2160 Filio
3466 2124 3658 2177 proce-

1965 2194 2118 2259 dere,
2153 2194 2288 2264 quia
2318 2194 2613 2247 dixiteum
2644 2195 2711 2248 de
2748 2198 2910 2248 Patre
2950 2195 3286 2264 processisse
3333 2211 3346 2248 :
3390 2196 3656 2265 superius

1967 2298 2214 2351 namque
2264 2299 2391 2336 eum
2444 2283 2594 2337 mitti
2626 2300 2659 2336 a
2716 2284 2880 2337 Patre
2912 2288 2967 2337 et
2995 2302 3027 2337 a
3086 2283 3223 2337 Filio
3264 2284 3427 2349 dixit,
3486 2289 3543 2339 et
3586 2285 3658 2340 de

1967 2371 2219 2442 ipsorum
2279 2372 2592 2427 substantia
2648 2372 2978 2442 procedere,
3040 2376 3095 2426 et
3155 2389 3333 2426 unum
3386 2389 3519 2427 cum
3574 2373 3655 2427 eis

1966 2477 2109 2529 Opus
2144 2476 2332 2529 agere.
2378 2461 2538 2513 Nunc
2585 2476 2816 2530 quoque
2864 2460 3057 2514 dicens
3105 2476 3237 2514 eum
3285 2460 3353 2514 de
3406 2466 3660 2531 paternae

1966 2548 2234 2602 societate
2266 2549 2558 2618 potentias,
2593 2555 2647 2603 et
2681 2550 2749 2602 de
2791 2549 3143 2619 proprietate
3196 2554 3417 2603 natura)
3457 2566 3662 2620 proce-

1969 2638 2148 2692 dere:
2184 2638 2454 2708 quoniam
2500 2638 2646 2691 sicut
2686 2639 2852 2691 Pater
2904 2644 2959 2691 et
3010 2637 3182 2691 Filius
3231 2654 3334 2691 nec
3382 2638 3658 2709 potentia,

1967 2743 2071 2780 nec
2119 2733 2322 2779 natura
2383 2732 2744 2795 separantur,
2798 2726 2875 2779 sic
2936 2726 2996 2779 in
3053 2726 3352 2780 existentia
3416 2726 3662 2798 Spiritus

1967 2831 2084 2868 non
2115 2821 2521 2882 secernuntur;
2558 2814 2832 2885 quoniam
2865 2831 2994 2868 cum
3026 2815 3097 2867 sit
3136 2815 3433 2885 utriusque
3480 2815 3659 2885 Spiri-

1966 2907 2079 2969 tus,
2115 2902 2372 2973 procedit
2403 2903 2471 2956 ab
2505 2908 2779 2973 utroque;
2814 2909 2871 2956 et
2902 2919 3045 2973 quos
3073 2908 3265 2973 aequat
3310 2909 3516 2957 natura
3550 2920 3659 2974 po-

167 2992 319 3043 Pater
340 2991 623 3061 Spiritum
656 2994 932 3057 sanctum,
967 2989 1242 3061 quoniam
1292 2991 1540 3044 mittitur
1578 3008 1610 3043 a
1660 2992 1853 3057 Patre;
1896 3016 1936 3070 ρ
1968 2991 2281 3060 tentiaque,
2308 2990 2670 3061 processione
2698 3006 2816 3043 non
2847 2996 3091 3059 separat.

168 3079 541 3149 effunditper
590 3080 785 3132 Jesum
830 3079 1137 3145 Christum,
1183 3077 1469 3149 [quoniam
1518 3085 1856 3148 cooperatur

164 3169 301 3221 Patri
339 3168 521 3221 simul
562 3166 904 3220 effundendo
953 3166 1227 3238 Spiritum
1259 3186 1274 3220 :
1323 3184 1424 3221 nec
1455 3168 1608 3220 enim
1661 3168 1739 3219 sic
1776 3166 1857 3219 ait

161 3257 457 3311 effundere
505 3258 731 3310 Patrem
790 3272 895 3325 per
964 3257 1156 3309 Jesuui
1212 3256 1522 3321 Christum,
1581 3260 1855 3325 tanquam

163 3345 417 3399 Christus
458 3361 576 3398 non
603 3344 887 3409 effundat;
940 3362 1051 3398 non
1095 3346 1252 3398 enim
1302 3349 1644 3414 separantur
1687 3345 1855 3398 Pater

164 3442 211 3488 et
232 3436 416 3489 Filius
446 3434 818 3505 operatione;
864 3433 960 3487 sed
1020 3433 1261 3487 effundit
1314 3450 1415 3503 per
1444 3435 1636 3486 .lesum
1696 3432 1857 3487 Chri-

165 3530 329 3591 stum,
366 3524 511 3595 quia
546 3539 675 3576 cum
732 3524 897 3576 Pater
952 3523 1214 3587 effundit,
1276 3527 1330 3575 et
1380 3524 1544 3576 Jesus
1606 3522 1861 3575 Christus

166 3610 437 3679 effundit,
490 3612 627 3682 quia
658 3611 910 3664 mittitur
938 3610 1007 3663 ab
1066 3616 1345 3680 utroque;
1400 3610 1672 3680 quoniam
1726 3627 1858 3680 pro-

163 3701 305 3753 cedit
336 3705 463 3754 tam
518 3718 548 3752 a
587 3700 752 3752 Patre
808 3715 980 3769 quam
1041 3716 1071 3751 a
1119 3699 1276 3752 Filio.
1343 3699 1659 3752 Potentiam
1730 3715 1861 3752 vero

162 3787 413 3858 Spiritus
458 3788 640 3841 sancti
698 3792 936 3841 testatur
995 3793 1191 3841 auctor
1233 3788 1337 3842 iste
1386 3788 1566 3842 Patris
1624 3788 1863 3857 Filiique

161 3893 485 3948 coeequam,
519 3877 659 3930 dum
700 3877 834 3930 dicit
882 3876 1086 3929 ascribi
1128 3876 1366 3946 Spiritui
1423 3880 1618 3929 sancto
1668 3879 1863 3945 poten-

161 3966 291 4020 tiam
325 3964 794 4036 regenerationis
817 3969 872 4017 et
898 3964 1301 4029 renovatiouis,
1331 3970 1391 4017 ut
1422 3964 1683 4017 ostendat
1720 3965 1866 4035 ejus-

162 4055 287 4109 dem
320 4072 463 4109 eum
493 4071 620 4108 esse
655 4053 880 4105 virtutis
920 4053 1083 4122 cujus
1133 4056 1216 4105 est
1260 4053 1425 4105 Pater
1454 4058 1511 4105 et
1544 4052 1750 4118 Filius;
1803 4069 1866 4105 ac

161 4160 255 4214 per
292 4145 407 4199 hoc
438 4149 500 4197 et
530 4142 1029 4197 consubstantialis
1061 4145 1116 4194 et
1149 4142 1217 4195 de
1262 4146 1508 4211 utroque
1554 4142 1867 4210 procedens

162 4234 513 4288 afﬁrmatur.

2039 3079 2184 3132 Dicit
2222 3078 2500 3131 inferius:
2555 3098 2582 3128 (ι
2641 3078 2787 3142 Quid
2846 3084 2931 3130 est
2987 3083 3177 3130 autem
3234 3079 3382 3148 quod
3437 3095 3501 3131 ex
3544 3081 3658 3134 Deo

1966 3170 2129 3222 Patre
2161 3165 2333 3220 Filius
2380 3166 2531 3218 nasci
2584 3166 2815 3231 dicitur,
2866 3170 2922 3218 et
2970 3165 3219 3234 Spiritus
3265 3170 3492 3219 sanctus
3536 3183 3661 3236 pro-

1966 3255 2167 3308 cedere
2225 3252 2617 3323 signiﬁcatur?
2680 3252 2739 3305 Si
2810 3253 3066 3323 requiras
3123 3252 3263 3322 quid
3332 3252 3484 3306 inter
3559 3270 3659 3307 na-

1966 3348 2217 3397 scentem
2264 3348 2320 3395 et
2362 3342 2763 3411 procedentem
2801 3340 2992 3407 distet,
3027 3340 3321 3394 evidenter
3348 3341 3457 3394 hoc
3487 3341 3661 3395 inter-

1968 3436 2069 3498 est,
2113 3430 2247 3502 quia
2276 3430 2379 3483 iste
2409 3446 2471 3482 ex
2512 3446 2627 3483 uno
2658 3430 2932 3495 nascitur,
2974 3430 3068 3483 ille
3118 3447 3185 3499 ex
3250 3435 3495 3502 utroque
3534 3447 3663 3501 pro-

1968 3521 2244 3589 greditur.
2300 3541 2327 3568 »
2374 3519 2590 3583 Quibus
2634 3525 2687 3572 et
2718 3535 3081 3589 progressum
3135 3536 3168 3573 a
3209 3522 3374 3574 Patre
3407 3521 3661 3591 Filioque

1971 3610 2250 3681 Spiritum
2300 3608 2622 3679 proﬁtetur.
2662 3610 2724 3661 Et
2752 3609 2892 3661 ratio
2933 3609 3193 3662 redditur
3225 3626 3327 3663 cur
3356 3616 3412 3664 et
3440 3628 3474 3664 a
3522 3611 3664 3664 Filio

1971 3699 2339 3769 progreditur
2373 3714 2385 3751 :
2420 3714 2551 3751 nam
2585 3698 2630 3749 si
2676 3697 2931 3750 dicamus
2964 3698 3117 3767 quod
3149 3714 3181 3750 a
3229 3700 3394 3752 Patre
3442 3702 3665 3753 tantum

1971 3788 2263 3857 procedat,
2300 3786 2432 3840 ﬁdei
2482 3787 2803 3855 periculum
2860 3803 2974 3840 non
3030 3788 3359 3842 evitamus:
3418 3788 3667 3859 qualiter

1974 3878 2129 3931 enim
2162 3875 2333 3929 Filius
2380 3875 2582 3928 unicus
2627 3891 2747 3929 esse
2796 3876 2974 3929 Patris
3023 3875 3265 3940 dicatur,
3315 3893 3447 3930 cum
3493 3876 3664 3930 etiam

1974 3972 2028 4019 et
2060 3964 2306 4034 Spiritus
2340 3964 2597 4034 ejusdem
2630 3979 2750 4018 esse
2783 3980 2900 4017 non
2928 3964 3223 4018 taceatur?
3282 3966 3345 4018 Et
3375 3966 3666 4035 quomodo

1976 4052 2381 4124 comprobetur
2410 4069 2521 4106 non
2555 4069 2675 4106 esse
2710 4052 2904 4118 Filius,
2937 4053 3035 4123 qui
3086 4053 3239 4105 velut
3288 4052 3459 4106 Filius
3495 4070 3526 4106 a
3554 4055 3666 4107 Pa-

1975 4147 2061 4195 tre
2119 4140 2432 4195 consistat?
2484 4139 2760 4209 fugienda
2831 4144 2933 4208 est,
2992 4140 3106 4193 imo
3164 4140 3492 4195 subruenda
3542 4142 3671 4195 talis

1976 4229 2355 4300 blasphemia,
2403 4233 2462 4281 ut
2519 4228 2659 4281 fides
2709 4228 2988 4281 catholica
3034 4228 3241 4298 jaculis
3304 4228 3669 4284 inimicorum

224 4325 375 4378 Item
404 4321 699 4394 posterius
730 4321 871 4390 (cap.
904 4322 983 4386 l2)
1020 4336 1031 4373 :
1062 4319 1374 4373 Psalmistze
1434 4334 1656 4389 ponens
1703 4317 1865 4371 testi-
1910 4313 1951 4367 D
1984 4336 2097 4371 non
2122 4318 2215 4371 fiat
2244 4317 2516 4386 exposita.
2552 4317 2782 4370 Dicatur
2812 4316 3005 4387 itaque
3042 4317 3195 4386 quod
3247 4317 3425 4370 nostri
3479 4318 3671 4372 dixere

162 4414 449 4479 monium,
494 4410 781 4464 dicentis:
825 4430 847 4458 ι
884 4412 995 4475 Quo
1044 4409 1129 4462 ibo
1178 4425 1212 4461 a
1259 4409 1472 4477 Spiritu
1523 4411 1650 4461 tuo?
1695 4408 1862 4474 (Psal.

162 4517 428 4567 cxxxviu,
497 4501 577 4569 7.)
640 4500 751 4552 Hoc
813 4503 920 4566 est,
988 4497 1085 4551 ubi
1141 4513 1232 4551 me
1282 4513 1323 4550 .a
1383 4502 1685 4562 conspectu
1745 4497 1867 4565 ejus

160 4590 547 4653 abscondam,
608 4602 780 4657 quem
835 4592 1042 4655 praesto
1090 4601 1211 4639 esse
1275 4601 1379 4655 per
1423 4585 1636 4651 omnia,
1692 4584 1751 4638 id
1789 4589 1871 4637 est

163 4677 308 4731 intra
351 4684 643 4746 extraque
694 4691 807 4728 non
856 4673 1129 4743 ambigo?
1169 4694 1195 4723 ι)
1250 4675 1314 4727 Et
1342 4674 1489 4727 infra
1524 4690 1536 4727 :
1568 4694 1593 4724 (ι
1647 4674 1723 4727 De
1755 4690 1869 4743 quo

159 4769 373 4821 dictum
413 4765 716 4820 evidenter
747 4762 1091 4833 intelligitur
1133 4779 1145 4816 :
1197 4764 1298 4818 Nec
1329 4768 1406 4817 est
1448 4764 1625 4830 quise
1656 4762 1874 4815 abscon-

160 4857 251 4910 dat
307 4874 343 4910 a
402 4857 590 4910 calore
640 4854 757 4920 ejiw
790 4853 956 4920 (Psal.
1010 4868 1163 4912 xviu,
1217 4852 1291 4921 7).
1352 4852 1529 4920 Cujus
1572 4850 1874 4904 ineifabilis

160 4945 514 5016 magnitudo
565 4942 855 5012 profunda
908 4940 1247 5004 inferorum,
1307 4940 1513 4993 diffusa
1573 4940 1871 5005 ﬂuctuum,

160 5040 389 5087 extenta
424 5038 743 5091 terrarum,
797 5028 1015 5083 excelsa
1065 5028 1339 5081 caelorum
1396 5027 1593 5090 intrat,
1650 5027 1873 5096 implet,

160 5124 389 5189 excidit,
427 5121 589 5175 mitti
613 5137 644 5172 a
674 5120 838 5171 Patre
879 5122 935 5171 et
968 5118 1107 5171 Filio
1150 5117 1379 5181 dicitur,
1428 5122 1482 5169 et
1510 5117 1578 5169 de
1622 5117 1876 5185 ipsorum

160 5212 497 5267 substantia
539 5208 873 5279 procedere,
920 5212 975 5260 et
1004 5222 1181 5259 unum
1213 5221 1344 5259 cum
1398 5204 1480 5258 eis
1521 5222 1665 5275 opus
1710 5220 1879 5273 agere

161 5299 554 5369 dignoscitur.
617 5319 638 5344 ι
705 5295 802 5349 His
880 5294 1147 5348 omnibus
1208 5292 1383 5346 sancti
1450 5292 1695 5362 Spiritus
1765 5308 1882 5344 ma.

160 5391 379 5456 jestatis
410 5386 750 5442 ostenditur
780 5389 837 5438 et
881 5382 1168 5453 processio
1205 5399 1217 5437 :
1272 5398 1401 5435 cum
1442 5382 1597 5434 enim
1646 5385 1884 5434 testetur

162 5481 390 5534 nullum
428 5493 561 5531 esse
596 5478 786 5529 locum
818 5474 1112 5545 aSpiritus
1142 5472 1322 5527 sancti
1348 5470 1654 5541 praasentia
1692 5485 1885 5523 remo-

166 5574 306 5633 tum,
340 5567 543 5623 Patris
573 5565 818 5634 Filiique
852 5561 1136 5617 divinitati
1157 5566 1359 5615 cuncta
1392 5557 1735 5630 penetranti,
1773 5558 1886 5610 sive

1979 4408 2260 4476 majores:
2307 4405 2481 4459 Filius
2512 4422 2576 4458 ex
2626 4407 2790 4459 Patre
2820 4411 3006 4473 natus,
3069 4407 3221 4459 solus
3280 4407 3349 4459 de
3410 4407 3553 4473 solo,
3612 4423 3674 4461 ac

1979 4512 2079 4567 per
2108 4497 2213 4549 hoc
2246 4495 2615 4564 unigenitus:
2654 4494 2901 4563 Spiritus
2950 4511 3080 4547 vero
3124 4499 3351 4547 sanctus
3398 4495 3467 4548 de
3510 4497 3674 4549 Patre

1981 4584 2212 4655 quidem
2242 4583 2574 4653 procedens,
2609 4582 2705 4635 sed
2738 4598 2855 4634 non
2904 4582 2973 4635 de
3006 4582 3122 4634 solo
3168 4582 3354 4648 solus;
3402 4583 3672 4652 quoniam

1981 4671 2253 4743 procedat
2281 4676 2389 4723 eta
2430 4671 2593 4737 Filio,
2626 4686 2698 4722 ne
2740 4670 2884 4723 duos
2922 4670 3087 4723 Filios
3120 4670 3414 4723 videamur
3469 4671 3675 4740 praedi-

1982 4777 2129 4825 care,
2178 4759 2601 4829 processionem
2638 4758 2882 4828 Spiritus
2914 4758 2959 4810 si
3008 4758 3076 4812 de
3102 4759 3266 4812 Patre
3311 4759 3675 4813 solummodo

1984 4849 2377 4903 conﬁteamur.
2447 4848 2626 4918 Igitur
2680 4847 2876 4901 doctor
2942 4847 3045 4900 iste
3102 4847 3385 4915 majorum
3463 4847 3674 4901 doctri-

1984 4954 2119 4992 nam
2189 4943 2415 4991 secutus
2488 4951 2745 4999 suorum,
2805 4934 2921 4987 suis
2995 4935 3238 5004 posteris
3326 4934 3679 5003 transcripsit

1987 5027 2140 5098 quod
2172 5044 2204 5079 a
2234 5025 2350 5078 suis
2381 5024 2666 5095 prioribus
2723 5023 2942 5093 accepit
2972 5040 2985 5076 :
3040 5039 3286 5093 cumque
3330 5024 3399 5077 de
3458 5021 3677 5092 Spiritu

1989 5120 2183 5168 sancto
2209 5116 2519 5168 Romanam
2551 5111 2783 5178 sentire,
2820 5111 2967 5164 sicut
3006 5110 3177 5165 hodie
3230 5112 3422 5175 sentit,
3463 5109 3678 5180 proba-

1990 5204 2064 5257 rit
2085 5201 2409 5267 Ecclesiam,
2443 5200 2778 5254 nullomodo
2808 5205 2999 5252 tamen
3031 5198 3297 5265 ostendit,
3343 5199 3403 5252 in
3434 5197 3535 5251 tali
3568 5197 3681 5252 ﬁde

1991 5294 2424 5361 permanentem
2503 5289 2574 5342 ab
2630 5288 3012 5342 Orientalibus
3086 5286 3342 5340 Ecclesiis
3409 5287 3498 5341 vel
3574 5286 3684 5340 ali-

1993 5378 2224 5449 quando
2264 5377 2435 5430 fuisse
2462 5377 2721 5442 divisam,
2756 5377 2841 5431 vel
2887 5391 3141 5446 unquam
3175 5374 3398 5429 diversa
3451 5375 3521 5429 de
3557 5375 3684 5447 Spi-

1994 5468 2105 5522 ritu
2137 5470 2331 5520 sancto
2366 5467 2452 5520 vel
2511 5466 2753 5519 sensisse
2794 5465 2877 5518 vel
2934 5464 3215 5517 docuisse.
3246 5466 3348 5518 Ast
3377 5481 3527 5519 nunc
3572 5464 3689 5518 mi-

1999 5556 2243 5610 randum
2274 5555 2410 5626 quid
2438 5560 2684 5625 arguant
2712 5553 2845 5608 novi
2876 5552 3162 5622 dogmatis
3196 5559 3546 5623 repertores;
3590 5568 3691 5607 cur
