4148 6180
451 331 546 383 27f

1589 323 1957 379 RATBAMNI
1999 325 2456 382 CORBEIENSIS
2495 327 2794 382 MONACHI

3852 331 3954 381 ‘27“2

455 483 483 518 ε
543 462 948 519 communione
996 477 1055 515 se
1109 459 1364 514 dividant
1413 476 1586 530 quam
1636 477 1862 530 semper
1905 465 2139 514 tenuere
2181 463 2227 518 A
2258 463 2543 517 Romanos
2572 480 2672 516 sua
2723 462 2965 532 cupiunt
2994 462 3402 515 communione
3442 462 3687 532 privare,
3724 479 3783 516 se
3849 479 3956 533 pa-

453 553 732 624 majores?
765 554 876 605 Cur
907 556 1040 604 ante
1071 550 1458 620 cognitionem
1486 549 1766 618 judicium
1811 550 2144 619 proferunt?

454 644 565 696 Cur
603 644 868 694 accusant
916 640 1074 710 prius
1127 654 1301 708 quam
1351 637 1625 691 audiant?
1687 639 1807 691 Non
1877 645 1960 691 est
2044 639 2149 691 hoc

453 729 736 799 aequitatis
795 729 1102 798 judicium,
1188 726 1287 779 sed
1332 726 1655 796 iniquitatis
1722 727 2143 796 praejudicium.

452 817 611 881 Quod
643 817 689 869 si
720 818 853 870 satis
893 821 1097 887 putant
1148 831 1270 868 esse
1316 815 1470 884 quod
1527 831 1629 884 pro
1662 821 1813 867 certo
1865 821 2172 869 noverunt

455 908 769 961 Romanam
818 905 1120 958 Ecclesiam
1177 904 1488 973 praedicare
1530 904 1598 957 de
1656 904 1874 973 Spiritu
1934 911 2150 961 sancto.

457 995 610 1064 quod
664 1012 694 1046 a
751 995 916 1046 Patre
969 993 1225 1062 Filioque
1274 992 1574 1061 procedat;
1624 997 1678 1044 et
1734 992 1949 1046 idcirco
2000 994 2153 1046 nolle

457 1083 675 1152 requiri
703 1082 854 1152 quod
887 1082 1179 1135 evidenter
1211 1096 1420 1133 novere
1447 1081 1577 1146 dici,
1623 1080 1804 1133 sciant
1848 1081 1986 1150 quia
2025 1096 2153 1132 cum

460 1170 732 1224 Romanis
785 1186 915 1222 suos
974 1185 1203 1239 quoque
1252 1169 1509 1238 judicent
1573 1169 1833 1237 majores.
1895 1171 1956 1222 Et
2019 1169 2154 1221 dum

2256 552 2392 604 riter
2423 552 2920 605 cxcommunicent
2951 568 2982 603 a
3033 567 3268 604 suorum
3305 551 3574 604 societate
3629 555 3958 622 majorum:

2257 645 2314 693 et
2357 641 2498 693 nulli
2557 644 2870 710 probentur
2943 640 3198 692 Ecclesiae
3264 640 3671 692 communione
3753 641 3956 694 catho-

2259 729 2401 791 lica>,
2435 730 2572 781 dum
2605 730 2857 782 Romana
2888 729 3291 781 communione
3315 745 3434 781 sese
3470 729 3686 781 faciunt
3718 729 3959 781 alienos.

2262 819 2376 872 lloc
2419 818 2629 870 factum
2674 817 2838 886 cujus
2895 817 2967 869 sit
3012 818 3146 869 mali
3195 818 3306 870 cito
3361 817 3748 881 considerent,
3796 834 3961 871 erro-—

2261 922 2379 958 rem
2413 906 2699 975 corrigere
2732 922 2897 959 suum
2949 922 3065 957 non
3117 905 3414 972 differant;
3461 922 3530 958 ne
3583 905 3628 958 si
3689 907 3967 959 Romanis

2261 993 2684 1047 communicare
2737 993 3047 1059 noluerint,
3082 994 3150 1046 ab
3206 995 3471 1046 universa
3531 995 3814 1048 catholica
3864 996 3968 1049 Ec-

2263 1083 2430 1135 clesia
2463 1098 2521 1134 se
2553 1085 2790 1152 paveant
2825 1082 3430 1136 excommunicandos.

1779 1457 2092 1565 LIBER
2165 1492 2649 1563 TERTIUS.

1026 1778 1249 1831 CAPUT
1293 1777 1584 1840 PRIMUM,

452 1870 524 1921 De
550 1869 890 1938 processioue
939 1867 1180 1935 Spiritus
1238 1869 1434 1919 sancti.
1496 1895 1564 1904 —
1619 1864 1777 1938 Quod
1824 1864 2152 1917 universalis

736 1939 976 1992 Ecclesia
1017 1942 1179 1991 totum
1207 1938 1383 1990 orbem
1423 1935 1855 2005 comprehendat.

521 2043 814 2111 Scriptura
844 2041 980 2094 dicit
1013 2044 1116 2098 :Ne
1148 2042 1452 2104 transferas
1481 2043 1736 2094 terminos
1760 2054 1891 2106 quos
1928 2053 2152 2106 posuere

450 2137 635 2200 patres
659 2133 741 2184 tui
763 2131 942 2201 (Prov.
970 2146 1107 2193 xxu,
1131 2131 1241 2198 28).
1267 2129 1324 2183 Si
1356 2129 1668 2181 voluissent
1689 2128 1797 2180 hoc
1829 2128 2152 2180 Graecorum

452 2219 745 2289 principes
776 2219 1060 2272 custodire
1091 2223 1464 2287 praeceptum,
1498 2233 1600 2269 nec
1629 2217 1887 2270 Romana
1916 2216 1985 2268 de
2023 2215 2149 2283 Spi-

455 2308 568 2361 ritu
617 2313 813 2361 sancto
863 2311 1156 2376 pateretur
1199 2307 1441 2359 Ecblesia
1501 2319 1902 2375 quamcunque
1959 2319 2148 2372 repre-

454 2396 811 2461 hensionem,
846 2411 948 2448 nec
984 2395 1065 2448 illi
1096 2411 1241 2447 nova
1292 2399 1639 2447 conarentur
1691 2393 1897 2451 moliri,
1950 2407 2147 2444 verum

451 2485 703 2537 contenti
737 2485 927 2538 forent
967 2484 1100 2537 fidei
1147 2483 1412 2536 terminis
1464 2499 1605 2553 quos
1645 2480 1908 2534 catholici
1955 2481 2148 2533 Patres

450 2573 770 2638 instituere,
814 2589 1075 2643 quosque
1124 2571 1435 2640 Scripturze
1493 2587 1667 2624 sacra:
1717 2586 1818 2640 per
1867 2568 2146 2638 Spiritum

451 2669 710 2714 sanctum
759 2662 927 2714 editas
990 2660 1321 2729 disposuere
1377 2660 1522 2712 :sed
1579 2658 1904 2712 cenodoxite
1947 2657 2146 2710 morbo

449 2749 792 2815 laborantes,
842 2750 930 2802 vel
981 2749 1210 2801 invidia:
1252 2752 1407 2817 peste
1451 2748 1810 2815 languentes,
1871 2746 2143 2816 quoniam

449 2837 663 2890 ﬁnibus
711 2838 998 2906 majorum
1059 2841 1354 2905 nequeunt
1410 2851 1529 2887 esse
1591 2835 1837 2887 contenti
1887 2849 2144 2898 suorum,

449 2925 690 2996 gloriam
733 2923 1028 2995 propriam
1060 2929 1405 2993 qiuerentcs.
1457 2923 1956 2992 transgrediuntur
2004 2938 2147 2991 quos

450 3014 538 3067 sui
578 3013 798 3083 priores
847 3012 1126 3066 terminos
1175 3013 1368 3066 fixere.
1422 3011 1531 3066 Sed
1575 3011 1711 3064 dum
1757 3010 1996 3080 gloriam
2046 3026 2144 3079 pa-

451 3108 680 3156 rentum
711 3107 977 3172 quzerunt
996 3101 1258 3166 obruere,
1291 3100 1555 3154 incidunt
1590 3100 1643 3152 in
1670 3099 1910 3164 foveam,
1947 3115 2143 3168 quam,

445 3191 611 3260 juxta
662 3192 972 3244 Psalmistm
1029 3207 1224 3244 vocem
1280 3190 1448 3259 (Psal.
1499 3205 1595 3255 vn,
1651 3191 1756 3254 16),
1810 3187 2078 3242 foderunt
2129 3203 2141 3240 :

450 3293 567 3330 non
598 3278 751 3330 enim
781 3277 850 3330 de
883 3278 1249 3346 processionc
1297 3276 1543 3346 Spiritus
1591 3276 1769 3328 sancti
1820 3275 2147 3328 debuissent

449 3366 626 3419 ullam
649 3365 863 3419 nostris
898 3365 1261 3435 temporibus
1293 3381 1517 3417 movere
1541 3365 1940 3434 quaestionem,
1966 3364 2011 3415 si
2061 3363 2144 3415 vel

452 3453 725 3506 doctrinis
775 3453 1056 3522 majorum
1098 3453 1416 3516 intendere,
1449 3453 1537 3504 vel
1598 3452 1906 3520 scripturas
1960 3465 2146 3502 sacras

453 3541 546 3611 pio
577 3546 884 3594 certassent
905 3542 1094 3595 studio
1126 3557 1484 3610 percensere.
1519 3539 1662 3603 Quid
1696 3539 1848 3591 enim
1899 3538 1966 3591 de
2012 3538 2144 3606 Spi-

453 3631 569 3683 ritu
638 3635 829 3683 sancto
877 3631 1087 3684 sentire
1144 3630 1476 3692 debeamus,
1555 3627 1818 3680 catholici
1887 3627 2147 3680 doctores

452 3718 671 3789 liquido
715 3718 1135 3782 demonstrant,
1187 3717 1286 3788 qui
1319 3723 1434 3770 tam
1487 3716 1870 3786 disputatione
1922 3716 2144 3769 creber-

452 3808 617 3876 rima,
680 3824 853 3879 quam
907 3807 1131 3877 scriptis
1199 3806 1682 3876 frequentissimis
1749 3805 2143 3857 haereticorum

451 3915 626 3968 prava
655 3901 977 3950 commenta
1003 3897 1071 3949 de
1104 3911 1329 3949 summa
1378 3895 1674 3958 Trinitate,
1708 3893 1801 3945 ubi
1846 3893 2014 3945 etiam
2076 3891 2145 3945 de

452 3987 699 4055 Spiritus
730 3986 910 4038 sancti
950 3985 1168 4053 pariter
1197 3984 1580 4054 processionc,
1614 3999 1727 4035 non
1780 3982 1963 4033 solum
1995 3996 2147 4033 com-

451 4075 831 4144 prehendere,
915 4088 1112 4125 verum
1215 4069 1650 4125 evidentissimis
1735 4068 2145 4121 assertionibus

455 4165 951 4231 expugnaverunt;
993 4176 1242 4229 quorum
1285 4158 1680 4211 auctoritatem
1724 4156 1986 4226 superius
2021 4157 2140 4226 jam

455 4264 569 4300 non
618 4248 857 4300 minima
924 4254 1083 4316 parte
1147 4246 1534 4317 protulimusﬁ:
1582 4245 1788 4315 quibus
1855 4245 2146 4299 evidenter

2185 3069 2223 3124 Ο
2259 3103 2326 3156 lie

2191 1772 2234 1827 B
2339 1775 2612 1827 Fortassis
2680 1775 3001 1829 Graecorum
3068 1780 3264 1829 tumor
3314 1781 3571 1846 opponet
3634 1779 3970 1832 Latinorum

2263 1863 2655 1916 auctoritatem
2691 1881 2747 1915 se
2775 1865 3028 1932 recipere
3077 1865 3256 1924 nolle;
3297 1882 3492 1918 verum
3535 1867 3672 1936 quid
3721 1868 3792 1920 de
3853 1868 3972 1920 suis

2261 1951 2410 2004 dicet
2439 1968 2578 2021 quos
2611 1969 2782 2022 supra
2823 1954 3118 2022 posuimus
3141 1953 3508 2007 auctoribus?
3535 1955 3678 2018 Quid
3725 1972 3795 2009 ne
3843 1973 3974 2010 san-

2261 2043 2480 2092 ctarum
2555 2041 2973 2109 scripturarum
3037 2042 3466 2096 conditoribus?
3523 2045 3613 2098 Au
3669 2044 3858 2097 nolint
3915 2049 3970 2097 et

2261 2127 2414 2196 ipsos
2445 2128 2714 2197 recipere,
2749 2130 3018 2198 quoniam
3054 2131 3261 2182 erroris
3290 2132 3379 2182 sui
3423 2148 3649 2184 severos
3720 2139 3971 2186 cernunt

2262 2215 2540 2280 inimicos,
2595 2221 2651 2269 et
2681 2223 3102 2286 eXpugnatores
3159 2219 3475 2288 impietatis
3512 2236 3713 2273 eorum
3759 2223 3971 2274 acerri-

2262 2320 2412 2368 mos;
2468 2305 2598 2358 licet
2631 2305 3029 2359 stultissimum
3063 2307 3131 2360 sit
3164 2307 3352 2359 direre
3418 2309 3751 2360 Latinorum
3810 2309 3967 2361 nolle

2258 2393 2659 2446 auctoritatem
2694 2395 2967 2463 recipere,
2999 2395 3194 2464 eisque
3222 2412 3334 2448 non
3367 2396 3777 2449 consentiendo
3812 2397 3965 2449 schi-

2259 2482 2452 2535 smatis
2473 2482 2783 2536 novitatem
2817 2489 3166 2549 construere,
3214 2485 3544 2553 alienosque
3598 2485 3666 2538 ab
3711 2485 3964 2538 Ecclesia

2259 2571 2684 2624 catholicasese
2729 2571 2985 2625 reddere.
3040 2572 3200 2626 Absit
3249 2579 3440 2626 autem
3477 2579 3540 2626 ut
3589 2573 3694 2626 ista
3740 2574 3832 2626 vel
3881 2574 3968 2628 di-

2256 2663 2387 2712 cant
2425 2660 2507 2711 vel
2544 2659 2809 2725 sentiant,
2862 2676 3139 2730 suamque
3181 2661 3360 2713 velint
3410 2662 3815 2714 tantummodo
3868 2663 3963 2716 vel

2257 2747 2616 2814 sententiam,
2653 2749 2738 2800 vel
2759 2749 3230 2802 consuetudinem
3266 2749 3438 2802 totius
3474 2749 3736 2803 Ecclesiae
3769 2767 3960 2819 gene-

2257 2837 2466 2889 ralitati
2499 2837 2785 2906 praeferre.
2841 2838 2933 2889 Est.
2991 2837 3145 2890 enim
3183 2837 3473 2904 jactantiee
3531 2839 3743 2890 malum
3805 2839 3968 2891 istud

2257 2926 2342 2977 vel
2370 2924 2616 2994 opinari,
2667 2925 2750 2976 vel
2800 2924 3129 2986 decernere,
3179 2930 3293 2977 tam
3346 2925 3679 2989 nefandum,
3729 2933 3790 2978 ut
3842 2943 3965 2979 non

2258 3014 2330 3066 sit
2360 3014 2676 3076 tolerabile,
2709 3030 2907 3066 verum
2940 3014 3189 3082 generali
3236 3013 3412 3066 totius
3458 3015 3718 3068 Ecclesize.
3767 3016 3970 3068 Catho-

2333 3119 2379 3156 ω
2413 3102 2729 3156 feriendum
2764 3102 3138 3155 auctoritate:
3191 3103 3415 3155 dicente
3453 3119 3700 3173 namque
3749 3104 3968 3158 Salva-

2254 3195 2374 3243 tore
2404 3190 2516 3242 suis
2555 3189 2883 3258 Apostolis:
2934 3191 3011 3242 Ite
3054 3191 3110 3242 ἰη
3145 3191 3451 3243 universum
3491 3192 3666 3243 orbem
3715 3198 3763 3244 et
3804 3209 3964 3261 prae-

2254 3279 2432 3332 dicate
2485 3279 2839 3345 Evangelium
2889 3280 3035 3330 omni
3093 3282 3353 3331 creaturae
3413 3266 3621 3347 (Marc,
3664 3296 3774 3344 xvi,
3841 3282 3963 3340 lii},

2253 3383 2371 3419 non
2405 3368 2625 3419 Graecos
2655 3372 2880 3419 tantum
2931 3365 3373 3431 commendavit,
3424 3367 3519 3420 sed
3569 3368 3746 3420 totius
3799 3370 3966 3421 orbis

2255 3454 2671 3523 plenitudinem
2695 3453 3183 3518 commemoravit,
3209 3456 3299 3507 cui
3323 3455 3751 3524 prasdicandum
3776 3457 3968 3509 Evan-

2253 3542 2467 3612 gelium
2501 3542 2790 3612 prmcepit.
2829 3544 2892 3595 Et
2923 3542 3394 3612 superbissimum
3419 3547 3501 3595 est
3531 3543 3640 3595 sibi
3669 3548 3962 3613 tauquam

2253 3630 2494 3700 speciale
2524 3631 2666 3683 velle
2696 3631 3000 3694 vindicare,
3049 3630 3200 3700 quod
3249 3636 3469 3684 constat
3499 3631 3766 3684 omnibus
3809 3649 3960 3701 gen-

2253 3719 2424 3784 tibus,
2458 3719 2684 3788 p0pulis
2731 3724 2788 3771 et
2834 3719 3046 3787 linguis
3096 3720 3440 3788 generaliter
3489 3736 3608 3772 esse
3647 3721 3956 3775 collatum.

2253 3807 2398 3862 Dicit
2428 3807 2578 3861 enim
2633 3823 2738 3877 per
2777 3808 3114 3876 prophetam
3143 3808 3387 3875 Spiritus
3435 3814 3664 3860 sanctus
3705 3811 3964 3879 loquens

2252 3897 2319 3948 ad
2346 3896 2699 3950 Hierusalem
2737 3913 2750 3949 :
2783 3897 2865 3949 Ab
2897 3897 3113 3948 Oriente
3160 3896 3429 3948 adducam
3459 3912 3632 3949 semen
3679 3903 3855 3960 tuum,
3908 3907 3967 3952 et

2252 3986 2320 4038 ab
2347 3985 2626 4039 Occidente
2655 3985 2984 4050 congregabo
3017 3990 3080 4037 te.
3135 3987 3318 4037 Dicam
3368 3987 3633 4052 Aquiloni
3667 4003 3678 4038 :
3739 3989 3855 4053 Da;
3908 3995 3966 4041 et

2252 4075 2494 4126 Austro:
2529 4073 2655 4128 Noli
2679 4073 2963 4140 prohibere
3001 4075 3131 4136 (lsa.
3168 4089 3319 4136 xuii.
3381 4073 3454 4142 ὅ).
3494 4074 3640 4126 Num
3692 4075 3762 4127 de.
3811 4077 3967 4128 solis

2253 4159 2458 4214 Grascis
2486 4159 2595 4212 ista
2616 4159 2919 4214 dicuntur?
2947 4162 3030 4211 vel
3066 4160 3132 4213 de
3167 4159 3662 4230 Constantinopoli
3696 4167 3969 4218 tantum-

2253 4249 2422 4303 modo
2485 4249 2797 4301 Jerusalem
2847 4251 3094 4317 populus
3148 4249 3490 4302 vaticinatur
3549 4251 3970 4320 colligendus?

453 4339 750 4388 ostensum
798 4334 1106 4398 credimus,
1167 4333 1303 4404 quid
1353 4333 1422 4386 de
1478 4333 1835 4402 processionc
1894 4333 2139 4402 Spiritus
2182 4361 2222 4413 ι)
2257 4337 2657 4392 Universalitas
2688 4336 2947 4405 gentium
2978 4342 3098 4388 toto
3149 4336 3285 4389 orbe
3309 4336 3514 4390 diffusa
3560 4340 3891 4403 nuntiatur,
3932 4359 3968 4395 e

453 4423 631 4476 sancti
673 4423 882 4475 sentire
911 4423 1218 4476 debeamus
1259 4439 1273 4476 :
1307 4422 1515 4492 quibus
1567 4421 1972 4485 contradicere,
2020 4422 2138 4476 imo

455 4528 569 4566 non
635 4511 994 4581 acquiescere
1056 4512 1290 4565 molitus
1333 4511 1462 4582 quis
1529 4510 1722 4573 fuerit,
1780 4510 2139 4581 apertissime

454 4603 806 4650 monstratur
842 4598 978 4651 fidei
1025 4600 1314 4652 catholica:
1369 4599 1753 4652 contradictor
1792 4605 1848 4652 et
1895 4598 2139 4668 Spiritus

451 4687 629 4740 sancti
666 4688 1110 4757 blasphemator.
1142 4688 1307 4751 Quali
1355 4704 1523 4758 pinna
1569 4703 1702 4740 vero
1759 4687 1888 4740 talis
1945 4687 2016 4740 sit
2063 4688 2139 4741 fe-

450 4775 708 4839 riendus,
744 4776 1008 4830 Veritatis
1046 4793 1144 4830 ore
1185 4776 1490 4830 didicimus
1541 4771 1874 4845 loquentis?
1893 4775 2138 4842 Spiritus

450 4863 630 4916 sancti
659 4863 1075 4933 blasphemiam
1118 4881 1302 4935 neque
1332 4865 1390 4918 in
1437 4865 1543 4918 hoc
1593 4865 1822 4926 saeculo,
1867 4865 2135 4933 nequein

446 4953 642 5006 futuro
679 4953 1085 5006 remittendam
1126 4955 1344 5018 (Matth.
1397 4970 1498 5018 xu,
1535 4955 1643 5020 32).
1696 4953 1912 5006 Placuit
1962 4953 2137 5005 etiam

447 5041 836 5113 superioribus
890 5041 1072 5094 Patris
1119 5041 1426 5111 Augustini
1464 5041 1675 5110 scripta
1702 5040 1991 5109 copulare,
2040 5041 2136 5094 do-

446 5131 616 5185 ctoris
645 5129 885 5202 egregii,
918 5134 975 5182 et
1013 5129 1163 5183 inter
1209 5129 1615 5183 ecclesiasticos
1665 5129 1967 5199 magistros
2011 5130 2129 5183 ele-

444 5219 790 5290 gantissimi;
842 5218 933 5272 cui
976 5218 1118 5288 juge
1175 5223 1465 5272 certamen
1521 5219 1788 5272 adversus
1839 5218 2133 5272 haereticos

442 5309 677 5375 mansit;
737 5310 898 5378 cujus
958 5307 1228 5362 doctrinae
1287 5307 1455 5360 simul
1497 5309 1553 5360 et
1610 5307 1958 5377 eloquentiae
2014 5322 2132 5360 non

441 5397 626 5450 solum
651 5397 861 5451 Ariana
893 5396 1176 5468 subjacuit
1218 5395 1508 5466 impietas,
1536 5411 1733 5449 verum
1775 5395 2129 5466 reliquorum

439 5480 861 5553 haereticorum,
891 5486 1426 5540 Macedonianorum
1475 5482 1759 5550 videlicet,
1789 5483 2126 5538 Manichaeo-

436 5585 589 5637 rum,
622 5571 1056 5642 Pelagianorum
1092 5574 1259 5629 cessit
1287 5573 1630 5627 immanitas.

2251 4427 2460 4498 quibus
2496 4425 2809 4479 Jerusalem
2851 4425 3088 4478 czelestis
3146 4425 3546 4494 congreganda
3577 4428 3962 4497 perdocetur.

2249 4517 2370 4570 Non
2417 4531 2552 4584 ergo
2583 4513 2688 4566 sibi
2720 4513 2975 4567 tribuant
3019 4514 3172 4583 quod
3222 4514 3495 4567 omnibus
3543 4516 3815 4584 gentibus
3863 4525 3970 4574 est

2249 4606 2549 4669 collatum;
2583 4620 2687 4657 nec
2726 4620 2843 4656 suae
2873 4601 3226 4672 praelationis
3274 4604 3622 4673 specialitate
3657 4617 3970 4676 usurpth

2248 4710 2477 4760 munus,
2521 4694 2669 4762 quod
2694 4692 3138 4745 universalitatis
3185 4708 3305 4745 esse
3364 4697 3602 4747 constat.
3647 4695 3974 4764 Aspiciant

2246 4784 2582 4836 catholicam
2606 4781 2818 4836 Christi
2854 4782 3160 4836 Ecclesiam
3187 4781 3363 4835 totius
3394 4783 3595 4836 mundi
3636 4783 3972 4841 latitudine

2246 4872 2530 4937 diffusam,
2563 4875 2618 4922 et
2647 4871 2718 4922 ab
2740 4870 2968 4924 Oriente
2999 4886 3179 4941 usque
3206 4870 3262 4924 in
3299 4871 3593 4937 Occasum,
3629 4889 3658 4925 a
3697 4872 3968 4942 Septen-

2245 4958 2433 5012 trione
2454 4974 2634 5027 usque
2661 4958 2718 5010 in
2752 4961 3020 5012 Austrum
3052 4959 3366 5014 dilatatam.
3403 4959 3700 5013 Gaudeant
3726 4960 3790 5014 in
3820 4966 3974 5017 toto

2245 5045 2383 5099 orbe
2415 5045 2700 5099 Christum
2726 5045 3143 5115 dominantem,
3167 5047 3405 5116 impleto
3435 5047 3707 5101 vaticinio
3740 5049 3967 5113 David,

2249 5149 2359 5203 quo
2384 5134 2607 5186 Patrem
2638 5132 2859 5186 inducit
2890 5133 3031 5186 Filio
3082 5135 3410 5205 loquentem
3445 5151 3458 5188 :
3501 5135 3720 5188 Postula
3752 5151 3790 5188 a
3837 5153 3977 5207 nte,

2241 5220 2446 5274 etdabo
2477 5222 2577 5274 tibi
2611 5226 2791 5289 gentes
2837 5222 3203 5275 haereditatem
3232 5227 3399 5286 tuam,
3457 5228 3508 5277 et
3548 5227 3978 5292 possessionem

2241 5313 2389 5362 tuam
2421 5311 2669 5362 terminos
2699 5312 2852 5361 terrae
2883 5310 3047 5372 (Psat.
3085 5326 3142 5374 ll,
3181 5310 3254 5379 8).
3302 5312 3365 5365 Et
3396 5310 3549 5379 quod
3594 5310 3737 5363 alius
3788 5316 3972 5381 psal-

2243 5412 2369 5450 mus
2425 5397 2484 5449 in
2535 5413 2776 5466 persona
2815 5397 3026 5453 Christi
3071 5399 3375 5468 loquitur:
3427 5400 3507 5452 Et
3555 5398 3978 5456 dominabitur

2241 5483 2526 5555 inquiens,
2562 5501 2597 5538 a
2633 5489 2775 5538 mari
2804 5501 2972 5553 usque
3001 5487 3075 5540 ad
3122 5503 3289 5554 mare,
3341 5493 3391 5542 et
3421 5504 3454 5541 a
3497 5490 3719 5556 ﬂumine
3765 5503 3978 5556 usque

2240 5572 2315 5626 ad
2353 5575 2606 5628 terminos
2634 5575 2780 5628 orbis
2820 5580 3088 5629 terrarum
3111 5577 3273 5642 (Psal.
3312 5593 3453 5642 LXXI,
3506 5576 3582 5644 8).
3635 5577 3972 5647 Nusquam
