4130 6184
231 280 333 333 '273

1246 276 1523 333 CONTRA
1561 277 1961 336 ϐΒίΕΟΟΒυΜ
2003 279 2359 336 OPPOSITA.
2386 309 2442 319 —
2484 279 2608 334 LIB.
2656 280 2748 334 ΙΙΙ.

3637 286 3742 341 274

222 410 393 465 isthic
444 411 529 464 vel
592 411 813 465 Graecos
862 408 951 464 vel
1007 410 1564 481 ConstantinOpolim
1617 412 1926 466 meminit:
1971 412 2101 467 Ain
2148 413 2297 466 vobis
2349 414 2563 481 (Matth.
2614 430 2647 466 x
2704 416 2813 479 20).
2868 414 2929 467 Et
2977 416 3129 485 quod
3179 415 3330 470 idem
3380 421 3434 470 et
3485 418 3611 471 Filii
3664 420 3738 472 sit

222 515 329 551 nec
360 504 554 551 tamen
602 515 1019 569 usquequaque
1062 500 1337 568 praeterit,
1395 501 1667 570 quoniam
1717 518 1814 554 eos
1869 501 1929 556 in

221 588 654 641 universalitate
686 588 974 640 concludit
1008 604 1019 641 :
1072 588 1438 657 specialitatis
1486 590 1926 659 praerogativam

218 678 471 743 sustulit,
508 693 576 729 ne
626 676 931 740 inllentur;
966 677 1026 729 in
1058 677 1434 746 generalitate
1474 679 1639 747 ponit
1687 696 1803 745 eos,
1864 684 1926 733 ut

219 764 639 818 humilientur:
670 771 954 835 quatenus
1005 765 1272 817 noverint
1301 782 1416 818 non
1447 766 1624 818 totius
1667 768 1924 836 corporis

224 854 479 906 Ecclesia:
512 870 569 906 se
631 854 751 906 fore
792 853 1194 923 quantitatem,
1237 853 1331 905 sed
1367 854 1711 922 portionem,
1747 861 1804 909 et
1835 872 1921 909 ve-

222 952 499 997 nerentur
523 952 765 997 matrem
800 962 830 995 a
862 944 1000 998 solis
1030 949 1160 996 ortu
1192 943 1250 995 in
1276 960 1540 997 occasum
1568 944 1750 1011 regali
1793 963 1918 999 ma-

217 1033 551 1102 gnificentia
591 1033 919 1097 sublimem,
956 1032 1119 1101 cujus
1153 1047 1210 1083 se
1266 1034 1552 1099 gaudeant
1580 1049 1700 1087 esse
1746 1035 1918 1098 ﬁlios,

220 1139 335 1175 non
364 1123 683 1190 glorientur
714 1121 827 1174 fore
864 1128 1073 1191 patres.
1132 1120 1276 1173 Dicit
1306 1121 1457 1173 enim
1506 1121 1761 1175 Salvator
1794 1140 1805 1176 :
1842 1125 1922 1177 Et

214 1212 434 1264 Patrem
485 1212 648 1263 nolite
704 1226 893 1263 vocare
928 1210 1078 1263 vobis
1126 1225 1289 1277 super
1350 1216 1596 1263 terram:
1649 1227 1787 1264 unus
1840 1218 1919 1265 est

212 1303 355 1352 enim
387 1302 547 1352 Pater
586 1304 758 1352 vester
796 1301 892 1366 qui
939 1301 996 1351 in
1035 1299 1176 1351 vietis
1221 1303 1299 1351 est
1351 1300 1575 1367 (Matth.
1632 1316 1787 1367 XXIII,
1841 1301 1915 1369 9).

212 1388 471 1441 Salvator
548 1388 721 1441 etiam
801 1388 971 1441 caelos
1028 1403 1367 1440 ascensurus
1435 1388 1552 1440 suis
1631 1389 1919 1456 promittit

210 1477 509 1546 discapulis
541 1493 553 1529 ε
588 1480 719 1531 Ecce
762 1492 856 1542 ego
900 1476 1171 1529 vobiscum
1196 1492 1315 1529 sum
1348 1492 1515 1543 usque
1560 1476 1634 1529 ad
1672 1492 1915 1530 consum-

207 1568 503 1618 mationem
532 1566 715 1618 seculi
762 1564 987 1633 (Matth.
1023 1580 1215 1628 XXVIII,
1243 1565 1355 1632 20).
1389 1564 1669 1617 Audimus
1712 1564 1913 1619 Christi

202 1654 559 1721 promissum
588 1653 855 1706 omnibus
886 1652 1268 1719 credentibus,
1320 1652 1599 1705 universae
1652 1652 1914 1707 videlicet

204 1743 495 1807 Ecclesiae,
522 1758 635 1794 non
664 1746 851 1795 autem
884 1741 1206 1811 specialiter
1253 1742 1339 1793 vel
1374 1741 1580 1795 Graecis
1622 1742 1706 1793 vel
1766 1744 1912 1795 Con-

198 1830 757 1900 stantinopolitanis.
813 1830 931 1893 Qua
982 1831 1050 1883 de
1084 1846 1142 1882 re
1203 1845 1547 1899 quacunque
1586 1830 1803 1897 lingua,
1855 1830 1914 1883 in

201 1937 551 1990 quacunque
572 1924 744 1989 gente
772 1919 1025 1973 Christus
1060 1919 1341 1988 loquatur,
1366 1920 1693 1973 Graecorum
1737 1919 1915 1988 impc-

201 2015 423 2063 ratores
452 2009 735 2078 accipiant
768 2014 1114 2071 reverenter,
1148 2024 1215 2060 ne
1248 2007 1294 2060 si
1321 2007 1794 2077 contempserint,
1819 2024 1911 2060 ve-

202 2099 435 2150 ritatem
470 2104 841 2150 contemnere
866 2095 1222 2164 judicentur,
1259 2101 1315 2148 et
1357 2096 1491 2148 inde
1523 2095 1662 2149 ﬁant
1718 2095 1911 2147 salutis

202 2186 663 2253 extorres,unde
708 2185 1006 2237 veritatem
1063 2184 1352 2237 Christum
1403 2183 1723 2253 spreverint
1770 2184 1911 2237 allo-

198 2282 475 2345 quentem
510 2292 522 2326 :
560 2290 679 2326 non
711 2275 867 2325 enim
906 2272 1149 2342 Spiritus
1180 2277 1408 2325 sanctus
1454 2272 1515 2325 in
1564 2271 1749 2341 igneis
1800 2272 1909 2325 lin-

203 2364 335 2433 guis
368 2379 543 2431 super
571 2363 859 2432 apostolos
906 2360 1254 2414 descendens
1317 2362 1641 2414 Graecorum
1685 2366 1905 2413 tantum

198 2454 466 2521 linguam
498 2452 743 2517 edocuit,
766 2466 963 2503 verum
995 2450 1253 2503 omnium
1280 2449 1536 2519 gentium
1578 2450 1907 2520 linguarum

200 2541 504 2594 scientiam
536 2541 807 2603 contulit;
835 2544 894 2592 ut
918 2544 1267 2591 monstraret
1300 2538 1604 2591 Ecclesiam
1637 2538 1907 2593 omnibus

200 2630 420 2699 linguis
454 2628 717 2681 omnium
768 2627 1115 2697 populorum
1166 2627 1510 2694 locuturam,
1563 2632 1620 2680 et
1663 2627 1907 2695 Spiritus

200 2717 389 2771 sancti
458 2716 922 2770 distributionem
992 2715 1209 2768 cunctis
1258 2715 1584 2768 nationibus
1636 2716 1906 2768 divinitus

197 2806 583 2877 largiendam.
620 2805 909 2875 Accipiunt
938 2804 1116 2874 igitur
1165 2804 1403 2873 gloriosi
1456 2804 1745 2874 principes
1779 2805 1903 2875 Spi-

198 2897 380 2949 ritum
412 2900 672 2948 sanctum
716 2910 820 2964 per
855 2896 1120 2947 Doctores
1154 2893 1433 2957 Ecclesiae,
1496 2893 1564 2945 de
1597 2893 1903 2963 semetipso

201 2983 989 3052 Latinalingualoquentem,
1020 2986 1301 3051 quatenus
1333 2981 1654 3035 humilitate
1688 2982 1901 3035 discant
1944 3007 1984 3063 ρ

198 3072 355 3124 unde
400 3070 719 3140 proﬁciant,
776 3087 849 3123 ne
893 3068 1137 3122 tumoris
1189 3068 1485 3122 inﬂatione
1532 3069 1903 3139 despicientes

196 3160 460 3214 veritatis
487 3161 705 3226 lumen,
741 3159 948 3212 erroris
974 3158 1238 3211 tenebras
1264 3158 1580 3211 incurrant.

895 3281 1119 3335 CAPUT
1159 3282 1229 3334 ll.

383 3384 725 3452 Auctoritate
744 3399 1045 3465 Augustini
1072 3398 1311 3449 haeretici
1349 3397 1719 3461 confutantur.

264 3511 624 3581 Augustinus
665 3510 969 3580 episcopus
1018 3508 1418 3578 Hipponensis,
1478 3508 1741 3578 egregius
1789 3509 1895 3561 do-

194 3606 339 3663 ctor,
409 3606 466 3653 et
525 3600 820 3653 catholicae
878 3599 1011 3652 ﬁdei
1065 3603 1463 3667 propugnator
1519 3598 1784 3665 eximius,
1840 3598 1897 3651 in

196 3690 348 3742 libro
388 3689 800 3754 Quaestionum,
853 3703 1023 3757 quem
1071 3687 1138 3740 ad
1185 3687 1448 3740 Orosium
1500 3687 1896 3756 presbyterum

197 3776 416 3839 scribit,
496 3777 647 3830 inter
720 3782 926 3829 caetera
1001 3776 1068 3828 de
1135 3774 1353 3845 Spiritu
1410 3779 1602 3826 sancto
1677 3775 1754 3826 sic
1821 3775 1899 3827 ait

200 3871 409 3934 (quaest.
432 3870 487 3931 2)
522 3882 534 3919 :
572 3885 599 3915 (ι
630 3865 907 3933 Spiritum
931 3869 1189 3917 sanctum
1223 3879 1407 3932 neque
1435 3862 1777 3932 ingenitum,
1804 3879 1899 3915 ne-

196 3971 312 4024 que
345 3954 607 4023 genitum
653 3954 796 4007 ﬁdes
844 3957 998 4006 certa
1055 3953 1320 4005 declarat.
1382 3951 1527 4015 Quia
1574 3952 1620 4004 si
1690 3952 1898 4005 dixeri-

200 4061 329 4095 mus
364 4043 709 4111 ingenitum,
757 4042 899 4095 duos
944 4046 1136 4109 patres
1186 4040 1474 4093 afﬁrmare
1531 4039 1892 4094 videbimur:

198 4135 288 4184 sin
325 4138 519 4185 autem
546 4131 828 4199 genitum,
862 4130 1005 4183 duos
1036 4128 1204 4181 Filios
1235 4128 1465 4181 credere
1495 4128 1894 4197 culpabimur:

197 4222 296 4273 sed
324 4220 479 4290 quod
514 4220 655 4272 ﬁdes
682 4226 836 4271 certa
865 4222 1040 4281 tenet,
1072 4233 1175 4269 nec
1224 4216 1536 4285 ingenitus,
1587 4232 1691 4270 nec
1745 4216 1899 4286 geni-

197 4318 310 4369 tus,
348 4309 447 4361 sed
485 4309 556 4361 ab
583 4308 879 4376 utriusque
901 4306 1236 4375 procedens,
1260 4304 1318 4357 id
1340 4312 1422 4357 est
1455 4310 1512 4358 et
1547 4322 1576 4356 a
1603 4306 1763 4357 Patre
1788 4308 1844 4357 et
1865 4324 1897 4357 a

201 4396 366 4450 Filio.
401 4397 470 4448 Et
495 4400 555 4447 ut
585 4395 708 4448 haec
758 4393 1103 4447 testimoniis
1154 4393 1489 4463 approbem,
1547 4392 1736 4462 ipsum
1789 4395 1898 4447 Do-

195 4486 422 4538 minum
478 4489 737 4536 nostrum
787 4484 980 4536 Jesum
1029 4480 1321 4535 Christum
1393 4481 1700 4550 discipulos
1770 4499 1900 4535 suos

195 4574 337 4627 audi
395 4574 744 4626 docentem:
810 4573 941 4627 Cum
990 4576 1187 4636 autem,
1238 4570 1426 4639 inquit
1478 4573 1681 4622 venerit
1734 4571 1900 4623 Para-

196 4664 359 4717 clitus
409 4677 569 4729 quem
606 4676 699 4728 ego
740 4661 890 4713 vobis
944 4663 1160 4712 mittam
1204 4676 1237 4711 a
1274 4661 1434 4711 Patre
1490 4658 1758 4726 Spiritum
1811 4674 1900 4711 ve-

197 4754 412 4816 ritatis,
461 4753 617 4817 quia
670 4751 838 4804 Patre
888 4748 1129 4817 procedit
1171 4748 1261 4801 ille
1296 4750 1656 4800 testimonium
1707 4749 1899 4815 perhi—

204 4842 349 4894 bebit
400 4840 576 4891 deme
629 4840 801 4903 (Joan.
835 4853 924 4903 xv,
975 4838 1083 4905 ‘26).
1124 4838 1186 4889 Et
1245 4852 1471 4888 rursum
1536 4835 1656 4905 ipse
1718 4835 1903 4889 Domi-

200 4946 315 4983 nus
392 4932 587 4980 noster
659 4926 818 4979 Jesus
903 4925 1155 4979 Christus
1226 4930 1355 4995 post.
1423 4926 1902 4979 resurrectionem

199 5035 391 5081 suam,
425 5021 490 5069 ut
537 5015 865 5068 ostenderet
898 5031 926 5067 a
975 5031 1032 5067 se
1080 5014 1385 5084 procedere
1442 5014 1716 5083 Spiritum
1775 5031 1902 5067 san-

197 5113 383 5171 ctum,
438 5104 648 5158 sicuta
705 5104 891 5165 Patre,
946 5103 1244 5157 insufﬂans
1290 5102 1349 5155 in
1396 5103 1706 5172 discipulos
1764 5104 1845 5157 ait
1888 5120 1899 5157 :

214 5198 453 5264 accipite
480 5192 747 5262 Spiritum
772 5197 1017 5246 sanctum
1050 5192 1226 5263 (Joan.
1276 5208 1364 5257 xx,
1416 5192 1527 5259 22).
1582 5194 1736 5246 Unus
1766 5208 1903 5261 ergo

200 5285 451 5354 Spiritus
482 5288 567 5336 est
602 5281 785 5335 Patris
818 5286 875 5334 et
906 5281 1051 5345 Filii,
1088 5297 1234 5334 unus
1280 5281 1577 5333 amborum
1639 5281 1902 5350 Spiritus.

204 5374 389 5441 Igitur
416 5371 571 5442 quod
603 5369 784 5424 Patris
805 5370 879 5422 sit
906 5369 1171 5438 Spiritus,
1199 5370 1321 5438 ipse
1356 5370 1634 5422 Dominus
1683 5375 1739 5422 et
1783 5369 1904 5423 Sal-

201 5467 369 5513 vator
394 5464 588 5512 noster
617 5458 908 5527 discipulis
952 5458 1065 5510 suis
1112 5458 1234 5511 ait:
1292 5460 1408 5513 Non
1453 5461 1596 5511 enim
1636 5473 1727 5512 vos
1779 5460 1906 5512 estis

206 5552 311 5619 qui
343 5549 652 5619 loquimini,
686 5546 781 5601 sed
808 5548 1053 5617 Spiritus
1092 5548 1273 5601 Patris
1316 5549 1484 5600 vestri
1524 5548 1621 5615 qui
1667 5548 1909 5614 loquitur

2039 501 2309 571 Spiritus,
2344 502 2553 554 Paulus
2585 504 2874 570 apostolus
2910 505 3067 557 testis
3109 510 3191 558 est
3227 522 3238 558 :
3273 508 3324 558 si
3370 509 3493 574 quis
3533 516 3733 572 autem,

2036 590 2244 659 inquit,
2273 591 2544 659 Spiritum
2577 591 2781 645 Christi
2835 607 2940 645 non
2982 594 3159 658 habet,
3208 595 3294 648 hic
3350 611 3457 649 non
3486 602 3565 650 est
3618 597 3735 665 ejus

2035 678 2211 749 (Rom.
2251 696 2366 746 VIII,
2419 680 2491 748 9).
2531 700 2557 724 ››

2104 768 2250 831 Quid
2288 767 2474 831 isthic,
2526 785 2558 820 ο
2607 768 2929 821 Graecorum
2984 769 3292 840 principes,
3347 772 3587 841 dignum
3640 790 3730 828 re-

2031 857 2413 927 prehensione
2437 856 2749 925 jndicatis?
2775 857 2922 910 Dicit
2951 857 3225 926 Spiritum
3272 876 3301 912 a
3344 862 3505 914 Patre
3562 862 3729 916 Filio-

2031 962 2141 1014 que
2187 946 2515 1015 procedere.
2570 946 2782 1000 Probat
2840 947 2945 1000 hoc
3007 946 3297 1017 Evangelii
3372 950 3723 1004 testimonio.

2033 1034 2177 1087 Dicit
2210 1038 2264 1086 et
2293 1035 2473 1087 Patris
2504 1040 2561 1087 et
2601 1033 2725 1088 Filii
2763 1051 2884 1087 esse
2932 1034 3240 1104 Spiritum;
3292 1035 3541 1089 afﬁrmat
3610 1042 3729 1091 tam

2028 1140 2097 1177 ex
2120 1124 2425 1193 Evangelio
2456 1139 2629 1193 quam
2662 1138 2729 1176 ex
2758 1125 3052 1193 Apostolo.
3088 1124 3145 1178 Si
3195 1140 3312 1177 non
3356 1125 3523 1178 vultis
3582 1126 3727 1179 Lati-

2029 1213 2135 1277 nis,
2182 1212 2487 1281 Evangelio
2537 1212 2770 1266 credite.
2827 1212 2884 1266 Si
2938 1212 3120 1265 verbis
3169 1213 3479 1281 Augustini
3529 1230 3727 1267 aurem

2028 1302 2283 1371 praabere
2315 1318 2427 1354 non
2468 1301 2655 1366 vultis,
2691 1301 2941 1370 praebete
2992 1301 3233 1366 Christo,
3267 1302 3518 1370 praebete
3571 1304 3725 1371 Apo-

2027 1390 2195 1442 stolo.
2230 1390 2395 1453 Quod
2434 1390 2479 1441 si
2514 1387 2883 1441 contemnitis
2924 1388 3211 1442 Christum
3252 1393 3308 1442 et
3368 1390 3721 1458 Apostolum,

2025 1478 2212 1531 videte
2239 1494 2306 1530 ne
2333 1475 2802 1530 contemnamini.
2851 1478 3066 1528 Horum
3116 1476 3270 1529 enim
3326 1477 3426 1547 qui
3473 1494 3589 1530 non
3643 1494 3727 1530 se-

2026 1566 2221 1635 quitur
2250 1564 2586 1627 doctrinam,
2646 1564 2975 1617 societatem
3027 1581 3060 1617 a
3103 1581 3159 1617 se
3214 1565 3448 1635 quidem
3494 1567 3723 1635 repellit

2028 1653 2233 1707 Christi
2280 1652 2717 1722 discipulorum;
2772 1667 2872 1704 nec
2934 1653 3042 1705 erit
3095 1653 3377 1723 particeps
3440 1654 3720 1723 Ecclesiae,

2028 1742 2122 1812 qui
2182 1741 2500 1795 doctrinam
2580 1740 2807 1810 repellit
2877 1742 3341 1807 ecclesiasticam;
3419 1758 3521 1795 nec
3590 1759 3717 1796 cum

2026 1831 2246 1886 Christo
2301 1830 2623 1900 portionem
2677 1835 2760 1883 est
2819 1830 3116 1883 habiturus
3189 1829 3395 1883 Christi
3447 1831 3718 1899 magiste-

2023 1921 2173 1973 rium
2205 1921 2302 1990 qui
2326 1937 2437 1973 non
2461 1920 2841 1990 amplectitur.

2094 2009 2418 2078 Gregorius,
2501 2010 2774 2063 Romanae
2852 2007 2999 2061 sedis
3078 2006 3399 2078 episcopus,
3501 2008 3714 2063 Tiberii

2022 2096 2378 2150 Constantini
2428 2096 2785 2165 temporibus
2827 2095 3251 2164 apocrisiarius,
3297 2102 3432 2149 tunc
3480 2097 3715 2167 quidem

2022 2186 2320 2251 diaconus,
2369 2191 2567 2255 postea
2589 2201 2720 2238 vero
2778 2184 2982 2253 praesul
3035 2184 3296 2249 eximius,
3350 2185 3713 2252 imperatori-

2019 2274 2125 2327 bus
2168 2273 2394 2327 Tiberio
2452 2272 2856 2341 Mauricioque,
2916 2287 3138 2324 necnon
3189 2273 3388 2325 Phocus
3443 2272 3715 2324 charissi-

2020 2379 2148 2416 mus
2187 2367 2357 2432 atque
2412 2362 2937 2415 familiarissimus:
2994 2361 3091 2430 qui
3151 2376 3281 2412 cum
3332 2360 3607 2412 diaconus
3659 2366 3715 2414 et

2018 2451 2289 2504 Romanae
2344 2450 2490 2502 sedis
2561 2451 2779 2520 legatus
2866 2447 3360 2517 Constantinopoli
3451 2448 3705 2517 degeret,

2019 2539 2332 2608 Eutychen,
2366 2538 2940 2606 Constantinopoleos
2980 2537 3335 2605 episcopum,
3386 2537 3455 2589 de
3496 2538 3712 2591 Resur-

2019 2628 2266 2680 rectione
2300 2628 2487 2680 carnis
2530 2626 2777 2696 pessime
2825 2625 3330 2695 dogmatizantem,
3399 2625 3710 2694 imperatu-

2016 2715 2094 2768 ris
2133 2715 2194 2768 in
2253 2714 2573 2785 praesentia,
2628 2714 2952 2767 divinorum
2998 2714 3339 2767 auctoritate
3405 2713 3708 2781 librorum,

2016 2804 2311 2874 ipsiusque
2360 2805 2441 2856 rei
2505 2804 2741 2856 veritate
2786 2802 3066 2856 catholica
3119 2803 3301 2869 evicit,
3356 2804 3705 2868 confutavit;

2017 2892 2086 2946 de
2117 2893 2358 2962 Spiritus
2388 2891 2564 2945 sancti
2600 2891 2960 2959 processione
2992 2891 3071 2943 sic
3116 2891 3372 2960 loquitur
3410 2891 3469 2944 in
3517 2893 3708 2945 homi-

2014 2982 2090 3035 lia
2118 2981 2312 3035 habita
2345 2981 2410 3034 ad
2446 2981 2723 3049 populum
2768 2980 2980 3032 octavis
3034 2980 3260 3032 Pascliee
3293 2981 3503 3045 (homit.
3534 2984 3602 3032 26
3642 2984 3700 3034 in

2015 3070 2246 3137 Evang).
2298 3086 2309 3121 :
2362 3090 2387 3116 ι(
2450 3070 2588 3121 Nam
2647 3073 2905 3121 sanctum
2955 3084 3187 3137 quoque
3243 3067 3545 3136 Spiritum,
3608 3069 3706 3138 qui

2012 3173 2142 3210 cum
2168 3161 2239 3209 sit
2267 3156 2575 3225 corequalis
2618 3156 2769 3209 Patri
2822 3161 2877 3209 et
2918 3155 3074 3220 Filio,
3127 3171 3239 3207 non
3292 3161 3481 3208 tamen
3524 3156 3708 3209 incar-

2012 3252 2180 3300 natus
2202 3250 2305 3309 est,
2339 3262 2369 3297 a
2402 3246 2564 3298 Patre
2616 3244 2843 3314 quidem
2900 3244 3071 3297 Filius
3118 3244 3340 3296 mittere
3390 3260 3447 3296 se
3504 3244 3703 3313 perhi-

2010 3336 2123 3400 bet,
2149 3334 2339 3388 dicens
2375 3350 2388 3387 :
2422 3334 2553 3389 Cum
2588 3334 2791 3385 venerit
2840 3332 3148 3385 Paraclitus
3206 3348 3362 3399 quem
3420 3347 3513 3399 ego
3575 3333 3702 3385 mit-

2011 3430 2121 3478 tam
2166 3424 2558 3477 vobisaPatre
2614 3422 2789 3489 (Joan.
2838 3437 2928 3486 xv,
2971 3423 3077 3487 26).
3146 3442 3172 3468 n
3230 3420 3285 3473 Si
3338 3420 3494 3473 enim
3555 3419 3703 3472 mitti

2008 3512 2367 3566 solummodo
2399 3510 2684 3563 incarnari
2714 3509 2945 3563 deberet
2978 3509 3242 3579 intelligi,
3296 3514 3522 3561 sanctus
3568 3524 3702 3579 pro-

2008 3600 2094 3653 cul
2133 3598 2307 3651 dubio
2339 3597 2584 3667 Spiritus
2628 3598 2784 3649 nullo
2832 3596 3001 3649 modo
3048 3596 3332 3649 diceretur
3386 3596 3555 3659 mitti,
3604 3595 3704 3666 qui

2009 3703 2373 3757 nequaquam
2426 3686 2754 3738 incarnatus
2798 3690 2913 3751 est;
2965 3685 3061 3737 sed
3124 3685 3246 3753 ejus
3307 3683 3503 3737 missio
3580 3685 3705 3753 ipsa

2006 3776 2294 3846 processio
2328 3778 2431 3838 est,
2468 3789 2580 3843 qua
2608 3775 2675 3826 de
2724 3774 2888 3825 Patre
2934 3774 3191 3842 procedit
3226 3780 3281 3826 et
3331 3773 3495 3827 Filio.
3548 3774 3704 3827 Sicut

2007 3864 2200 3933 itaque
2226 3862 2472 3931 Spiritus
2520 3860 2667 3913 mitti
2715 3860 2923 3913 dicitur
2974 3860 3108 3929 quia
3168 3861 3446 3929 procedit,
3518 3861 3597 3913 ita
3647 3871 3703 3916 et

2010 3952 2182 4006 Filius
2210 3967 2326 4003 non
2383 3949 2697 4018 incongrue
2746 3948 2893 4000 mitti
2934 3947 3138 4000 dicitur
3183 3946 3319 4016 quia
3366 3953 3696 4016 generatur.

2009 4040 2177 4096 Istius
2237 4038 2633 4092 auctoritatem
2691 4034 2954 4105 praesulis
3009 4034 3056 4087 si
3121 4041 3488 4088 contemnere
3544 4035 3702 4088 moli-

2008 4129 2172 4194 mini,
2205 4128 2387 4181 videte
2420 4143 2534 4196 quo
2563 4123 2843 4194 superbia:
2872 4139 3050 4177 cornu
3082 4139 3177 4175 vos
3217 4122 3452 4191 erigitis.
3490 4122 3699 4177 Vestris

2008 4217 2297 4287 prioribus
2348 4222 2463 4269 tam
2503 4213 2818 4268 sanctitatis
2867 4228 3039 4281 quam
3089 4211 3383 4281 sapientia:
3438 4228 3701 4265 reveren-

1940 4308 1979 4359 D
2007 4308 2259 4360 tissimus
2285 4306 2495 4358 exstitit
2520 4301 2966 4371 magniﬁcentia,
2999 4301 3096 4371 qui
3138 4316 3268 4354 cum
3305 4300 3449 4354 foret
3480 4302 3700 4371 legatus

2007 4396 2175 4460 sedis,
2198 4402 2254 4448 et
2307 4394 2635 4448 diaconatus
2681 4391 2867 4445 officio
2919 4390 3181 4459 fungens,
3235 4394 3391 4442 tanta
3437 4390 3703 4443 contrivit

2007 4484 2343 4538 auctoritate
2386 4485 2587 4533 vestrae
2647 4478 3168 4547 Constantinopolis
3214 4477 3471 4547 episcopi
3525 4494 3698 4548 prava

2010 4574 2299 4642 dogmata,
2349 4585 2461 4639 quo
2501 4584 2614 4620 non
2655 4568 2841 4620 solum
2899 4567 3088 4636 ipsum
3147 4565 3453 4631 evinceret,
3502 4582 3702 4619 verum

2007 4659 2288 4729 dogmatis
2318 4658 2470 4710 illius
2501 4656 2646 4708 vires
2682 4672 2860 4724 usque
2898 4656 3041 4708 adeo
3091 4655 3483 4724 prostraverit,
3530 4660 3590 4708 ut
3630 4672 3701 4708 ne

2009 4749 2288 4817 respirare
2347 4750 2540 4816 postea
2580 4745 2849 4798 virtutem
2907 4744 3243 4797 obtinuerit.
3302 4744 3461 4807 Quod
3509 4748 3701 4797 autem

2009 4837 2145 4891 dicit
2197 4836 2264 4889 de
2332 4833 2510 4887 sancti
2578 4832 2822 4901 Spiritus
2878 4831 3258 4901 processione,
3315 4832 3547 4885 rationis
3608 4847 3702 4898 ap-

2011 4925 2215 4995 probat
2246 4923 2471 4987 virtute,
2507 4920 2700 4973 dicens
2731 4935 2843 4972 non
2883 4920 3039 4972 aliud
3091 4936 3212 4973 esse
3262 4920 3414 4973 mitti
3463 4918 3702 4988 paracli-

2009 5019 2130 5068 tum
2162 5030 2193 5066 a
2226 5011 2382 5073 Filio,
2420 5026 2593 5080 quam
2622 5008 2955 5079 procedere;
2988 5008 3133 5061 sicut
3166 5009 3338 5063 Filius
3368 5023 3496 5060 cum
3554 5005 3703 5059 mitti

2011 5103 2216 5158 dicitur
2248 5118 2280 5155 a
2318 5101 2501 5166 Patre,
2536 5099 2657 5168 ejus
2691 5097 2954 5151 nativitas
2974 5097 3318 5151 insinuatur.

2085 5189 2434 5260 Augustinus
2464 5188 2761 5257 episcopus
2783 5187 2842 5240 in
2876 5186 3161 5257 Evangelii
3195 5188 3454 5239 Tractatn
3504 5198 3704 5236 secun-

2014 5282 2149 5336 dum
2181 5282 2464 5333 Joannem
2493 5278 2605 5345 (Tr.
2632 5278 2799 5344 xcnx),
2825 5275 2903 5330 sic
2934 5276 3014 5330 ait
3047 5291 3059 5328 :
3102 5295 3126 5322 ε(
3162 5273 3263 5327 Hic
3301 5270 3509 5342 aliquis
3538 5271 3707 5326 forsi-

2014 5375 2108 5423 tan
2132 5372 2351 5439 quazrat
2373 5370 2565 5419 utrum
2588 5370 2645 5418 et
2668 5382 2697 5416 a
2720 5365 2860 5417 Filio
2884 5362 3153 5433 procedat
3174 5360 3418 5431 Spiritus
3438 5365 3663 5414 sanctus
3692 5378 3705 5415 :

2017 5457 2192 5511 Filius
2221 5454 2375 5508 enim
2407 5454 2581 5507 solius
2614 5453 2798 5507 Patris
2843 5459 2927 5505 est
2970 5450 3164 5516 Filius,
3212 5454 3270 5504 et
3317 5451 3487 5503 Pater
3535 5450 3708 5505 solius

2017 5545 2143 5600 Filii
2168 5550 2252 5599 est
2289 5546 2487 5611 Pater;
2515 5542 2760 5614 Spiritus
2785 5544 2976 5595 autem
3006 5545 3234 5593 sanctus
3266 5556 3386 5595 non
3415 5544 3501 5595 est
3537 5541 3713 5596 unius
