4130 6184
440 294 543 347 275

1584 292 1769 348 RATR
1785 292 1945 348 \MNI
1983 293 2438 349 tIORBElENSlS
2477 292 2787 349 MONACIII

3830 296 3932 345 276

442 440 640 479 eorum
694 424 962 495 Spiritus,
1004 422 1098 476 sed
1136 421 1458 475 amborum.
1499 424 1676 477 Habes
1707 424 1895 495 ipsum
1937 425 2123 479 dicen-
2165 426 2211 481 A
2239 441 2390 489 nem,
2424 430 2478 478 et
2510 426 2756 495 Spiritus
2804 425 2982 480 sancti
3030 426 3098 479 de
3138 442 3195 479 se
3238 426 3701 496 processionem;
3753 424 3933 496 Spiri-

442 520 559 568 tem
594 530 605 567 :
637 515 755 567 Non
784 514 923 565 enim
951 527 1042 565 vos
1083 513 1209 565 estis
1259 513 1355 580 qui
1403 513 1695 581 loquimini
1745 514 1840 568 sed
1896 516 2135 583 Spiritus

447 606 623 656 Patris
656 602 821 655 vestri
847 602 943 668 qui
966 601 1208 668 loquitur
1232 602 1287 653 in
1314 601 1462 654 vobis
1489 601 1711 671 (Matth.
1736 619 1791 671 x,
1811 606 1924 673 20).
1955 605 2135 658 llabes

445 696 501 744 et
532 690 869 759 Apostolum
903 705 914 742 :
941 692 1091 742 Misit
1141 692 1282 744 Deus
1312 691 1579 758 Spiritum
1610 692 1747 745 Filii
1788 696 1876 747 sui
1906 697 1963 746 in
2019 710 2132 747 cor-

443 780 514 831 da
534 783 717 831 nostra
747 779 883 837 (Gal.
916 794 987 843 iv,
1024 779 1093 846 6).
1135 778 1401 849 Nunquid
1434 780 1545 832 duo
1576 786 1708 833 sunt
1739 782 1885 834 alius
1935 783 2137 850 Patris,

444 867 585 920 alius
616 866 774 920 Filii?
820 867 995 920 Absit.
1036 869 1209 921 Unum
1239 871 1379 921 enim
1422 885 1613 938 corpus
1654 871 1749 935 ait,
1782 886 1967 925 sumus
2007 888 2137 924 cum

443 954 789 1026 signiﬁcaret
826 956 1147 1020 Ecclesiam,
1174 973 1420 1026 moxque
1466 958 1621 1011 addit
1656 975 1668 1012 :
1709 960 1786 1012 Et
1822 975 1961 1013 unus
2014 959 2140 1029 Spi-

443 1048 583 1099 ritus
636 1046 849 1114 (Ephes.
896 1062 967 1109 iv,
1012 1047 1083 1109 4).
1132 1067 1159 1092 ››
1220 1047 1282 1099 Et
1341 1046 1399 1098 in
1444 1049 1928 1117 consequentibus
1974 1051 2140 1119 plura

445 1133 607 1203 ponit
636 1134 963 1186 testimonia
995 1133 1205 1203 quibus
1249 1135 1527 1204 approbat
1554 1136 1830 1205 Spiritum
1877 1143 2135 1190 sanctum

447 1227 503 1274 et
541 1221 720 1274 Patris
748 1227 802 1274 et
835 1221 958 1275 Filii
999 1221 1271 1291 Spiritum
1322 1239 1473 1290 esse;
1519 1240 1619 1276 nec
1651 1225 1902 1278 alterum
1960 1226 2141 1279 Patris

447 1309 686 1362 alterum
720 1309 866 1372 Filii,
901 1309 994 1362 sed
1031 1310 1126 1380 qui
1160 1310 1231 1363 sit
1276 1311 1422 1376 Filii,
1463 1312 1536 1365 sit
1566 1312 1734 1365 etiam
1783 1314 1963 1367 Patris
2012 1314 2141 1384 Spi-

444 1398 606 1451 ritus.
636 1399 733 1451 Hic
764 1399 1117 1451 evidentibus
1151 1400 1492 1453 testimoniis
1536 1402 1798 1472 quisquis
1839 1402 2142 1455 contrariis

446 1492 679 1539 conatus
708 1486 903 1555 fuerit,
955 1494 1164 1540 sanctus
1219 1489 1526 1559 Scripturaa
1579 1492 1967 1545 contradicere
2019 1508 2141 1545 ma-

448 1575 646 1628 nifeste
677 1575 1033 1644 probabitur.
1089 1578 1149 1629 Et
1183 1577 1377 1632 infra:
1418 1599 1443 1625 ‹‹
1483 1578 1536 1631 Si
1588 1595 1724 1649 ergo
1768 1586 1821 1632 et
1863 1580 1929 1633 de
1979 1582 2141 1633 Patre

446 1670 497 1717 et
532 1664 601 1717 de
636 1664 774 1717 Filio
804 1664 1061 1734 procedit
1087 1664 1331 1732 Spiritus
1365 1672 1613 1733 sanctus,
1656 1683 1756 1720 cur
1796 1668 1966 1721 Filius
1998 1668 2142 1722 dixit

446 1753 510 1805 de
546 1754 704 1806 Patre
742 1753 1029 1820 procedit?
1092 1756 1263 1823 (Joan.
1315 1770 1401 1819 xv,
1456 1757 1564 1820 ‘26.)
1635 1756 1745 1808 Cur
1793 1762 1979 1825 putas,
2034 1756 2139 1810 nisi

447 1840 931 1910 quemadmodum
966 1842 1110 1894 solet
1139 1843 1205 1895 ad
1242 1858 1372 1895 eum
1416 1844 1626 1897 referre
1658 1850 1712 1897 et
1760 1846 1912 1915 quod
1960 1846 2140 1916 ipsius

447 1934 552 1997 est,
583 1929 651 1981 de
682 1946 795 1998 quo
842 1929 963 1999 ipse
1010 1935 1109 1983 est.
1161 1931 1295 1984 Inde
1345 1932 1484 1985 illud
1535 1938 1619 1986 est
1655 1935 1805 2003 quod
1853 1936 1976 1988 ait:
2022 1938 2140 1989 Mea

444 2017 695 2071 doctrina
747 2034 852 2070 non
896 2022 974 2071 est
1023 2035 1160 2085 mea,
1214 2020 1307 2073 sed
1334 2034 1449 2088 ejus
1511 2025 1606 2088 qui
1655 2039 1735 2076 me
1762 2026 1912 2077 misit
1961 2025 2136 2094 (Joun.

447 2121 541 2169 vn,
571 2108 677 2169 16).
702 2105 759 2159 Si
789 2105 966 2175 igitur
989 2106 1329 2177 intelligitur
1358 2108 1448 2161 hic
1484 2110 1606 2178 ejus
1648 2110 1927 2177 doctrina,
1967 2128 2139 2182 quam

450 2198 564 2245 tam
649 2192 789 2247 dixit
844 2211 960 2247 non
1009 2211 1192 2261 suam,
1257 2197 1350 2249 sed
1414 2198 1610 2261 Patris,
1679 2204 1894 2269 quanto
1958 2199 2141 2269 magis

448 2280 856 2351 intelligendus
895 2288 979 2336 est
1021 2292 1077 2337 et
1121 2285 1189 2337 de
1224 2284 1345 2354 ipso
1390 2286 1694 2355 procedere
1724 2288 1968 2358 Spiritus
2020 2304 2143 2341 san-

450 2374 593 2433 ctus,
628 2368 724 2422 ubi
754 2369 833 2422 sic
889 2371 987 2437 ait,
1027 2374 1099 2425 De
1140 2374 1299 2426 Patre
1337 2374 1600 2442 procedit,
1645 2380 1707 2428 ut
1750 2392 1866 2429 non
1907 2376 2138 2440 diceret,

450 2456 518 2509 de
545 2472 635 2510 me
665 2473 783 2510 non
814 2459 1088 2528 procedit.
1127 2482 1152 2507 ››
1204 2460 1641 2515 Evidentissima
1692 2464 1912 2518 ratione
1946 2466 2143 2518 doctor

449 2545 802 2614 Augustinus
833 2546 1106 2617 Spiritum
1128 2554 1387 2602 sanctum
1423 2558 1745 2605 monstrans
1766 2558 1883 2606 tam
1914 2570 1945 2606 a
1977 2555 2142 2607 Patre

450 2648 625 2701 quam
676 2651 709 2687 a
767 2634 907 2687 Filio
956 2637 1286 2705 procedere,
1356 2639 1683 2693 testimonio
1737 2658 1968 2711 quoque
2042 2642 2142 2695 illo

454 2722 741 2790 Evangelii
774 2741 887 2794 quo
908 2725 987 2778 ait
1029 2726 1202 2779 Filius
1249 2726 1318 2779 de
1369 2727 1606 2797 Spiritu,
1658 2731 1809 2800 quod
1861 2732 1930 2785 de
1979 2734 2142 2785 Patre

451 2812 739 2880 procedat,
776 2814 1106 2883 opinionem
1142 2831 1301 2868 suam
1343 2816 1608 2871 afﬁrmat.
1666 2819 1810 2872 Dicit
1858 2821 2012 2874 enim
2064 2822 2142 2875 sic

454 2915 574 2951 esse
608 2899 1041 2967 intelligendum
1080 2904 1232 2973 quod
1285 2904 1363 2958 ait
1397 2922 1409 2959 :
1445 2909 1517 2959 De
1568 2910 1723 2961 Patre
1763 2909 2027 2977 procedit,
2083 2915 2144 2963 ut

2181 1730 2221 1783 Β

2249 518 2369 567 tum
2404 531 2536 568 vero
2557 520 2816 568 sanctum
2847 513 3131 585 accepisse
3172 521 3285 567 tam
3319 514 3388 567 de
3428 515 3592 567 Patre
3646 531 3816 585 quam
3865 514 3935 566 de

2250 604 2387 657 Filio
2419 604 2841 674 processionem
2886 620 2996 656 non
3052 607 3241 657 tamen
3299 605 3749 673 generationem,
3784 604 3935 674 quod

2249 698 2334 745 est
2365 694 2538 745 solius
2558 693 2684 747 Filii
2720 693 2787 746 de
2819 696 2937 745 solo
2970 695 3154 745 l‘atre.

2320 783 2419 836 Hic
2446 782 2669 850 subjicit
2700 782 2855 835 illam
2880 784 3277 851 (ιιιωηῐυηεω,
3304 798 3429 851 quae
3464 782 3771 835 nonnullos
3795 782 3941 834 solet

2251 886 2474 923 movere
2539 870 2813 939 legentes,
2880 870 2925 921 si
2995 869 3237 940 Spiritus
3308 875 3535 922 sanctus
3588 875 3750 924 natus
3816 887 3939 922 esse

2249 960 2507 1013 dicatur?
2540 960 2684 1012 Dicit
2729 960 2969 1029 itaque:
3016 980 3039 1007 (ι
3096 959 3191 1011 Hic
3225 964 3515 1029 utcunque
3568 958 3739 1011 etiam
3796 958 3940 1011 illud

2250 1048 2611 1117 intelligitur,
2656 1055 2932 1118 quantum
2980 1063 3012 1100 a
3062 1048 3273 1099 talibus
3322 1048 3519 1117 quales
3582 1065 3685 1100 nos
3741 1064 3942 1099 sumus

2250 1136 2496 1207 intelligi
2579 1143 2787 1206 potest,
2874 1152 2973 1188 cur
3047 1152 3161 1189 non
3247 1136 3469 1189 dicatur
3544 1141 3708 1188 natus
3798 1152 3941 1201 esse,

2250 1225 2345 1279 sed
2413 1225 2602 1294 potius
2653 1223 2961 1294 procedere
3004 1225 3251 1294 Spiritus
3284 1232 3532 1278 sanctus.
3567 1225 3846 1288 Quoniam
3898 1226 3941 1277 si

2251 1320 2306 1367 et
2337 1316 2455 1384 ipse
2488 1315 2656 1367 Filius
2696 1314 2998 1373 diceretur,
3045 1314 3342 1367 amborum
3399 1314 3596 1384 utique
3640 1314 3814 1368 Filius
3870 1314 3944 1367 di-

2251 1410 2491 1465 ceretur,
2521 1403 2671 1473 quod
2711 1403 3185 1456 absurdissimum
3224 1409 3309 1456 est
3350 1420 3361 1455 :
3394 1404 3543 1456 tilius
3576 1406 3788 1473 quippe
3822 1404 3947 1455 nul-

2253 1488 2338 1541 lus
2372 1494 2455 1539 est
2494 1489 2757 1552 duorum,
2784 1488 2891 1540 nisi
2937 1488 3112 1556 patris
3150 1493 3207 1539 et
3260 1487 3472 1539 matris.
3518 1487 3677 1540 Absit
3728 1492 3944 1547 autem,

2253 1581 2314 1628 ut
2342 1575 2491 1629 inter
2523 1577 2702 1629 Deum
2738 1578 2959 1629 Patrem
2992 1582 3045 1628 et
3095 1578 3272 1630 Deum
3325 1576 3526 1629 Filium
3570 1576 3679 1629 tale
3722 1575 3945 1645 aliquid

2251 1665 2623 1734 suspicemur.
2662 1666 2771 1718 Nec
2818 1666 2969 1717 tilius
3018 1665 3318 1718 hominum
3361 1664 3528 1717 simul
3577 1669 3631 1717 et
3684 1680 3747 1716 ex
3781 1668 3944 1733 patre

2253 1760 2309 1807 et
2332 1771 2396 1807 ex
2435 1760 2613 1808 matre
2649 1754 2938 1825 procedit;
2972 1754 3064 1807 sed
3103 1770 3230 1806 cum
3281 1753 3339 1806 in
3399 1759 3640 1806 matrem
3681 1753 3943 1822 procedit

2248 1858 2315 1895 ex
2350 1849 2531 1912 patre,
2591 1860 2704 1896 non
2763 1849 2887 1896 tum
2941 1842 3199 1912 procedit
3251 1859 3315 1894 ex
3354 1849 3581 1895 matre:
3631 1846 3689 1893 et
3717 1857 3851 1895 cuin
3888 1840 3946 1894 in

2251 1931 2397 1984 hanc
2430 1932 2612 1985 lucem
2644 1931 2897 2000 procedit
2925 1947 2992 1984 ex
3022 1937 3219 1995 matre,
3260 1948 3374 1984 non
3406 1937 3540 1984 tunc
3574 1930 3833 1999 procedit
3880 1946 3948 1983 ex

2250 2025 2431 2090 patre.
2464 2020 2708 2090 Spiritus
2748 2026 2935 2073 autem
2986 2025 3213 2073 sanctus
3242 2036 3359 2073 non
3388 2020 3456 2073 de
3491 2021 3653 2073 Patre
3686 2019 3945 2089 procedit

2253 2108 2311 2161 in
2360 2109 2587 2173 Filium,
2635 2112 2692 2161 et
2730 2108 2798 2161 de
2858 2108 2997 2162 Filio
3048 2108 3307 2177 procedit
3356 2108 3423 2161 ad
3480 2108 3946 2161 sanctilicandam

2252 2202 2594 2261 creaturam,
2622 2198 2715 2251 sed
2748 2196 2917 2250 simul
2966 2198 3033 2250 de
3068 2204 3310 2267 utroque
3335 2197 3630 2266 procedit;
3683 2196 3949 2266 quamvis

2252 2287 2358 2340 hoc
2388 2287 2526 2341 Filio
2564 2288 2730 2340 Pater
2762 2287 2985 2340 dederit
3020 2292 3080 2339 ut
3109 2287 3593 2356 quemadmodum
3636 2286 3704 2340 de
3753 2302 3831 2350 se,
3868 2286 3947 2339 ita

2252 2391 2481 2445 quoque
2506 2376 2574 2429 de
2607 2375 2705 2428 illo
2735 2375 3024 2445 procedat.
3072 2376 3265 2445 Neque
3300 2375 3455 2427 enim
3506 2390 3811 2445 possumus
3857 2374 3949 2426 di-

2252 2480 2376 2517 cere
2406 2464 2557 2534 quod
2613 2481 2729 2517 non
2790 2464 2860 2517 sit
2902 2464 3017 2517 vita
3057 2464 3302 2534 Spiritus
3353 2469 3615 2517 sanctus:
3652 2480 3779 2516 cum
3833 2464 3950 2515 vita

2253 2553 2325 2605 sit
2348 2554 2531 2614 Pater,
2566 2552 2677 2605 vita
2708 2552 2780 2605 sit
2810 2557 2866 2606 et
2918 2553 3109 2605 Filius.
3168 2555 3244 2605 Ac
3289 2568 3392 2621 per
3443 2552 3550 2605 hoc
3600 2551 3746 2604 sicut
3782 2552 3951 2604 Pater

2253 2657 2381 2695 cum
2413 2642 2619 2695 habeat
2650 2642 2822 2694 vitam
2853 2641 2911 2694 in
2943 2641 3270 2711 semetipso,
3307 2641 3463 2694 dedit
3489 2648 3545 2694 et
3594 2641 3733 2694 Filio
3766 2641 3945 2693 vitam

2253 2729 2462 2783 habere
2509 2730 2567 2782 in
2612 2730 2944 2799 semetipso;
2998 2729 3075 2782 sic
3106 2731 3157 2782 ei
3201 2729 3355 2782 dedit
3411 2729 3583 2781 vitam
3636 2730 3952 2799 procedere

2253 2819 2321 2872 de
2349 2819 2467 2881 illo,
2494 2820 2635 2871 sicut
2669 2819 2923 2888 procedit
2953 2824 3009 2871 et
3027 2818 3094 2871 de
3127 2818 3273 2887 ipso.
3303 2840 3330 2867 ››
3369 2817 3696 2871 Verisssima
3721 2818 3950 2871 ratione

2253 2907 2587 2977 comprobat
2632 2908 2906 2977 Spiritum
2965 2912 3219 2960 sanctum
3263 2911 3377 2960 tam
3416 2924 3446 2959 a
3494 2908 3656 2960 Patre
3697 2923 3871 2977 quam
3920 2924 3954 2959 a

454 2987 892 3058 intelligendum
915 2992 1084 3045 etiam
1110 2992 1177 3045 de
1202 2994 1340 3046 Filio
1365 2995 1702 3064 procedere:
1731 3013 1845 3050 non
1868 2997 2022 3050 enim
2055 3015 2145 3050 vo-
2182 3027 2223 3084 Ο
2256 2995 2394 3048 Filio
2439 2996 2763 3064 procedere,
2820 3012 2925 3048 nec
2971 3001 3166 3049 tamen
3219 2996 3521 3055 amborum
3572 3011 3692 3047 esse
3743 2995 3953 3047 Filium

456 3076 561 3128 luit
592 3093 801 3148 negare
832 3081 983 3150 quod
1017 3081 1083 3134 de
1126 3098 1184 3135 se
1224 3084 1580 3152 procederet,
1617 3102 1673 3138 se
1714 3086 1894 3139 Patris
1942 3103 2138 3156 perso-

456 3180 585 3216 nam
615 3180 854 3233 ponens,
891 3184 1051 3221 suam
1085 3185 1315 3241 quoque
1356 3172 1571 3241 pariter
1622 3173 1801 3227 voluit
1850 3173 2096 3245 intelligi
2129 3192 2142 3229 :

456 3251 599 3305 sicut
629 3258 685 3305 et
740 3253 882 3308 illud
926 3256 1017 3309 ubi
1064 3258 1189 3311 ait:
1252 3261 1374 3312 Meri
1428 3260 1677 3314 doctrina
1729 3278 1835 3316 non
1882 3268 1961 3316 est
2006 3279 2144 3329 mea,

455 3340 549 3394 sed
576 3343 687 3409 ejus
719 3346 816 3411 qui
840 3360 920 3396 me
960 3348 1126 3399 misit.
1168 3348 1280 3400 Hoc
1313 3348 1500 3401 dicens
1533 3350 1778 3403 ostendit
1799 3367 1954 3402 suam
1999 3368 2145 3421 quo-

458 3444 569 3498 que
615 3431 828 3500 pariter
866 3448 1025 3497 esse;
1082 3435 1175 3487 sed
1240 3435 1420 3487 Patris
1469 3437 1605 3489 dicit
1655 3454 1809 3502 esse;
1876 3439 2147 3508 quoniam

456 3515 601 3571 sicut
627 3518 696 3571 ab
734 3520 832 3572 illo
866 3526 968 3583 est,
1004 3521 1082 3574 sic
1110 3527 1164 3575 et
1195 3524 1317 3591 ejus
1345 3524 1600 3577 doctrina
1635 3525 1813 3578 Patris
1844 3543 1965 3579 esse
2007 3524 2145 3580 dici-

456 3609 582 3671 tur;
615 3608 889 3677 quoniam
922 3609 1202 3679 quidquid
1237 3612 1405 3665 liabet
1436 3613 1630 3681 Filius,
1672 3615 1955 3668 nascendo
1998 3633 2148 3669 sum-

456 3694 629 3762 psita
661 3697 865 3749 Patre:
909 3699 985 3750 sic
1024 3715 1249 3770 quoque
1297 3700 1491 3754 dicens
1539 3702 1817 3772 Spiritum
1867 3705 1937 3757 de
1983 3706 2146 3759 Patre

455 3783 783 3851 procedere,
821 3785 889 3839 de
908 3804 964 3839 se
995 3804 1224 3859 quoque
1250 3806 1361 3841 non
1382 3796 1551 3861 negat
1577 3792 1884 3861 procedere
1918 3809 1931 3846 :
1961 3798 2147 3847 osten-

455 3871 540 3925 dit
586 3878 781 3927 tamen
829 3877 980 3929 unde
1034 3877 1205 3930 Filius
1249 3878 1451 3931 habeat
1498 3880 1651 3950 quod
1700 3898 1733 3933 a
1776 3898 1832 3933 se
1876 3883 2148 3951 procedat

454 3960 713 4030 Spiritus,
749 3964 1011 4018 videlicet
1042 3982 1074 4017 a
1115 3968 1301 4031 Patre,
1332 3984 1363 4019 a
1414 3984 1525 4037 quo
1568 3969 1797 4037 genitus
1832 3971 2047 4039 accepit
2084 3977 2146 4025 ut

452 4065 517 4101 ex
552 4049 650 4102 illo
680 4053 1011 4121 procederet
1052 4052 1315 4122 Spiritus.
1362 4056 1516 4108 Unde
1547 4063 1965 4126 consequenter
2013 4073 2142 4109 san-

454 4140 576 4188 ctus
604 4140 951 4207 Augustinus
983 4159 998 4192 :
1036 4162 1062 4187 ‹‹
1091 4145 1132 4193 Α
1159 4158 1273 4210 quo
1301 4148 1493 4195 autem
1544 4142 1714 4195 habet
1747 4143 1917 4196 Filius
1970 4151 2031 4197 ut
2073 4145 2145 4198 sit

455 4224 602 4275 Deus
643 4223 747 4292 (est
796 4227 946 4278 enim
980 4227 1048 4279 de
1098 4229 1210 4280 Deo
1246 4230 1433 4293 Deus),
1485 4230 1554 4283 ab
1598 4230 1694 4282 illo
1726 4230 1895 4285 habet
1923 4234 2140 4302 utique.

452 4315 516 4361 ut
545 4310 714 4364 etiam
749 4312 816 4365 de
850 4314 948 4366 illo
992 4317 1261 4383 procedat
1300 4316 1545 4385 Spirims
1597 4324 1822 4371 sanctus
1859 4335 1872 4372 :

451 4396 557 4450 hoc
589 4397 831 4467 Spiritus
852 4408 1078 4455 sanctus
1108 4409 1170 4456 ut
1201 4404 1372 4457 etiam
1413 4406 1480 4459 de
1510 4408 1649 4461 Filio
1686 4409 1972 4477 procedat,
1996 4410 2143 4463 sicut

446 4487 705 4554 procedit
743 4488 811 4543 de
850 4491 1034 4557 Patre,
1074 4492 1145 4545 ab
1187 4493 1309 4562 ipso
1357 4495 1524 4548 habet
1584 4497 1767 4549 Patre.
1806 4516 1831 4546 ι)
1896 4498 2138 4552 Mirabili

445 4590 676 4643 prorsus
710 4578 1020 4631 subtilitate
1069 4580 1268 4633 doctor
1294 4584 1558 4653 egregius
1600 4595 1654 4637 et
1705 4586 1829 4639 Filii
1875 4587 2135 4640 nativita-

444 4667 561 4716 tem
591 4669 647 4717 et
697 4667 873 4720 sancti
911 4668 1152 4737 Spiritus
1182 4672 1607 4740 processionem
1641 4674 1913 4742 insinuat,
1942 4677 2132 4729 dicens

443 4753 725 4821 accepisse
758 4755 962 4809 Filium
993 4774 1025 4809 a
1056 4759 1234 4819 Patre,
1271 4766 1325 4813 et
1360 4767 1419 4813 ut
1453 4763 1613 4816 'esset
1657 4768 1928 4834 tauquam
1987 4767 2132 4818 Deus

443 4841 512 4893 de
551 4842 684 4907 Deo,
718 4850 774 4896 et
803 4849 923 4897 uta
956 4862 1014 4899 se
1050 4849 1379 4915 procederet
1418 4851 1693 4921 Spiritus;
1750 4853 2130 4907 nihilominus

439 4930 612 4983 etiam
645 4932 927 5002 accepisse
976 4936 1248 5004 Spiritum
1306 4945 1561 4992 sanctum
1611 4941 1682 4992 ab
1722 4942 1923 4994 eodem
1966 4943 2128 4995 Patre

438 5022 502 5071 ut
531 5018 599 5072 de
636 5020 770 5073 Filio
802 5024 1092 5091 procedat,
1126 5025 1268 5078 sicut
1305 5028 1558 5091 procedit
1599 5028 1666 5082 de
1710 5030 1869 5081 Patre
1902 5047 1913 5082 :
1977 5031 2123 5101 quod

437 5106 651 5177 dicens,
686 5114 994 5182 utrumque
1043 5114 1352 5167 conﬁtetur
1395 5122 1451 5168 et
1501 5117 1705 5170 Filium
1747 5123 1801 5170 et
1846 5118 2122 5187 Spiritum

434 5201 692 5250 sanctum
726 5215 755 5251 a
804 5200 989 5264 Patre,
1024 5202 1121 5270 qui
1164 5200 1290 5254 foris
1321 5209 1406 5256 est
1455 5204 1789 5271 divinitatis,
1819 5211 1874 5259 et
1916 5207 2121 5260 Filium

434 5285 736 5356 accepisse,
776 5292 832 5340 et
883 5289 1160 5359 Spiritum
1200 5297 1491 5358 sanctum;
1545 5294 1747 5346 Filium
1796 5296 2117 5366 generatio-

500 5429 606 5505 ‘.A_
643 5430 890 5505 spiritali
924 5434 1277 5505 processione.
1325 5434 1405 5486 Ita
1445 5435 1751 5501 legendum
1778 5453 1900 5489 esse
1948 5454 2116 5491 nemo

426 5498 562 5577 sani.
592 5498 791 5567 judicii
814 5502 1123 5577 negaverit
1156 5519 1167 5555 :
1206 5505 1353 5572 quod
1387 5498 1556 5577 antea
1593 5506 1889 5575 legebatur
1918 5524 1954 5561 α
1995 5524 2116 5577 spe-

427 5567 562 5623 ciali
584 5567 938 5638 processione,
973 5577 1146 5627 totam
1200 5567 1539 5629 sententiam
1590 5567 1962 5647 perturbahat
1997 5567 2037 5633 τ’
2059 5579 2117 5634 Si

2255 3100 2383 3137 cum
2415 3084 2487 3137 sit
2518 3086 2810 3155 utriusque
2841 3084 3085 3154 Spiritus
3124 3101 3135 3137 :
3175 3085 3346 3137 Filius
3386 3100 3632 3153 namque
3677 3082 3951 3149 duorum,

2258 3173 2453 3225 matris
2486 3179 2567 3226 est
2597 3190 2659 3225 ac
2690 3174 2899 3243 patris:
2939 3172 3083 3225 nihil
3122 3173 3276 3225 enini
3311 3173 3419 3225 tale
3464 3172 3621 3224 novit
3659 3173 3952 3241 processio

2256 3263 2574 3332 spiritalis:
2625 3267 2847 3315 nonest
2894 3262 3047 3322 enim
3107 3261 3197 3314 hic
3243 3261 3531 3314 distinctio
3578 3277 3760 3325 sexus,
3812 3262 3954 3330 quia

2257 3367 2374 3403 non
2402 3351 2741 3403 estcarnalis
2774 3366 3049 3420 propago,
3086 3366 3252 3402 carne
3280 3351 3363 3401 vel
3397 3349 3621 3401 ossibus
3653 3349 3953 3409 fabricata,

2258 3454 2359 3491 nec
2408 3455 2505 3507 per
2551 3439 2850 3491 intervalla
2897 3445 3219 3508 temporum
3262 3438 3324 3491 lit
3360 3439 3463 3491 ista
3518 3439 3827 3508 processio,
3890 3446 3951 3491 ut

2256 3527 2366 3578 alio
2399 3533 2651 3597 tempore
2694 3528 2963 3597 procedat
2995 3546 3021 3579 a
3056 3530 3238 3589 Patre,
3293 3529 3403 3580 alio
3445 3544 3575 3579 vero
3616 3528 3892 3596 procedat
3923 3545 3956 3578 a

2258 3615 2419 3680 Filio,
2454 3616 2546 3667 sed
2578 3615 2748 3667 simul
2781 3616 2848 3667 ab
2882 3620 3144 3685 utroque.
3178 3617 3288 3668 Nec
3316 3632 3382 3669 eo
3412 3616 3581 3668 modo
3610 3615 3683 3681 itit
3715 3622 3778 3668 ut
3826 3616 3959 3668 ﬁeri

2255 3704 2477 3757 soletin
2526 3704 2737 3756 carnali
2778 3705 3177 3773 generatione;
3221 3720 3334 3757 non
3366 3708 3448 3756 est
3502 3704 3654 3756 enim
3689 3704 3783 3756 hic
3836 3705 3960 3757 ulla

2253 3792 2499 3846 delluxio
2532 3792 2716 3861 qualis
2748 3792 2891 3844 solet
2910 3792 3147 3845 seminis
3174 3809 3296 3845 esse
3326 3793 3394 3845 de
3421 3791 3537 3844 viro
3571 3792 3630 3844 in
3671 3808 3952 3857 uxorem;

2253 3881 2352 3935 sed
2378 3896 2563 3950 neque
2598 3895 2854 3949 propago
2906 3881 3090 3950 qualis
3120 3884 3301 3933 exstat
3333 3898 3365 3933 a
3406 3886 3586 3933 matre
3619 3880 3674 3932 in
3706 3880 3810 3933 ﬁlii
3862 3897 3959 3950 ge-

2255 3970 2609 4023 nerationem
2662 3986 2673 4022 :
2728 3970 2784 4021 in
2838 3969 2925 4022 his
2972 3970 3122 4022 enim
3184 3969 3449 4022 omnibus
3510 3969 3960 4039 permutationis

2253 4063 2443 4110 motus
2483 4057 2698 4123 existit;
2745 4057 2842 4127 qui
2908 4062 3095 4110 motus
3140 4067 3161 4092 ³
3194 4074 3227 4110 a
3272 4057 3513 4127 spiritali
3563 4058 3959 4127 processionis

2253 4146 2422 4216 longe
2453 4150 2705 4198 remotus
2736 4150 2929 4199 exstat.
2964 4145 3221 4198 Procedit
3251 4146 3405 4198 enim
3435 4146 3679 4216 Spiritus
3720 4153 3962 4199 sanctus

2253 4238 2368 4285 tam
2400 4250 2431 4285 a
2461 4235 2623 4287 Patre
2663 4250 2835 4303 quam
2870 4252 2900 4286 a
2964 4234 3124 4297 Filio,
3193 4240 3403 4303 praeter
3462 4235 3639 4287 ullum
3698 4240 3956 4299 motum,

1931 4336 1995 4373 ac
2039 4338 2141 4391 per
2182 4327 2222 4378 ι)
2248 4327 2457 4391 praeter
2478 4323 2653 4375 ullam
2685 4322 3213 4388 commutationem,
3240 4328 3449 4391 praeter
3472 4323 3646 4375 ullam
3671 4322 3960 4376 deﬂuxio—

2253 4426 2382 4463 nem
2419 4427 2430 4464 :
2466 4410 2721 4480 potentia
2748 4427 2996 4479 namque
3032 4410 3335 4463 voluntatis
3369 4411 3611 4464 eflicitur
3660 4411 3766 4463 ista
3806 4427 3956 4479 pro-

2246 4499 2449 4566 cessio,
2486 4516 2598 4553 non
2627 4500 2820 4570 aliqua
2845 4500 3146 4569 temporali
3203 4501 3645 4569 permutatione,
3702 4499 3791 4552 vel
3850 4517 3957 4553 ex-

2247 4589 2524 4653 tensione,
2566 4590 2651 4642 vel
2682 4594 2956 4658 tanquam
2989 4589 3057 4641 de
3103 4594 3263 4659 patre
3298 4606 3393 4642 seu
3439 4593 3620 4643 matre
3670 4604 3957 4659 procrea-

2243 4682 2420 4744 tione,
2453 4677 2548 4732 sed
2581 4678 2751 4731 veluti
2787 4678 2854 4731 de
2888 4678 3109 4731 duobus
3150 4678 3418 4747 subjectis
3478 4694 3659 4731 unum
3719 4678 3957 4743 lumen,

2242 4782 2357 4818 non
2416 4772 2477 4818 ut
2529 4767 2695 4818 Pater
2752 4772 2807 4818 et
2868 4767 3039 4819 Filius
3094 4766 3333 4835 subjecti
3389 4766 3503 4820 sint
3532 4765 3792 4836 Spiritui,
3847 4768 3956 4820 sed

2241 4853 2392 4923 quod
2426 4854 2591 4905 Pater
2640 4859 2697 4905 et
2751 4853 2922 4905 Filius
2981 4854 3108 4907 dum
3170 4870 3447 4924 personas,
3527 4854 3694 4907 unius
3742 4860 3957 4908 tamen

2238 4941 2520 5005 essentise,
2586 4957 2616 4993 a
2667 4941 2875 5011 quibus
2920 4942 3090 4993 tertia
3146 4943 3401 5011 procedit
3459 4942 3702 5012 Spiritus
3755 4946 3958 4997 sancti

2235 5047 2507 5100 persona;
2538 5046 2653 5084 non
2696 5030 2858 5101 quasi
2880 5032 3124 5100 qualitas
3157 5032 3428 5097 duorum,
3457 5032 3551 5085 sed
3593 5032 3766 5085 veluti
3799 5048 3953 5086 con-

2235 5120 2680 5173 substantialitas
2730 5120 3050 5189 utriusque.
3104 5120 3261 5173 Sicut
3318 5120 3520 5174 beatus
3577 5120 3958 5189 Augustinus

2233 5208 2331 5275 ait,
2366 5209 2479 5261 vita
2522 5210 2708 5273 Pater,
2734 5208 2846 5261 vita
2877 5208 3067 5274 Filius,
3104 5211 3216 5261 vita
3248 5209 3495 5278 Spiritus
3541 5214 3789 5261 sanctus.
3823 5210 3951 5264 Sed

2230 5298 2341 5350 vita
2373 5299 2536 5351 Pater
2558 5297 2626 5351 de
2658 5299 2815 5351 nulla
2857 5297 3273 5360 vita,sumendo
3314 5299 3523 5365 vitam;
3562 5298 3673 5351 vita
3724 5298 3951 5367 Filius,

2227 5454 2359 5491 vero
2386 5440 2596 5493 erroris
2627 5440 2909 5505 originem
2939 5442 3081 5493 scire
3119 5441 3253 5493 velit
3298 5442 3489 5506 lector,
3519 5457 3753 5494 monere
3814 5459 3949 5498 non

2226 5510 2599 5590 gravabimur
2624 5528 2755 5565 eum
2790 5512 2922 5565 inde
2945 5513 3081 5565 oriri
3118 5513 3389 5581 potuisse,
3422 5513 3573 5582 quod
3605 5528 3948 5569 amanuen-

2225 5586 2311 5634 sis
2342 5586 2631 5651 scripserit
2660 5600 2693 5637 a
2721 5586 3012 5652 spirituali
3038 5586 3385 5652 processione.
