4148 6180
239 257 324 305 277
1203 253 1480 310 CONTRA
1521 253 1885 310 GRIECOltUl

1997 254 2319 312 iPPOSlTA.
2352 284 2424 298 -
2466 257 2590 312 ιλιι.
2636 258 2732 326 ιιι.

3609 269 3711 322 278

235 388 294 441 de
323 388 473 440 Patre
504 386 611 440 vita
657 387 935 457 capiendo
967 387 1170 456 vitam;
1221 389 1336 443 vita
1383 389 1627 459 Spiritus
1673 397 1901 445 sanctus
1939 394 1979 445 Α
2012 396 2066 444 et
2098 393 2272 446 Filius
2293 393 2557 463 Spiritus,
2593 395 2738 449 Patri
2772 400 2828 450 et
2857 396 2996 451 Filio
3029 397 3204 453 etiam
3229 400 3350 471 ipse
3381 406 3708 474 coaequalis,

236 477 294 529 de
341 478 491 530 Patre
545 475 802 547 Filioque
856 477 971 529 vita
1023 478 1360 547 prodeundo
1411 495 1644 532 sumens
1705 481 1896 533 vitam.

233 567 336 618 Non
389 565 537 618 enim
593 565 803 619 deitate
857 566 1070 634 poterit
1127 583 1248 620 esse
1324 567 1569 621 Trinitas
1636 569 1899 638 perfectae

233 653 830 717 consubstantialitatis,
897 654 945 706 si
1020 670 1136 707 non
1199 654 1444 725 Spiritus
1509 663 1737 710 sanctus
1792 659 1901 711 hoc

231 742 378 794 fuerit
406 741 554 810 quod
589 746 644 794 et
677 743 841 795 Pater
871 747 928 794 et
958 743 1150 796 Filius.
1293 747 1296 750 ’

290 830 348 882 Et
390 830 616 899 quidem
669 831 819 900 quod
869 831 938 884 de
989 833 1152 884 Patre
1193 833 1482 901 procedat,
1533 834 1692 887 nulla
1749 850 1900 888 nunc

231 919 732 988 vertiturquaastio;
783 920 934 990 quod
965 927 1156 974 autem
1187 937 1220 972 a
1251 922 1390 975 Filio
1441 923 1734 992 procedat,
1776 923 1898 993 ipse

233 1009 379 1061 Filius
416 1009 572 1060 testis
611 1008 823 1070 existit,
865 1008 963 1077 qui
1008 1008 1305 1079 loquitur:
1361 1013 1434 1063 De
1480 1027 1590 1064 meo
1647 1014 1897 1080 accipiet,

227 1104 268 1149 et
293 1099 632 1149 aununtiabit
682 1097 832 1150 vobis
881 1097 1054 1163 (Joan.
1106 1113 1220 1161 xu,
1279 1100 1376 1164 lli}.
1430 1100 1536 1152 Sed
1594 1100 1726 1153 hinc
1773 1101 1898 1154 hae-

227 1183 363 1235 retici
412 1184 621 1253 gradus
677 1185 738 1236 in
797 1184 1094 1237 divinitate
1166 1191 1497 1240 construere
1575 1189 1894 1254 voluerunt,

227 1271 447 1325 dicentes
500 1289 513 1325 :
574 1272 630 1326 Si
689 1273 861 1326 Filius
926 1273 1132 1343 accipit
1188 1291 1220 1327 a
1283 1277 1464 1340 Patre,
1535 1281 1584 1330 et
1654 1277 1898 1346 Spiritus

227 1367 423 1413 sanctus
482 1379 513 1413 a
593 1362 753 1427 Filio,
841 1362 1031 1415 minor
1085 1370 1170 1416 est
1241 1363 1488 1433 Spiritus
1549 1372 1774 1418 sanctus
1865 1383 1898 1419 a

227 1448 365 1502 Filio.
443 1449 580 1502 Huic
637 1466 916 1519 perversae
974 1452 1359 1520 propositioni
1424 1452 1617 1506 obviat
1699 1454 1898 1507 beatus

221 1538 558 1607 Augustinus,
612 1539 875 1608 superius
930 1539 1175 1606 positum
1249 1546 1500 1593 tractans
1579 1542 1895 1610 capitulum

218 1627 396 1693 (Tract.
437 1644 465 1679 c
520 1633 652 1680 ante
709 1627 904 1694 ﬁnem)
942 1645 954 1681 :
1018 1647 1046 1677 (ι
1081 1628 1239 1692 Quod
1275 1635 1464 1682 autem
1500 1629 1579 1682 ait
1615 1646 1628 1683 :
1663 1633 1732 1683 De
1782 1647 1894 1685 meo

219 1717 439 1784 accipiet,
487 1721 537 1770 et
595 1717 944 1770 annuntiabit
984 1717 1156 1783 vobis,
1207 1718 1500 1771 catholicis
1546 1719 1740 1772 audite
1797 1735 1892 1773 au-

222 1802 374 1864 ribus,
405 1803 698 1856 catholicis
738 1803 1013 1873 percipite
1046 1805 1354 1857 mentibus.
1407 1806 1527 1858 Non
1560 1806 1711 1859 enim
1760 1824 1889 1876 pro-

217 1896 407 1962 pterea,
441 1891 584 1945 sicut
610 1892 844 1963 quidam
888 1893 1142 1946 haeretici
1179 1899 1542 1962 putaverunt,
1581 1895 1770 1948 minor
1807 1901 1889 1948 est

220 1978 340 2031 Filio
368 1980 610 2049 Spiritus
630 1985 892 2046 sanctus;
924 1981 1059 2051 quia
1108 1981 1280 2035 Filius
1337 1982 1574 2052 accipiat
1617 1999 1649 2036 a
1704 1985 1886 2050 Patre,

220 2074 265 2120 et
311 2068 542 2138 Spiritus
600 2074 825 2122 sanctus
885 2086 918 2122 a
985 2069 1144 2135 Filio,
1206 2071 1550 2140 quibusdam
1621 2074 1889 2141 gradibus

221 2163 546 2210 naturarum.
605 2157 766 2211 Absit
814 2158 921 2211 hoc
984 2159 1236 2225 credere,
1298 2159 1445 2212 absit
1505 2161 1611 2214 hoc
1675 2161 1883 2226 dicere,

218 2244 342 2298 absit
371 2262 400 2298 a
431 2245 768 2298 Christianis
801 2246 1068 2299 cordibus
1115 2248 1388 2315 cogitare.
1445 2248 1702 2318 Denique
1749 2267 1885 2303 con-

218 2333 355 2387 tinuo
384 2335 550 2387 solvit
591 2334 994 2404 qumstionem,
1047 2340 1103 2387 et
1150 2350 1250 2387 cur
1296 2335 1403 2388 hoc
1452 2335 1659 2388 dixerit
1692 2337 1884 2405 expla-

219 2423 390 2475 navit:
426 2424 643 2487 Omnia,
700 2423 910 2492 inquit,
961 2438 1289 2491 quaecunque
1339 2424 1495 2476 habet
1542 2426 1718 2486 Pater,
1769 2440 1885 2477 mea

217 2517 321 2562 sunt
352 2528 363 2563 :
392 2517 679 2580 propterea
724 2511 866 2577 dimi,
901 2515 1040 2580 quia
1071 2512 1135 2564 de
1173 2528 1283 2565 meo
1307 2515 1558 2581 accipiet,
1587 2519 1636 2566 et
1673 2529 1883 2567 annun-

218 2600 353 2652 tiabit
394 2601 542 2654 vobis
611 2603 766 2668 (Joan
822 2617 933 2665 xvr,
1001 2602 1104 2670 l5).
1165 2600 1314 2664 Quid
1370 2602 1540 2654 vultis
1597 2601 1885 2671 amplius?

216 2688 342 2756 Ergo
372 2690 436 2742 de
472 2692 638 2743 Patre
693 2689 897 2758 accipit
941 2689 1188 2758 Spiritus
1244 2695 1492 2755 sanctus,
1530 2690 1682 2744 unde
1731 2690 1878 2744 acci-

215 2776 286 2845 pit
314 2778 478 2830 Filius
511 2795 522 2831 :
555 2778 693 2848 quia
720 2778 779 2830 in
814 2779 920 2831 hac
952 2777 1228 2830 Trinitate
1265 2779 1335 2831 de
1375 2779 1539 2832 Patre
1589 2784 1755 2831 natus
1801 2783 1884 2832 est

218 2865 387 2930 Filius,
443 2867 512 2920 de
571 2869 732 2921 Patre
809 2867 1064 2936 procedit
1139 2866 1386 2935 Spiritus
1451 2871 1697 2919 sanctus.
1773 2867 1880 2930 Qui

2009 485 2064 533 et
2131 483 2197 534 ad
2256 483 2549 536 Trinitatis
2605 486 2902 553 pertinens
2959 486 3289 542 unitatem:
3355 507 3467 544 non
3518 500 3710 546 tamen

2010 571 2270 624 eamdem
2304 572 2638 626 Trinitatem
2673 579 2865 626 natam
2896 575 2964 626 de
3005 575 3238 643 Virgine
3273 578 3466 646 Maria,
3513 585 3567 633 et
3605 583 3709 634 sub

2009 659 2212 711 Pontio
2249 661 2424 713 Pilato
2457 661 2803 726 cruciﬁxam,
2848 668 2901 714 et
2933 664 3233 732 sepultam,
3273 667 3436 718 tertia
3480 669 3570 720 die
3619 687 3706 722 re-

2006 750 2334 814 surrexisse,
2360 755 2416 802 et
2451 750 2508 802 in
2530 753 2736 802 ccelum
2777 752 3116 816 ascendisse,
3169 753 3260 805 sed
3310 758 3707 810 tantummodo

2009 837 2233 890 Filium.
2276 857 2297 883 ι
2349 837 2615 891 Distincte
2662 838 3019 908 singularum
3073 839 3129 893 in
3193 848 3383 894 sancta
3432 845 3706 899 Trinitate

2006 940 2380 993 personarum
2423 926 2803 995 proprietates
2851 927 3126 990 insinuat,
3165 935 3221 980 et
3257 930 3325 983 ad
3376 932 3560 985 solum
3611 934 3705 986 Fi-

2006 1013 2145 1065 lium
2198 1015 2654 1068 [incarnationem
2725 1014 3031 1085 pertinere.
3086 1016 3305 1070 Etenim
3371 1020 3532 1072 Pater
3588 1038 3702 1074 non

2005 1106 2089 1153 est
2148 1100 2296 1154 idem
2341 1102 2436 1171 qui
2496 1102 2688 1168 Filius,
2749 1104 3021 1172 quoniam
3082 1105 3282 1174 genuit
3339 1107 3583 1162 Filium:
3648 1115 3704 1161 et

2009 1188 2181 1240 Filius
2218 1190 2526 1242 non'idem
2572 1189 2670 1260 qui
2704 1192 2887 1256 Pater,
2922 1192 3016 1244 sed
3078 1194 3475 1246 tantummodo
3529 1196 3700 1248 Filius

2006 1277 2105 1346 qui
2158 1278 2229 1330 sit
2282 1296 2312 1330 a
2372 1279 2532 1331 Patre
2587 1279 2849 1346 genitus;
2897 1280 3142 1350 Spiritus
3202 1298 3431 1352 quoque
3477 1289 3702 1338 sanctus

2004 1381 2107 1417 nec
2141 1367 2304 1419 Pater
2329 1370 2419 1431 sit,
2457 1382 2556 1419 nec
2604 1367 2798 1433 Filius,
2837 1369 2931 1422 sed
2983 1374 3209 1421 tantum
3265 1370 3440 1423 Patris
3485 1377 3541 1423 et
3577 1372 3702 1425 Filii

2003 1452 2265 1523 Spiritus.
2323 1455 2388 1506 Et
2450 1455 2723 1524 quoniam
2787 1457 3086 1526 utriusque
3149 1457 3360 1510 dicitur
3430 1457 3696 1526 Spiritus,

2004 1549 2419 1612 consequenter
2448 1547 2518 1596 ab
2553 1550 2796 1613 utroque
2829 1548 3135 1611 procedere
3176 1547 3549 1599 contitendus.
3584 1547 3702 1600 Sic-

2006 1635 2065 1682 ut
2095 1631 2250 1684 enim
2297 1632 2478 1684 Patris
2524 1632 2733 1684 dicitur
2776 1648 2916 1699 esse,
2969 1633 3101 1703 quia
3152 1634 3406 1702 procedit
3435 1650 3467 1686 a
3510 1636 3696 1700 Patre,

2003 1717 2081 1770 sic
2137 1719 2261 1773 Filii
2318 1736 2550 1790 quoque
2604 1721 2906 1788 proﬁtetur
2965 1737 3104 1786 esse,
3167 1721 3301 1790 quia
3357 1722 3610 1791 procedit
3664 1738 3698 1774 a

1999 1809 2157 1862 Filio.
2193 1809 2406 1863 Similis
2447 1809 2656 1862 etenim
2699 1827 2866 1862 causa
2909 1827 3008 1864 cur
3057 1812 3129 1864 sit
3172 1813 3490 1879 utriusque,
3547 1813 3698 1865 simi-

1997 1896 2129 1949 liter
2179 1896 2484 1950 conﬁtetur
2530 1897 2598 1949 ab
2650 1903 2894 1968 utroque
2955 1900 3298 1968 procedere;
3349 1905 3404 1952 et
3443 1916 3574 1952 cum
3623 1900 3696 1952 sit

1997 1985 2146 2039 Patri
2174 1986 2427 2055 Filioque
2469 1985 2794 2054 coaequalis,
2855 1993 2911 2038 et
2961 1987 3029 2039 ad
3061 1988 3354 2040 Trinitatis
3409 1987 3695 2056 pertineat

1997 2078 2299 2139 unitatem,
2337 2074 2656 2125 lncarnatio
2684 2078 2876 2125 tamen
2911 2074 3032 2127 Filii
3063 2090 3166 2127 nec
3191 2073 3265 2126 ad
3292 2076 3539 2137 Patrem,
3589 2091 3692 2126 nec

1994 2163 2065 2215 ad
2124 2161 2402 2230 Spiritum
2451 2167 2709 2214 sanctum
2742 2161 3038 2230 pertinet:
3091 2163 3339 2230 pertinet
3368 2169 3560 2213 autem
3621 2161 3691 2214 ad

1994 2251 2178 2303 solum
2235 2251 2454 2302 Patrem
2501 2250 2766 2318 genuisse
2802 2250 3044 2315 Filium;
3092 2250 3179 2323 ad.
3232 2249 3433 2302 Filium
3497 2255 3690 2302 autem

1994 2338 2286 2392 hominem
2332 2338 2641 2408 suscepisse
2684 2338 2997 2407 perlectum
3043 2354 3055 2391 :
3109 2339 3176 2390 ad
3221 2337 3498 2406 Spiritum
3544 2354 3686 2406 quo-

1993 2444 2105 2498 que
2136 2433 2392 2480 sanctum
2423 2444 2487 2480 ex
2521 2428 2684 2480 Patre
2731 2426 2986 2496 Filioque
3033 2427 3393 2495 processisse.
3449 2427 3586 2478 Item
3631 2426 3687 2477 in

1992 2515 2474 2586 consequentibus
2507 2516 2650 2583 (cap.
2707 2518 2802 2580 5):
2867 2538 2892 2559 «
2947 2515 3131 2568 Movet
3179 2516 3348 2566 etiam
3398 2516 3688 2583 quomodo

1991 2605 2235 2675 Spiritus
2273 2610 2501 2657 sanctus
2547 2603 2605 2656 in
2656 2603 2933 2657 Trinitate
2984 2605 3077 2665 sit,
3125 2619 3296 2672 quem
3350 2619 3453 2655 nec
3501 2604 3683 2668 Pater,

1992 2710 2096 2747 nec
2125 2693 2315 2750 Filius,
2352 2709 2452 2746 nec
2483 2693 2649 2746 ambo
2680 2692 3005 2762 genuerint,
3058 2708 3186 2744 cum
3235 2693 3306 2744 sit
3337 2692 3580 2760 Spiritus
3633 2695 3689 2744 et

1991 2783 2172 2836 Patris
2193 2788 2247 2835 et
2278 2782 2421 2848 Filii,
2458 2803 2479 2829 ι
2520 2781 2614 2834 His
2663 2781 2846 2834 verbis
2877 2783 3306 2849 generationem
3365 2784 3617 2832 removet
3656 2795 3685 2831 a

1991 2871 2204 2940 Spiritu
2251 2878 2461 2936 sancto,
2513 2886 2684 2940 quem
2745 2887 2848 2922 nec
2896 2871 3061 2922 Pater
3113 2870 3283 2931 solus,
3339 2885 3440 2921 nec
3512 2868 3685 2921 Filius

215 2959 378 3007 autem
410 2955 477 3008 de
509 2956 669 3008 nullo
711 2960 880 3008 natus
911 2954 1003 3020 sit,
1057 2955 1127 3007 de
1181 2955 1335 3007 nullo
1375 2955 1662 3023 procedat,
1717 2957 1882 3008 Pater
1918 2987 1957 3042 Ο
1988 2959 2162 3018 solus.
2190 2975 2292 3012 nec
2323 2959 2490 3012 ambo
2531 2959 2823 3027 genuissse
2875 2957 3164 3017 dicantur;
3201 2963 3451 3008 attamen
3501 2956 3573 3008 sit
3629 2961 3686 3008 et

214 3042 344 3094 solus
387 3049 486 3097 est.
546 3064 569 3090 ι
628 3043 750 3096 Non
802 3049 887 3095 est
941 3042 1289 3095 contrarium
1349 3043 1505 3112 quod
1554 3059 1706 3096 nunc
1761 3049 1879 3112 agit

213 3129 456 3194 Spiritum
483 3137 745 3183 sanctum
772 3131 839 3183 de
873 3133 1034 3184 Patre
1081 3132 1410 3200 procedere,
1463 3131 1876 3200 superioribus,

214 3219 293 3270 ubi
320 3219 452 3272 dixit
481 3219 753 3273 eumdem
796 3219 1073 3289 Spiritum
1118 3227 1378 3273 sanctum
1423 3236 1456 3272 a
1488 3218 1627 3273 Filio
1675 3235 1877 3288 proce-

213 3307 344 3374 dere,
375 3309 467 3362 sed
499 3309 692 3362 aufert
734 3308 1178 3362 minorationem
1229 3325 1402 3378 quam
1447 3306 1698 3361 haeretici
1747 3323 1876 3377 gar-

211 3396 424 3462 riebant,
456 3402 513 3450 et
558 3396 928 3449 commendat
971 3397 1380 3467 aequalitatem,
1415 3413 1583 3466 quam
1617 3395 1878 3450 catholici

211 3485 436 3538 credunt.
498 3486 644 3538 Nam
692 3486 738 3536 si
793 3490 1015 3538 tantum
1075 3486 1319 3555 Spiritus
1373 3491 1598 3538 Sanctus
1651 3503 1683 3538 a
1739 3485 1876 3539 Filio

211 3573 463 3627 diceretur
504 3573 784 3642 accipere,
841 3590 960 3627 non
1016 3575 1188 3627 etiam
1224 3592 1255 3627 a
1299 3575 1481 3640 Patre,
1523 3574 1878 3643 praeberetur

208 3659 336 3712 locus
380 3662 606 3715 Arianis
640 3662 896 3731 ﬁngendi
948 3663 1158 3732 gradus
1202 3663 1262 3715 in
1314 3663 1609 3715 divinitate
1645 3679 1656 3715 :
1724 3679 1877 3714 nunc

207 3756 370 3804 autem
413 3750 612 3804 dicens
645 3752 715 3804 de
773 3753 936 3805 Patre
973 3751 1125 3821 quod
1167 3752 1438 3819 procedat
1469 3751 1714 3821 Spiritus
1745 3767 1874 3802 san-

207 3847 326 3904 ctus,
359 3856 467 3892 non
494 3846 586 3893 est
621 3839 774 3893 unde
804 3839 1029 3909 ﬁngant
1079 3840 1551 3907 minorationem;
1602 3839 1874 3909 quoniam

207 3924 316 3980 inde
361 3929 563 3998 accipit
635 3928 810 3981 etiam
871 3928 1116 3998 Spiritus
1159 3935 1388 3982 sanctus
1446 3935 1508 3982 ut
1583 3929 1872 3997 procedat,

207 4017 334 4068 unde
369 4018 578 4086 accipit
603 4017 775 4070 Filius
805 4022 868 4069 ut
897 4022 1160 4070 nascatur
1192 4034 1204 4070 :
1251 4023 1307 4070 et
1361 4016 1497 4070 dum
1528 4017 1698 4069 ambo
1746 4032 1874 4085 per-

208 4104 398 4167 cipiunt
425 4123 456 4158 a
488 4108 677 4166 Patre,
723 4106 894 4157 Filius
945 4105 1320 4169 nativitatem,
1373 4105 1617 4174 Spiritus
1647 4110 1876 4156 sanctus

209 4196 628 4260 processionem,
663 4210 774 4246 non
809 4200 892 4246 est
937 4197 1084 4246 unde
1123 4197 1266 4246 alter
1308 4195 1468 4246 alteri
1516 4195 1871 4262 praeferatur.

1989 3047 2169 3099 Patris
2201 3053 2257 3100 et
2281 3047 2407 3099 Filii
2435 3047 2678 3114 Spiritus
2713 3061 2724 3096 :
2763 3045 3035 3097 nimirum
3069 3044 3363 3096 insinuans
3397 3042 3534 3112 quia
3579 3043 3681 3112 qui

1986 3135 2270 3188 nascendo
2312 3151 2424 3186 non
2475 3135 2548 3186 sit
2601 3134 2792 3197 Filius,
2834 3133 3194 3201 procedendo
3253 3133 3324 3184 sit
3379 3133 3680 3186 amborum

1985 3223 2230 3291 Spiritus
2266 3239 2278 3275 :
2327 3222 2422 3275 ubi
2467 3221 2619 3274 enim
2677 3221 2942 3272 nativitas
2981 3220 3221 3282 tollitur,
3273 3225 3330 3271 et
3368 3219 3672 3272 amborum

1987 3327 2108 3364 esse
2141 3311 2368 3375 dicitur,
2412 3310 2693 3378 processio
2727 3311 2846 3361 sine
2875 3308 3048 3361 dubio
3084 3307 3458 3377 signiﬁcatur,
3495 3312 3552 3360 et
3567 3323 3680 3359 non

1987 3401 2056 3453 ab
2111 3416 2224 3452 uno
2278 3398 2702 3466 tantummodo,
2763 3399 2869 3450 hoc
2922 3403 3006 3450 est
3063 3397 3146 3448 vel
3203 3413 3235 3448 a
3284 3398 3449 3449 Patre
3509 3395 3594 3447 vel
3651 3411 3682 3448 a

1989 3489 2148 3553 Filio,
2187 3487 2285 3540 sed
2319 3487 2390 3540 ab
2440 3491 2702 3556 utroque,
2737 3485 3012 3553 quoniam
3061 3500 3175 3536 non
3223 3482 3395 3536 unius
3455 3487 3678 3535 tantum

1983 3577 2227 3646 Spiritus
2261 3617 2273 3639 ,
2307 3575 2404 3628 sed
2434 3576 2734 3644 utriusque
2769 3575 2887 3626 fore
2922 3573 3351 3642 comprobatur.

2060 3668 2197 3718 ltem
2230 3665 2379 3717 infra
2411 3667 2553 3732 (cap.
2599 3665 2726 3730 1‘2):
2787 3685 2806 3709 α
2857 3664 2976 3715 Jam
3017 3661 3170 3714 enim
3218 3660 3571 3712 ostendimus
3623 3658 3680 3711 iu

1984 3754 2090 3807 hac
2118 3753 2392 3805 'l‘rinitate
2426 3767 2528 3820 per
2561 3752 2772 3803 multos
2804 3751 3159 3803 locutionum
3191 3748 3517 3801 divinarum
3561 3763 3673 3799 mo-

1985 3842 2086 3895 dos
2116 3841 2286 3894 etiam
2318 3840 2385 3892 de
2412 3839 2652 3907 singulis
2682 3839 2790 3891 dici
2817 3837 2969 3908 quod
2991 3838 3253 3890 omnium
3281 3842 3384 3902 est,
3443 3841 3682 3906 propter

1983 3929 2426 3998 inseparabilem
2469 3927 2856 3996 operationem
2908 3926 3076 3979 unius
3127 3926 3499 3995 ejusdemque
3547 3924 3679 3976 sub-

1986 4021 2228 4071 stantiae.
2273 4016 2426 4069 Sicut
2466 4019 2521 4068 et
2562 4015 2630 4068 de
2669 4014 2880 4084 Spiritu
2933 4019 3124 4067 sancto
3170 4013 3352 4066 dicit:
3402 4013 3532 4067 Cum
3588 4026 3682 4077 ego

1983 4109 2112 4167 iero.
2161 4108 2375 4158 mittam
2420 4106 2572 4158 illum
2605 4104 2678 4157 ad
2710 4119 2799 4157 vos
2858 4105 3032 4170 (Joan.
3078 4119 3186 4167 xw,
3233 4103 3305 4171 7).
3350 4101 3474 4156 Non
3540 4100 3684 4152 dixit

1987 4198 2299 4258 mittemus,
2325 4197 2420 4247 sed
2448 4195 2524 4246 ita
2554 4194 2715 4262 quasi
2749 4198 2969 4245 tantum
3009 4191 3181 4244 Filius
3231 4207 3363 4243 eum
3405 4189 3684 4243 missurus

215 4281 305 4333 Nec
330 4289 516 4337 tamen
567 4283 780 4336 idcirco
827 4283 1156 4351 negandum
1189 4283 1336 4352 quod
1370 4283 1438 4335 de
1473 4283 1611 4335 Filio
1642 4299 1872 4352 quoque
1917 4283 1957 4335 D
1985 4288 2152 4348 esset,
2201 4299 2315 4336 non
2367 4284 2548 4336 Pater.
2604 4282 2744 4334 Cum
2795 4281 2906 4332 alio
2957 4281 3077 4333 loco
3125 4281 3318 4332 dicat:
3373 4281 3492 4332 Haec
3533 4279 3684 4332 locu-

209 4375 494 4436 procedat:
557 4373 637 4425 ait
698 4387 947 4440 namque
1011 4373 1182 4424 Filius
1235 4387 1247 4423 :
1305 4371 1500 4425 Omnia
1552 4386 1878 4438 quaecunque

179 4456 346 4512 'habet
371 4463 552 4526 Pater,
593 4477 709 4513 mea
741 4465 884 4513 sunt.
935 4463 1223 4527 Prome-rea
1275 4460 1415 4526 dimi,
1465 4463 1596 4528 quia
1647 4460 1711 4511 de
1769 4475 1878 4511 meo

212 4549 428 4615 accipiet,
458 4555 509 4601 et
557 4548 911 4602 annuntiabit
965 4551 1114 4600 vobis
1171 4549 1338 4610 (Joan.
1391 4564 1499 4612 xvx,
1539 4551 1640 4612 tb‘).
1704 4549 1882 4600 Habet

214 4641 381 4689 autem
414 4639 586 4690 Pater
637 4643 696 4689 ut
749 4638 818 4689 de
871 4638 966 4688 illo
1025 4637 1293 4705 procedat
1343 4636 1586 4704 Spiritus
1633 4643 1878 4702 sanctus,

214 4734 606 4795 consequenter
643 4730 697 4778 et
730 4725 900 4778 Filius
932 4725 1103 4777 habet
1130 4730 1191 4778 ut
1239 4725 1306 4777 de
1338 4726 1433 4777 illo
1477 4741 1704 4794 quoque
1755 4741 1884 4794 pro-

215 4814 379 4878 cedat;
425 4831 564 4884 ergo
604 4814 864 4884 procedit
901 4815 972 4867 ab
1035 4821 1277 4884 utroque
1336 4815 1580 4884 Spiritus
1633 4821 1882 4867 sanctus.

858 4938 1081 4992 CAPUT
1122 4939 1212 4991 IIl.

587 5044 722 5099 Item
756 5047 1059 5099 testimonia
1081 5061 1146 5098 ea:
1170 5047 1496 5112 Augustino.

278 5165 334 5218 ln
379 5167 528 5220 libro
581 5168 650 5220 de
698 5174 892 5220 sancta
947 5167 1222 5230 TrinLtate
1263 5168 1450 5236 primo
1498 5169 1640 5234 (cap.
1699 5170 1752 5236 4)
1813 5168 1890 5220 sic

223 5253 329 5304 ait:
392 5275 412 5302 ι
473 5254 747 5317 Quamvis
801 5255 970 5307 Pater
1029 5254 1232 5307 Filium
1301 5256 1586 5322 genuerit,
1651 5260 1707 5306 et
1765 5255 1891 5307 ideo

225 5341 376 5398 Filius
411 5360 525 5396 non
575 5344 650 5397 sit
698 5343 797 5413 qui
851 5345 1018 5397 Pater
1049 5349 1166 5409 est;
1219 5343 1503 5413 Filiusque
1536 5359 1568 5394 a
1609 5344 1768 5395 Patre
1822 5343 1894 5395 sit

225 5431 444 5497 genitus,
480 5438 536 5484 et
565 5432 692 5485 ideo
725 5447 840 5484 non
870 5432 942 5484 sit
968 5433 1131 5484 Pater
1162 5431 1260 5501 qui
1291 5431 1461 5483 Filius
1493 5437 1604 5495 est;
1649 5431 1894 5500 Spiritus

227 5526 427 5571 sanctus
457 5537 560 5573 nec
594 5522 761 5573 Pater
791 5519 882 5585 sit,
917 5535 1018 5572 nec
1067 5521 1260 5584 Filius,
1302 5521 1398 5572 sed
1448 5524 1673 5572 tantum
1717 5521 1894 5573 Patris

1988 4379 2072 4426 tus
2102 4389 2218 4425 sum
2244 4373 2391 4425 vobis
2413 4371 2563 4439 apud
2598 4385 2686 4423 vos
2726 4384 2981 4432 manens;
3036 4369 3330 4422 advocatus
3362 4373 3539 4420 autem
3571 4367 3682 4430 ille,

1988 4464 2236 4530 Spiritus
2278 4465 2497 4514 sanctus
2544 4475 2699 4526 quem
2744 4461 2916 4511 mittet
2965 4457 3131 4510 Pater
3170 4459 3227 4509 in
3283 4459 3496 4508 nomine
3549 4469 3680 4519 meo,

1989 4553 2080 4604 ille
2126 4550 2274 4602 vobis
2323 4548 2623 4601 declarabit
2653 4549 2833 4600 omnia
2855 4549 3034 4611 (Joan.
3083 4561 3194 4608 XIV,
3247 4548 3358 4602 25).
3411 4544 3506 4596 Hic
3558 4558 3687 4594 rur-

1992 4655 2088 4690 sus
2120 4638 2196 4689 ita
2227 4637 2439 4689 dictum
2470 4640 2572 4700 est,
2615 4634 2776 4703 quasi
2810 4650 2926 4687 non
2957 4649 3086 4686 eum
3119 4632 3393 4685 missurus
3443 4635 3587 4684 esset
3633 4635 3690 4682 et

1995 4726 2189 4790 Filius,
2216 4725 2311 4776 sed
2343 4729 2564 4776 tantum
2619 4725 2800 4775 Pater.
2854 4740 2880 4772 ))
2935 4723 3283 4790 Frequenter
3334 4719 3550 4773 dictum
3605 4723 3689 4770 est

1997 4815 2325 4868 missionem
2358 4813 2630 4881 Spiritum
2677 4810 3102 4880 processionem
3148 4824 3299 4874 esse;
3341 4812 3691 4878 quapropter

1995 4918 2123 4956 cum
2149 4907 2386 4953 testatur
2417 4901 2620 4952 Filium
2655 4914 2786 4951 eum
2822 4897 3126 4950 missurum
3189 4912 3332 4958 esse,
3383 4891 3690 4965 processio-

1998 5006 2128 5043 nem
2165 4989 2286 5057 ejus
2314 5005 2345 5039 a
2372 4987 2509 5041 Filio
2543 4985 2826 5055 signiﬁcat
2860 4999 2872 5037 :
2907 4984 3044 5037 item
3094 4999 3223 5036 cum
3272 4983 3421 5035 dicat
3470 4981 3689 5033 Patrem

1998 5079 2307 5131 missurum
2351 5075 2598 5144 Spiritus
2632 5078 2891 5125 sanctum
2941 5072 3000 5123 in
3035 5071 3264 5123 nomine
3299 5068 3444 5133 Filii,
3497 5080 3694 5119 rursus

1998 5163 2421 5236 processionem
2453 5163 2577 5231 ejus
2603 5161 2671 5213 de
2707 5161 2867 5212 Patre
2899 5158 3106 5226 signat.
3137 5158 3201 5210 Et
3234 5157 3369 5209 dum
3419 5155 3488 5206 ab
3534 5157 3693 5204 utro-

1997 5271 2108 5325 que
2133 5252 2277 5306 mitti
2305 5251 2532 5316 dicitur,
2550 5250 2617 5302 ab
2637 5254 2884 5317 utroque
2903 5247 3211 5316 procedere
3266 5242 3691 5313 comprobatur.

2005 5345 2066 5396 Et
2096 5341 2192 5395 dat
2217 5342 2541 5408 generalem
2576 5343 2784 5391 sancta:
2816 5333 3111 5390 Trinitatis
3159 5331 3440 5401 regulam,
3506 5330 3700 5384 dicens

2000 5433 2068 5485 de
2103 5431 2342 5498 singulis
2368 5429 2478 5482 dici
2509 5427 2666 5498 quod
2695 5425 2954 5478 omnium
2986 5428 3089 5487 est,
3117 5441 3144 5468 α
3194 5425 3429 5490 propter
3467 5419 3700 5488 insepa-

2006 5519 2239 5571 rabilem
2265 5517 2654 5587 operationem
2687 5513 2857 5567 unius
2880 5509 3254 5582 ejusdemque
3291 5507 3646 5562 substantias.
3673 5528 3700 5554 η
