4086 6182
340 264 444 317 279

1492 258 1852 313 BATRAMNI
1890 258 2351 315 CORBEIENSIS
2392 260 2695 317 MONACHI

3750 260 3864 313 280

343 392 467 456 Quo
497 392 647 447 dicto
679 392 975 447 manifeste
1002 392 1297 457 docemur,
1324 391 1475 461 quod
1504 406 1634 444 cum
1664 390 1883 444 dicatur
1908 391 2034 461 Spi-
2073 391 2122 447 Α
2147 394 2234 443 ter
2263 391 2438 445 solus.
2464 392 2527 444 Et
2557 390 2691 460 quia
2720 389 2894 444 Filius
2926 405 3158 460 quoque
3191 388 3475 461 sapientia
3517 399 3605 444 est
3659 390 3867 460 genita

345 481 491 535 ritus
520 497 553 534 a
584 483 745 534 Patre
774 482 1099 550 procedere,
1149 480 1592 550 intelligendum
1641 480 1856 549 pariter
1898 482 2048 549 quod

348 577 465 624 eta
508 571 649 624 Filio
702 572 989 639 procedat.
1048 572 1306 639 Itemque
1366 585 1497 621 cum
1546 569 1751 622 dicitur
1804 587 1836 622 a
1902 570 2045 623 Filio

351 659 522 719 mitti,
555 660 726 712 simul
758 660 1196 726 intelligendum
1229 659 1380 727 quod
1413 666 1469 710 et
1501 675 1534 711 a
1561 660 1722 712 Patre
1755 660 2043 725 mittatur;

353 747 624 819 quoniam
656 750 823 802 Pater
851 754 908 801 et
935 748 1105 800 Filius
1127 747 1271 799 sicut
1298 746 1469 799 unius
1500 747 1869 817 ejusdemque
1916 757 2051 801 sunt

352 836 700 902 substantias,
748 834 828 887 sic
862 834 1033 887 unius
1079 834 1449 905 ejusdemque
1498 841 1631 887 sunt
1675 837 2046 905 operationis.

355 924 478 988 Qua
502 924 571 978 de
595 940 651 976 re
682 923 781 993 qui
812 928 976 991 negat
1014 922 1284 991 Spiritum
1311 939 1340 974 a
1369 922 1506 975 Filio
1532 923 1698 990 mitti,
1723 940 1849 976 cum
1884 925 2053 978 fatea-

354 1019 449 1066 tur
462 1012 816 1065 eumaPatre
842 1010 1013 1075 mitti,
1048 1013 1429 1080 negatprocul
1465 1012 1638 1065 dubio
1669 1014 1875 1066 Filium
1900 1014 2052 1066 Patri

357 1099 687 1169 cooperari;
715 1116 778 1151 ac
810 1114 911 1168 per
958 1100 1065 1153 hoc
1090 1100 1211 1169 jam
1251 1102 1476 1153 Patrem
1536 1108 1593 1153 et
1642 1101 1848 1154 Filium
1918 1102 2051 1155 dicit

357 1204 477 1241 non
526 1186 693 1240 unius
737 1188 1111 1258 ejusdemque
1165 1190 1516 1258 operationis
1560 1206 1573 1242 :
1624 1192 1775 1261 quod
1835 1192 2051 1257 dicens,

358 1281 771 1345 consequenter
804 1282 970 1345 negat
993 1279 1219 1331 Patrem
1242 1283 1297 1331 et
1320 1279 1524 1331 Filium
1561 1280 1728 1332 unius
1768 1281 2053 1349 ejusdem-

358 1379 468 1433 que
521 1365 641 1418 fore
699 1366 1052 1420 substantias.
1098 1369 1229 1421 Tale
1273 1374 1357 1420 est
1408 1375 1462 1422 et
1510 1370 1651 1423 illud
1679 1370 1833 1439 quod
1882 1371 2055 1423 Filius

357 1458 620 1519 testatur,
652 1455 925 1525 Spiritum
960 1474 993 1509 a
1042 1458 1207 1511 Patre
1258 1459 1587 1528 procedere.
1635 1459 1900 1528 Quisquis
1951 1476 2056 1511 ne-

359 1557 492 1610 gare
525 1543 794 1597 maluerit
840 1562 957 1597 non
992 1563 1123 1599 eum
1175 1564 1402 1617 quoque
1445 1566 1477 1601 a
1530 1549 1668 1602 Filio
1725 1549 2055 1617 procedere,

359 1635 532 1701 negat
554 1632 766 1697 pariter
818 1634 1025 1687 Filium
1078 1652 1195 1688 non
1241 1637 1493 1705 ejusdem
1549 1654 1668 1691 esse
1709 1638 2058 1706 operationis

360 1736 491 1773 cum
512 1721 677 1773 Patre
709 1736 812 1774 :ac
841 1738 943 1790 per
974 1723 1081 1775 hoc
1128 1725 1353 1778 Patrem
1386 1725 1708 1796 Filiunique
1738 1744 1847 1779 non
1888 1728 2057 1779 unius

360 1808 458 1861 sed
497 1806 736 1861 diversae
767 1809 890 1862 fore
924 1810 1284 1866 substantiae.
1326 1813 1487 1876 Quod
1529 1814 1798 1882 quoniam
1832 1815 2057 1867 Arianaa

362 1897 620 1949 videmus
674 1896 987 1967 impietatis
1049 1898 1116 1951 de
1166 1902 1319 1953 lonte
1374 1916 1625 1965 manare,
1683 1903 2058 1970 proliteamur

360 2001 492 2039 cum
536 1985 832 2038 catholicis
881 1993 1059 2040 totam
1100 1987 1208 2040 sibi
1252 1990 1590 2042 Trinitatem
1639 1991 1961 2060 cooperari,
2004 1998 2059 2044 et

362 2072 431 2125 de
454 2070 721 2124 omnibus
755 2071 1197 2140 intelligendum
1231 2074 1299 2127 de
1330 2075 1573 2144 singulis
1606 2077 1756 2145 quod
1812 2076 2055 2129 dicitur:

363 2158 639 2228 quoniam
686 2176 816 2213 cum
868 2161 943 2213 sit
988 2166 1107 2214 tota
1159 2161 1403 2215 Trinitas
1458 2164 1627 2216 unius
1685 2164 2057 2235 ejusdemque

362 2247 717 2313 substantiae,
768 2249 1019 2318 separari
1063 2266 1435 2320 nequaquam
1469 2257 1655 2319 potest
1701 2253 2053 2322 operatione.

364 2336 486 2400 Qua
516 2336 586 2390 de
615 2352 675 2390 re
705 2353 836 2391 cum
870 2338 1077 2391 dicitur
1104 2339 1349 2409 Spiritus
1376 2357 1406 2393 a
1446 2342 1609 2394 Patre
1636 2342 1942 2410 procedere
1968 2359 2057 2411 p.1-

364 2426 502 2478 riter
526 2442 754 2497 quoque
777 2426 1141 2481 sentiendum
1165 2428 1445 2498 dici’quod
1468 2430 1739 2497 procedat
1761 2434 1817 2483 et
1839 2448 1868 2482 a
1894 2431 2055 2484 Filio.

435 2515 577 2567 Item
610 2514 669 2567 in
696 2514 796 2568 lib.
828 2532 897 2569 xv
919 2518 1060 2585 (cap.
1094 2519 1143 2585 6)
1172 2524 1377 2571 sanctae
1406 2519 1697 2571 Trinitatis
1731 2537 1743 2572 :
1784 2538 1811 2569 ι(
1846 2519 2063 2573 Dicitur

367 2602 603 2671 quidem
629 2603 689 2656 in
719 2603 1023 2674 Scripturis
1076 2607 1285 2659 sanctis
1315 2608 1560 2663 Christus
1610 2610 1714 2661 Dei
1765 2610 1962 2675 virtus,
2014 2614 2063 2663 et

366 2694 462 2747 Dei
490 2694 780 2761 sapientia.
810 2693 914 2746 Sed
949 2696 1435 2763 quemadmodum
1477 2698 1548 2749 sit
1598 2697 2058 2767 intelligendum,

365 2797 469 2835 nec
502 2782 727 2834 Patrem
767 2782 941 2834 Filius
963 2783 1218 2836 videatur
1248 2784 1429 2837 facere
1466 2786 1803 2854 sapientem,
1834 2787 1895 2839 in
1915 2786 2063 2839 libro

368 2870 612 2939 septimo
634 2869 985 2939 disputatum
1013 2878 1113 2925 est.
1132 2873 1279 2925 Etad
1296 2874 1403 2926 hoc
1420 2874 1563 2926 ratio
1588 2873 1863 2943 pervenit,
1892 2879 1955 2927 ut
1989 2874 2066 2926 sic

2156 482 2226 534 de
2275 481 2575 550 sapientia,
2627 480 2773 533 sicut
2814 495 2918 533 nec
2960 481 3126 532 Pater
3166 479 3236 545 ei,
3278 495 3382 531 nec
3428 477 3673 548 Spiritus
3730 496 3863 532 san-

2155 574 2276 622 ctus
2307 569 2360 621 ei
2407 568 2695 638 intelligit,
2730 568 2825 621 sed
2862 569 2980 638 ipse
3025 568 3152 634 sibi,
3184 568 3260 620 ita
3293 584 3396 620 nec
3436 569 3600 621 Pater
3643 568 3697 620 ei
3742 584 3863 620 me-

2159 658 2344 721 minit,
2370 674 2474 710 nec
2506 658 2745 727 Spiritus
2777 664 3003 708 saucius
3034 657 3087 709 ei
3138 656 3347 725 diligit,
3396 656 3494 709 sed
3540 656 3662 725 ipse
3699 656 3809 708 sibi
3850 672 3863 708 :

2158 763 2256 799 sua
2290 747 2443 800 enim
2480 753 2563 799 est
2593 752 2650 801 et
2680 747 2800 816 ipse
2830 764 2977 798 mem
3007 747 3126 810 vria,
3162 762 3265 797 sua
3312 744 3719 814 intelligentia,
3756 762 3866 797 sua

2155 836 2419 900 dilectio;
2453 837 2548 889 sed
2600 836 2677 889 ita
2722 852 2779 887 se
2824 835 3055 899 habere,
3090 834 3157 886 de
3189 835 3349 886 Patre
3396 833 3479 885 illi
3506 839 3612 898 est,
3645 833 3714 886 de
3747 850 3868 903 quo

2158 932 2323 979 natus
2347 932 2450 978 est.
2478 925 2721 993 Spiritus
2773 924 2945 977 etiam
2975 928 3202 976 sanctus
3245 922 3380 992 quia
3418 921 3721 990 sapientia,
3779 929 3868 975 est

2158 1014 2470 1084 procedens
2499 1015 2568 1067 de
2600 1014 2901 1083 sapientia,
2959 1028 3075 1065 non
3127 1013 3351 1064 Patrem
3414 1011 3583 1064 liabet
3630 1027 3865 1064 memo-

2161 1104 2408 1167 riam,et
2440 1104 2639 1155 Filium
2696 1101 3157 1170 intelligentiam,
3216 1104 3273 1152 et
3323 1116 3382 1152 se
3444 1099 3861 1153 dilectionem:

2164 1206 2348 1259 neque
2380 1191 2533 1242 enim
2589 1190 2869 1257 sapientia
2915 1194 3080 1255 esset,
3115 1189 3161 1241 si
3192 1189 3338 1241 alius
3369 1190 3419 1241 ei
3480 1188 3864 1251 meminisset,

2162 1279 2328 1348 eique
2360 1279 2505 1331 alius
2535 1279 2902 1347 intelligeret,
2939 1294 3001 1331 ac
3031 1278 3431 1330 tantummodo
3462 1277 3571 1330 sibi
3601 1278 3723 1346 ipse
3776 1277 3866 1329 di-

2164 1368 2394 1435 ligeret;
2426 1368 2522 1420 sed
2554 1368 2672 1437 ipse
2697 1368 2867 1420 habet
2912 1368 3033 1419 haec
3074 1367 3216 1431 tria;
3250 1373 3306 1419 et
3357 1383 3420 1418 ea
3456 1366 3535 1419 sic
3586 1366 3777 1433 habet,
3801 1373 3870 1417 ut

2164 1456 2285 1509 haec
2315 1457 2434 1526 ipsa
2482 1457 2599 1525 ipse
2640 1457 2710 1508 sit
2742 1472 2754 1509 :
2791 1461 3183 1508 verumtamen
3229 1463 3290 1507 iit
3330 1455 3406 1507 ita
3450 1455 3541 1519 sit,
3574 1455 3727 1507 unde
3781 1455 3869 1506 illi

2165 1550 2249 1597 est
2282 1546 2429 1598 unde
2473 1545 2747 1615 procedit.
2804 1564 2829 1594 ››
2886 1544 3185 1598 Subtiliter
3231 1544 3404 1596 nimis
3454 1549 3624 1614 atque
3674 1542 3869 1597 divine

2167 1650 2539 1703 personarum
2596 1633 2891 1687 Trinitatis
2948 1632 3343 1686 distinctiones
3395 1632 3715 1695 insinuans,
3774 1648 3868 1684 sa-

2168 1722 2441 1793 pientiam
2473 1723 2610 1776 dicit
2640 1740 2760 1775 esse
2812 1725 3058 1787 Patrem,
3115 1722 3571 1791 sapientiamque
3632 1721 3870 1787 Filium,

2164 1811 2501 1881 sapientiam
2550 1828 2779 1881 quoque
2828 1810 3104 1880 Spiritum
3156 1815 3448 1874 sanctum;
3501 1809 3599 1862 sed
3657 1809 3873 1861 Filium

2164 1900 2444 1969 genitum,
2475 1901 2571 1969 qui
2599 1906 2682 1952 est
2720 1899 2996 1969 sapientia
3020 1899 3087 1951 de
3125 1900 3304 1961 Patre,
3344 1898 3443 1968 qui
3474 1897 3743 1952 similiter
3783 1903 3874 1951 est

2166 1988 2471 2056 sapientia;
2516 1992 2572 2039 et
2627 1986 2903 2055 Spiritum
2955 1987 3385 2055 procedentem,
3436 1986 3534 2055 qui
3578 1986 3653 2038 sit
3692 1985 3869 2039 etiam

2167 2075 2471 2145 sapientia,
2502 2081 2597 2127 sed
2635 2074 2703 2127 de
2763 2076 2926 2127 Patre
2979 2074 3078 2143 qui
3128 2073 3411 2142 sapientia
3459 2080 3559 2139 est,
3613 2071 3872 2143 Filioque

2167 2165 2266 2235 qui
2296 2164 2561 2217 similiter
2606 2164 2887 2232 sapientia
2916 2168 3017 2215 est.
3067 2163 3132 2215 Et
3183 2168 3244 2215 ut
3290 2162 3608 2216 evidentius
3654 2164 3873 2215 clareat

2166 2253 2317 2321 quod
2350 2253 2503 2319 dicit,
2529 2268 2812 2321 ponamus
2844 2251 3108 2322 superius
3130 2251 3377 2321 positam
3398 2251 3870 2305 similitudinem.

2164 2343 2295 2396 Tria
2352 2342 2509 2395 enim
2555 2341 2869 2407 constituit,
2925 2340 3186 2393 videlicet
3232 2340 3594 2405 memoriam,
3647 2340 3870 2393 intelli-

2167 2432 2442 2500 gentiam,
2494 2430 2881 2495 dilectionem,
2942 2434 3217 2499 tanquain
3267 2429 3562 2481 Trinitatis
3599 2429 3873 2482 similitu-

2170 2520 2362 2573 dinem
2394 2520 2453 2572 in
2493 2518 2757 2571 interiori
2797 2518 3031 2570 homine
3057 2517 3322 2587 positam,
3360 2517 3429 2571 de
3460 2518 3671 2588 quibus
3711 2519 3873 2571 mul—

2170 2614 2291 2661 tum
2326 2608 2599 2677 diSputat,
2649 2613 2763 2659 tam
2795 2606 2853 2659 in
2902 2605 3122 2659 decimo
3148 2606 3348 2675 quinto
3378 2606 3543 2671 libro,
3596 2623 3772 2676 quam
3815 2612 3876 2661 et

2172 2696 2231 2747 in
2260 2695 2383 2747 aliis
2423 2695 2677 2763 ejusdem
2710 2694 2919 2763 operis,
2962 2694 3290 2764 approbans
3323 2695 3381 2747 in
3407 2695 3686 2748 memoria
3725 2712 3870 2748 con-

2172 2768 2343 2836 tineri
2375 2786 2491 2835 tam
2549 2782 2986 2852 intelligentiam
3046 2798 3219 2853 quam
3262 2782 3653 2848 dilectionem,
3704 2788 3760 2836 et
3804 2784 3875 2836 de

2172 2872 2453 2924 memoria
2514 2871 2950 2939 intelligentiam
3011 2870 3166 2924 nasci
3213 2888 3225 2936 ;
3289 2871 3359 2924 de
3414 2875 3656 2942 utraque
3711 2889 3874 2937 vero,

366 2958 623 3012 sitFilius
642 2958 923 3028 sapientia
938 2960 1004 3013 de
1019 2960 1321 3029 sapientia,
1356 2963 1843 3031 quemadmodum
1867 2963 2065 3015 lumen
2105 2990 2144 3044 ρ
2176 2960 2453 3012 memoria
2475 2960 2687 3012 scilicet
2718 2964 2773 3011 et
2802 2960 3207 3028 intelligentia,
3264 2959 3627 3013 dilectionem
3672 2976 3875 3029 proce-

373 3047 442 3101 de
472 3045 712 3114 lumine,
753 3048 899 3100 Deus
921 3048 988 3101 de
1014 3050 1147 3101 Deo.
1181 3050 1293 3103 Nec
1310 3050 1462 3103 aliud
1488 3050 1782 3119 potuimus
1806 3050 2062 3104 invenire

370 3135 647 3205 Spiritum
678 3141 969 3201 sanctum;
1008 3138 1115 3190 nisi
1138 3142 1194 3191 et
1225 3139 1413 3207 ipsum
1444 3155 1566 3192 esse
1613 3138 1975 3208 sapientiam,
2010 3146 2064 3193 et

372 3224 541 3277 simul
575 3240 774 3277 omnes
802 3241 975 3279 unam
1012 3227 1383 3295 sapientiam;
1427 3229 1572 3281 sicut
1626 3244 1807 3281 unum
1861 3229 2059 3293 Deum,

372 3328 546 3366 unam
580 3315 906 3367 essentiam.
948 3314 1092 3377 Quid
1126 3316 1335 3367 istliinc
1384 3314 1713 3380 edocemur,
1761 3316 1867 3367 nisi
1927 3333 2063 3385 pro-

373 3402 690 3454 cessionem
721 3401 964 3469 Spiritus
1006 3407 1120 3455 tam
1152 3402 1221 3454 de
1267 3404 1428 3455 Patre
1480 3419 1652 3471 quam
1684 3404 1750 3456 dc
1801 3403 1967 3467 Filio;
2012 3408 2068 3457 et

374 3490 521 3543 hanc
553 3489 889 3542 Trinitatem
916 3490 1083 3542 unius
1134 3491 1504 3543 substantiw?
1535 3492 1678 3544 Dicit
1725 3492 2065 3561 sapientiam

377 3593 497 3629 esse
540 3578 784 3642 Patrem,
826 3575 1167 3643 sapientiam
1204 3576 1428 3640 Filium,
1464 3579 1801 3647 sapientiam.
1834 3596 2065 3650 quoque

378 3659 659 3728 Spiritum
684 3666 940 3714 sanctum
978 3679 989 3715 :
1020 3664 1117 3716 sed
1153 3666 1319 3717 Pater
1348 3666 1626 3735 sapientia
1664 3668 1731 3721 de
1778 3669 1934 3722 nulla
1978 3686 2062 3723 sa-

376 3748 616 3818 pientia.
640 3751 765 3803 Non
780 3751 933 3803 eniin
950 3769 981 3803 a
996 3753 1134 3806 Filio
1151 3756 1391 3824 sumpsit
1408 3761 1468 3808 ut
1484 3760 1632 3809 esset
1645 3758 1900 3826 sapiens;
1922 3775 2066 3828 quo-

378 3836 535 3891 niam
565 3855 693 3892 cum
724 3840 796 3892 sit
833 3840 951 3910 ipse
972 3841 1096 3895 fons
1127 3850 1183 3895 et
1214 3845 1563 3912 principium
1594 3846 2065 3916 ;universa|itatis,

376 3944 408 3980 a
439 3929 744 3999 semetipso
785 3931 1011 3998 sapiens
1042 3936 1145 3995 est,
1186 3949 1300 3985 non
1327 3934 1567 4003 alicujus
1608 3935 2065 4003 participatione.

376 4017 689 4072 SicutDeus
715 4035 830 4071 non
852 4022 922 4072 ab
945 4020 1159 4089 aliquo,
1188 4021 1283 4072 sed
1316 4038 1349 4073 a
1368 4022 1673 4090 semetipso
1694 4023 1921 4076 lumen:
1953 4040 2068 4076 non

378 4106 535 4159 enim
565 4108 737 4161 habet
769 4108 983 4177 aliquid
1016 4111 1298 4177 superius,
1320 4112 1401 4161 vel
1427 4112 1777 4179 praecedens,
1813 4112 2069 4179 alioquin

379 4211 492 4247 non
518 4197 625 4247 erit
657 4197 1036 4249 universitatis
1064 4197 1441 4265 principium;
1502 4199 1600 4251 scd
1649 4215 1751 4251 nec
1800 4200 2066 4269 imperfe-

2171 3049 2334 3114 dere;
2372 3056 2426 3102 et
2456 3049 2575 3101 haec
2611 3050 2719 3101 tria
2747 3049 2916 3101 simul
2949 3064 3067 3101 esse
3108 3054 3277 3118 atque
3304 3050 3470 3101 unius
3500 3050 3857 3102 substantias.

2174 3140 2247 3191 Ea
2280 3138 2431 3191 enim
2474 3136 2839 3191 meminimus
2870 3154 2995 3207 qua:
3022 3137 3415 3205 intelligimus,
3452 3144 3507 3190 et
3542 3154 3673 3191 cum
3715 3140 3876 3191 volu-

2175 3244 2298 3279 mus
2339 3227 2782 3295 intelligentiam
2842 3232 3095 3278 nostrain
3146 3226 3376 3293 intueri,
3433 3242 3548 3280 non
3606 3228 3874 3281 valemus

2175 3315 2281 3367 nisi
2320 3316 2388 3368 de
2422 3315 2716 3368 memoria:
2743 3315 2991 3384 quodam
3014 3321 3229 3367 secreto
3262 3316 3552 3383 procedat,
3588 3320 3870 3386 tanquam

2175 3409 2525 3470 generetur:
2571 3409 2627 3455 et
2667 3420 2796 3456 cum
2848 3404 3231 3472 approbamus
3279 3404 3720 3472 intelligentiam
3767 3421 3871 3457 no-

2175 3497 2346 3543 stram
2410 3493 2480 3543 de
2527 3495 2803 3545 memoria
2846 3492 3229 3561 progenitam,
3303 3493 3368 3545 lit
3417 3510 3579 3546 amor
3636 3494 3876 3563 quidam

2175 3581 2558 3648 complectens
2598 3586 2651 3634 et
2699 3582 3137 3651 intelligentiam
3190 3587 3244 3635 et
3303 3582 3674 3646 memoriam;
3738 3600 3876 3636 nam

2176 3668 2487 3722 delectatur
2524 3675 2578 3723 et
2626 3668 3025 3739 intelligentia,
3077 3686 3251 3739 quam
3291 3671 3592 3739 approbat,
3642 3676 3699 3723 et
3763 3688 3881 3725 me-

2178 3756 2358 3811 moria
2384 3758 2454 3810 de
2495 3774 2607 3828 qua
2638 3760 2793 3811 novit
2841 3765 3033 3811 natam
3080 3760 3540 3828 intelligentiam,
3575 3776 3750 3829 quam
3802 3761 3881 3814 di-

2176 3846 2301 3916 ligit
2337 3863 2349 3899 :
2383 3847 2533 3899 unde
2585 3847 2667 3910 ﬁt,
2722 3853 2787 3900 ut
2846 3848 2965 3899 haac
3017 3847 3245 3901 dilectio
3300 3854 3416 3901 tam
3478 3849 3547 3902 de
3593 3850 3883 3903 memoria

2178 3952 2349 4005 quam
2400 3936 2468 3988 de
2502 3936 2880 4005 intelligentia
2937 3938 3230 3989 nascatur.
3299 3936 3357 3990 Si
3416 3938 3574 3990 nulla
3624 3953 3880 4009 namque

2176 4025 2320 4076 foret
2347 4022 2725 4092 intelligentia
2758 4025 2913 4077 nulla
2952 4030 3139 4092 posset
3165 4040 3287 4078 esse
3331 4025 3453 4094 ejus
3503 4026 3765 4095 dilectio;
3823 4034 3884 4081 et

2178 4112 2223 4163 si
2263 4111 2418 4163 nulla
2464 4110 2609 4164 foret
2648 4111 2946 4177 memoria,
2985 4127 3102 4163 non
3151 4118 3297 4165 esset
3340 4113 3489 4165 unde
3531 4114 3878 4167 consisteret

2179 4200 2576 4270 intelligentia.
2633 4201 2783 4254 Nihil
2815 4200 2971 4254 enim
3022 4201 3399 4271 intelligimus
3446 4204 3606 4272 cujus
3660 4220 3880 4258 memo-

378 4289 519 4348 ctus,
552 4299 655 4335 nec
683 4283 948 4353 indigens
978 4285 1211 4353 alicujus
1248 4286 1411 4350 Deus,
1451 4286 1547 4339 sed
1600 4287 1818 4356 plenus,
1871 4294 1928 4340 et
1977 4304 2069 4340 ve-
2112 4289 2152 4341 D
2182 4292 2322 4342 riam
2358 4306 2470 4343 non
2502 4291 2777 4344 habemus
2808 4306 2821 4344 :
2867 4290 3303 4360 distinguuntur
3333 4298 3525 4345 tamen
3574 4294 3682 4346 ista
3728 4311 3877 4363 pro-

380 4386 495 4437 rus,
529 4376 585 4424 et
613 4372 895 4440 perfectus
928 4375 1074 4427 Deus
1109 4389 1120 4426 :
1182 4374 1357 4442 igitur
1383 4392 1415 4427 a
1461 4376 1768 4444 semetipso
1816 4376 2063 4445 sapiens.

384 4458 554 4511 Filius
582 4476 712 4513 vero
761 4460 1060 4531 sapientia,
1114 4464 1209 4516 sed
1237 4464 1305 4515 de
1374 4464 1536 4517 Patre
1579 4464 1887 4534 sapientia;
1934 4481 2068 4535 quo-

379 4547 535 4601 niam
591 4549 698 4601 hoc
741 4550 942 4619 genuit
988 4552 1155 4605 Pater
1202 4552 1356 4622 quod
1403 4558 1504 4607 est.
1554 4553 1799 4622 Spiritus
1839 4570 2068 4623 quoque

379 4637 680 4706 sapientia,
715 4639 813 4692 sed
846 4656 961 4692 non
1020 4641 1088 4692 de
1137 4642 1293 4693 nulla
1342 4642 1665 4711 sapientia:
1713 4643 1868 4695 solus
1913 4644 2069 4696 enim

379 4726 547 4779 Pater
575 4726 644 4780 de
668 4728 845 4780 nullo.
879 4729 1035 4781 Unde
1068 4729 1261 4799 igitur,
1308 4730 1416 4783 nisi
1447 4731 1515 4784 de
1556 4730 1873 4800 sapientia?
1907 4733 2071 4785 Pater

379 4818 571 4868 autem
604 4815 913 4884 sapientia,
942 4816 1114 4870 Filius
1147 4834 1375 4887 quoque
1416 4819 1695 4889 sapientia
1729 4836 1741 4873 :
1770 4836 1904 4889 ergo
1944 4821 2069 4888 Spi-

378 4902 523 4956 ritus
573 4902 870 4972 sapientia,
930 4903 999 4956 de
1056 4904 1219 4957 Patre
1268 4906 1519 4975 Filioque
1576 4906 1873 4976 sapientia.
1947 4908 2072 4961 Non

377 4990 533 5045 enim
562 4992 1039 5061 Patersapientia,
1072 4992 1357 5064 Filiusque
1398 4995 1701 5063 sapientia,
1748 4996 2071 5049 diversitate

377 5085 737 5150 separantur,
758 5080 856 5133 sed
888 5081 1106 5135 unitate
1130 5083 1493 5152 copulantur.
1530 5084 1695 5138 Mittit
1726 5085 1903 5155 igitur
1934 5089 2076 5137 uter-

379 5184 490 5239 que
521 5169 798 5240 Spiritnm
830 5170 1171 5239 sapientiam
1202 5174 1604 5242 procedentem
1634 5174 1702 5227 ab
1745 5180 2005 5244 utroque.
2044 5195 2070 5221 »

450 5259 590 5311 Item
620 5258 904 5328 posterius
944 5259 1085 5327 (cap.
1138 5261 1281 5330 vn):
1338 5283 1357 5307 ι
1418 5260 1555 5312 Ecce
1584 5261 1735 5329 [ergo
1793 5262 1901 5314 tria
1954 5261 2069 5328 illa,

380 5342 437 5396 id
479 5350 564 5399 est
609 5348 907 5413 memoria,
934 5347 1335 5416 intelligentia,
1378 5348 1606 5402 dilectio
1648 5366 1747 5402 seu
1790 5351 2071 5415 voluntas,

378 5430 439 5483 in
469 5431 566 5485 illa
587 5450 811 5488 summa
840 5441 895 5489 et
925 5436 1271 5489 immutabili
1320 5437 1566 5489 essentia
1597 5439 1746 5508 quod
1778 5445 1863 5492 est
1906 5441 2071 5506 Deus,

389 5534 509 5572 non
538 5520 703 5575 Pater
723 5528 779 5576 et
809 5524 980 5577 Filius
1003 5530 1059 5578 et
1076 5524 1324 5595 Spiritus
1370 5530 1595 5579 sanctus
1625 5533 1776 5593 sunt,
1824 5529 1919 5582 sed
1970 5530 2074 5582 Pa-

2178 4379 2317 4445 priis
2344 4379 2662 4432 intellectus
2705 4379 2789 4432 sui
2839 4379 3070 4432 ﬁnibus.
3130 4381 3400 4433 Memoria
3451 4398 3700 4452 namque
3758 4401 3873 4437 non

2177 4483 2278 4535 per
2309 4484 2368 4519 se
2407 4467 2695 4537 intelligit,
2740 4468 2836 4521 sed
2867 4484 2969 4538 per
3010 4468 3481 4539 intelligentiam;
3518 4487 3620 4523 nec
3659 4470 3876 4525 intelli-

2177 4554 2370 4623 gentia
2403 4571 2503 4624 per
2527 4572 2585 4607 se
2616 4556 2701 4608 sui
2735 4556 3015 4621 meminit,
3066 4558 3161 4609 sed
3214 4574 3313 4627 per
3362 4558 3703 4612 memoriam
3740 4576 3755 4613 :
3796 4560 3877 4613 sic

2178 4648 2234 4696 et
2262 4644 2485 4696 dilectio
2510 4642 2631 4696 sine
2665 4645 2943 4698 memoria
2975 4646 3058 4698 vel
3087 4645 3470 4715 intelligentia
3502 4664 3617 4700 non
3641 4648 3873 4717 diligit;

2178 4731 2400 4786 sublato
2439 4748 2688 4802 namque
2740 4734 3036 4787 intellectu
3089 4750 3207 4787 non
3255 4740 3339 4787 est
3406 4736 3561 4806 quod
3600 4738 3889 4791 memoria

2178 4821 2450 4885 retineat;
2503 4827 2558 4874 et
2614 4822 2837 4875 sublata
2880 4824 3157 4876 memoria
3197 4824 3428 4877 dilectio
3477 4824 3619 4877 nihil
3672 4827 3885 4879 memi-

2180 4909 2298 4975 nit;
2331 4926 2443 4979 qua
2465 4909 2532 4963 de
2564 4926 2624 4963 re
2655 4910 2883 4964 dilectio
2917 4912 3037 4981 jam
3096 4928 3212 4965 non
3272 4913 3398 4977 erit,
3452 4929 3581 4966 cum
3642 4929 3758 4966 non
3814 4917 3893 4969 sit

2182 4997 2339 5066 quod
2373 4998 2595 5067 diligat,
2638 4999 2724 5051 vel
2752 5014 2867 5053 non
2919 5000 3247 5053 meminerit
3300 5018 3414 5071 quo
3468 5018 3525 5054 se
3578 5002 3885 5056 ditfundat.

2180 5085 2267 5139 Sic
2292 5085 2470 5155 igitur
2528 5086 2636 5139 ista
2686 5086 2795 5140 tria
2838 5093 2894 5141 et
2956 5088 3125 5142 simul
3185 5095 3337 5153 sunt,
3370 5095 3425 5141 et
3475 5106 3543 5142 ex
3603 5092 3889 5145 alterutro

2185 5179 2517 5238 nascuntur,
2546 5180 2601 5228 et
2650 5176 2766 5229 suis
2806 5176 3018 5230 ﬁnibus
3062 5178 3515 5248 distinguuntur,
3578 5184 3633 5232 et
3680 5186 3890 5233 mutuo

2182 5263 2390 5316 suimet
2418 5264 2795 5334 indigentiam
2823 5266 3052 5320 habent.
3100 5286 3126 5316 ι)

2252 5352 2360 5405 Sed
2392 5369 2505 5405 non
2547 5354 2749 5407 eodem
2790 5354 2960 5407 modo
3006 5360 3202 5408 sancta
3248 5355 3492 5409 Trinitas
3542 5356 3885 5425 aestimatur,

2182 5441 2324 5494 sicut
2343 5443 2541 5496 doctor
2572 5443 2678 5497 iste
2717 5444 3058 5497 venerabilis
3106 5444 3377 5499 insinuat.
3443 5446 3535 5498 Est
3576 5445 3734 5498 enim
3780 5448 3889 5500 Pa-

2181 5534 2268 5583 ter
2297 5535 2352 5584 et
2392 5531 2564 5584 Filius
2606 5538 2661 5585 et
2699 5532 2942 5602 Spiritus
2999 5539 3227 5587 sanctus
3276 5537 3395 5588 tota
3444 5534 3712 5603 Trinitas,
3764 5540 3889 5589 tan-
