4086 6182
190 282 281 334 231
1194 273 1469 331 CONTRA
1507 262 1897 332 GRAECOBUM
1941 278 2298 334 OPPOSITA.
2348 308 2415 318 —
2468 277 2596 333 LIB.
2640 277 2735 332 ιιι.

3590 284 3695 337 28?.

182 428 358 482 quam
386 410 691 478 memoria,
716 410 1112 480 intelligentia,
1142 409 1392 463 dilectio.
1435 411 1500 463 Et
1552 412 1714 464 Pater
1755 408 1880 479 qui-
1920 412 1963 463 Α
1998 426 2056 463 se
2083 409 2333 481 diligunt
2365 410 2605 464 invicem
2639 410 2803 463 Pater
2834 415 2889 463 et
2939 409 3130 477 Filius,
3184 415 3489 483 utrumque
3550 430 3686 466 cou-

187 501 316 554 dem
349 500 524 554 veluti
560 501 689 554 fons
720 500 789 553 de
821 516 935 569 quo
966 499 1139 553 Filius
1177 500 1445 563 nascitur,
1496 500 1641 552 sicut
1672 516 1886 551 memo-

186 591 266 641 ria
314 591 671 660 principium
715 589 1000 659 quoddam
1065 588 1269 652 existit,
1318 606 1382 641 ex
1436 606 1549 659 quo
1608 588 1888 641 formatur

187 678 590 748 intelligentia.
646 678 821 731 Filius
873 693 1101 747 quoque
1149 694 1279 729 cum
1326 678 1397 731 sit
1452 678 1749 747 sapientia,
1818 677 1887 730 de

189 767 349 819 Patre
383 769 655 831 nascitur,
707 768 860 818 velut
898 766 1277 834 intelligentia
1326 767 1396 819 de
1445 765 1723 819 memoria
1782 782 1884 833 ge-

188 864 455 919 neratur;
508 856 755 923 Spiritus
808 871 1036 924 quoque
1078 862 1325 920 sanctus,
1379 860 1433 907 et
1478 856 1597 924 ipse
1660 855 1887 923 sapien-

188 944 287 1008 tia,
336 945 437 1013 qui
470 953 663 996 tamen
701 950 784 1009 est
837 944 1085 1009 dilectio,
1147 944 1405 1012 procedit
1453 960 1486 996 a
1551 944 1688 997 Filio
1746 949 1801 995 et
1858 960 1891 996 a.

186 1033 376 1091 Patre,
411 1033 569 1084 velut
600 1032 828 1084 dilectio
860 1032 929 1085 de
958 1032 1336 1100 intelligentia
1369 1038 1421 1084 et
1450 1033 1721 1085 memoria
1760 1050 1887 1102 pro-

188 1120 355 1173 cedit.
392 1121 599 1173 Verum
631 1137 759 1172 cum
792 1123 870 1173 ita
902 1121 994 1185 sit,
1049 1136 1165 1173 non
1205 1126 1288 1172 est
1335 1136 1714 1189 personarum
1765 1122 1888 1174 talis

186 1209 499 1275 distinctio,
537 1216 595 1263 ut
621 1211 787 1263 Pater
838 1226 950 1262 non
982 1212 1053 1261 sit
1079 1210 1307 1278 sapiens
1357 1211 1466 1262 nisi
1500 1228 1602 1279 per
1662 1210 1887 1278 Filium,

189 1303 243 1351 et
274 1298 449 1351 Filius
482 1315 596 1351 non
630 1299 831 1368 diligat
861 1298 971 1351 nisi
1004 1315 1105 1368 per
1148 1300 1423 1367 Spiritum
1469 1305 1751 1363 sanctum,
1797 1316 1888 1353 ve-

189 1388 271 1440 lut
302 1388 361 1439 in
396 1387 649 1439 hominis
694 1387 947 1439 trinitate
1004 1388 1263 1440 videmus
1310 1388 1621 1451 interioris,
1671 1404 1887 1439 memo-

186 1476 330 1527 riam
364 1491 485 1527 non
518 1491 618 1544 per
663 1491 743 1540 se,
788 1476 883 1528 sed
916 1491 1017 1544 per
1050 1475 1491 1543 intelligentiam
1546 1476 1884 1544 intelligere,

187 1567 241 1615 et
271 1563 721 1633 intelligentiam
756 1580 871 1617 non
899 1581 1001 1634 per
1035 1582 1114 1628 se,
1139 1566 1233 1617 sed
1266 1582 1369 1634 per
1398 1566 1735 1618 memoriam
1768 1583 1888 1619 me-

185 1652 428 1705 minisse
458 1669 470 1705 :
510 1652 952 1723 intelligentiam
984 1670 1216 1724 quoque
1249 1670 1364 1706 non
1406 1670 1505 1723 per
1535 1670 1615 1718 se,
1661 1655 1757 1707 sed
1788 1670 1889 1723 per

184 1740 558 1794 dilectionem
583 1742 823 1811 diligere
853 1761 868 1795 :
902 1743 1266 1796 dilectionem
1299 1759 1528 1812 quoque
1558 1760 1674 1795 non
1706 1760 1803 1812 per
1830 1761 1887 1797 se

185 1830 537 1899 intelligere,
566 1846 667 1883 nec
698 1847 798 1900 per
827 1847 885 1884 se
917 1832 1266 1894 meminisse,
1303 1830 1399 1883 sed
1427 1848 1528 1898 per
1551 1832 1889 1885 memoriam

188 1919 548 1983 meminisse,
582 1924 637 1971 et
668 1936 769 1988 per
799 1919 1239 1988 intelligentiam
1272 1919 1609 1988 intelligere.
1657 1923 1777 1973 Non
1809 1926 1894 1974 est

188 2006 342 2060 enim
370 2007 472 2059 illa
498 2007 764 2068 Trinitas,
801 2025 929 2077 qua:
961 2013 1044 2060 est
1069 2025 1293 2061 summa
1320 2016 1375 2062 et
1432 2012 1745 2063 immobilis
1802 2028 1890 2063 es-

188 2096 396 2159 Sentia,
429 2096 488 2149 id
517 2105 602 2149 est
642 2097 811 2163 Deus,
845 2098 1137 2163 memoria,
1184 2098 1581 2165 intelligentia,
1644 2100 1889 2167 dilectio,

192 2192 252 2237 ut
281 2185 409 2236 haec
432 2184 545 2237 tria
583 2184 696 2237 sint
719 2186 884 2238 Pater
920 2193 976 2238 et
1027 2187 1197 2239 Filius
1246 2195 1302 2241 et
1358 2189 1604 2258 Spiritus
1646 2198 1890 2253 sanctus,

190 2277 472 2342 tanquam
508 2274 672 2326 Pater
706 2275 999 2338 memoria,
1046 2276 1215 2328 Filius
1250 2276 1655 2346 intelligentia,
1679 2286 1735 2331 et
1761 2279 1892 2347 Spi-

188 2362 331 2414 ritus
361 2368 595 2414 sanctus
628 2362 883 2427 dilectio;
917 2364 1015 2417 sed
1062 2366 1215 2417 solus
1248 2367 1411 2419 Pater
1459 2367 1579 2419 haec
1637 2368 1744 2420 tria
1800 2368 1889 2432 sit,

190 2456 245 2502 et
277 2451 458 2503 Filius
491 2450 754 2504 similiter
784 2452 905 2505 haec
936 2452 1065 2520 tria,
1105 2454 1349 2522 Spiritus
1396 2471 1626 2525 quoque
1669 2463 1895 2508 sanctus

191 2542 312 2593 haec
342 2540 453 2592 tria
484 2541 719 2609 pariter.
754 2542 919 2594 Pater
951 2543 1105 2595 enim
1131 2559 1195 2594 ex
1232 2560 1289 2595 se
1326 2548 1381 2596 et
1413 2544 1674 2597 meminit
1714 2551 1768 2597 et
1805 2546 1891 2597 in-

188 2630 404 2696 telligit
462 2635 521 2681 et
574 2629 815 2697 diligit:
870 2646 986 2683 non
1034 2631 1189 2684 enim
1252 2633 1466 2701 accepit
1522 2651 1555 2686 a
1608 2634 1745 2687 Filio
1806 2635 1893 2685 in-

190 2717 538 2785 telligentia,
595 2718 853 2787 alioquin
905 2720 1055 2771 nasci
1107 2720 1392 2773 diceretur
1439 2738 1471 2773 a
1519 2722 1679 2787 Filio,
1741 2723 1895 2792 quod

191 2822 306 2857 non
344 2811 431 2857 est
463 2806 697 2874 quidem
754 2808 1128 2872 catholicum;
1165 2824 1267 2861 nec
1320 2810 1678 2863 dilectionem
1739 2828 1894 2863 acce-

192 2894 274 2962 pit
302 2909 337 2945 a
364 2893 583 2961 Spiritu
618 2902 832 2958 sancto,
892 2895 1181 2949 videretur
1211 2897 1364 2950 enim
1422 2900 1490 2951 de
1545 2898 1641 2951 illo
1700 2916 1895 2968 proce-

1993 498 2264 568 jungens,
2315 500 2471 553 velut
2524 515 2588 552 ex
2632 504 2875 570 utroque
2924 500 3284 569 procedens:
3346 518 3459 555 non
3526 503 3687 572 quasi

1998 589 2241 657 qualitas
2270 589 2595 651 amborum,
2646 588 2742 641 sed
2777 593 2837 641 ut
2873 589 3115 641 existens
3161 589 3221 641 in
3261 590 3535 643 Trinitate
3582 596 3691 645 ter-

1998 677 2075 731 tia
2106 694 2351 746 persona
2377 678 2871 730 consubstantialis
2912 683 2967 730 et
3014 678 3339 748 eoasqualis.
3394 680 3531 732 [tem
3588 697 3685 749 po-

1998 767 2199 819 sterius
2230 782 2243 819 :
2278 784 2302 815 υ
2334 767 2427 819 Est
2456 766 2611 819 enim
2643 771 2695 818 et
2741 767 2906 819 Pater
2959 767 3127 832 Deus,
3178 773 3233 819 et
3285 767 3454 819 Filius
3516 768 3686 835 Deus,

1998 860 2054 909 et
2083 856 2326 925 Spiritus
2356 861 2583 908 sanctus
2616 856 2783 922 Deus,
2816 860 2871 907 et
2902 855 3069 907 simul
3104 870 3303 908 omnes
3338 871 3484 908 unus
3517 857 3687 909 Deus.

2002 946 2061 998 Et
2101 953 2291 998 tamen
2343 961 2457 997 non
2505 944 2715 997 frustra
2767 946 2824 997 in
2858 944 2961 997 hac
3010 944 3285 997 Trinitate
3341 961 3453 997 non
3485 944 3693 998 dicitur

2004 1034 2245 1086 Verbum
2272 1034 2369 1087 Dei
2398 1033 2505 1086 nisi
2534 1033 2726 1096 Filius,
2762 1050 2864 1085 nec
2895 1034 3108 1087 donum
3144 1033 3242 1085 Dei
3294 1032 3400 1085 nisi
3448 1033 3691 1102 Spiritus

2000 1128 2244 1185 sanctus,
2278 1139 2380 1176 nec
2407 1123 2474 1176 de
2506 1140 2619 1192 quo
2653 1122 2911 1191 genitum
2945 1128 3031 1175 est
3055 1122 3325 1187 Verbum,
3355 1127 3411 1175 et
3458 1122 3526 1175 de
3575 1139 3689 1191 quo

2001 1212 2258 1281 procedit
2315 1211 2709 1281 principaliter
2767 1211 3011 1281 Spiritus
3060 1216 3306 1277 sanctus,
3365 1210 3473 1263 nisi
3544 1212 3693 1263 Deus

2001 1303 2183 1355 Pater.
2221 1301 2348 1354 Ideo
2374 1308 2566 1353 autem
2599 1300 2813 1366 addidi,
2871 1301 3279 1369 principaliter,
3331 1300 3465 1370 quia
3513 1303 3568 1352 et
3624 1301 3691 1352 de

2001 1390 2138 1444 Filio
2169 1390 2414 1458 Spiritus
2458 1394 2682 1441 sanctus
2731 1391 3033 1458 procedere
3084 1389 3388 1458 reperitur.
3441 1387 3549 1441 Sed
3587 1386 3694 1440 hoc

1999 1496 2226 1549 quoque
2260 1479 2339 1530 illi
2373 1480 2536 1530 Pater
2582 1478 2759 1543 dedit,
2790 1494 2902 1529 non
2930 1479 3050 1546 jam
3104 1478 3388 1541 existenti,
3432 1481 3487 1529 et
3546 1493 3692 1529 non-

1999 1569 2135 1620 dum
2162 1566 2411 1630 babenti,
2445 1566 2540 1619 sed
2590 1566 2871 1636 quidquid
2922 1567 3221 1635 unigenito
3271 1567 3451 1618 Verbo
3514 1564 3689 1631 dedit,

2000 1657 2287 1725 gignendo
2320 1655 2491 1708 dedit.
2527 1654 2615 1707 Sic
2658 1670 2793 1723 ergo
2833 1671 2964 1707 eum
3010 1656 3230 1724 genuit,
3284 1658 3346 1707 ut
3389 1654 3561 1707 etiam
3623 1654 3693 1707 de

2000 1745 2096 1795 illo
2129 1744 2341 1796 donum
2383 1759 2687 1795 commune
2724 1743 3021 1811 pocedere,
3053 1750 3109 1795 et
3149 1743 3395 1811 Spiritus
3444 1747 3691 1807 sanctus,

1998 1832 2240 1902 Spiritus
2272 1837 2420 1884 esset
2452 1832 2774 1884 amborum.
2802 1850 2829 1880 ι)
2882 1832 2948 1884 Et
2996 1833 3099 1885 hoc
3145 1831 3471 1883 testimonio
3512 1830 3692 1899 Spiri-

2000 1928 2119 1974 tum
2153 1928 2409 1974 sanctum
2440 1922 2742 1989 procedere
2766 1963 2778 1985 ,
2813 1921 3145 1989 comprobat
3169 1938 3200 1972 a
3236 1920 3406 1982 Filio;
3441 1923 3691 1973 attamen

1999 2011 2239 2079 singulis
2307 2020 2509 2062 sancta:
2588 2009 2879 2063 Trinitatis
2935 2010 3193 2078 personis
3258 2008 3420 2077 quasi
3474 2007 3690 2076 aliquid

2004 2100 2299 2169 proprium
2333 2100 2601 2165 assignat,
2646 2114 2776 2151 cum
2836 2104 2906 2150 snt
2965 2101 3127 2151 Pater
3188 2099 3351 2163 Deus,
3403 2104 3461 2149 et
3522 2096 3693 2149 Filius

2006 2190 2171 2254 Deus,
2206 2194 2263 2241 et
2293 2188 2535 2256 Spiritus
2566 2192 2794 2238 sanctus
2821 2186 2984 2248 Deus,
3022 2193 3077 2237 et
3108 2186 3278 2237 simul
3310 2200 3511 2237 omnes
3544 2199 3693 2235 unus

2005 2277 2164 2328 Deus.
2204 2277 2294 2328 Est
2324 2281 2511 2328 autem
2546 2276 2845 2343 proprium
2882 2274 3042 2326 Verbi
3077 2273 3178 2327 Dei
3224 2278 3285 2325 ut
3333 2273 3555 2325 dicatur
3602 2286 3690 2323 so-

2002 2366 2088 2418 lus
2154 2366 2345 2429 Filius,
2381 2368 2437 2417 et
2470 2364 2769 2433 proprium
2828 2363 2962 2416 doni
2998 2364 3093 2417 Dei
3148 2367 3211 2414 ut
3266 2363 3418 2413 solus
3472 2360 3695 2412 dicatur

2000 2454 2240 2523 Spiritus
2271 2460 2513 2517 sanctus,
2550 2459 2606 2505 et
2639 2454 2708 2505 de
2737 2469 2849 2521 quo
2883 2452 3140 2518 genitum
3176 2455 3261 2503 est
3306 2450 3575 2513 Verbum,
3640 2454 3697 2500 et

2003 2544 2071 2597 de
2104 2560 2215 2613 quo
2264 2543 2523 2611 procedit
2577 2542 2966 2611 principaliter
3012 2539 3277 2608 Spiritus,
3327 2554 3440 2591 non
3494 2536 3696 2589 vocite-

2002 2637 2095 2683 tur
2123 2631 2228 2683 nisi
2264 2632 2411 2684 Deus
2447 2632 2625 2683 Pater.
2666 2630 2727 2683 Et
2760 2632 2846 2681 lue
2888 2634 3021 2681 sunt
3059 2630 3118 2680 in
3166 2635 3361 2681 sancta
3420 2624 3696 2679 Trinitate

2004 2721 2358 2787 singularum
2408 2720 2784 2788 proprietates
2837 2734 3233 2786 personarum.
3291 2713 3698 2783 ,Principaliter

2005 2815 2194 2861 autem
2227 2808 2500 2877 Spiritum
2533 2808 2674 2859 dixit
2704 2808 2771 2859 de
2826 2810 2985 2859 Patre
3036 2806 3359 2875 procedere,
3423 2802 3695 2873 quoniam

2007 2898 2327 2965 reperiatur
2358 2902 2414 2949 et
2465 2897 2533 2949 de
2571 2895 2710 2948 Filio
2744 2896 3078 2964 procedere;
3104 2901 3159 2948 et
3191 2895 3293 2946 lioc
3342 2907 3574 2962 quoque
3614 2890 3701 2943 de-

194 2984 354 3047 dere,
381 2983 539 3051 quod
574 2988 661 3035 est
688 3000 1054 3052 perversum;
1118 2986 1212 3037 sed
1263 3003 1296 3038 a
1345 2989 1650 3056 semetipso
1691 2988 1892 3041 memi-
1933 3004 1972 3059 ρ
2006 2987 2154 3038 derit
2192 2986 2273 3037 illi
2316 2987 2479 3037 Pater
2530 3001 2640 3036 non
2677 2991 2951 3053 tanquam
2996 2984 3152 3053 prius
3185 2982 3469 3041 existenti,
3504 2986 3560 3032 et
3593 2980 3699 3031 hoc

193 3072 300 3135 nit,
334 3071 508 3139 sapit,
543 3070 755 3139 diligit.
808 3072 983 3124 Filius
1014 3090 1244 3143 quoque
1296 3091 1426 3128 cum
1478 3076 1550 3128 sit
1594 3076 1895 3145 sapientia,

192 3160 431 3229 genitus
464 3160 535 3212 de
562 3160 858 3229 sapientia,
894 3178 1004 3213 non
1036 3162 1084 3215 ei
1122 3164 1285 3215 Pater
1315 3165 1593 3231 meminit,
1628 3165 1724 3217 sed
1777 3166 1898 3233 ipse

194 3248 337 3311 sibi;
374 3250 525 3301 sicut
566 3265 668 3301 nec
686 3249 736 3301 ei
779 3251 942 3302 Pater
988 3250 1274 3321 intelligit,
1313 3254 1408 3305 sed
1447 3253 1565 3322 ipse
1605 3254 1749 3306 sibi:
1797 3271 1899 3306 nec

193 3338 447 3406 Spiritus
476 3343 704 3390 sanctus
738 3338 790 3390 ei
842 3339 1047 3409 diligit,
1081 3342 1178 3393 sed
1213 3342 1334 3410 ipse
1376 3342 1517 3403 sibi;
1552 3358 1687 3396 nam
1720 3360 1786 3395 ex
1840 3359 1897 3395 se

196 3426 469 3479 meminit
500 3432 555 3478 et
586 3426 853 3496 intelligit
896 3434 951 3480 et
998 3428 1201 3497 diligit.
1250 3431 1492 3498 Spiritus
1541 3432 1709 3483 etiam
1769 3448 1896 3485 san-

194 3521 343 3578 ctus,
368 3514 474 3583 qui
514 3520 597 3567 est
648 3522 703 3567 et
758 3516 1037 3585 sapientia
1094 3518 1407 3587 procedens
1468 3521 1536 3572 de
1598 3520 1894 3589 sapientia,

194 3618 315 3655 non
348 3604 527 3655 habet
554 3603 779 3655 Patrem
810 3603 919 3655 sibi
952 3606 1312 3669 memoriam,
1348 3614 1404 3658 et
1448 3608 1651 3659 Filium
1695 3608 1899 3661 intelli-

191 3692 477 3759 gentiam,
516 3697 573 3743 et
604 3691 711 3744 sibi
742 3693 1097 3747 solummodo
1142 3694 1528 3761 dilectionem,
1579 3696 1674 3749 sed
1729 3698 1901 3751 habet

191 3777 371 3832 simul
403 3779 527 3831 haec
560 3779 689 3845 tria,
719 3780 1079 3843 memoriam,
1129 3781 1591 3851 intelligentiam,
1634 3784 1899 3837 dilectio-

195 3883 331 3919 nem
364 3885 378 3919 :
410 3883 517 3937 per
556 3885 613 3920 se
668 3884 915 3938 namque
955 3870 1236 3936 meminit,
1280 3887 1383 3939 per
1410 3888 1468 3923 se
1522 3872 1810 3937 intelligit,
1844 3879 1901 3925 et

196 3972 299 4023 per
329 3973 391 4007 se
443 3955 663 4025 diligit;
721 3962 783 4009 ut
816 3963 1007 4010 tamen
1068 3960 1188 4011 11830
1241 3960 1349 4011 tria
1395 3960 1485 4024 sit,
1546 3960 1677 4013 inde
1730 3961 1901 4013 habet

197 4046 356 4097 unde
393 4044 671 4111 procedit,
705 4046 763 4097 id
795 4052 879 4098 est
924 4052 1039 4099 tam
1098 4063 1130 4099 a
1190 4049 1353 4101 Patre
1408 4064 1577 4117 quam
1625 4066 1657 4101 a
1712 4049 1893 4102 Filio:

195 4133 456 4203 procedit
491 4134 645 4186 enim
678 4135 747 4186 ab
805 4140 1064 4204 utroque.
1119 4137 1389 4190 Videmus
1430 4137 1584 4189 enim
1646 4137 1895 4190 subtilis-

196 4222 347 4273 sima
382 4222 791 4291 verissimaque
822 4224 1045 4297 ratione
1090 4230 1487 4289 monstratum,
1527 4225 1617 4277 cui
1670 4232 1895 4277 eontra-

200 4310 314 4361 dici
348 4326 524 4361 nemo
570 4310 816 4378 prudens
866 4312 1065 4380 possit,
1100 4312 1254 4381 quod
1286 4312 1531 4381 Spiritus
1576 4318 1799 4365 sanctus
1846 4320 1902 4364 et

196 4397 268 4449 de
302 4399 472 4451 Patre
511 4398 783 4465 procedat
810 4406 865 4450 et
891 4400 1057 4465 Filio;
1102 4408 1155 4452 et
1185 4417 1312 4453 cum
1347 4402 1418 4452 sit
1442 4401 1744 4453 amborum
1774 4401 1898 4467 Spi-

196 4487 369 4552 ritus,
404 4502 521 4538 non
552 4491 743 4538 tamen
796 4488 878 4539 vel
920 4489 1245 4554 amborum,
1288 4489 1374 4541 vel
1430 4491 1762 4541 alterutrius
1808 4490 1899 4542 Fi-

199 4575 352 4627 lius:
390 4574 676 4644 siquidem
705 4575 953 4641 dilectio,
988 4593 1161 4646 quam
1204 4578 1355 4630 nasci
1390 4579 1631 4631 dicimus
1662 4580 1729 4629 de
1782 4594 1899 4631 me-

199 4663 392 4717 moria
421 4670 477 4716 et
534 4664 933 4733 intelligentia,
981 4682 1097 4719 non
1151 4673 1343 4719 tamen
1388 4668 1504 4720 tilia
1558 4668 1768 4721 dicitur
1819 4668 1903 4720 vel

200 4754 511 4807 amborum
539 4754 623 4806 vel
656 4755 1004 4807 alterutrius.

274 4843 421 4895 Item
451 4841 511 4893 in
541 4843 1021 4912 consequentibus
1055 4843 1196 4911 (cap.
1226 4844 1303 4909 l7)
1340 4860 1351 4896 :
1390 4866 1415 4892 ιι
1454 4846 1611 4897 Nunc
1654 4845 1721 4896 de
1778 4844 1903 4912 Spi-

202 4932 321 4984 ritu
368 4936 582 4993 sancto,
617 4936 895 4999 quantum
946 4934 1060 4986 Deo
1115 4932 1363 4986 donante
1410 4935 1597 4986 videre
1644 4934 1904 4985 concedi-

200 5026 319 5084 tur,
355 5019 735 5072 ditferendum
761 5026 843 5073 est
877 5036 890 5073 ε
928 5022 1026 5089 qui
1053 5022 1296 5092 Spiritus
1331 5030 1558 5075 sanctus
1590 5022 1903 5074 secundum

201 5109 529 5177 Scripturas
582 5114 801 5160 sanctas
850 5126 953 5163 nec
1004 5112 1185 5165 Patris
1235 5119 1315 5165 est
1369 5112 1563 5175 solius,
1624 5128 1725 5164 nec
1782 5111 1905 5163 Filii

202 5197 407 5260 solius,
441 5197 540 5250 sed
564 5198 901 5264 amborum;
936 5204 992 5252 et
1043 5200 1169 5253 ideo
1199 5216 1563 5253 communem
1597 5217 1710 5269 qua
1766 5199 1907 5251 invi-

202 5302 331 5339 cem
366 5303 423 5338 se
451 5286 703 5355 diligunt
725 5288 892 5341 Pater
926 5293 981 5340 et
1002 5288 1194 5350 Filius,
1221 5288 1476 5341 insinuat
1497 5288 1849 5360 Trinitatem.
1878 5308 1904 5335 ››

204 5374 369 5438 Quod
416 5375 600 5427 Patris
649 5376 823 5428 solius
870 5392 985 5428 non
1037 5382 1120 5429 est
1163 5377 1423 5446 Spiritus,
1477 5392 1581 5430 nec
1637 5377 1761 5429 Filii
1811 5393 1907 5428 so-

205 5464 341 5528 lius,
375 5464 472 5516 sed
505 5463 833 5529 amborum,
874 5480 1041 5517 causa
1066 5469 1167 5526 est,
1201 5465 1338 5535 quia
1362 5465 1618 5534 procedit
1648 5466 1718 5517 ab
1750 5474 1906 5516 utro-

207 5568 346 5622 que,
390 5557 447 5605 et
487 5551 618 5604 ideo
646 5564 1016 5606 communem
1077 5553 1329 5606 insinuat
1378 5553 1734 5618 Trinitatem,
1794 5568 1909 5622 qua

2007 3091 2123 3127 non
2169 3074 2420 3139 habenti,
2467 3074 2562 3125 sed
2614 3073 2903 3141 gignendo
2963 3073 3146 3135 dedit;
3198 3069 3472 3140 quoniam
3531 3067 3696 3137 quid-

2008 3164 2143 3233 quid
2176 3164 2345 3215 habet
2375 3163 2548 3214 Filius
2592 3179 2624 3213 a
2655 3164 2815 3213 Patre
2867 3161 3157 3228 gignendo
3214 3159 3469 3227 percepit
3503 3174 3514 3208 :
3583 3172 3696 3207 non

2007 3251 2160 3304 enim
2185 3250 2342 3319 prius
2373 3266 2504 3301 eum
2538 3249 2738 3315 genuit
2778 3250 2961 3310 Pater,
3012 3254 3069 3299 et
3101 3258 3293 3314 postea
3324 3244 3482 3296 dedit
3526 3248 3585 3294 ut
3628 3242 3698 3294 de

2010 3340 2147 3393 Filio
2178 3339 2514 3409 procederet
2554 3337 2815 3406 Spiritus,
2850 3336 2945 3388 sed
2995 3336 3046 3387 ei
3098 3333 3389 3402 gignendo
3438 3330 3695 3393 contulit,

2007 3436 2070 3483 ut
2099 3432 2268 3481 etiam
2311 3429 2380 3481 de
2428 3428 2525 3480 illo
2575 3428 2789 3479 donum
2834 3440 3142 3478 commune
3192 3421 3543 3491 procederet,
3596 3419 3701 3470 hoc

2007 3520 2090 3567 est
2121 3514 2364 3583 Spiritus
2408 3520 2652 3575 sanctus,
2705 3526 2877 3580 quem
2929 3510 3065 3561 dicit
3114 3524 3234 3560 esse
3304 3506 3518 3559 donum
3582 3508 3696 3556 tam

2010 3604 2189 3657 Patris
2220 3617 2391 3671 quam
2422 3600 2567 3663 Filii,
2602 3600 2873 3669 quoniam
2901 3600 2973 3650 sit
3002 3598 3245 3666 Spiritus
3269 3595 3587 3647 amborum.

2080 3694 2216 3744 Item
2280 3690 2595 3757 int‘ra(cup.
2652 3690 2797 3753 19):
2861 3706 2886 3735 ‹‹
2949 3686 3005 3739 Si
3063 3686 3118 3738 in
3164 3685 3329 3737 donis
3388 3683 3484 3736 Dei
3556 3680 3700 3733 nihil

2008 3780 2191 3847 majus
2228 3783 2309 3830 est
2348 3777 2645 3841 charitate,
2700 3781 2755 3828 et
2814 3775 3035 3827 nullum
3094 3780 3180 3825 est
3246 3772 3430 3840 majus
3484 3771 3699 3823 donum

2011 3869 2109 3921 Dei
2168 3883 2340 3936 quam
2416 3866 2661 3933 Spiritus
2736 3870 2983 3926 sanctus,
3046 3862 3182 3931 quid
3258 3858 3701 3929 consequentius

2008 3973 2177 4027 quam
2235 3961 2296 4007 ut
2365 3954 2483 4022 ipse
2549 3953 2619 4004 sit
2688 3953 2952 4015 cliaritas,
3005 3953 3105 4019 qui
3157 3950 3364 4004 dicitur
3440 3954 3497 4001 et
3550 3948 3699 3999 Deus

2009 4062 2074 4098 ex
2123 4044 2271 4096 Deo?
2337 4044 2399 4095 Et
2455 4042 2497 4093 si
2543 4042 2788 4092 cliaritas
2837 4056 2951 4110 qua
3011 4041 3174 4092 Pater
3226 4038 3413 4106 diligit
3472 4036 3699 4097 Filium,

2009 4140 2063 4187 et
2122 4136 2342 4187 Patrem
2401 4131 2588 4198 diligit
2663 4129 2850 4188 Filius.
2917 4128 3283 4181 iuelfabiliter
3352 4123 3704 4179 communio-

2011 4240 2139 4275 nem
2218 4223 2573 4274 demonstrat
2629 4218 2963 4283 amborum;
3035 4218 3175 4287 quid
3275 4214 3703 4268 convenientius

1944 4303 1984 4355 υ
2014 4328 2185 4382 quam
2216 4316 2273 4361 ut
2322 4310 2416 4361 ille
2470 4308 2700 4377 proprie
2747 4307 2966 4359 dicatur
3016 4306 3280 4365 cliaritas,
3329 4305 3427 4372 qui
3457 4303 3705 4371 Spiritus

2009 4400 2331 4454 communis
2362 4405 2445 4451 est
2462 4398 2823 4449 ambobus?»
2856 4396 3129 4464 Superius
3150 4395 3364 4447 donum
3400 4393 3496 4446 Dei
3535 4390 3707 4459 Spiri-

2011 4497 2131 4541 tum
2168 4494 2424 4539 sanctum
2478 4487 2715 4549 dixerat,
2784 4491 2839 4536 et
2892 4486 2995 4536 liae
3058 4483 3405 4552 proprietate
3464 4480 3706 4548 Spiritus

2010 4577 2187 4628 sancti
2217 4590 2519 4643 personam
2560 4592 2591 4623 a
2621 4572 2802 4625 Patris
2854 4572 3092 4640 ["iliique
3143 4586 3385 4639 persona
3426 4568 3703 4620 discreve-

2011 4672 2126 4727 rat;
2184 4662 2337 4731 quod
2390 4662 2606 4714 donum
2664 4660 2759 4713 Dei
2822 4660 2991 4711 modo
3049 4658 3383 4711 cbaritatem
3434 4656 3703 4725 appellat,

2011 4769 2138 4822 qua:
2163 4754 2241 4805 sit
2266 4753 2411 4802 inter
2452 4751 2601 4801 dona
2632 4748 2944 4801 divinitatis
2968 4748 3323 4817 praecipuum
3356 4747 3593 4811 donum,
3638 4760 3705 4796 eo

2013 4843 2165 4912 quod
2193 4840 2506 4892 secundum
2553 4838 2884 4905 Apostolum
2920 4839 2965 4897 (Ἰ
3022 4838 3139 4891 Cor.
3200 4852 3315 4893 xui,
3364 4834 3442 4899 3),
3502 4838 3709 4885 caetera

2013 4933 2165 4985 dona
2205 4931 2325 4982 sine
2375 4928 2643 4979 cliaritate
2695 4926 2831 4978 niliil
2891 4926 3031 4989 sint;
3079 4932 3129 4976 et
3180 4925 3323 4976 hanc
3369 4921 3707 4973 cliai‘itatem

2014 5020 2152 5073 dicit
2189 5020 2364 5071 Deum
2396 5032 2457 5068 ex
2536 5016 2668 5077 Deo,
2730 5014 3060 5081 signiticans
3111 5012 3384 5081 Spiritum
3448 5014 3704 5059 sanetum

2016 5109 2421 5178 procedentem
2473 5120 2540 5155 ex
2600 5104 2731 5154 Deo.
2770 5104 2833 5154 Et
2858 5101 2992 5170 quia
3028 5102 3176 5153 Deus
3198 5112 3500 5152 commune
3552 5111 3711 5147 voca-

2014 5198 2215 5252 bulum
2244 5199 2327 5246 est
2369 5199 2482 5245 tam
2532 5190 2712 5244 Patris
2742 5205 2915 5258 quam
2970 5188 3110 5249 Filii,
3162 5204 3263 5239 nec
3321 5188 3595 5254 appareat
3640 5184 3708 5236 de

2014 5301 2127 5354 quo
2162 5284 2310 5336 dicat
2340 5298 2470 5334 eum
2502 5279 2831 5349 procedere,
2866 5282 3283 5344 consequenter
3316 5275 3421 5327 hoc
3466 5274 3708 5326 demon-

2016 5378 2175 5436 strat,
2215 5372 2407 5423 dicens
2438 5386 2449 5423 :
2484 5390 2509 5417 ‹‹
2545 5370 2607 5421 Et
2638 5368 2683 5420 si
2708 5368 2953 5420 cliaritas
2997 5365 3132 5434 quia
3169 5367 3335 5418 Pater
3380 5362 3568 5433 diligit
3615 5362 3707 5416 Fi-

2016 5462 2180 5526 lium,
2206 5466 2260 5511 et
2290 5462 2509 5512 Patrem
2558 5458 2747 5521 diligit
2804 5456 2997 5519 Filius,
3049 5453 3416 5506 inetfabiliter
3450 5468 3709 5505 commu-

2015 5550 2250 5603 nionem
2293 5549 2646 5603 demonstrat
2702 5546 3034 5608 amborum;
3084 5543 3222 5614 quid
3280 5542 3711 5597 convenientius
