4130 6184
417 287 520 338 ‘283

1572 283 1925 338 RATRAMNl
1963 284 2417 338 CORBEIENSIS
2457 283 2759 340 MONACIII
3811 289 3910 341 2st

420 434 594 489 quam
622 423 686 471 ut
715 417 811 470 ille
841 415 1069 487 proprie
1119 415 1345 469 dicatur
1393 415 1659 479 charitas,
1711 415 1808 483 qui
1857 413 2101 484 Spiritus
2141 420 2178 470 A
2217 414 2408 468 multis
2439 414 2564 468 aliis
2595 414 2920 468 divinorum
2947 415 3304 486 eloquiorum
3347 417 3694 471 testimoniis
3747 435 3913 472 com—

421 513 508 561 est
537 506 856 560 communis
886 503 1204 558 ambobus?
1235 525 1263 554 »
1293 503 1455 568 Quod
1500 503 1692 556 dicens
1736 507 1792 557 et
1832 503 2106 573 Spiritum

419 600 677 649 sanctum
712 595 1046 648 charitatem
1075 594 1343 663 appellat,
1391 597 1450 645 et
1477 592 1860 645 communiter
1891 592 1960 646 de
1990 609 2110 645 am-

418 686 625 749 bobus,
674 687 838 738 Patre
870 683 1082 736 scilicet
1125 682 1384 751 Filioque
1416 681 1720 751 procedere
1767 681 2107 734 conﬁtetur:

418 789 532 827 non
560 774 712 827 enim
747 774 909 826 aliter
940 779 1125 841 posset
1158 771 1436 823 ambobus
1482 770 1804 823 communis
1843 770 2105 837 existere,

419 862 527 914 nisi
557 880 621 915 ex
662 863 938 916 ambobus
967 860 1353 913 communiter
1397 860 1752 929 procederet.
1805 861 1944 913 Item
1998 876 2106 930 po-

417 953 620 1005 sterius
654 953 787 1021 (cap.
831 953 918 1017 23)
949 966 961 1002 :
1003 971 1020 997 ι
1061 950 1126 1002 In
1155 950 1250 1002 illa
1282 945 1506 1002 summa
1532 949 1829 1016 Trinitate,
1865 965 1993 1020 qua;
2026 949 2109 1002 in—

417 1037 879 1108 comparabiliter
905 1038 1073 1090 rebus
1125 1037 1392 1090 omnibus
1445 1037 1750 1101 antecellit,
1797 1043 1956 1090 tanta
2023 1044 2109 1090 est

415 1127 889 1197 inseparabilitas,
923 1131 986 1178 ut
1016 1141 1144 1178 cum
1173 1125 1416 1178 Trinitas
1462 1125 1762 1178 hominum
1797 1141 1912 1178 non
1971 1143 2106 1196 pos-

418 1216 491 1268 sit
513 1215 622 1268 dici
647 1231 793 1268 unus
825 1216 1029 1278 homo;
1065 1215 1122 1266 in
1167 1215 1262 1268 illa
1295 1232 1441 1267 unus
1477 1216 1624 1268 Dens
1657 1221 1714 1267 et
1759 1215 1998 1277 dicatur,
2052 1218 2108 1265 et

417 1305 510 1368 sit,
543 1320 646 1356 nec
677 1305 737 1356 in
769 1320 882 1356 uno
916 1307 1028 1358 Deo
1057 1304 1130 1356 sit
1163 1305 1260 1357 illa
1289 1304 1553 1369 Trinitas,
1589 1304 1683 1358 sed
1732 1321 1882 1356 unus
1940 1305 2101 1356 Deus.

419 1393 529 1446 Nec
558 1408 754 1446 rursus
785 1393 1266 1462 quemadmodum
1289 1393 1390 1445 ista
1415 1392 1604 1462 imago
1637 1393 1787 1462 quod
1817 1397 1902 1444 est
1931 1392 2104 1444 homo

418 1481 632 1534 habens
661 1482 757 1535 illa
793 1482 921 1549 tria,
970 1499 1083 1535 una
1121 1498 1368 1551 persona
1412 1487 1522 1546 est;
1581 1481 1659 1533 ita
1691 1486 1773 1534 est
1827 1481 1925 1534 illa
1982 1480 2104 1533 Tri-

415 1569 606 1623 nitas:
660 1571 754 1624 sed
802 1577 918 1624 tres
966 1587 1224 1640 personae
1281 1575 1433 1636 sunt,
1487 1571 1652 1622 Pater
1701 1569 1844 1630 Filii,
1904 1576 1960 1622 et
2019 1571 2106 1622 Fi-

415 1658 527 1712 lius
586 1659 784 1720 Patris,
841 1663 895 1712 et
936 1659 1177 1730 Spiritus
1218 1658 1394 1725 Paris,
1447 1663 1501 1711 et
1532 1658 1678 1712 Filii.
1736 1680 1760 1704 ι)
1817 1659 1956 1712 Cum
2018 1659 2101 1711 di-

415 1753 504 1801 cat
553 1749 773 1801 Patrem
817 1747 943 1801 Filii
990 1765 1109 1801 esse
1160 1749 1384 1800 Patrem
1440 1747 1862 1814 tantummodo,
1909 1750 1963 1799 et
2018 1746 2102 1798 Fi-

413 1837 554 1888 lium
611 1837 789 1889 Patris
837 1853 956 1889 esse
1001 1835 1240 1900 Filium;
1303 1837 1579 1906 Spiritum
1628 1852 1763 1888 vero
1815 1851 1926 1887 non
1996 1836 2104 1887 Pa-

411 1925 513 1979 tris
543 1926 728 1980 solum
753 1928 837 1979 vel
873 1927 996 1981 Filii
1027 1927 1325 1996 Spiritum,
1364 1927 1466 1980 sed
1498 1926 1820 1991 amborum,
1849 1925 2105 1996 profecto

412 2020 672 2079 testatur,
730 2016 874 2084 quod
948 2016 1017 2068 ab
1077 2022 1320 2086 utroque
1378 2014 1664 2086 procedat.
1729 2016 1870 2067 Nam
1944 2015 2108 2067 Pater

413 2103 624 2156 idcirco
657 2103 784 2157 Filii
818 2106 979 2156 Pater
1010 2111 1114 2170 est,
1166 2105 1322 2173 quod
1369 2119 1500 2155 eum
1552 2103 1784 2172 genuit;
1828 2108 1885 2155 et
1935 2102 2106 2154 Filius

414 2191 627 2244 idcirco
674 2191 854 2244 Patris
883 2197 968 2244 est
1019 2192 1214 2254 Filius,
1261 2192 1413 2262 quod
1465 2192 1534 2244 ab
1577 2192 1671 2244 illo
1713 2192 1784 2244 sit
1831 2191 2103 2259 genitus:

413 2285 828 2350 consequenter
857 2281 1031 2351 igitur
1077 2281 1320 2350 Spiritus
1369 2281 1548 2334 Patris
1597 2287 1654 2334 et
1705 2280 1830 2334 Filii
1861 2280 2106 2348 Spiritus

415 2367 641 2436 dicitur,
669 2368 820 2438 quod
851 2369 1122 2438 procedat
1162 2375 1219 2422 et
1249 2386 1280 2422 a
1314 2371 1476 2423 Patre
1505 2376 1560 2421 et
1603 2388 1632 2423 a
1670 2368 1828 2423 Filio.
1882 2370 1946 2422 In
2001 2368 2106 2421 hac

415 2461 606 2510 autem
638 2457 912 2511 Trinitate
957 2461 1174 2512 tantam
1223 2458 1385 2510 docet
1432 2458 1994 2528 iuseparabilitatem,
2049 2463 2108 2510 ut

414 2561 542 2598 cum
571 2546 794 2598 trinitas
824 2546 1128 2599 hominum
1172 2563 1287 2599 non
1319 2547 1498 2618 possit
1551 2547 1661 2600 dici
1724 2563 1871 2600 unus
1930 2547 2104 2599 homo

415 2636 655 2703 (constat
685 2635 839 2688 enim
888 2635 944 2688 in
991 2636 1174 2688 tribus
1223 2635 1568 2702 hominibus,
1619 2636 2102 2707 quemadmodum

413 2722 656 2776 Trinitas
691 2739 996 2792 corporum
1024 2724 1082 2776 in
1112 2724 1294 2776 tribus
1342 2725 1701 2794 corporibus,
1737 2741 1801 2777 ac
1837 2741 1937 2794 per
1999 2724 2105 2776 hoc

413 2827 563 2864 unus
592 2813 766 2865 homo
789 2812 1033 2865 Trinitas
1067 2828 1182 2864 non
1238 2819 1426 2882 potest
1450 2812 1556 2865 dici
1591 2829 1603 2866 :
1665 2818 1748 2865 est
1801 2813 1954 2866 enim
1995 2813 2105 2864 sin-

413 2901 612 2969 gnlare
639 2900 943 2954 insecabile
996 2901 1167 2953 unius
1199 2901 1464 2968 numeri).
1511 2905 1581 2955 At
1626 2901 1681 2954 in
1739 2903 1833 2954 illa
1880 2917 2104 2953 summa

2219 505 2497 573 probatur
2534 504 2716 558 Patris
2755 510 2809 557 et
2850 505 2973 558 Filii
3033 522 3154 558 esse
3181 506 3473 575 Spiritum,
3533 509 3632 578 qui
3679 511 3908 578 proprie

2219 592 2426 645 dicitur
2455 593 2515 645 in
2556 593 2830 647 Trinitate
2881 594 3122 664 Spiritus
3173 601 3418 647 sanctus.
3480 597 3554 649 [le
3612 614 3724 667 quo
3776 600 3905 650 item

2219 680 2356 734 dicit
2396 681 2514 752 ipse
2567 682 2786 736 Filius:
2844 686 3008 752 Quem
3059 700 3152 749 ego
3211 687 3425 738 mittam
3479 687 3627 738 vobis
3675 703 3706 739 a
3754 689 3911 740 Patre

2219 770 2394 838 (.loan.
2430 787 2515 835 xv,
2567 773 2690 836 26);
2733 776 2789 824 et
2821 773 2931 824 alio
2965 774 3084 824 loco
3119 788 3129 821 :
3191 773 3355 838 Quem
3414 777 3588 827 mittet
3650 777 3806 828 Pater
3851 777 3912 827 in

2217 862 2429 913 nomine
2456 877 2566 913 meo
2609 862 2778 927 (Joan.
2812 877 2924 926 XIX,
2973 863 3079 930 26).
3136 863 3210 915 De
3264 867 3505 932 utroque
3549 872 3738 916 autem
3777 880 3907 932 pro—

2217 948 2417 1002 cedere
2444 949 2521 1002 sic
2562 950 2815 1015 docetur,
2853 951 2986 1020 quia
3029 951 3149 1018 ipse
3210 951 3380 1004 Filius
3431 952 3551 1004 ait:
3622 954 3692 1004 De
3745 954 3907 1004 Patre

2216 1039 2492 1106 procedit.
2531 1039 2595 1090 Et
2642 1055 2770 1090 cum
2817 1039 3214 1092 resurrexisset
3251 1057 3278 1092 ει
3331 1040 3585 1101 mortuis,
3633 1047 3688 1094 et
3734 1058 3908 1110 appa-

2215 1126 2420 1178 ruisset
2463 1126 2778 1196 discipulis,
2823 1127 3135 1180 insut'llavit
3164 1131 3217 1180 et
3253 1128 3386 1196 ait:
3435 1131 3682 1196 Accipite
3727 1130 3906 1194 Spiri-

2216 1221 2329 1268 tum
2383 1222 2630 1269 sanctum
2663 1217 2846 1281 (Joan.
2878 1233 2965 1280 xx,
2991 1216 3099 1284 22),
3149 1221 3209 1268 ut
3231 1217 3555 1269 eumetiam
3588 1217 3656 1269 de
3684 1234 3741 1268 se
3769 1234 3906 1285 pro-

2216 1305 2417 1357 cedere
2457 1305 2798 1358 ostenderet.
2849 1307 2908 1358 Et
2963 1305 3081 1374 ipse
3113 1311 3197 1357 est
3244 1310 3418 1359 virtus
3449 1322 3568 1374 quae
3602 1307 3666 1358 de
3695 1307 3787 1358 illo
3820 1322 3912 1358 9:1:-

2216 1394 2350 1459 ibat,
2395 1394 2540 1446 sicut
2587 1393 2796 1464 legitur
2843 1393 2901 1446 in
2956 1393 3276 1463 Evangelia,
3339 1397 3388 1446 et
3444 1394 3676 1447 sanabat
3729 1409 3908 1447 omnes

2217 1483 2367 1548 (Luc.
2429 1499 2500 1547 Vl,
2581 1485 2679 1549 l9).
2733 1483 2867 1546 Quis
2919 1483 3043 1535 istic
3094 1482 3522 1534 contradicendi
3576 1483 3731 1534 locus
3783 1483 3909 1534 est?

2217 1571 2551 1624 Divinarum
2582 1572 2919 1624 auctoritate
2949 1570 3371 1640 Scripturarum
3395 1571 3712 1623 ostenditur
3753 1570 3911 1640 quod

2215 1659 2456 1730 Spiritus
2489 1665 2714 1712 sanctus
2740 1665 2796 1713 et
2851 1659 3032 1713 Patris
3063 1660 3134 1711 sit
3196 1665 3251 1712 et
3309 1660 3456 1724 Filii,
3518 1665 3574 1712 et
3626 1660 3774 1729 quod
3838 1660 3910 1710 ab

2219 1754 2460 1818 utroque
2493 1749 2806 1818 procedat;
2843 1749 2889 1800 is
2943 1748 3142 1817 negari
3199 1747 3580 1811 contenditur,
3670 1752 3913 1808 negetur

2217 1838 2538 1906 Apostolus,
2592 1842 2832 1905 negetur
2887 1841 2942 1889 et
2989 1837 3159 1889 Filius
3206 1837 3310 1888 hoc
3366 1835 3590 1889 dixisse.
3644 1833 3914 1887 Creditur

2218 1927 2356 1980 Filio
2387 1926 2618 1991 dicenti,
2655 1926 2789 1996 quia
2821 1925 3074 1995 procedit
3112 1925 3181 1978 de
3216 1927 3406 1988 Putre;
3454 1923 3723 1976 credatur
3765 1937 3911 1992 quo—

2218 2032 2327 2085 que
2360 2015 2510 2085 quod
2546 2015 2764 2067 miserit
2798 2030 2927 2066 eum
2961 2014 3029 2067 ab
3057 2029 3114 2065 se
3145 2029 3276 2066 cum
3324 2011 3657 2077 insuftlavit,
3716 2017 3773 2064 et
3806 2011 3915 2072 .ait

2217 2104 2509 2173 discipulis
2543 2121 2554 2156 :
2591 2105 2838 2172 Accipite
2869 2104 3137 2171 Spiritum
3186 2112 3452 2157 sanctum.
3523 2100 3913 2154 Nihilominus
3994 2105 4000 2111 ‘

2217 2208 2444 2261 quoque
2476 2192 2672 2257 virtus,
2713 2208 2839 2261 quae
2883 2190 3119 2244 sanabat
3167 2206 3386 2255 omnes,
3419 2189 3614 2241 exiens
3658 2190 3725 2241 de
3776 2188 3906 2240 Jesu

2215 2281 2489 2350 Spiritum
2563 2287 2820 2333 sanctum
2885 2298 2914 2333 a
2972 2280 3111 2334 Filio
3179 2278 3487 2349 procedere
3547 2277 3906 2330 testiﬁcatur.

2215 2370 2514 2424 Evidenter
2543 2369 2721 2438 igitur
2770 2370 3088 2422 ostenditur
3143 2369 3390 2438 Spiritus
3437 2372 3668 2420 sanctus
3716 2382 3912 2434 proce-

2215 2459 2346 2512 dere
2377 2464 2492 2510 tam
2525 2475 2556 2510 a
2590 2460 2751 2511 Patre
2791 2474 2963 2527 quam
2983 2475 3026 2508 -a
3069 2458 3229 2523 Filio,
3277 2471 3606 2526 quanquam
3658 2461 3712 2508 et
3764 2454 3908 2506 illud

2215 2547 2703 2599 evidentissimum
2763 2546 2834 2598 sit
2891 2545 3261 2616 processionis
3308 2545 3460 2597 illius
3533 2544 3602 2596 ab
3663 2549 3911 2612 utroque

2215 2636 2626 2697 testimonium,
2679 2635 2830 2705 quod
2860 2636 3211 2688 dicituresse
3242 2634 3484 2704 Spiritus
3529 2639 3583 2685 et
3633 2632 3812 2684 Patris
3855 2637 3914 2684 et

2217 2724 2368 2786 Filii;
2413 2729 2496 2777 est
2535 2725 2687 2776 enim
2736 2723 2982 2791 Spiritus
3032 2723 3377 2776 amborum:
3423 2737 3537 2774 non
3577 2721 3717 2791 quia
3751 2736 3911 2772 crea-

2213 2818 2304 2867 tus
2334 2829 2439 2882 per
2470 2813 2674 2866 Filium
2707 2829 2738 2865 a
2779 2814 2963 2871 Patre,
2995 2812 3147 2882 quod
3178 2816 3263 2864 est
3301 2810 3568 2881 impium,
3603 2809 3701 2862 sed
3751 2809 3910 2877 quod

2213 2902 2664 2956 substantialiter
2740 2901 3011 2971 procedat
3062 2900 3131 2954 ab
3176 2906 3420 2970 utroque
3449 2940 3460 2951 .
3528 2899 3638 2952 Nec
3677 2899 3912 2968 quando

412 2989 686 3043 Trinitate
719 2995 776 3042 et
805 2991 1051 3043 Trinitas
1096 2990 1301 3043 dicitur
1341 2991 1489 3043 Deus
1519 2996 1574 3043 et
1605 3007 1751 3043 unus
1801 2992 1967 3056 Deus,
2003 3006 2104 3042 nec
2144 3013 2183 3067 ρ
2213 2992 2551 3060 processerit
2581 2991 2661 3042 vel
2697 2990 2764 3042 de
2797 2991 2959 3043 Patre
2993 2990 3077 3041 vel
3109 2989 3177 3042 de
3211 2989 3370 3052 Filio,
3406 2988 3490 3040 vel
3522 2986 3567 3039 si
3601 2993 3910 3056 postquam

415 3082 600 3132 tamen
649 3083 710 3130 ut
755 3079 813 3131 in
845 3095 959 3132 uno
1003 3080 1115 3133 Deo
1162 3079 1233 3130 sit
1273 3079 1369 3132 illa
1413 3079 1678 3145 Trinitas,
1733 3080 1989 3133 videlicet
2039 3085 2104 3133 ut

411 3181 774 3237 unaquaeque
802 3184 1044 3238 persona
1088 3168 1456 3238 singulariter
1486 3169 1555 3220 sit
1599 3169 1861 3222 Trinitas.
1910 3169 1966 3224 id
2021 3174 2102 3222 est

409 3271 514 3309 nec
543 3257 709 3310 Pater
739 3257 891 3310 solus
943 3257 1210 3322 Trinitas,
1244 3273 1345 3310 nec
1393 3258 1566 3310 Filius
1609 3257 1780 3324 solus,
1829 3275 1931 3311 nec
1975 3259 2100 3328 Spi-

409 3344 552 3397 ritus
583 3351 810 3398 sanctus
843 3345 1024 3409 solus;
1060 3346 1158 3397 sed
1209 3361 1336 3396 cum
1389 3346 1555 3397 Pater
1597 3350 1652 3397 et
1683 3347 1855 3398 Filius
1890 3351 1946 3399 et
1975 3347 2099 3416 Spi-

409 3433 553 3485 ritus
586 3438 811 3485 sanctus
833 3433 901 3485 sit
939 3448 1084 3484 unus
1124 3434 1287 3495 Deus,
1316 3437 1400 3484 est
1447 3433 1692 3485 Trinitas
1735 3450 1880 3486 unus
1932 3435 2100 3502 Deus,

410 3521 520 3573 Nec
549 3520 701 3572 enim
737 3519 1221 3588 quemadmodum
1263 3520 1454 3588 imago
1483 3521 1775 3574 Trinitatis
1803 3521 1976 3590 hujus
2006 3523 2103 3574 ha-

411 3607 506 3660 bet
537 3606 632 3659 illa
654 3607 785 3672 tria,
813 3607 866 3661 id
910 3612 995 3660 est
1026 3608 1389 3673 memoriam,
1446 3607 1906 3678 intelligentiam,
1959 3608 2100 3662 dile-

409 3693 681 3760 ctionem,
715 3700 770 3749 et
798 3699 1100 3766 propterea
1141 3696 1199 3749 in
1246 3713 1353 3750 una
1408 3714 1652 3768 persona
1702 3698 1946 3752 Trinitas
1995 3703 2097 3766 est,

410 3799 525 3836 non
557 3785 709 3854 quod
741 3801 887 3838 unus
923 3786 1096 3839 homo
1127 3786 1201 3840 sit
1235 3787 1478 3854 trinitas,
1525 3788 1620 3841 sed
1670 3789 1823 3859 quod
1873 3787 1935 3842 in
1983 3804 2099 3842 uno

409 3872 639 3927 homine
661 3874 778 3928 sint
809 3874 907 3928 illa
931 3875 1040 3928 tria
1065 3892 1076 3941 ;
1105 3876 1181 3929 ita
1213 3881 1291 3929 est
1317 3875 1376 3929 in
1405 3876 1500 3929 illa
1535 3893 1758 3930 summa
1793 3877 2059 3930 Trinitate
2086 3892 2097 3929 :

410 3962 507 4016 sed
537 3967 650 4016 tres
714 3979 976 4033 persona:
1028 3970 1163 4018 sunt
1210 3965 1376 4018 Pater
1410 3971 1466 4018 et
1516 3966 1691 4018 Filius
1741 3971 1798 4018 et
1859 3965 2101 4035 Spiritus

407 4056 653 4115 sanctus,
689 4052 785 4104 sed
834 4052 955 4104 haec
980 4053 1089 4105 tria
1145 4068 1292 4106 unus
1342 4053 1510 4120 Deus,
1553 4056 1608 4105 et
1644 4059 1951 4122 propterea
1979 4053 2101 4106 Tri-

409 4140 555 4192 nitas
583 4156 729 4192 unus
773 4140 940 4193 Deus.
990 4140 1167 4191 Tanta
1215 4139 1454 4192 societas
1485 4145 1571 4192 est
1613 4141 1783 4193 trium
1831 4157 2099 4209 persona-

411 4243 558 4292 rum,
596 4232 753 4279 tanta
801 4225 1379 4293 consubstantialitas,
1414 4235 1479 4280 ut
1515 4232 1628 4279 tres
1659 4243 1840 4280 unum
1887 4227 2019 4294 sint,
2049 4233 2106 4281 et

2210 3079 2438 3149 genitus
2471 3083 2555 3130 est
2603 3078 2796 3145 Filius,
2835 3077 3172 3146 processerit
3222 3076 3290 3128 ab
3355 3081 3600 3145 utroque
3659 3075 3911 3143 Spiritus

2211 3173 2459 3229 sanctus,
2496 3167 2608 3220 ulla
2637 3165 2942 3220 monstrari
2965 3165 3518 3235 possuntintervalla
3541 3175 3906 3232 temporum:

2211 3257 2362 3327 quod
2397 3256 2550 3310 enim
2577 3255 2864 3309 antecedit
2891 3271 3062 3308 omne
3095 3260 3342 3323 tempus,
3378 3254 3592 3306 nullius
3638 3269 3914 3304 mensura

2209 3346 2486 3416 temporis
2515 3347 2858 3398 continetur.
2892 3346 3014 3398 Non
3045 3348 3129 3397 est
3160 3344 3334 3412 igitur
3355 3342 3495 3396 ordo
3530 3341 3914 3412 processiouis

2210 3435 2552 3504 quierendus
2582 3435 2640 3487 in
2671 3439 2948 3503 tempore,
2985 3433 3138 3504 quod
3183 3432 3579 3502 paternitatem
3613 3431 3914 3483 concludit

2210 3539 2381 3576 omne
2399 3528 2642 3592 tempus.
2665 3524 2968 3593 Nunquam
2991 3523 3291 3576 Patersine
3309 3521 3464 3588 Filio,
3493 3536 3792 3589 nunquam
3820 3519 3913 3572 Fi-

2207 3613 2323 3666 lius
2356 3611 2476 3664 sine
2511 3612 2695 3678 Patre,
2735 3627 3030 3680 nunquam
3060 3610 3304 3679 Spiritus
3342 3615 3567 3662 sanctus
3595 3609 3717 3660 sine
3747 3610 3916 3661 Patre

2211 3700 2491 3766 Filioque,
2515 3715 2810 3769 nunquam
2837 3699 3001 3752 Pater
3022 3704 3078 3752 et
3106 3699 3278 3752 Filius
3302 3698 3422 3750 sine
3441 3697 3651 3767 Spiritu
3687 3702 3912 3748 sancto.

2281 3789 2418 3842 Item
2464 3787 2651 3841 infra:
2695 3810 2712 3835 ι
2776 3787 3042 3857 Nunquid
3097 3801 3236 3856 ergo
3289 3801 3591 3856 possumus
3648 3801 3918 3853 quaerere

2211 3882 2402 3930 utrum
2436 3878 2552 3946 jam
2603 3881 2957 3945 processerat
3012 3874 3081 3928 de
3141 3876 3304 3927 Patre
3364 3873 3608 3943 Spiritus
3677 3878 3920 3924 sanctus

2210 3964 2442 4033 quando
2475 3969 2642 4016 natus
2693 3968 2778 4016 est
2818 3962 3010 4025 Filius,
3061 3977 3132 4014 an
3195 3961 3451 4014 nondum
3515 3965 3921 4030 processerat;

2210 4057 2267 4105 et
2298 4052 2398 4107 illo
2442 4057 2596 4114 nato,
2629 4052 2697 4105 de
2757 4055 3002 4121 utroque
3048 4050 3346 4120 processit,
3414 4049 3510 4103 ubi
3566 4049 3722 4102 nulla
3774 4055 3921 4102 sunt

2209 4145 2513 4208 tempora:
2560 4138 2702 4191 sicut
2751 4139 3044 4208 potuimus
3102 4153 3361 4208 quaerere
3417 4137 3517 4191 ubi
3579 4137 3920 4190 invenimus

2211 4232 2493 4296 tempora,
2528 4228 2880 4280 voluntatem
2931 4227 3089 4296 prius
3131 4227 3199 4280 de
3249 4227 3503 4280 humana
3537 4231 3727 4278 mente
3771 4241 3918 4295 pro-

409 4329 558 4366 unus
591 4315 736 4366 Deus
767 4313 836 4366 de
869 4313 1051 4367 tribus
1081 4314 1418 4382 praedicetur
1451 4331 1464 4368 :
1523 4321 1862 4386 separantur
1905 4323 2094 4369 autem
2140 4345 2182 4398 Β
2207 4316 2425 4383 cedere,
2452 4323 2514 4369 ut
2543 4320 2835 4386 quaeratur
2855 4317 3006 4385 quod
3067 4314 3368 4368 inventum
3402 4314 3591 4385 proles
3650 4319 3919 4379 vocetur,

410 4401 684 4454 relatione
716 4406 958 4468 tantum,
1006 4401 1323 4456 substantia
1367 4419 1500 4457 vero
1544 4406 1905 4473 c0pu|antur.
1959 4406 2098 4458 Nam

410 4492 575 4544 Pater
603 4490 902 4543 relativum
933 4496 1016 4543 est
1046 4491 1192 4556 Filii,
1221 4492 1396 4546 Filius
1429 4492 1732 4546 relativum
1775 4499 1858 4546 est
1896 4494 2096 4560 Patris,

409 4580 649 4648 Spiritus
680 4585 868 4632 autem
908 4585 1134 4633 sanctus
1169 4582 1391 4635 Patrem
1441 4587 1496 4635 et
1545 4583 1750 4636 Filium
1796 4584 1967 4637 habet
2011 4600 2099 4637 re-

408 4667 701 4734 lationem,
747 4668 899 4721 unde
930 4668 1285 4722 convincitur
1342 4671 1410 4724 ab
1466 4676 1708 4742 utroque
1769 4673 2098 4742 procedere.

410 4757 549 4809 Item
582 4757 728 4810 infra
757 4757 895 4827 (cap.
948 4761 1038 4826 26)
1075 4775 1086 4811 :
1137 4778 1164 4809 ι(
1210 4759 1421 4814 Deinde
1470 4760 1527 4813 in
1568 4761 1664 4814 illa
1711 4778 1935 4814 summa
1979 4761 2100 4815 Tri-

413 4845 606 4912 nitate,
653 4863 783 4916 quae
834 4848 982 4900 Deus
1041 4854 1144 4913 est,
1209 4847 1507 4904 intervalla
1563 4855 1892 4920 temporum
1948 4853 2104 4907 nulla

409 4937 561 4999 sunt,
597 4948 699 5002 per
747 4949 874 5003 qua:
914 4932 1090 5002 possit
1144 4933 1388 4997 ostendi,
1446 4939 1543 4987 aut
1602 4935 1801 4988 saltem
1867 4935 2103 5004 requiri,

409 5024 603 5073 utrum
632 5019 790 5090 prius
819 5020 888 5074 de
924 5021 1086 5073 Patre
1127 5025 1293 5073 natus
1325 5021 1396 5072 sit
1445 5021 1637 5085 Filius,
1682 5028 1737 5075 et
1794 5027 1991 5092 postea
2037 5023 2104 5075 de

411 5108 690 5162 ambobus
744 5109 1079 5179 processerit
1144 5109 1390 5178 Spiritus
1461 5116 1687 5163 sanctus
1748 5127 1759 5163 :
1831 5112 2103 5181 quoniam

412 5196 705 5266 Scriptura
751 5203 946 5250 sancta
997 5196 1273 5266 Spiritum
1325 5213 1457 5251 eum
1519 5199 1654 5252 dicit
1713 5201 2034 5253 amborum.
2077 5222 2101 5247 n

414 5282 539 5351 Ipse
561 5290 647 5337 est
676 5285 829 5338 enim
869 5285 937 5339 de
970 5301 1084 5355 quo
1133 5285 1270 5339 dicit
1314 5286 1666 5355 Apostolus]:
1698 5288 1962 5352 Quoniam
2007 5305 2107 5342 au-

416 5375 515 5423 tem
543 5374 670 5426 estis
706 5373 854 5440 Filii,
911 5377 1063 5428 misit
1095 5375 1240 5427 Deus
1273 5375 1544 5442 Spiritum
1575 5377 1705 5428 Filii
1734 5379 1822 5430 sui
1855 5379 1912 5430 in
1945 5378 2110 5432 corda

414 5463 602 5512 nostra
650 5461 797 5527 (Gal,
831 5477 902 5528 IV,
937 5463 1009 5533 6).
1048 5464 1114 5516 Et
1141 5463 1260 5532 ipse
1291 5467 1375 5515 est
1405 5462 1473 5516 de
1508 5480 1622 5534 quo
1662 5464 1796 5518 dicit
1827 5465 1976 5520 idem
2021 5467 2109 5520 Fi-

425 5545 534 5600 lius
569 5562 581 5599 :
615 5549 734 5604 Non
757 5553 898 5603 enim
921 5565 1013 5605 vos
1052 5553 1179 5604 estis
1213 5553 1310 5619 qui
1351 5552 1654 5620 loquimini,
1715 5553 1808 5606 sed
1869 5556 2110 5623 Spiritus

418 5636 600 5689 Patris
625 5639 818 5690 vestris
857 5641 953 5707 qui
982 5639 1224 5708 loquitur
1249 5642 1306 5693 in
1352 5640 1501 5693 vobis
1542 5639 1783 5708 (Matth.,
1817 5658 1870 5708 x,
1904 5642 2014 5708 ‘20).
2046 5643 2113 5697 Et

2209 4404 2458 4473 quajam
2490 4410 2650 4473 parta
2681 4420 2777 4455 seu
2811 4403 3002 4471 genita
3031 4404 3291 4456 voluntas
3330 4403 3427 4455 illa
3471 4401 3788 4472 perﬁcitur,
3844 4419 3922 4454 eo

2211 4494 2323 4546 tine
2355 4495 2735 4562 requiescens,
2761 4498 2824 4544 ut
2855 4493 2953 4561 qui
2983 4491 3164 4544 fuerat
3219 4491 3505 4562 appetitus
3570 4491 3924 4561 quaerentis,

2211 4583 2285 4636 sit
2329 4598 2490 4636 amor
2537 4581 2774 4635 fruentis
2826 4581 2924 4650 qui
2974 4581 3095 4649 jam
3142 4581 3210 4634 de
3271 4587 3534 4650 utroque,
3589 4580 3643 4632 id
3695 4583 3780 4630 est
3847 4578 3929 4632 de

2213 4671 2482 4740 gignente
2515 4674 2724 4733 mente,
2753 4674 2808 4720 et
2839 4670 2907 4723 de
2953 4670 3146 4739 genita
3204 4668 3439 4722 notione
3495 4673 3773 4737 tanquam
3852 4667 3935 4720 de

2214 4764 2447 4828 parente
2507 4774 2570 4810 ac
2622 4759 2780 4828 prole
2838 4758 3143 4828 procedat?
3205 4759 3324 4810 Non
3371 4761 3609 4826 possunt
3673 4771 3937 4825 prorsus

2214 4847 2320 4899 ista
2351 4846 2428 4899 ibi
2471 4845 2667 4916 quaeri,
2731 4847 2828 4899 ubi
2866 4847 3008 4900 nihil
3059 4863 3120 4899 ex
3171 4851 3428 4915 tempore
3473 4844 3806 4906 inchoatur,
3867 4850 3941 4898 ut

2215 4935 2590 5004 consequenti
2619 4934 2948 5003 perliciatur
2973 4934 3030 4988 in
3075 4941 3352 5004 tempore.
3405 4933 3767 5001 Quapropter
3820 4933 3940 5002 qui

2215 5028 2402 5092 potest
2433 5021 2754 5092 intelligere
2802 5023 2925 5077 sine
2982 5029 3238 5094 tempore
3294 5022 3724 5091 generationem
3786 5021 3942 5074 Filii

2215 5113 2284 5165 de
2318 5113 2506 5176 Patre,
2541 5111 2826 5181 intelligat
2871 5112 2994 5164 sine
3036 5116 3293 5181 tempore
3337 5109 3759 5180 processionem
3799 5108 3949 5179 Spi-

2219 5201 2364 5253 ritus
2393 5202 2571 5254 sancti
2605 5202 2672 5255 de
2715 5207 2976 5272 utroque.
3031 5221 3057 5252 »
3092 5203 3352 5255 Testatur
3399 5201 3597 5253 beatus
3642 5200 3948 5266 Augusti-

2219 5305 2325 5342 nus
2380 5291 2806 5359 proccssionem
2881 5290 3125 5359 Spiritus
3183 5291 3361 5343 sancti
3408 5294 3525 5342 tam
3611 5287 3681 5340 de
3751 5288 3951 5343 Patre

2220 5395 2390 5448 quam
2423 5379 2491 5431 de
2530 5379 2668 5432 Filio
2697 5379 2842 5434 fieri.
2897 5378 3003 5433 Sed
3034 5386 3221 5432 movet
3268 5379 3646 5449 quaestionem
3676 5375 3748 5430 de
3811 5394 3953 5448 qua

2213 5467 2335 5537 jam
2385 5467 2645 5536 superius
2694 5467 2906 5520 dictum
2953 5472 3056 5533 est,
3124 5472 3319 5520 utrum
3376 5465 3623 5536 Spiritus
3682 5473 3954 5522 sanctus

2221 5559 2349 5609 ante
2376 5555 2501 5610 Filii
2545 5556 2896 5610 nativitatem
2944 5556 3282 5626 processerit
3328 5555 3396 5609 de
3448 5556 3632 5618 Patre,
3680 5559 3734 5606 et
3798 5564 3958 5624 post

2222 5649 2357 5700 nato
2399 5644 2540 5700 Filio
2590 5645 2932 5715 processerit
2981 5646 3156 5701 etiam
3198 5645 3268 5699 ab
3318 5643 3459 5698 illo:
3525 5642 3623 5697 sed
3652 5642 3714 5697 in
3771 5641 3961 5702 hanc
