4086 6182
197 305 299 355 285

1192 303 1469 358 CONTRA
1506 302 1912 360 GBECORUM
1955 304 2305 359 OPPOSITA.
2337 335 2403 342 —
2447 305 2580 358 LIB.
2636 304 2731 359 Ill.

3600 308 3698 359 286

200 440 581 510 quaestionem
623 439 720 493 illa
776 439 1069 509 compellit
1126 439 1460 504 similitudo,
1514 416 1626 511 qua
1678 441 1886 494 dicitur
1928 442 1969 492 Α
2000 440 2268 509 procedat
2297 439 2542 511 Spiritus
2573 444 2823 494 sanctus.
2856 439 2960 492 Sed
2987 440 3141 492 nulla
3167 440 3243 493 ibi
3266 445 3523 509 tempora
3542 442 3697 509 cogi-

201 531 266 584 de
309 529 573 585 humana
604 534 794 583 mente
826 528 1133 598 procedere
1160 531 1511 583 voluntatem
1560 529 1893 600 priusquam

200 620 437 673 verbum
472 619 753 672 formetur
785 634 849 671 ex
878 623 1067 672 mente
1100 622 1163 672 ut
1193 619 1292 671 liat
1321 619 1609 687 appetitus
1666 619 1898 689 quidam

201 707 511 760 voluntatis
542 707 613 760 ad
654 706 1049 776 quaerendum,
1084 706 1237 776 quod
1285 722 1413 759 cum
1448 706 1743 760 inventum
1774 708 1896 759 fue-

204 798 291 859 rit,
348 801 588 848 vocetur
635 801 912 864 tanquam
961 795 1147 865 proles
1199 794 1423 855 mentis,
1467 811 1578 865 qua
1629 800 1899 864 generata

202 884 496 955 perﬁcitur
548 885 807 937 voluntas
851 884 947 937 illa
988 900 1101 953 qua
1130 884 1403 954 processit
1443 884 1727 954 appetitus
1769 884 1896 955 qui-

202 975 327 1026 dem
368 974 441 1026 ad
465 973 877 1043 quaerendum;
928 972 1023 1025 sed
1056 972 1177 1026 haec
1218 973 1475 1026 voluntas
1507 979 1562 1026 et
1610 972 1797 1042 primo
1827 973 1896 1027 de

207 1069 395 1115 mente
432 1067 561 1114 nata
596 1066 681 1114 est
732 1065 1039 1131 antequam
1072 1066 1426 1131 quaereretur
1470 1062 1620 1132 quod
1655 1062 1898 1115 inveniri

204 1150 655 1215 desiderabatur,
690 1165 803 1218 quo
838 1148 1069 1203 invento
1104 1150 1274 1219 plena
1303 1150 1619 1220 perﬁcitur,
1664 1151 1798 1203 dum
1833 1167 1895 1203 ex

204 1239 323 1309 ipso
377 1239 612 1291 invento
662 1238 1109 1307 multiplicatur;
1160 1239 1369 1309 gaudet
1409 1240 1561 1292 enim
1614 1240 1899 1292 invenisse

206 1328 355 1399 quod
402 1327 707 1397 quaesivit:
753 1326 905 1380 unde
938 1344 1000 1379 ex
1044 1333 1288 1397 utroque
1320 1332 1454 1381 nata
1486 1329 1767 1391 voluntas,
1810 1327 1898 1381 vi-

206 1416 409 1470 delicet
441 1421 557 1468 tam
605 1417 671 1468 de
709 1420 898 1469 mente
941 1431 1115 1485 quam
1146 1416 1215 1468 de
1246 1416 1497 1483 invento,
1538 1417 1795 1486 procedit
1828 1418 1898 1471 ab

205 1510 484 1575 utroque;
530 1504 627 1558 sed
674 1504 834 1573 prius
885 1521 915 1556 a
962 1510 1171 1570 mente,
1225 1509 1280 1556 et
1336 1508 1463 1573 post
1515 1506 1585 1558 ab
1635 1506 1895 1573 invento;

206 1593 335 1647 inde
378 1592 645 1647 videlicet
678 1592 747 1646 ad
805 1592 1227 1662 quaerendum:
1264 1592 1398 1646 hinc
1446 1598 1638 1647 autem
1690 1600 1750 1646 ut
1797 1593 1900 1647 de-

202 1683 443 1737 lectetur
472 1686 721 1751 reperto.
780 1682 892 1734 Nec
937 1686 1128 1733 tamen
1179 1681 1282 1735 ista
1326 1682 1533 1751 duplex
1585 1686 1670 1735 est
1698 1682 1899 1735 volun-

202 1775 303 1835 tas,
357 1770 539 1824 veluti
570 1770 727 1840 prior
760 1769 984 1836 mentis,
1021 1770 1302 1840 posterior
1342 1771 1580 1838 inventi,
1638 1772 1733 1825 sed
1788 1788 1901 1824 una

204 1861 371 1914 unius
428 1858 665 1930 quidem
716 1858 819 1918 rei,
878 1859 1141 1912 videlicet
1196 1859 1416 1913 inventi
1472 1860 1899 1914 inchoationem

206 1948 419 2002 habens
454 1964 522 2001 ex
573 1952 764 2001 mente
794 1947 861 2000 ad
914 1948 1304 2017 qurerendum,
1338 1948 1744 2019 perfectionem
1799 1965 1899 2001 au-

203 2042 313 2090 tem
347 2037 476 2106 ejus
518 2036 669 2106 quod
700 2037 993 2106 quaerebat
1018 2036 1235 2090 inventi
1271 2054 1283 2090 :
1311 2043 1373 2089 ut
1410 2037 1509 2107 qui
1541 2036 1730 2105 primo
1779 2036 1900 2089 fue-

204 2124 273 2177 rit
309 2124 606 2195 appetitus
636 2124 871 2194 quidam
914 2125 1229 2194 quaerendi,
1276 2130 1403 2193 post
1455 2142 1588 2178 vero
1621 2126 1799 2179 factus
1831 2126 1904 2179 sit

203 2230 363 2267 amor
397 2213 631 2266 invento
667 2213 909 2266 fruendi.
948 2213 1055 2267 Sed
1088 2213 1193 2266 ista
1243 2214 1387 2267 ﬁunt
1431 2214 1489 2267 in
1534 2214 1700 2267 rebus
1745 2229 1899 2265 crea-

204 2302 271 2354 tis
303 2318 439 2373 quae
470 2306 731 2371 tempore
762 2301 1156 2363 continentur;
1214 2306 1271 2355 at
1303 2302 1361 2355 in
1394 2302 1713 2361 divinitate,
1761 2306 1904 2355 tem-

202 2403 307 2458 pus
341 2386 444 2439 uhi
478 2387 704 2440 nullum
750 2392 943 2451 exstat,
977 2388 1087 2440 tale
1112 2387 1254 2439 nihil
1290 2388 1439 2440 valet
1481 2388 1740 2457 reperiri.
1776 2389 1901 2442 Non

202 2477 354 2529 enim
391 2476 603 2529 dicitur
648 2475 727 2527 ibi
759 2477 843 2528 vel
893 2481 1022 2527 ante
1071 2475 1242 2528 fuisse
1276 2476 1460 2537 Pater,
1507 2477 1593 2528 vel
1643 2481 1767 2545 post
1801 2492 1899 2546 ge-

206 2566 359 2618 nitus
394 2581 519 2617 esse
554 2564 746 2629 Filius,
776 2564 869 2617 sed
903 2580 1129 2634 semper
1160 2566 1327 2617 Pater
1353 2564 1411 2617 in
1446 2564 1605 2629 Filio,
1640 2570 1694 2617 et
1729 2567 1902 2618 Filius

202 2655 259 2707 in
305 2655 476 2707 Patre
525 2652 762 2717 mansit;
822 2670 926 2705 nec
968 2652 1212 2722 Spiritus
1266 2658 1491 2707 sanctus
1541 2653 1899 2723 procedendo

205 2742 394 2811 potuit
454 2742 773 2812 praevenire
828 2742 1181 2795 nativitatem
1243 2741 1409 2796 Filii:
1472 2742 1741 2812 quoniam
1804 2743 1900 2796 ubi

206 2830 434 2883 nullum
467 2834 652 2882 exstat
683 2834 928 2899 tempus,
979 2846 1081 2883 nec
1114 2834 1243 2883 ante
1275 2831 1359 2882 vel
1396 2836 1524 2901 post
1565 2831 1711 2883 valet
1742 2832 1899 2883 inve-

204 2918 334 2971 niri.
373 2919 501 2972 Non
534 2918 687 2971 enim
722 2924 904 2988 potest
954 2918 1327 2988 consequenti
1368 2920 1563 2989 perﬁci
1615 2925 1897 2989 tempore,

202 3008 355 3076 quod
436 3006 736 3059 exordium
796 3007 1021 3060 nullum
1080 3008 1250 3061 habet
1312 3024 1379 3061 ex
1439 3014 1719 3078 tempore.
1779 3009 1900 3072 Qua

204 3096 271 3148 de
336 3111 399 3148 re
472 3096 570 3164 qui
654 3100 845 3164 potest
908 3096 1336 3166 generationem
1411 3096 1537 3149 Filii
1605 3096 1674 3150 de
1736 3098 1900 3150 Patre

202 3184 459 3253 cogitare
493 3183 614 3236 sine
642 3189 918 3253 tempore,
970 3184 1180 3253 cogitet
1225 3201 1455 3255 quoque
1482 3186 1897 3254 processionem

204 3274 453 3342 Spiritus
513 3273 693 3325 sancti
762 3278 877 3325 tam
929 3290 997 3326 ex
1046 3275 1209 3327 Patre
1263 3290 1435 3344 quam
1477 3290 1543 3326 ex
1595 3273 1732 3326 Filio
1782 3272 1901 3326 sine

202 3368 484 3431 tempore.
531 3360 687 3415 Sicut
730 3362 907 3432 igitur
950 3378 1066 3416 non
1109 3370 1194 3416 est
1240 3364 1614 3434 qtuerendum
1670 3363 1900 3433 quando

204 3451 276 3503 sit
308 3457 483 3503 natus
519 3450 694 3503 Filius
727 3449 795 3503 de
820 3452 1003 3517 Patre,
1037 3450 1115 3503 sic
1138 3453 1295 3504 nullo
1320 3452 1490 3505 modo
1521 3451 1900 3522 quazrendum

204 3538 433 3609 quando
468 3538 807 3607 processerit
836 3537 1079 3605 Spiritus
1112 3544 1337 3591 sanctus
1378 3540 1447 3593 ab
1488 3546 1761 3609 utroque;
1815 3539 1900 3593 vel

206 3626 249 3678 si
281 3625 644 3679 nativitatem
688 3624 813 3679 Filii
847 3626 1188 3694 praevenerit
1219 3626 1287 3678 de
1319 3627 1481 3679 Patre
1513 3628 1897 3696 procedendo.

208 3716 309 3769 Ubi
386 3730 639 3783 namque
716 3715 1093 3784 sempiternas
1168 3715 1335 3782 inest,
1409 3717 1683 3785 temporis
1759 3718 1899 3770 ordo

205 3804 381 3856 deest.
442 3803 553 3856 Nec
598 3817 663 3855 ex
714 3801 981 3855 humana:
1022 3802 1348 3856 conditione
1383 3808 1657 3857 creatura:
1701 3806 1785 3858 lex
1818 3812 1903 3860 est

206 3892 320 3945 ulla
414 3890 731 3945 divinitatis
798 3892 1162 3956 aestimanda;
1230 3891 1505 3962 quoniam
1582 3892 1687 3945 ista
1758 3895 1902 3948 facta

208 3981 311 4035 sub
364 3986 631 4050 tempore
691 3980 967 4049 temporis
1025 3980 1286 4033 ordinem
1345 3986 1576 4034 servat:
1626 3981 1721 4034 illa
1769 3999 1901 4035 vero

208 4070 491 4124 conditrix
532 4069 808 4139 temporis
856 4070 1014 4122 nullo
1054 4070 1328 4139 temporis
1370 4070 1501 4139 jure
1532 4070 1853 4139 disponitur
1886 4088 1897 4124 :

209 4159 491 4229 praevenit
521 4159 675 4211 enim
707 4159 900 4212 omnia
930 4174 1057 4229 quae
1086 4163 1341 4229 tempore
1372 4159 1755 4212 continentur.

277 4247 594 4317 Subjungit
624 4246 795 4299 etiam
828 4246 983 4300 aliud
1035 4248 1186 4301 unde
1234 4247 1567 4316 comprobet
1595 4248 1902 4316 procedere

208 4336 489 4404 Spiritum
540 4340 796 4387 sanctum
843 4352 870 4387 a
914 4337 1077 4388 Patre
1128 4341 1183 4388 et
1224 4352 1257 4389 a
1290 4336 1430 4389 Filio
1461 4336 1581 4389 sine
1622 4342 1900 4406 tempore,

209 4424 355 4477 sicut
384 4428 607 4476 constat
637 4425 891 4492 genitum
922 4439 1040 4476 esse
1070 4424 1273 4477 Filium
1311 4425 1379 4477 de
1410 4426 1572 4478 Patre
1604 4423 1724 4476 sine
1760 4436 1901 4477 lem-

208 4528 344 4582 pore
380 4528 393 4565 :
428 4512 570 4564 dicit
610 4516 802 4564 autem
839 4528 851 4563 :
889 4533 916 4559 «
953 4513 1015 4565 Et
1045 4511 1143 4582 qui
1178 4518 1365 4582 potest
1395 4512 1716 4581 intelligere
1746 4512 1801 4565 in
1833 4530 1900 4566 eo

205 4601 358 4671 quod
392 4600 477 4652 ait
531 4600 703 4653 Filius
737 4616 748 4653 :
808 4602 957 4655 Sicut
1008 4601 1167 4655 habet
1214 4604 1376 4657 Pater
1416 4605 1587 4655 vitam
1618 4604 1675 4654 in
1706 4607 1901 4656 semet-

202 4692 340 4756 ipso,
377 4692 455 4742 sic
488 4688 639 4742 dedit
667 4690 803 4743 Filio
829 4692 999 4743 vitam
1033 4691 1227 4744 habere
1257 4694 1313 4743 in
1335 4694 1615 4759 semetipso
1639 4693 1808 4757 (Joan.
1844 4707 1894 4757 ν,

201 4781 313 4839 ‘26).
355 4778 476 4830 Non
511 4777 634 4830 sine
682 4777 798 4830 vita
843 4778 1106 4832 existenti
1134 4780 1253 4849 jam
1294 4780 1432 4834 Filio
1462 4780 1635 4833 vitam
1670 4781 1897 4834 Patrem

202 4866 441 4933 dedisse,
484 4866 581 4919 sed
613 4867 691 4919 ita
721 4882 853 4919 eum
884 4868 1005 4920 sine
1060 4873 1317 4937 tempore
1350 4867 1633 4936 genuisse,
1668 4874 1729 4920 ut
1759 4868 1893 4935 vita,

201 4971 373 5024 quam
402 4956 572 5008 Pater
593 4954 730 5009 Filio
754 4956 1043 5024 gignendo
1058 4956 1235 5022 dedit,
1259 4962 1533 5009 coasterna
1555 4956 1626 5008 sit
1643 4956 1766 5009 vitae
1792 4958 1894 5008 Pa-

199 5044 300 5096 tris
316 5044 416 5114 qui
433 5043 619 5096 dedit:
642 5044 927 5111 intelligat
949 5044 1280 5097 sicuthabet
1302 5045 1534 5098 Paterin
1560 5044 1890 5112 semetipso,

198 5136 257 5183 ut
292 5132 363 5184 de
392 5132 491 5183 illo
523 5131 793 5201 procedat
822 5131 1066 5200 Spiritus
1097 5137 1342 5198 sanctus,
1376 5133 1453 5184 sic
1481 5131 1703 5184 dedisse
1732 5132 1888 5197 Filio,

200 5226 257 5271 ut
292 5222 361 5273 de
394 5221 491 5273 illo
509 5220 782 5289 procedat
798 5220 946 5273 idem
974 5221 1218 5291 Spiritus
1242 5226 1488 5285 sanctus,
1514 5225 1889 5291 etutrumque

198 5309 315 5361 sine
346 5315 633 5378 tempore;
666 5314 834 5378 atque
866 5309 943 5361 ita
979 5310 1191 5362 dictum
1219 5308 1493 5380 Spiritum
1528 5314 1786 5362 sanctum
1819 5309 1888 5363 de

198 5398 355 5450 Patre
385 5397 716 5468 procedere,
753 5401 812 5448 ut
834 5396 1210 5467 intelligatur,
1242 5399 1393 5469 quod
1427 5399 1599 5451 etiam
1631 5398 1886 5468 procedit

199 5485 263 5539 de
288 5486 447 5551 Filio,
476 5487 546 5538 de
573 5486 737 5537 Patre
753 5501 874 5538 esse
899 5492 954 5539 et
982 5488 1156 5553 Filio;
1182 5488 1227 5541 si
1250 5487 1401 5540 enim
1418 5487 1694 5558 quidquid
1714 5488 1886 5540 habet

198 5574 260 5627 de
290 5576 450 5628 Patre
492 5572 691 5635 Filius,
726 5572 796 5626 de
832 5574 991 5628 Patre
1024 5575 1215 5643 habet,
1247 5575 1444 5647 utique
1488 5581 1544 5629 ut
1594 5581 1652 5629 et
1683 5577 1751 5630 de
1785 5575 1883 5630 illo

2006 534 2221 592 tentur,
2269 545 2397 599 quae
2427 528 2637 581 habent
2666 528 2826 598 prius
2857 532 2914 581 et
2952 528 3258 597 posterius,
3293 529 3425 599 quia
3459 530 3697 583 omnino

2010 618 2163 670 nulla
2185 617 2260 671 ibi
2280 623 2430 671 sunt.
2464 640 2484 665 ι
2518 617 2831 671 Procedere
2853 617 3132 685 Spiritum
3149 623 3404 671 sanctum
3432 619 3499 671 de
3533 619 3695 683 Filio,

2008 703 2149 757 sicut
2172 704 2429 774 procedit
2449 704 2517 758 de
2543 706 2729 767 Patre,
2754 705 3115 770 testiﬁcatur;
3144 706 3295 775 quod
3349 712 3544 759 tamen
3566 723 3695 778 pro-

2006 792 2155 846 cedit
2184 810 2216 845 a
2249 794 2384 847 Filio
2432 794 2653 848 dedisse
2713 795 2935 847 Patrem
2996 794 3157 860 Filio,
3216 811 3329 847 non
3381 794 3541 864 prius
3583 795 3697 848 exi-

2007 882 2199 950 stenti,
2260 883 2352 937 sed
2411 883 2740 953 gignendo;
2801 883 3076 953 quoniam
3127 899 3480 953 quaecunque
3544 883 3700 937 dedit

2006 972 2173 1024 Pater
2201 972 2358 1037 Filio,
2392 988 2507 1025 non
2535 976 2803 1043 tanquam
2841 972 3070 1038 minori,
3107 973 3190 1025 vel
3227 973 3383 1041 prius
3415 973 3695 1039 existenti,

2007 1059 2185 1125 dedit,
2220 1061 2314 1113 sed
2342 1060 2632 1131 gignendo
2660 1061 2834 1115 dedit.
2873 1063 2934 1114 Et
2966 1062 3061 1113 dat
3104 1061 3540 1115 similitudinem
3584 1079 3699 1132 qua

2007 1150 2213 1203 clarius
2266 1151 2365 1204 tiat
2422 1151 2572 1221 quod
2633 1150 2956 1221 approbat:
3001 1171 3028 1198 ‹‹
3082 1150 3187 1213 Qui
3231 1155 3436 1220 potest,
3490 1151 3696 1219 inquit,

2008 1240 2330 1309 intelligere
2361 1240 2510 1309 quod
2545 1240 2624 1293 ait
2664 1240 2834 1293 Filius
2867 1257 2879 1293 :
2936 1239 3092 1293 Sicut
3124 1240 3293 1293 habet
3324 1241 3487 1293 Pater
3525 1240 3698 1293 vitam

2010 1330 2067 1383 in
2101 1329 2429 1399 semetipso,
2464 1330 2542 1382 sic
2585 1329 2743 1382 dedit
2776 1330 2914 1383 Filio
2958 1329 3128 1382 vitam
3164 1330 3371 1382 habere
3400 1329 3459 1381 in
3492 1335 3699 1382 semet-

2008 1418 2150 1488 ipso.
2179 1418 2298 1471 Non
2338 1417 2458 1471 sine
2496 1418 2603 1470 vita
2637 1418 2905 1470 existenti
2932 1419 3053 1486 jam
3092 1418 3228 1470 Filio
3260 1416 3431 1470 vitam
3476 1419 3699 1470 Patrem

2008 1505 2251 1558 dedisse.
2294 1529 2312 1553 ι
2363 1506 2832 1559 ExisteretFilius
2863 1506 2985 1558 sine
3018 1507 3148 1568 vita,
3194 1506 3239 1558 si
3292 1506 3450 1575 prius
3509 1505 3700 1575 aliquo

2014 1594 2181 1647 modo
2214 1594 2413 1647 fuisset
2452 1610 2623 1664 quam
2669 1594 2903 1659 viveret,
2937 1600 3000 1647 ut
3032 1593 3290 1647 existenti
3340 1594 3458 1662 jam
3504 1598 3702 1662 postea

2011 1682 2179 1736 fuerit
2224 1682 2319 1736 illa
2369 1682 2481 1735 vita
2514 1682 2858 1736 contributa.
2913 1682 3409 1745 Quemadmodum
3471 1683 3703 1737 Genesis

2010 1772 2079 1824 de.
2136 1772 2322 1840 primo
2366 1772 2543 1824 Adam
2589 1771 2863 1841 loquitur,
2922 1770 3152 1824 dicens:
3206 1774 3485 1825 Formam‘t
3530 1772 3703 1837 igitur

2013 1863 2146 1913 Deus
2178 1862 2441 1914 hominem
2473 1861 2535 1913 de
2573 1862 2696 1913 limo
2729 1866 2883 1913 terra
2932 1861 3076 1923 (Gen.
3113 1876 3172 1923 ιι,
3206 1860 3278 1927 7).
3325 1861 3391 1911 Et
3438 1864 3566 1927 post
3611 1859 3699 1911 in-

2010 1948 2189 2001 fertur
2222 1964 2233 2001 :
2262 1950 2339 2002 Et
2367 1951 2675 2017 insufﬂavz‘t
2708 1952 2765 2002 in
2788 1951 2985 2015 faciem
3017 1949 3132 2016 ejus
3164 1948 3496 2017 spiraculum
3552 1950 3695 2000 vitae.

2011 2037 2176 2089 Prius
2206 2053 2453 2106 namque
2484 2054 2615 2090 eum
2650 2037 2788 2090 dicit
2828 2036 2997 2089 fuisse
3028 2037 3362 2099 formatum,
3397 2040 3453 2088 et
3504 2040 3701 2105 postea

2006 2123 2125 2191 jam
2157 2123 2425 2184 formato,
2459 2123 2723 2176 videlicet
2768 2139 2868 2192 per
2898 2121 3149 2191 propriae
3196 2122 3521 2174 fomationis
3555 2138 3701 2192 qua-

2012 2211 2227 2264 lilatrm
2291 2210 2576 2275 existenti,
2629 2210 3047 2280 spiramentum
3101 2210 3230 2263 vita:
3288 2208 3697 2263 contributum.

2012 2298 2117 2352 Sed
2153 2314 2264 2351 non
2310 2298 2388 2351 sic
2426 2298 2564 2352 Filio
2604 2300 2766 2351 Pater
2812 2298 2983 2350 vitam
3032 2297 3190 2350 dedit
3231 2302 3505 2366 tanquam
3542 2296 3701 2366 prius

2010 2387 2292 2455 gigneret,
2325 2387 2414 2439 cui
2442 2393 2637 2457 postea
2669 2386 2862 2455 genito
2894 2388 3066 2439 vitam
3116 2385 3357 2438 donaret
3390 2402 3402 2438 :
3457 2385 3552 2437 sed
3614 2385 3700 2453 gi-

2010 2476 2236 2545 gnendo
2252 2476 2424 2528 vitam
2443 2476 2619 2541 dedit,
2636 2475 2910 2545 quoniam
2930 2474 3379 2527 substantialiter
3400 2474 3512 2525 vita
3532 2473 3701 2526 Filius

2010 2570 2113 2631 est,
2161 2565 2248 2616 cui
2283 2564 2569 2634 gignendo
2603 2564 2771 2616 vitam
2804 2563 2980 2615 dedit.
3020 2565 3200 2617 llomo
3250 2562 3498 2631 denique
3542 2561 3701 2631 prius

2011 2653 2287 2706 formatus
2307 2652 2935 2722 exstitit,etpostvitam
2960 2651 3193 2721 accepit,
3229 2651 3499 2721 quoniam
3532 2650 3702 2719 parti-

2010 2746 2254 2816 cipando
2290 2762 2399 2797 non
2436 2745 2719 2797 nascendo
2755 2744 2927 2797 vitam
2958 2743 3174 2813 accepit
3204 2760 3217 2797 :
3245 2760 3355 2796 non
3381 2743 3534 2795 enim
3568 2742 3697 2795 sub-

2010 2836 2351 2887 stantialiter
2379 2835 2491 2887 vita
2524 2834 2652 2897 fuit,
2696 2834 2789 2886 sed
2816 2833 3251 2902 participatione
3283 2832 3412 2884 vitae
3444 2831 3599 2883 vixit.
3631 2835 3701 2883 At

2010 2941 2139 2975 vvro
2176 2924 2345 2976 Filius
2370 2922 2548 2977 Patris
2572 2922 2900 2989 unigenitus
2931 2937 3045 2973 non
3074 2919 3511 2990 participatione
3527 2923 3698 2971 vitam

1940 3037 1976 3084 ρ
2009 3013 2242 3081 accepit,
2276 3013 2372 3064 sed
2407 3010 2857 3063 substantialiter
2888 3010 2955 3061 de
2985 3011 3149 3063 Patre
3182 3008 3407 3077 genitus
3429 3013 3511 3061 est
3540 3008 3655 3060 vita
3686 3025 3697 3060 :

2010 3118 2123 3153 non
2164 3101 2317 3152 enim
2350 3100 2609 3152 existenti
2659 3104 2932 3167 tanquam
2974 3098 3095 3149 sine
3135 3098 3247 3148 vita
3283 3096 3537 3149 manenti
3571 3096 3701 3149 data

2011 3196 2093 3242 est
2127 3190 2258 3252 vita,
2292 3188 2386 3240 sed
2422 3188 2650 3257 genitus
2683 3192 2765 3239 est
2795 3191 2945 3238 totus
2976 3187 3100 3238 vitae
3140 3186 3446 3252 coaequalis
3478 3190 3531 3237 et
3560 3200 3677 3236 con~

2012 3277 2400 3331 substantialis
2424 3276 2550 3328 vitm
2577 3275 2779 3342 Patris,
2804 3274 2900 3343 qui
2928 3273 3216 3344 gignendo
3240 3273 3394 3325 dedit
3420 3272 3469 3325 ei
3502 3272 3696 3324 vitam.

2081 3367 2349 3436 Sequitur
2381 3382 2393 3419 :
2448 3388 2467 3414 ι
2504 3366 2610 3419 Sed
2646 3366 2725 3417 ita
2774 3380 2905 3416 eum
2955 3363 3076 3415 sine
3115 3367 3375 3431 tempore
3410 3361 3697 3431 genuisse,

2010 3461 2074 3509 ut
2111 3456 2224 3507 vita
2254 3471 2427 3525 quam
2464 3455 2627 3507 Pater
2676 3452 2816 3507 Filio
2857 3452 3146 3522 gignendo
3191 3451 3362 3513 dedit,
3413 3455 3701 3503 coaeterna

2011 3544 2084 3598 sit
2113 3544 2241 3596 vitta
2300 3544 2480 3598 Patris
2529 3543 2626 3613 qui
2660 3542 2832 3597 dedit.
2870 3562 2897 3592 ι)
2934 3543 3048 3595 Hoc
3097 3541 3288 3593 dicens
3333 3538 3581 3591 ostendit
3618 3536 3699 3590 vi-

2009 3638 2123 3686 tam
2180 3649 2299 3686 esse
2348 3634 2597 3697 Patrem,
2640 3637 2696 3685 et
2751 3631 2922 3684 vitam
2974 3646 3093 3682 esse
3150 3628 3394 3693 Filium;
3438 3626 3534 3679 sed
3587 3626 3702 3678 vita

2013 3722 2186 3775 Filius
2211 3720 2424 3791 accepit
2465 3738 2493 3773 a
2526 3722 2709 3783 Patre,
2755 3726 2815 3771 ut
2846 3723 2990 3771 esset
3019 3718 3163 3781 vita;
3214 3732 3330 3768 non
3377 3714 3537 3784 prius
3583 3713 3697 3766 exi-

2011 3816 2163 3862 stens
2198 3810 2320 3862 sine
2346 3809 2480 3871 vita,
2515 3808 2611 3861 sed
2645 3808 2872 3877 genitus
2903 3806 3036 3871 vita,
3064 3822 3191 3875 quae
3222 3808 3507 3857 comterna
3552 3802 3623 3855 sit
3644 3808 3702 3855 et

2009 3897 2508 3949 consubstantialis
2558 3896 2686 3949 vitae
2732 3895 2931 3960 Patris,
2980 3894 3079 3963 qui
3137 3893 3291 3946 dedit
3336 3892 3475 3945 Filio
3528 3890 3699 3944 vitam

2010 3984 2357 4053 generando.
2393 3983 2662 4054 Quisquis
2690 3984 2794 4036 hoc
2824 3982 3144 4050 intelligere
3175 3980 3464 4051 quomodo
3498 3980 3573 4033 sit
3605 3996 3692 4032 va-

2011 4074 2105 4139 let,
2139 4073 2420 4141 intelligat
2450 4088 2679 4143 quoque
2712 4071 2857 4124 sicut
2886 4071 3058 4124 habet
3103 4072 3268 4124 Pater
3300 4070 3356 4121 in
3394 4070 3700 4137 semetipso

2010 4164 2075 4213 ut
2101 4161 2169 4214 de
2202 4161 2297 4213 illo
2332 4162 2605 4230 procedat
2634 4159 2879 4229 Spiritus
2907 4164 3152 4217 sanctus,
3190 4158 3268 4211 sic
3297 4157 3517 4212 dedisse
3556 4158 3696 4212 Filio

2012 4255 2074 4304 ut
2104 4253 2172 4304 de
2206 4252 2301 4304 illo
2336 4251 2604 4319 procedat
2632 4249 2782 4303 idem
2815 4249 3063 4318 Spiritus
3095 4252 3340 4300 sanctus.
3372 4248 3503 4301 Vult
3545 4248 3697 4300 enim

1948 4332 1987 4385 D
2013 4342 2333 4410 approbare
2364 4340 2647 4409 accepisse
2693 4340 2894 4393 Filium
2931 4355 2961 4390 a
3020 4339 3179 4390 Patre
3212 4338 3358 4390 sicut
3408 4336 3698 4405 gignendo

2015 4432 2208 4495 vitam,
2242 4430 2318 4482 sic
2356 4430 2527 4483 etiam
2560 4429 2848 4499 gignendo
2881 4433 2943 4479 ut
2975 4427 3042 4478 de
3094 4426 3192 4478 illo
3228 4426 3496 4495 procedat
3524 4424 3701 4493 Spiri-

2011 4523 2102 4570 tus
2135 4524 2381 4583 sanctus,
2416 4534 2528 4570 non
2560 4519 2725 4581 alter,
2750 4515 2845 4568 sed
2867 4516 3017 4568 idem
3044 4515 3140 4584 qui
3172 4514 3433 4582 procedit
3459 4530 3488 4564 a
3510 4514 3695 4566 Patre.

2011 4608 2077 4660 Et
2105 4623 2233 4659 cum
2268 4622 2477 4675 negare
2510 4621 2677 4657 nemo
2710 4620 2859 4656 sana:
2894 4603 3101 4655 mentis
3132 4602 3315 4655 valeat
3348 4601 3519 4653 vitam
3542 4617 3698 4654 sum-

2008 4697 2184 4764 psisse
2210 4695 2413 4749 Filium
2447 4695 2513 4748 de
2553 4696 2715 4747 Patre
2753 4699 2811 4745 ut
2841 4692 2913 4744 sit
2940 4692 3055 4743 vita
3086 4691 3232 4743 sicut
3271 4696 3353 4743 est
3389 4691 3574 4753 Pater,
3620 4690 3699 4743 sic

2009 4788 2172 4839 Patre
2216 4791 2277 4837 ut
2306 4785 2374 4837 de
2402 4785 2500 4836 illo
2544 4783 2815 4851 procedat
2854 4781 3032 4850 possit
3079 4780 3361 4848 accepisse
3412 4778 3614 4832 Filium
3667 4796 3697 4830 a

2004 4878 2423 4942 consequenter
2453 4887 2659 4941 negare
2696 4886 2809 4923 non
2857 4869 3099 4939 Spiritus
3157 4873 3423 4921 sanctus:
3477 4872 3533 4919 et
3590 4866 3697 4918 hoc

2006 4969 2315 5032 utrumque
2360 4962 2480 5013 sine
2506 4972 2791 5029 tempore;
2821 4959 3090 5029 quoniam
3117 4960 3258 5010 sicut
3292 4958 3411 5009 sine
3438 4960 3692 5023 tempore

2003 5051 2262 5121 procedit
2308 5068 2339 5103 a
2374 5052 2556 5114 Patre,
2593 5048 2670 5100 sic
2704 5063 2933 5120 quoque
2974 5047 3093 5099 sine
3124 5052 3380 5114 tempore
3433 5041 3694 5113 procedit

2001 5157 2032 5193 a
2067 5140 2238 5206 Filio;
2276 5138 2547 5209 quoniam
2598 5137 2703 5190 ista
2732 5136 3016 5206 processio
3065 5140 3149 5188 est
3181 5134 3417 5187 minime
3468 5138 3687 5200 tenipo-

1999 5224 2155 5287 ralis,
2192 5223 2287 5276 sed
2342 5227 2573 5275 interna.
2630 5220 2787 5275 Sicut
2832 5220 2985 5271 enim
3018 5217 3282 5271 nativitas
3316 5215 3438 5269 Filii
3483 5215 3552 5268 de
3584 5216 3690 5267 Pa-

1998 5317 2081 5365 tre
2116 5315 2363 5366 removet
2396 5327 2564 5364 omne
2594 5316 2839 5379 tempus,
2872 5309 2951 5361 sic
2968 5306 3251 5378 processio
3282 5304 3525 5375 Spiritus
3558 5321 3687 5358 san-

1996 5401 2070 5453 cti
2104 5416 2232 5471 quae
2264 5401 2326 5453 ﬁt
2356 5400 2425 5454 ab
2457 5405 2730 5469 utroque,
2769 5398 2993 5451 nullum
3025 5401 3249 5463 tempus
3288 5392 3542 5463 agnovit.

2066 5488 2336 5557 Adjungit
2374 5504 2386 5541 :
2436 5510 2455 5536 ι
2492 5491 2671 5558 Atque
2707 5486 2789 5539 ita
2848 5486 3059 5539 dictum
3104 5481 3378 5551 Spiritum
3431 5486 3686 5535 sanctum

1993 5576 2060 5631 de
2090 5577 2253 5629 Patre
2297 5577 2626 5647 procedere,
2667 5579 2731 5629 ut
2761 5573 3114 5643 intelligatur
3154 5570 3303 5640 quod
3348 5570 3520 5625 etiam
3552 5588 3683 5642 pro-
