4130 6184
413 285 513 340 287
982 240 988 246 ’
1560 277 1919 334 RATltAMNI
1957 276 2415 334 coneemnsm
2456 277 2762 334 MONACHI

3808 273 3915 326 288

414 417 565 472 cedit
596 416 664 470 de
692 416 850 482 Filio,
885 415 954 468 de
993 415 1154 467 Patre
1185 429 1308 466 esse
1335 418 1392 465 et
1439 411 1608 465 Filio.
1654 433 1674 458 ι
1724 411 1854 464 Vult
1903 415 1966 464 ut
2013 411 2102 462 in-
2139 412 2186 463 Α
2219 411 2448 477 Filium,
2508 411 2555 463 si
2613 410 2681 464 ab
2743 417 2983 480 utroque
3032 409 3288 478 procedit
3342 407 3587 478 Spiritus
3641 411 3914 461 sanctus:

414 505 706 576 telligatur
733 520 864 558 cum
897 502 1108 573 legitur
1140 503 1220 555 vel
1274 500 1484 554 dicitur
1509 498 1750 569 Spiritus
1783 504 2010 552 sanctus
2040 499 2109 552 de

416 597 579 649 Patre
611 593 942 662 procedere,
995 591 1208 661 pariter
1241 605 1470 659 quoque
1501 588 1569 642 de
1606 588 1743 642 Filio
1796 588 2108 658 signiﬁcari

414 682 754 751 procedere;
793 685 848 732 et
890 679 1097 731 idcirco
1129 677 1186 730 in
1236 677 1416 730 Patris
1447 677 1992 729 commemoratione
2026 676 2110 729 Fi-

416 771 557 824 lium
619 768 1086 836 intelligendum;
1143 766 1416 836 quoniam
1451 765 1522 816 sit
1572 764 1710 817 Filio
1757 764 1826 817 de
1857 766 2018 819 Patre
2048 769 2111 816 ut

413 858 688 928 procedat
711 858 780 910 ab
820 872 885 910 eo
932 854 1172 924 Spiritus
1223 860 1468 907 sanctus.
1501 853 1568 905 Et
1600 853 1736 923 quia
1764 852 2010 906 refertur
2037 852 2108 905 ad

415 953 700 1000 auctorem
737 946 961 998 Patrem
996 960 1027 995 a
1055 959 1166 1013 quo
1197 942 1415 1011 accepit
1443 941 1618 995 Filius
1649 946 1714 994 ut
1755 958 1787 994 a
1814 938 1874 994 'se
1907 958 2107 1011 proce—

415 1038 512 1091 dat
540 1034 815 1103 Spiritum
859 1039 1139 1095 sanctum,
1173 1038 1478 1101 propterea
1509 1046 1640 1083 cum
1671 1029 1879 1084 dicitur
1907 1031 1976 1084 de
2001 1031 2106 1082 Pa-

411 1130 496 1178 tre
531 1122 861 1192 procedere,
917 1120 1276 1173 sentiendum
1337 1119 1551 1188 pariter
1583 1119 1740 1190 quod
1790 1124 1846 1172 et
1883 1137 1916 1172 a
1967 1119 2108 1172 Filio

413 1211 700 1283 procedat.
739 1211 874 1263 Hinc
908 1211 1079 1262 etiam
1107 1210 1405 1278 subjungit
1440 1225 1451 1261 :
1491 1229 1518 1256 ιι
1544 1208 1599 1261 Si
1631 1208 1787 1261 enim
1829 1208 2105 1277 quidquid

413 1301 600 1366 habet,
635 1301 703 1353 de
737 1301 898 1352 Patre
928 1298 1098 1351 habet
1137 1298 1343 1363 Filius;
1394 1297 1462 1350 de
1493 1298 1658 1350 Patre
1690 1297 1862 1349 habet
1912 1298 2106 1366 utique

416 1397 480 1443 ut
527 1390 678 1442 etde
720 1388 818 1440 illo
866 1387 1138 1456 procedat
1167 1385 1410 1456 Spiritus
1469 1392 1778 1438 sanctus.»
1839 1386 2107 1438 Novimus

413 1481 605 1530 autem
639 1475 863 1528 dicente
904 1475 1064 1538 Filio,
1111 1475 1261 1544 quod
1296 1475 1491 1526 omnia
1541 1489 1670 1542 quae
1725 1472 1904 1524 Patris
1953 1479 2104 1539 sunt,

414 1566 526 1618 sint
553 1570 610 1618 et
643 1565 768 1618 Filii
796 1578 808 1617 ε
841 1565 936 1617 sed
970 1564 1087 1616 haec
1135 1579 1263 1616 cum
1297 1562 1401 1614 sibi
1436 1563 1647 1614 fuerint
1678 1579 1708 1613 a
1750 1563 1914 1614 Patre
1954 1563 2104 1627 data,

416 1654 620 1707 merito
655 1652 974 1705 referentur
1003 1651 1071 1704 ad
1104 1667 1234 1704 eum
1267 1667 1300 1703 a
1321 1667 1434 1720 quo
1457 1655 1589 1702 sunt
1619 1651 1767 1703 data.
1806 1651 1869 1702 Et
1895 1649 2105 1702 idcirco

413 1757 541 1794 cum
587 1740 798 1793 dicitur
844 1739 1090 1808 Spiritus
1137 1744 1363 1790 sanctus
1395 1755 1427 1790 a
1462 1738 1600 1791 Filio
1632 1739 1960 1806 procedere,
2016 1755 2101 1791 rc-

414 1831 599 1883 fertur
629 1828 698 1881 ad
727 1830 951 1881 Patrem
989 1845 1018 1880 a
1055 1844 1169 1896 quo
1201 1828 1307 1879 sibi
1333 1829 1528 1879 datum
1556 1831 1640 1878 est
1666 1831 1727 1879 ut
1759 1827 1828 1879 ab
1858 1825 1957 1879 illo
1984 1843 2110 1896 pro-

411 1918 652 1972 cederet.
685 1916 845 1970 Unde
877 1932 1004 1968 cum
1035 1917 1170 1968 dicit
1205 1916 1377 1969 Filius
1418 1915 1477 1968 in
1519 1915 1826 1985 Evangelio
1861 1932 1874 1968 :
1919 1917 2107 1984 Spiri-

413 2012 498 2062 tus
529 2008 687 2075 quia
718 2006 890 2058 Patre
917 2005 1159 2073 procedit
1205 2005 1381 2071 (Joan.
1424 2021 1511 2070 xv,
1551 2005 1664 2073 66),
1699 2005 1819 2056 vult
1865 2005 2107 2075 intelligi

417 2094 569 2164 quod
617 2111 648 2145 a
688 2110 746 2146 se
787 2109 1016 2162 quoque
1061 2092 1265 2146 dixerit
1300 2108 1432 2146 eum
1461 2093 1790 2161 procedere,
1828 2093 1924 2146 sed
1985 2093 2106 2146 sine

415 2183 532 2236 ulla
561 2182 837 2251 temporis
869 2182 1216 2250 admotione,
1241 2184 1514 2252 quoniam
1542 2199 1658 2235 non
1686 2182 1758 2235 sit
1786 2182 2106 2252 disquiren-

417 2271 550 2324 dum
576 2281 764 2324 utrum
793 2271 953 2340 prius
978 2273 1314 2341 processerit
1333 2272 1576 2341 Spiritus
1597 2278 1845 2336 sanctus,
1869 2278 1923 2324 et
1952 2276 2104 2340 post-

417 2375 484 2414 ea
513 2366 678 2413 natus
724 2360 797 2413 sit
837 2359 1036 2426 Filius;
1088 2359 1172 2412 vel
1230 2365 1363 2412 'nato
1413 2361 1576 2425 Filio,
1633 2364 1831 2429 postea
1882 2376 2105 2428 proces-

417 2447 556 2499 serit
588 2447 829 2517 Spiritus
863 2453 1090 2501 sanctus
1119 2449 1189 2501 ab
1224 2455 1466 2518 utroque
1501 2463 1514 2501 :
1560 2465 1676 2501 non
1713 2453 1794 2501 est
1829 2448 1983 2501 enim
2017 2449 2107 2501 bic

416 2535 784 2605 cogitandum
807 2536 967 2606 prius
997 2537 1084 2589 vel
1114 2537 1415 2606 posterius,
1451 2539 1720 2607 quoniam
1765 2539 1985 2590 nullum
2016 2538 2106 2590 bic

416 2633 641 2694 tempus
673 2625 1096 2678 aestimandum.
1142 2627 1205 2678 Et
1243 2625 1304 2678 in
1333 2627 1852 2696 consequentibus:
1894 2649 1914 2675 ι
1958 2626 2103 2690 Quo-

418 2713 584 2766 modo
633 2730 768 2782 ergo
800 2730 913 2766 non
947 2713 1351 2767 absurdissime
1385 2715 1556 2768 Filius
1591 2715 1876 2768 diceretur
1908 2715 2101 2768 ambo-

416 2817 568 2867 rum,
597 2817 728 2854 cum
787 2801 935 2854 sicut
963 2802 1102 2854 Filio
1139 2807 1375 2870 praestat
1433 2804 1738 2856 essentiam
1771 2805 1894 2857 sine
1939 2804 2103 2856 initio

415 2890 707 2959 temporis,
761 2891 883 2942 sine
937 2890 1056 2942 ulla
1114 2890 1496 2944 mutabilitate
1531 2898 1751 2944 natura:
1784 2893 2100 2962 generatio,

2224 515 2417 552 verum
2461 499 2618 569 prius
2650 500 2719 554 de
2752 500 2986 552 nomine
3027 503 3250 563 tractat,
3285 497 3344 550 id
3376 501 3459 550 est
3505 495 3643 566 quid
3694 496 3919 550 dic-itur

2220 587 2461 657 Spiritus
2519 593 2768 655 sanctus,
2837 589 3062 656 genitus
3129 603 3200 638 an
3259 585 3572 654 ingenitus,
3633 589 3688 636 et
3747 591 3918 653 negat

2222 684 2427 730 neutro
2477 678 2748 730 vocabulo
2813 675 3271 746 appellandum:
3330 681 3386 728 et
3445 690 3674 727 causam
3720 673 3913 738 infert,

2221 781 2334 835 qua
2372 767 2706 836 comprobet
2736 766 2891 835 quod
2922 766 3189 828 allirmat,
3226 781 3291 816 ea
3339 763 3601 816 videlicet
3632 779 3644 816 :
3688 763 3821 832 quia
3865 762 3914 815 si

2219 855 2440 908 dicatur
2491 857 2740 925 genitus,
2793 855 2901 907 erit
2930 855 3178 907 duorum
3243 853 3432 918 Filius,
3490 851 3542 904 id
3601 856 3686 903 est
3733 851 3914 904 Patris

2219 947 2276 997 et
2333 943 2476 1008 Filii,
2537 945 2692 1014 quod
2742 944 2878 997 dicit
2925 943 3237 995 execrabile
3293 940 3616 994 Christianae
3679 940 3909 1009 pietati;

2219 1033 2314 1085 Sed
2348 1049 2452 1084 nec
2481 1032 2802 1100 ingenitum
2838 1049 3001 1101 posse
3037 1031 3300 1093 vocitari;
3355 1029 3462 1082 hoc
3493 1029 3644 1080 enim
3678 1028 3912 1098 proprie

2219 1121 2372 1174 Patri
2406 1121 2728 1190 deputatur,
2763 1120 3038 1190 quoniam
3069 1120 3137 1172 de
3166 1120 3322 1171 nullo
3355 1121 3440 1170 est
3470 1117 3608 1183 alio;
3647 1117 3732 1169 sui
3757 1133 3916 1170 nam-

2219 1225 2330 1278 que
2359 1209 2703 1278 principium
2761 1214 2932 1261 estex
2987 1224 3110 1260 sese
3143 1207 3476 1272 consistens,
3533 1220 3638 1257 nec
3691 1204 3913 1273 aliquid

2219 1297 2390 1351 habet
2447 1298 2807 1368 praecedens;
2869 1301 2952 1350 est
3019 1297 3172 1349 enim
3235 1293 3619 1348 universitatis
3690 1293 3914 1362 princi-

2218 1385 2454 1454 cipium,
2489 1386 2616 1438 fons
2648 1391 2703 1437 ct
2733 1385 2935 1454 origio.
2967 1385 3107 1438 Cum
3157 1383 3334 1451 igitur
3367 1397 3468 1434 nec
3500 1381 3750 1450 genitus,
3809 1397 3915 1434 nec

2220 1474 2507 1543 ingenitus
2536 1474 2645 1527 dici
2677 1475 2920 1527 ﬁdeliter
2967 1474 3143 1542 possit
3198 1471 3444 1540 Spiritus
3483 1476 3730 1535 sanctus,
3769 1486 3911 1538 pro—

2217 1565 2424 1615 cedens
2470 1562 2701 1631 proprie
2733 1562 3034 1626 vocitatur,
3067 1562 3165 1614 sed
3201 1577 3315 1613 non
3343 1577 3375 1613 a
3405 1560 3526 1613 solo
3553 1560 3729 1625 solus,
3755 1559 3913 1612 vide-

2221 1651 2347 1704 licet
2377 1669 2408 1704 a
2439 1653 2601 1704 Patre
2633 1651 2754 1704 solo
2804 1651 2959 1704 solus
2993 1650 3237 1720 Spiritus
3292 1655 3519 1702 sanctus
3569 1648 3906 1718 procedens,

2219 1739 2706 1808 quemadmodum
2753 1739 2927 1792 Filius
2953 1740 3108 1792 solus
3142 1757 3172 1790 ει
3205 1739 3322 1790 solo
3355 1738 3516 1789 Patre
3549 1736 3758 1790 dicitur
3802 1753 3912 1788 na-

2217 1833 2352 1881 tus:
2409 1828 2663 1898 procedit
2711 1833 2901 1880 autem
2959 1828 3028 1880 ab
3067 1832 3334 1896 utroque,
3396 1826 3451 1879 id
3500 1831 3584 1878 est
3618 1831 3675 1877 et
3720 1841 3754 1877 a
3804 1827 3908 1878 Pa-

2217 1921 2301 1969 tre
2341 1925 2396 1970 et
2436 1935 2467 1968 a
2499 1918 2640 1970 Filio
2684 1916 3160 1985 intemporaliter,
3210 1914 3488 1985 quoniam
3528 1913 3907 1977 mternaliter;

2219 2023 2319 2059 nec
2349 2012 2542 2060 tamen
2575 2006 2844 2060 dicuntur
2873 2022 3003 2058 eum
3031 2005 3318 2074 genuisse,
3366 2004 3638 2073 quoniam
3670 2019 3775 2056 nec
3822 2004 3912 2057 Fi-

2216 2095 2328 2148 lius
2386 2096 2567 2148 Patris
2620 2100 2723 2158 est,
2787 2111 2890 2147 nec
2939 2093 3109 2148 Filius
3170 2092 3318 2156 Filii,
3372 2092 3470 2145 sed
3534 2092 3606 2144 ab
3660 2097 3913 2161 utroque

2216 2185 2550 2252 procedens.
2612 2185 2704 2236 Est
2761 2183 2913 2235 enim
2972 2182 3274 2235 amborum
3330 2180 3595 2251 Spiritus.
3649 2181 3740 2233 Sic
3784 2180 3912 2232 evi—

2216 2272 2372 2324 denti
2403 2272 2622 2324 ratione
2653 2277 3003 2325 monstratur
3032 2272 3101 2324 ab
3133 2277 3376 2338 utroque
3429 2268 3734 2340 procedere
3778 2268 3905 2337 Spi-

2215 2361 2360 2414 ritus
2387 2366 2634 2425 sanctus,
2667 2362 2803 2414 dum
2837 2361 3134 2413 manifeste
3158 2360 3394 2413 docetur
3416 2374 3530 2410 non
3553 2373 3681 2410 eum
3722 2358 3908 2409 solum

2216 2465 2249 2502 a
2278 2453 2398 2502 solo
2430 2452 2596 2503 Patre
2623 2450 2954 2519 procedere,
2982 2465 3050 2501 ne
3098 2448 3272 2502 Filius
3301 2463 3422 2499 esse
3447 2445 3629 2500 Patris
3651 2445 3907 2499 dicatur;

2216 2539 2309 2592 sed
2341 2556 2441 2591 nec
2470 2557 2502 2590 a
2534 2538 2653 2592 solo
2686 2539 2848 2600 Filio,
2887 2555 2957 2590 ne
2991 2537 3164 2592 Filius
3194 2539 3360 2590 Pater
3391 2553 3512 2588 esse
3541 2534 3912 2604 blaspheme-

2216 2631 2326 2693 tur,
2364 2626 2460 2679 sed
2494 2625 2702 2679 dicitur
2731 2625 2973 2694 Spiritus
3005 2630 3232 2678 sanctus
3271 2628 3328 2676 et
3358 2621 3695 2692 procedens,
3730 2626 3786 2674 et
3839 2621 3911 2674 de

2218 2728 2464 2784 utroque
2497 2714 2826 2784 procedens.

2882 2803 3109 2856 CAPUT
3151 2802 3237 2855 IV.

2898 2894 2983 2945 Eu;
3021 2891 3220 2944 eodem.

414 2977 493 3030 ita
513 2977 750 3047 Spiritui
777 2982 972 3030 sancto
1002 2983 1230 3047 prmstet
1262 2979 1564 3032 essentiam
1611 2980 1730 3034 sine
1764 2981 1879 3032 ullo
1938 2981 2104 3033 initio
2145 3012 2185 3069 ρ
2285 2981 2464 3034 Movet
2495 2984 2686 3032 autem
2736 2982 2946 3032 multos
2987 2979 3123 3049 quid
3176 2979 3249 3031 sit
3277 2979 3425 3032 inter
3477 2975 3910 3046 generationem

414 3065 714 3134 temporis,
758 3065 879 3119 sine
916 3067 1029 3119 ulla
1066 3066 1446 3120 mutabilitate
1495 3074 1716 3121 natura:
1761 3069 1830 3121 de
1863 3073 2106 3138 utroque

413 3154 718 3222 processio.
769 3177 794 3204 ι»
853 3155 1126 3208 Monstrat
1166 3155 1588 3224 processioncm
1645 3156 1878 3224 quidem
1928 3156 2106 3226 Spiri-

413 3246 504 3294 tus
538 3242 720 3296 sancti
749 3248 867 3296 tam
899 3243 966 3296 de
1000 3244 1164 3296 Patre
1200 3245 1321 3297 fore
1352 3260 1522 3313 quam
1567 3245 1636 3297 de
1667 3245 1825 3309 Filio,
1860 3245 1955 3298 sed
1990 3262 2106 3298 non

415 3331 791 3400 quaerendum
847 3332 892 3384 si
944 3332 1099 3401 prius
1152 3332 1220 3385 de
1255 3334 1444 3396 Patre;
1478 3334 1564 3385 vel
1616 3339 1745 3401 post
1797 3334 1867 3386 de
1929 3334 2102 3396 Filio;

415 3435 611 3473 verum
643 3421 1012 3490 cogitandum
1046 3420 1181 3490 quia
1212 3421 1360 3473 sicut
1389 3421 1682 3488 generatio
1726 3420 1865 3474 Fillo
1904 3420 2108 3474 tribuit

414 3508 789 3562 substantiam
829 3509 1243 3560 interveniente
1277 3508 1434 3560 nullo
1469 3513 1747 3577 tempore,
1777 3525 1880 3561 nec
1912 3508 2106 3578 aliqua

414 3598 802 3650 intercedente
842 3596 1244 3662 mutabilitate,
1279 3595 1357 3648 sic
1389 3595 1628 3664 Spiritui
1652 3603 1848 3650 sancto
1879 3613 2102 3666 proces-

414 3684 497 3737 sio
529 3684 685 3737 dedit
714 3684 1087 3737 substantiam
1108 3689 1317 3754 praeter
1337 3685 1565 3754 aliquod
1597 3690 1847 3755 tempus,
1876 3691 1933 3738 et
1952 3701 2101 3754 pras-

414 3778 500 3825 ter
546 3773 797 3842 aliquam
842 3773 1328 3826 mutabilitatem:
1377 3790 1479 3826 nec
1527 3774 1929 3842 disputandam
1965 3774 2103 3844 quid

415 3867 546 3914 ante
577 3863 659 3915 vel
695 3866 846 3930 post,
875 3862 970 3915 sed
1005 3861 1436 3932 intelligendam
1460 3862 1528 3915 de
1561 3864 1723 3915 Patre
1742 3863 1868 3916 Filii
1899 3863 2103 3916 nativi-

413 3954 606 4016 tatem,
648 3955 704 4003 et
750 3950 821 4003 ab
856 3960 1097 4019 utroque
1149 3937 1396 4019 Spiritus
1449 3951 1625 4002 sancti
1660 3951 2100 4020 processionem.

482 4039 753 4108 Sequitur
785 4055 798 4090 :
838 4059 863 4088 α
888 4039 1019 4091 Ideo
1054 4039 1207 4090 enim
1239 4055 1367 4090 cum
1402 4038 1677 4106 Spiritum
1713 4044 1974 4091 sanctum
2008 4055 2106 4109 ge-

413 4126 598 4178 nitum
633 4143 746 4178 non
779 4127 1054 4191 dicamus,
1105 4127 1292 4178 dicere
1333 4131 1526 4178 tamen
1558 4143 1671 4178 non
1703 4127 1977 4179 audemus
2018 4129 2104 4180 i11-

414 4211 693 4278 genitum,
727 4229 798 4264 ne
830 4213 888 4264 in
920 4215 1025 4274 hoc
1071 4213 1344 4266 vocabulo
1373 4215 1461 4265 vel
1497 4213 1638 4267 duos
1672 4216 1860 4267 Patres
1892 4215 1953 4268 in
2010 4218 2106 4270 illa

414 4299 710 4367 ’l‘rinitate,
756 4301 841 4353 vel
890 4301 1030 4354 duos
1079 4303 1178 4370 qui
1219 4319 1330 4355 non
1375 4309 1506 4356 sunt
1542 4304 1610 4357 de
1660 4305 1770 4358 alio
1817 4305 2104 4375 quispiam

414 4387 748 4456 suspicetur.
799 4391 963 4442 Pater
994 4391 1148 4443 enim
1201 4391 1353 4444 solus
1399 4408 1511 4444 non
1549 4399 1631 4446 est
1674 4394 1742 4446 de
1797 4395 1933 4463 alio,
1977 4395 2102 4449 ideo

415 4476 568 4528 solus
598 4478 918 4547 appellatur
949 4479 1255 4548 ingenitus,
1295 4497 1407 4533 non
1437 4482 1672 4551 quidem
1696 4482 1754 4534 in
1776 4482 2102 4552 Scripturis,

415 4565 514 4617 sed
562 4566 622 4618 in
681 4568 1089 4621 consuetudine
1122 4569 1558 4638 disputantium,
1619 4578 1674 4624 et
1717 4572 1786 4624 de
1838 4589 1897 4625 re
1949 4579 2105 4626 tanta

414 4669 736 4707 sermonem
769 4656 994 4725 qualem
1029 4657 1765 4726 valuerintproferentium.
1805 4662 1978 4714 Filius
2008 4679 2105 4714 a11-

414 4747 528 4795 tem
570 4743 638 4796 de
670 4745 832 4798 Patre
867 4752 1031 4798 natus
1060 4753 1173 4811 est;
1211 4751 1265 4799 et
1295 4747 1540 4815 Spiritus
1581 4755 1806 4801 sanctus
1839 4750 1907 4802 de
1939 4752 2103 4803 Patre

414 4831 827 4901 principaliter,
862 4840 919 4887 et
961 4835 1084 4903 ipso
1132 4835 1254 4887 sine
1313 4837 1430 4888 ullo
1476 4836 1774 4890 intervallo
1827 4839 2104 4906 temporis

413 4920 603 4985 dante,
649 4923 1030 4975 communiter
1078 4924 1146 4976 de
1189 4929 1432 4994 utroque
1480 4926 1753 4994 procedit.
1815 4926 2105 4979 Diceretur

413 5015 605 5062 autem
635 5011 806 5064 Filius
839 5012 1019 5064 Patris
1049 5018 1105 5065 et
1138 5013 1283 5077 Filii,
1308 5013 1355 5064 si
1387 5013 1542 5083 quod
1576 5013 1843 5067 abhorret
1873 5016 1942 5068 ab
1975 5032 2105 5068 om-

413 5096 572 5150 nium
598 5115 868 5152 sanorum
901 5100 1180 5164 sensibus,
1203 5116 1332 5152 eum
1373 5101 1540 5153 ambo
1572 5102 1923 5170 genuissent.
1983 5104 2103 5156 Non

412 5184 590 5253 igitur
623 5187 692 5239 ab
741 5195 982 5256 utroque
1015 5193 1098 5240 est
1137 5188 1390 5256 genitus,
1423 5188 1518 5241 sed
1561 5189 1818 5258 procedit
1848 5189 1917 5242 ab
1949 5196 2102 5243 utro-

413 5288 524 5342 que
559 5275 857 5328 amboruni
901 5276 1164 5345 Spiritus.
1199 5297 1226 5324 ››
1259 5278 1592 5330 Perseverat
1623 5280 1942 5346 approbare
1983 5280 2105 5348 Spi-

412 5361 588 5414 ritum
621 5370 878 5418 sanctum
928 5370 1042 5418 tam
1077 5365 1145 5419 de
1194 5366 1356 5418 Patre
1389 5381 1562 5435 quam
1603 5365 1670 5418 de
1716 5367 1854 5419 Filio
1906 5383 2101 5435 proce-

413 5447 593 5502 dere:
649 5452 839 5505 obviat
907 5460 1096 5507 autem
1153 5455 1208 5506 in
1262 5453 1366 5506 hac
1427 5454 1817 5523 propositione
1873 5464 2100 5510 contra-

412 5536 725 5592 dicentium
781 5541 1177 5610 disputationi,
1227 5541 1328 5613 qui
1370 5541 1566 5598 dicunt
1633 5544 1932 5615 utriusque
1980 5561 2101 5600 esse

2217 3076 2272 3124 et
2298 3069 2738 3140 processioncm.
2775 3070 2883 3121 Ista
2918 3084 3049 3119 vero
3073 3066 3306 3136 quaestio
3338 3065 3610 3135 quoniam
3666 3064 3916 3134 inexpli-

2214 3159 2409 3212 cabilis
2453 3173 2574 3211 esse
2617 3158 2839 3210 videtur
2876 3156 2935 3209 in
2991 3156 3088 3209 illa
3139 3156 3482 3224 incorporea
3520 3157 3575 3207 et
3635 3153 3912 3206 invisibili

2217 3247 2510 3311 Trinitate,
2545 3246 2849 3321 dicendum
2881 3244 3013 3314 quid
3061 3243 3523 3314 praeclarissimus
3567 3246 3765 3296 auctor
3791 3244 3910 3295 Au-

2216 3336 2480 3404 gustinus
2517 3335 2773 3388 senserit.
2827 3333 3134 3402 Snbjungit
3181 3332 3374 3402 itaque
3422 3331 3543 3400 (lib.
3577 3347 3646 3384 xv
3676 3331 3742 3384 de
3778 3332 3913 3383 Tri-

2215 3427 2342 3488 nit.,
2375 3439 2419 3476 c.
2464 3426 2554 3490 ‘27)
2613 3422 2692 3475 sic
2722 3424 3003 3492 loquens:
3071 3443 3092 3470 ε
3141 3422 3345 3474 Verum
3379 3420 3512 3490 quia
3552 3420 3611 3472 in
3660 3420 3757 3471 illa
3805 3434 3914 3472 co—

2214 3516 2448 3574 aeterna,
2481 3516 2537 3563 et
2565 3510 2842 3580 coaequali
2891 3515 2946 3562 et
2995 3509 3364 3578 incorporali,
3427 3515 3482 3561 et
3537 3506 3911 3561 ineffabiliter

2213 3589 2581 3665 immutabili,
2644 3605 2816 3669 atque
2883 3598 3252 3668 inseparabili
3305 3597 3579 3650 Trinitate
3627 3594 3915 3648 dil‘ticilli—

2215 3705 2373 3741 mum
2419 3693 2503 3741 est
2553 3687 2980 3757 generationem
3041 3704 3071 3739 a
3128 3687 3490 3756 processione
3531 3685 3912 3752 distinguere,

2215 3776 2458 3829 sulliciat
2482 3775 2718 3829 interim
2759 3775 2840 3828 eis
2872 3775 2972 3844 qui
3002 3774 3230 3828 extendi
3273 3791 3386 3827 non
3417 3774 3606 3826 valent
3635 3773 3912 3842 amplius,

2214 3865 2268 3918 id
2301 3865 2453 3934 quod
2477 3867 2544 3917 de
2568 3865 2670 3916 hac
2703 3879 2761 3916 re
2793 3864 2850 3916 in
2883 3879 3148 3916 sermone
3182 3863 3431 3932 quodam
3465 3861 3809 3931 proferendo
3839 3861 3917 3914 ad

2215 3970 2380 4006 aures
2438 3953 2635 4022 populi
2707 3952 3014 4006 Christiani
3063 3951 3329 4013 diximus,
3388 3951 3720 4020 dictumque
3770 3966 3916 4002 con-

2216 4041 2567 4110 scripsimus.
2606 4042 2758 4094 Inter
2787 4045 2990 4093 caetera
3043 4039 3198 4092 enim
3259 4056 3388 4092 cum
3429 4054 3530 4108 per
3591 4038 3920 4107 Scriptura-

2217 4147 2342 4182 rum
2407 4136 2731 4184 sanctarum
2781 4129 3112 4182 testimonia
3157 4127 3498 4193 docuissem,
3542 4126 3611 4180 de
3660 4133 3917 4196 utroque

2217 4221 2524 4286 procedere
2567 4219 2843 4287 Spiritum
2889 4223 3170 4270 sanctum.
3221 4217 3278 4271 Si
3338 4232 3496 4285 ergo,
3546 4214 3804 4284 inquam,
3855 4221 3920 4266 et

2145 4308 2279 4361 Dde
2311 4309 2475 4361 Patre
2515 4313 2570 4360 et
2616 4307 2684 4360 de
2729 4308 2867 4361 Filio
2923 4306 3178 4376 procedit
3217 4304 3460 4374 Spiritus
3495 4308 3745 4369 sanctus,
3805 4318 3924 4355 cur

2213 4396 2387 4449 Filius
2410 4396 2582 4448 dixit:
2613 4397 2691 4448 De
2722 4400 2881 4449 Patre
2901 4395 3185 4463 procedit?
3214 4395 3328 4448 Cur
3346 4396 3528 4462 putas,
3561 4391 3667 4444 nisi
3700 4406 3921 4460 quem-

2213 4484 2520 4537 admodum
2559 4485 2703 4536 solet
2737 4485 2803 4536 ad
2837 4500 2965 4536 eum
3001 4483 3234 4549 referre,
3269 4487 3325 4534 et
3378 4480 3531 4550 quod
3582 4480 3762 4550 ipsius
3793 4485 3920 4543 est,

2214 4572 2282 4625 de
2313 4589 2425 4642 quo
2451 4578 2506 4625 et
2531 4573 2653 4641 ipse
2684 4572 2806 4624 est?
2844 4572 2998 4626 Unde
3031 4571 3168 4624 illud
3193 4577 3315 4624 est:
3364 4572 3485 4624 Mea
3517 4569 3767 4621 doctrina
3798 4584 3926 4622 non

2213 4667 2289 4715 est
2319 4678 2453 4721 mea,
2485 4661 2577 4714 sed
2605 4663 2720 4727 ejus
2751 4663 2848 4728 qui
2877 4677 2956 4712 me
2987 4663 3134 4713 misit
3166 4659 3342 4727 (Joan.
3377 4674 3472 4722 v11,
3532 4659 3638 4726 16).
3673 4655 3730 4710 Si
3795 4656 3923 4727 igi-

2213 4756 2306 4803 tur
2350 4751 2438 4804 hic
2469 4749 2808 4818 intelligitur
2847 4750 2970 4819 ejus
3003 4749 3274 4814 doctrina,
3309 4763 3479 4818 quam
3539 4750 3732 4798 tamen
3762 4745 3930 4800 dixit

2214 4856 2329 4892 non
2368 4855 2549 4902 suam,
2597 4839 2693 4890 sed
2747 4839 2950 4904 Patris,
3001 4842 3214 4907 quanto
3273 4836 3455 4904 magis
3508 4834 3622 4888 illic
3681 4834 3927 4888 intelli-

2214 4928 2430 4997 gendus
2462 4933 2548 4979 est
2591 4932 2646 4977 et
2697 4927 2764 4979 de
2819 4926 2942 4996 ipso
2999 4926 3306 4995 procedere
3359 4924 3603 4994 Spiritus
3651 4929 3931 4992 sanctus,

2213 5017 2312 5069 ubi
2341 5016 2418 5068 sic
2450 5015 2528 5068 ait
2564 5032 2576 5069 :
2639 5018 2710 5068 De
2765 5018 2925 5069 Patre
2967 5014 3211 5082 procedit
3243 5030 3256 5066 :
3295 5019 3501 5067 utnon
3551 5012 3786 5078 diceret,
3839 5013 3934 5069 de

2215 5120 2304 5155 me
2337 5118 2454 5155 non
2507 5103 2805 5172 procedit?
2850 5106 2895 5156 A
2925 5120 3038 5173 quo
3068 5110 3261 5155 autem
3294 5102 3466 5155 habet
3528 5101 3698 5155 Filius
3731 5105 3792 5153 ut
3835 5103 3938 5158 sit

2212 5193 2360 5245 Deus
2394 5192 2500 5259 (est
2551 5192 2704 5244 enim
2745 5192 2814 5245 de
2857 5192 2970 5244 Deo
3029 5191 3202 5261 Deus)
3236 5192 3306 5245 ab
3349 5191 3449 5244 illo
3501 5190 3670 5244 habet
3700 5189 3936 5260 utique

2212 5285 2274 5332 ut
2311 5280 2481 5332 etiam
2523 5280 2592 5333 de
2639 5280 2737 5333 illo
2791 5280 3060 5349 procedat
3104 5280 3347 5349 Spiritus
3391 5284 3658 5332 sanctus:
3692 5294 3756 5330 ac
3800 5295 3940 5348 per

2211 5368 2319 5421 lioc
2361 5367 2608 5438 Spiritus
2663 5374 2910 5430 sanctus,
2970 5373 3033 5421 ut
3075 5369 3247 5421 etiam
3310 5368 3378 5422 de
3427 5366 3566 5420 Filio
3606 5367 3936 5439 procedat,

2211 5457 2356 5510 sicut
2413 5458 2670 5528 procedit
2724 5458 2793 5512 de
2833 5459 3018 5523 Patre,
3068 5459 3138 5511 ab
3181 5457 3303 5526 ipso
3350 5457 3522 5510 habet
3566 5456 3755 5510 Patre.
3807 5459 3938 5516 Hic

2212 5551 2502 5618 utcunque
2534 5547 2710 5601 etiam
2736 5547 2878 5602 illud
2909 5546 3271 5615 intelligitur,
3305 5551 3586 5618 quantum
3617 5560 3651 5597 a
3689 5546 3938 5605 talibus
