4130 6184
235 298 341 352 289

1231 299 1506 355 CONTRA
1561 299 1957 355 GRACCORUM
1996 301 2346 359 OPPOSITA.
2383 337 2446 346 ——
2483 308 2619 362 LIB.
2661 308 2752 362 lll.

3642 321 3747 371 290

234 431 431 500 quales
463 446 566 482 nos
619 445 816 482 sumus
864 429 1110 500 intelligi
1147 435 1350 500 potest,
1403 448 1504 484 cur
1550 449 1659 484 non
1711 433 1931 486 dicatur
1969 439 2013 489 Α
2044 450 2149 500 ses,
2185 434 2261 489 sic
2282 436 2350 489 de
2381 437 2594 505 Spiritu
2614 445 2804 492 sancto
2837 457 3160 496 sermonem
3217 445 3568 513 terminans,
3626 449 3741 502 ait:

235 525 405 570 natus
445 535 590 582 esse,
643 520 738 570 sed
792 520 980 587 potius
1029 520 1333 589 procedere
1380 521 1622 589 Spiritus
1672 529 1928 586 sanctus;

235 610 507 677 quoniam
544 609 587 658 si
620 614 675 658 et
709 610 824 676 ipse.
861 608 1031 660 Filius
1055 608 1358 671 diceretur,
1393 610 1691 662 amborum
1724 612 1934 681 ‘otiquo

237 697 409 748 Filius
432 697 746 759 diceretur;
772 697 917 766 quod
953 697 1425 749 absurdissimum
1447 707 1546 750 est.
1571 700 1743 752 Filius
1771 701 1934 770 quip-

236 802 300 854 pe
335 786 528 838 nullus
551 791 634 837 est
661 787 932 849 duorum,
958 786 1066 837 nisi
1099 787 1276 854 patris
1308 793 1362 838 et
1387 788 1599 839 matris.
1636 789 1794 841 Absit
1836 806 1932 840 an.

233 880 345 927 tem
379 880 440 927 ut
472 875 619 926 inter
653 875 825 926 Deum
861 875 1082 926 Patrem
1116 881 1170 926 et
1203 876 1378 928 Deum
1419 877 1620 928 Filium
1664 878 1774 929 tale
1824 879 1928 930 ali—

231 963 368 1032 quid
406 963 791 1032 suspicemur;
823 966 961 1033 quia
991 980 1094 1017 nec
1127 965 1298 1017 Filius
1330 965 1631 1018 hominum
1666 966 1836 1020 simul
1867 984 1930 1020 ex

230 1059 394 1122 patre
430 1059 487 1105 et
529 1059 707 1105 matre
737 1053 1026 1122 procedit;
1050 1055 1139 1106 sed
1167 1070 1293 1106 cum
1325 1055 1380 1106 in
1410 1059 1647 1107 matrem
1681 1057 1934 1124 procedit

231 1157 295 1193 ex
327 1146 513 1211 patre,
548 1158 663 1194 nou
689 1146 822 1193 tunc
845 1143 1099 1211 procedit
1123 1159 1184 1196 ex
1211 1150 1390 1196 matre
1421 1159 1434 1195 :
1467 1147 1671 1195 etcum
1704 1143 1761 1196 in
1788 1143 1933 1197 hanc

232 1230 416 1281 lucem
472 1229 728 1298 procedit
795 1246 859 1282 ex
931 1235 1130 1292 matre,
1190 1247 1299 1282 non
1350 1236 1485 1283 tunc
1547 1232 1805 1300 procedit
1866 1249 1930 1285 ex

233 1319 416 1371 Patre.
478 1318 720 1387 Spiritus
778 1324 968 1370 autem
1026 1323 1250 1370 sanctus
1309 1334 1423 1370 non
1477 1319 1545 1372 de
1585 1322 1748 1373 Patre
1799 1337 1928 1388 pro-

231 1407 385 1459 cedit
436 1407 495 1459 in
549 1407 776 1468 Filium,
812 1411 868 1459 et
923 1406 993 1459 de
1045 1405 1186 1459 Filio
1249 1407 1503 1476 procedit
1551 1407 1619 1460 ad
1679 1409 1929 1461 sanctiﬁ-

230 1497 476 1549 candam
527 1502 869 1558 creaturam,
933 1495 1030 1548 sed
1088 1495 1258 1547 simul
1311 1495 1380 1548 de
1438 1502 1682 1566 utroque
1733 1513 1930 1566 proce-

231 1585 352 1638 dit:
385 1586 644 1656 quamvis
695 1586 799 1638 hoc
845 1587 1012 1638 Pater
1065 1585 1201 1638 Filio
1253 1585 1492 1650 dederit,
1549 1591 1605 1638 ut
1655 1587 1930 1656 quemad-

231 1676 469 1728 modum
501 1675 568 1727 de
611 1691 686 1734 se.
737 1675 813 1726 ita
846 1675 914 1727 de
949 1675 1044 1726 illo
1100 1689 1328 1744 quoque
1387 1674 1673 1743 procedat.
1737 1677 1931 1745 Neque

230 1765 388 1816 enim
451 1780 753 1834 possumus
803 1763 989 1815 dicere
1041 1763 1194 1832 quod
1251 1778 1364 1813 non
1399 1762 1470 1814 sit
1518 1763 1630 1815 vita
1688 1764 1929 1832 Spiritus

231 1859 479 1918 sanctus,
513 1869 642 1905 cum
675 1854 784 1903 vita
824 1853 1006 1914 Pater,
1037 1852 1145 1903 vita
1197 1851 1270 1902 sit
1299 1852 1470 1903 Filius
1506 1867 1518 1904 :
1570 1869 1631 1902 ac
1680 1869 1780 1922 per
1819 1853 1927 1905 hoc

229 1941 375 1993 sicut
406 1942 569 1992 Pater
608 1956 733 1992 cum
764 1940 966 1992 habeat
994 1939 1165 1992 vitam
1192 1939 1248 1992 in
1283 1941 1613 2009 semetipso,
1667 1940 1824 1992 dedit
1873 1948 1928 1994 et

232 2029 374 2082 Filio
400 2029 607 2081 habere
641 2029 812 2079 vitam
847 2029 901 2080 in
935 2029 1266 2096 semetipso,
1298 2030 1374 2082 sic
1405 2029 1455 2080 ei
1489 2029 1649 2081 dedit
1680 2039 1703 2062 ³
1753 2031 1924 2083 vitam

229 2119 506 2188 Spiritum
542 2125 798 2170 sanctum
830 2117 1136 2187 procedere
1167 2118 1234 2169 de
1266 2117 1365 2169 illo
1398 2117 1545 2169 sicut
1593 2118 1850 2186 procedit
1871 2124 1929 2171 et

229 2210 295 2261 de
331 2210 476 2277 ἱῘιςι).
517 2229 540 2254 ι)

298 2298 430 2349 Haec
458 2297 655 2348 beatus
682 2294 1030 2363 Augustinus
1063 2294 1132 2347 de
1155 2310 1416 2346 sermone
1467 2311 1636 2364 quem
1671 2311 1730 2348 se
1787 2295 1927 2348 dixit

229 2386 428 2438 fecisse
459 2401 648 2437 coram
681 2383 912 2454 populo,
941 2383 1233 2436 transtulit
1265 2383 1322 2434 in
1376 2383 1585 2435 librum
1635 2383 1924 2436 decimum

229 2475 498 2542 quintum
531 2474 598 2525 de
627 2477 818 2525 sancta
857 2472 1164 2527 'l‘rinitate.
1223 2473 1295 2526 De
1354 2488 1468 2542 quo
1520 2487 1783 2524 sermone
1831 2487 1924 2524 su-

228 2578 328 2630 pra
353 2562 473 2630 jam
505 2561 834 2613 testimonia
877 2560 1196 2628 posuimus,
1233 2565 1288 2612 et
1335 2559 1470 2628 quid
1532 2559 1696 2611 nobis
1741 2560 1924 2612 visum

227 2651 438 2704 exinde
471 2651 643 2703 fuerit
681 2649 930 2702 breviter
975 2648 1245 2711 diximus,
1283 2663 1410 2716 quae
1453 2648 1730 2718 replicare
1774 2663 1925 2700 nunc

226 2740 514 2792 credimus
548 2755 658 2791 non
692 2755 812 2790 esse
839 2737 1240 2790 necessarium.
1280 2739 1391 2790 lloc
1433 2737 1793 2789 solummodo
1837 2736 1922 2789 di-

225 2831 471 2882 cendum
513 2829 662 2898 quod
716 2827 865 2880 inter
913 2827 1343 2895 generationem
1395 2839 1454 2877 ac
1502 2825 1922 2893 processionem

225 2919 373 2970 hanc
403 2917 540 2969 dicit
571 2933 693 2969 esse
726 2915 1130 2980 dilferentiam,
1161 2914 1310 2984 quod
1346 2914 1638 2981 generatio
1673 2914 1742 2965 sit
1775 2914 1919 2976 Filii,

224 3007 500 3076 quoniam
536 3006 658 3074 ipse
693 3011 857 3057 natus
882 3021 1003 3056 esse
1032 3003 1252 3056 dicatur
1279 3002 1346 3055 de
1395 3003 1586 3065 Patre;
1636 3003 1920 3070 processio

220 3111 352 3148 vero
379 3095 666 3164 pertineat
699 3093 769 3146 ad
791 3093 1070 3160 Spiritum
1104 3096 1395 3153 sanctum;
1429 3106 1531 3142 nec
1562 3106 1694 3142 eum
1756 3107 1919 3159 posse

218 3182 326 3236 dici
361 3189 736 3251 generatum;
771 3181 918 3250 quod
967 3179 1016 3232 si
1061 3179 1284 3231 dicatur
1323 3183 1517 3242 natus;
1573 3180 1688 3230 tam
1739 3166 1922 3231 Patris

219 3288 395 3341 quam
429 3272 554 3324 Filii
585 3287 706 3322 esse
739 3271 956 3322 dicetur
990 3285 1001 3320 :
1035 3267 1189 3338 quod
1213 3283 1450 3318 summa!
1477 3265 1611 3318 dicit
1636 3282 1756 3319 esse
1780 3267 1918 3319 stul-

217 3362 377 3416 titiae.
414 3376 602 3429 neque
649 3358 854 3410 divinze
903 3356 1260 3427 generationi
1312 3355 1636 3407 convenire.
1683 3356 1919 3418 Quando

217 3464 472 3518 namque
506 3447 749 3516 quisque
781 3447 954 3499 Filius
983 3446 1052 3498 de
1084 3446 1269 3509 Patre,
1306 3443 1559 3512 Filioque
1612 3448 1779 3494 natus
1817 3459 1918 3494 ex-

216 3538 402 3591 stitit?
435 3538 584 3598 Ergo
617 3537 888 3605 quoniam
918 3534 1020 3586 ista
1057 3539 1190 3586 sunt
1231 3533 1657 3597 absurdissima,
1698 3532 1920 3584 dicatur

218 3626 392 3678 Filius
426 3631 593 3678 natus
624 3627 691 3677 de
745 3626 925 3686 Patre,
967 3622 1212 3692 Spiritus
1254 3638 1388 3674 vero
1439 3626 1664 3674 sanctus
1712 3637 1918 3690 proce-

212 3715 354 3768 dens
384 3716 458 3767 al)
518 3719 781 3783 utroque.
826 3713 934 3765 Nec
985 3713 1089 3764 hoc
1138 3711 1622 3763 inconvenienter.
1694 3709 1914 3763 Dictum

213 3819 467 3872 namque
491 3809 596 3866 est,
638 3804 860 3855 Patrem
894 3801 1078 3852 solum
1109 3815 1173 3852 ex
1206 3799 1362 3851 nullo
1393 3813 1404 3850 :
1459 3814 1520 3850 ex
1566 3799 1728 3850 Patre
1784 3814 1917 3850 vero

217 3893 423 3944 Filium
460 3898 517 3943 et
546 3891 821 3959 Spiritum
855 3893 1134 3941 sanctum.
1183 3889 1240 3940 Et
1274 3888 1497 3939 Patrem
1552 3901 1674 3938 esse
1717 3887 1913 3949 vitam,

215 3980 423 4032 Filium
459 3981 630 4032 etiam
681 3978 874 4041 vitam,
920 3976 1196 4046 Spiritum
1249 3991 1480 4045 quoque
1525 3980 1782 4027 sanctum
1831 3974 1916 4026 vi-

210 4075 352 4122 tam.
396 4069 504 4122 Sed
548 4067 720 4120 vitam
755 4068 824 4119 de
858 4067 1016 4119 nulla
1046 4067 1160 4117 vita
1195 4065 1418 4117 Patrem
1451 4064 1662 4126 solum;
1712 4063 1913 4116 Filium

207 4173 348 4211 vero
391 4159 568 4210 vitam
603 4157 673 4210 de
722 4158 886 4208 Patre
935 4155 1079 4216 solo,
1132 4152 1230 4206 sed
1288 4152 1572 4220 genitam;
1642 4151 1914 4221 Spiritum

210 4262 444 4317 quoque.
485 4250 747 4298 sanctum
779 4243 950 4296 vitam
981 4259 1095 4295 non
1154 4243 1223 4294 de
1283 4243 1404 4293 solo
1459 4242 1624 4293 Patre
1679 4256 1784 4292 nec
1847 4240 1916 4292 de

2046 544 2071 570 ες
2106 524 2249 587 Quid
2283 525 2434 578 aliud
2468 525 2651 580 dicam
2685 527 2953 596 fatigatus
2985 531 3272 600 fatigatis?
3303 534 3406 596 Qui
3469 537 3742 606 Spiritum

2043 617 2299 665 sanctum
2334 631 2365 666 a
2401 616 2563 667 Patre
2595 623 2650 667 et
2682 616 2838 676 Filio,
2886 620 3218 686 aeternitate,
3268 623 3604 689 substantia,
3657 628 3742 678 vel

2042 704 2448 756 communione
2497 708 2740 774 separat,
2783 722 3030 775 eumque
3065 717 3233 778 negat
3278 711 3554 780 Spiritum
3617 730 3742 768 esse

2045 790 2220 843 Pitris
2253 798 2307 844 et
2340 794 2484 859 Filii,
2537 795 2739 863 plenus
2771 802 2856 847 est
2904 795 3107 863 spiritu
3156 798 3472 864 immundo,
3533 819 3742 856 vacuus

2041 882 2252 950 Spiritu
2285 887 2500 934 sancto.
2532 903 2557 930 »
2592 883 2841 936 Audiant
2872 883 2992 935 lizec
3039 884 3468 955 impugnatores
3533 893 3738 945 verita-

2044 971 2131 1033 tis,
2169 975 2441 1038 negantes
2473 971 2749 1040 Spiritum
2809 977 3066 1024 sanctum
3129 974 3198 1026 de
3254 976 3418 1028 Patre
3481 979 3740 1050 Filioque

2042 1059 2366 1127 procedere.
2405 1058 2567 1122 Quod
2599 1075 2728 1112 cum
2753 1065 2984 1128 negant,
3028 1066 3241 1130 negant
3289 1079 3418 1117 eum
3465 1083 3584 1119 esse
3637 1070 3736 1121 Pa-

2039 1146 2141 1198 tris
2173 1147 2414 1216 Filiique
2465 1147 2743 1216 Spiritum
2791 1165 2803 1201 :
2859 1154 2916 1202 et
2964 1151 3374 1218 pertimescant
3425 1170 3481 1206 se
3536 1156 3740 1224 spiritu

2040 1236 2238 1304 plenos
2271 1251 2390 1288 esse
2439 1236 2754 1301 immundo,
2818 1253 3141 1307 vacuosque
3205 1241 3420 1309 Spiritu
3493 1250 3736 1297 sancto:

2039 1340 2143 1376 nec
2172 1340 2333 1394 posse
2363 1325 2584 1378 veniam
2611 1325 2907 1395 consequi,
2929 1332 3099 1381 tanta!
3131 1327 3177 1380 si
3209 1345 3324 1382 non
3363 1329 3738 1399 blasphemiae

2040 1411 2511 1464 renuntiaverint.
2561 1412 2717 1476 Quod
2753 1413 2799 1464 si
2840 1415 3042 1466 nolunt
3095 1415 3291 1469 audire
3326 1418 3586 1486 maligni,
3641 1435 3742 1472 au-

2041 1499 2201 1552 diant
2233 1499 2456 1568 pietatis
2487 1501 2675 1564 amici,
2710 1507 2764 1553 et
2795 1503 3196 1557 exhorrescant
3244 1505 3560 1574 impietatis
3599 1508 3741 1561 blas-

2039 1587 2352 1655 phemiam,
2389 1594 2451 1641 ut
2479 1590 2812 1657 repleantur
2844 1590 3060 1660 Spiritu
3091 1599 3308 1646 sancto.

2112 1678 2248 1729 Item
2280 1678 2337 1729 in
2399 1677 2542 1730 libro
2596 1683 2792 1730 contra
2848 1680 3217 1734 Maximinum
3270 1683 3543 1737 Ariauum
3615 1685 3732 1747 (lib.

2045 1781 2121 1828 ui,
2156 1781 2276 1832 cup.
2312 1770 2362 1830 5)
2399 1782 2410 1818 :
2449 1767 2596 1820 Dicis
2626 1783 2722 1818 vos
2777 1767 3056 1836 Spiritum
3116 1776 3374 1822 sanctum
3450 1773 3736 1826 honorare

2038 1859 2098 1906 ut
2150 1854 2462 1914 doctorem,
2532 1858 2593 1906 ut
2646 1855 2998 1921 ducatorem,
3065 1862 3124 1907 ut
3171 1858 3641 1925 illuminatorem,
3671 1869 3734 1915 ut

2035 1943 2511 1995 sanctiﬁcatorem
2545 1959 2556 1995 :
2589 1941 2875 1997 Christum
2909 1945 3091 1997 colere
3141 1951 3201 1998 ut
3234 1953 3546 2000 creatorem
3577 1967 3592 2000 :
3632 1951 3731 2002 Pa-

2035 2037 2177 2081 trem
2219 2044 2348 2080 cum
2399 2029 2617 2081 sincera
2650 2030 2949 2083 devotione
3006 2033 3244 2085 adorare
3297 2041 3359 2086 ut
3421 2043 3730 2088 auctorem.

2034 2117 2092 2170 Si
2123 2121 2413 2170 auctorem
2457 2123 2760 2188 propterea
2808 2119 2947 2172 dicis
3013 2123 3254 2183 Patrem,
3313 2123 3447 2192 quia
3497 2125 3565 2176 de
3610 2124 3732 2194 ipso

2033 2210 2117 2258 est
2157 2205 2345 2268 Filius,
2386 2222 2498 2258 non
2557 2211 2640 2259 est
2699 2213 2891 2258 autem
2945 2207 3066 2276 ipse
3117 2209 3186 2261 de
3238 2209 3377 2262 Filio
3420 2227 3432 2263 :
3489 2219 3542 2265 et
3598 2213 3734 2282 quia

2031 2293 2100 2345 de
2151 2292 2246 2345 illo
2287 2299 2344 2346 et
2403 2294 2543 2346 Filio
2601 2293 2679 2346 sic
2736 2295 2994 2362 procedit
3063 2296 3311 2366 Spiritus
3364 2304 3612 2367 sanctus,
3671 2308 3734 2354 ut

2032 2382 2152 2452 ipse
2206 2382 2312 2435 hoc
2373 2383 2595 2436 dederit
2652 2383 2813 2448 Filio,
2887 2385 3178 2452 gignendo
3238 2401 3369 2440 eum
3437 2388 3610 2441 talem
3668 2394 3732 2442 ut

2032 2472 2204 2524 etiam
2261 2472 2329 2524 de
2363 2471 2486 2539 ipso
2549 2472 2820 2540 procedat
2868 2472 3115 2542 Spiritus
3161 2479 3405 2530 sanctus.
3467 2476 3524 2530 Si
3573 2493 3728 2531 crea-

2031 2563 2215 2612 torem
2247 2559 2327 2612 sic
2347 2560 2484 2612 dicis
2517 2560 2739 2623 Filium,
2785 2565 2848 2613 ut
2880 2567 3197 2614 creatorem
3232 2576 3347 2616 non
3394 2579 3566 2633 neges
3630 2566 3731 2619 Pa-

2033 2653 2199 2712 trem,
2246 2664 2350 2701 nec
2399 2647 2674 2718 Spiritum
2717 2655 2994 2702 sanctum.
3052 2649 3109 2704 Si
3154 2651 3405 2720 denique
3452 2652 3727 2721 Spiritum

2031 2742 2289 2789 sanctum
2333 2737 2472 2790 dicis
2512 2737 2592 2790 sic
2647 2737 2961 2799 doctorem,
3019 2738 3373 2802 ducatorem,
3435 2740 3728 2795 illumina-

2030 2825 2754 2889 torem,sanctiﬁcatorem,
2787 2832 2846 2877 ut
2875 2825 2996 2878 haec
3044 2842 3221 2896 opera
3267 2844 3369 2881 nec
3423 2829 3574 2882 Patri
3625 2846 3729 2884 au-

2032 2914 2166 2968 dcas
2187 2914 2432 2976 auferre,
2481 2930 2583 2966 nec
2631 2914 2792 2979 Filio,
2828 2915 2940 2966 ista
2983 2919 3083 2967 tua
3112 2915 3282 2968 etiam
3343 2922 3537 2969 nostra
3594 2923 3728 2972 sunt

2031 3003 2223 3055 verba.
2255 3024 2280 3049 ››
2319 3003 2445 3055 llzec
2476 3006 2703 3054 sanctus
2735 3002 3090 3070 Augustinus
3140 3003 3410 3056 adversus
3463 3005 3722 3060 Arianos.

2033 3090 2272 3143 Videant
2302 3090 2395 3142 isti
2427 3091 2588 3158 cujus
2618 3090 2792 3142 velint
2837 3106 2958 3142 esse
3016 3090 3148 3143 ﬁdei
3190 3092 3276 3143 vel
3326 3090 3724 3160 imperatores,

2029 3180 2116 3232 vel
2164 3178 2554 3231 Ariomanitze.
2611 3177 2670 3230 Si
2722 3183 2936 3246 negant
2996 3177 3274 3246 Spiritum
3323 3184 3581 3232 sanctum
3654 3181 3724 3234 de

2030 3270 2193 3321 Patre
2225 3265 2479 3335 Filioque
2516 3266 2844 3335 procedere,
2872 3265 3161 3319 catholicae
3201 3266 3332 3320 ﬁdei
3362 3273 3721 3337 repugnant;

2029 3363 2086 3410 et
2129 3355 2324 3408 Ariani
2366 3355 2648 3423 dogmatis
2695 3359 3003 3408 assertores
3041 3355 3390 3408 efﬁciuntur.
3451 3357 3612 3419 Quod
3676 3357 3724 3410 si

2027 3443 2290 3498 catholici
2339 3448 2492 3506 sunt,
2545 3448 2600 3496 et
2655 3444 2902 3497 oderunt
2944 3443 3105 3513 pravi
3173 3443 3460 3513 dogmatis
3516 3444 3725 3499 falsita-

2028 3539 2164 3598 tem,
2200 3549 2313 3585 non
2348 3537 2594 3602 arguunt
2626 3532 2871 3597 Latinos,
2905 3531 3022 3585 imo
3059 3532 3393 3585 catholicam
3447 3533 3725 3588 conﬁten-

2026 3629 2164 3689 tem,
2198 3621 2469 3692 Spiritum
2501 3627 2758 3674 sanctum
2790 3621 2858 3674 de
2893 3623 3053 3674 Patre
3089 3622 3342 3692 Filioque
3375 3623 3721 3691 procedere:
3765 3669 3770 3675 .

2027 3711 2131 3764 ista
2165 3711 2436 3780 quoniam
2485 3725 2714 3779 negare,
2772 3711 2997 3764 Arianae
3056 3710 3312 3780 perﬁdiae
3355 3711 3721 3765 manifestum

2026 3805 2110 3852 est
2141 3799 2483 3852 consentire.

2098 3884 2236 3934 Item
2270 3881 2329 3933 in
2361 3880 2564 3932 eodem
2613 3879 2756 3932 libro
2812 3880 2948 3947 (cap.
2980 3877 3063 3947 14)
3101 3895 3112 3932 :
3172 3898 3199 3928 «
3248 3880 3464 3943 Quaeris
3490 3899 3522 3934 a
3576 3897 3667 3936 me
3701 3902 3717 3936 :

2028 3970 2322 4034 (nimirum
2339 3970 2649 4022 Maximum
2680 3967 2956 4022 Ariauum
2989 3968 3378 4036 interpellans,
3409 3969 3500 4021 cui
3532 3971 3721 4039 loque-

2027 4059 2213 4130 batur)
2246 4059 2294 4112 si
2323 4059 2392 4112 de
2423 4057 2737 4111 substantia
2768 4057 2944 4109 Patris
2975 4061 3058 4109 est
3092 4057 3284 4120 Filius,
3336 4058 3405 4110 de
3451 4058 3719 4111 substan-

2027 4149 2103 4202 tia
2133 4148 2311 4202 Patris
2342 4152 2427 4201 est
2455 4147 2698 4217 Spiritus
2757 4151 3004 4211 sanctus,
3039 4161 3140 4198 cur
3189 4161 3339 4198 unus
3393 4145 3565 4200 Filius
3621 4149 3714 4213 sit,

2027 4242 2082 4290 et
2107 4237 2251 4290 alius
2283 4254 2396 4290 non
2429 4237 2500 4290 sit
2529 4236 2746 4290 Filius?
2783 4237 2917 4288 Ecce
2947 4235 3287 4305 respondeo,
3341 4235 3456 4289 sive
3504 4237 3714 4306 capias,

209 4337 335 4388 solo
361 4335 530 4400 Filio,
565 4335 662 4387 sed
691 4334 760 4386 ab
783 4337 1056 4402 utroque;
1105 4331 1200 4382 sed
1236 4347 1351 4382 non
1401 4329 1479 4380 sic
1511 4329 1580 4382 de
1629 4329 1809 4394 Patre,
1852 4332 1906 4380 ut
1954 4332 1995 4385 ι)
2026 4325 2138 4378 sive
2170 4342 2282 4379 non
2314 4325 2500 4394 capias
2534 4340 2546 4378 :
2593 4325 2667 4377 De
2709 4325 2876 4377 Patre
2926 4329 3011 4377 est
3059 4323 3252 4389 Filius,
3293 4324 3359 4378 de
3408 4326 3575 4378 Patre
3633 4331 3718 4378 est

207 4425 345 4478 inde
370 4423 648 4494 procedat
678 4423 737 4474 in
767 4422 993 4481 Filium,
1030 4425 1087 4473 et
1115 4435 1311 4472 rursus
1342 4419 1410 4471 de
1457 4418 1596 4470 Filio
1647 4417 1915 4485 procedat

207 4513 274 4564 ad
306 4517 590 4565 creaturae
633 4509 1182 4562 sanctilicationem:
1233 4523 1351 4560 non
1383 4506 1537 4559 enim
1586 4504 1750 4557 isthic
1797 4505 1912 4558 ulla

208 4605 507 4654 momenta
538 4598 835 4668 temporis,
866 4597 951 4650 vel
984 4597 1124 4649 ordo
1165 4595 1526 4666 cogitandus.
1579 4593 1758 4647 Simul
1809 4592 1913 4645 de-

205 4691 389 4760 nique
421 4688 678 4758 procedit
708 4687 778 4739 ab
833 4686 1126 4752 ambobus,
1159 4685 1214 4738 id
1244 4689 1348 4747 est,
1392 4683 1534 4736 lcum
1591 4681 1849 4752 procedit
1882 4698 1912 4733 a

211 4779 400 4842 Patre,
434 4775 698 4847 procedit
753 4791 785 4828 a
839 4774 1010 4839 Filio;
1068 4779 1124 4826 et
1172 4789 1300 4826 cum
1350 4771 1609 4842 procedit
1663 4787 1693 4822 a
1750 4768 1909 4832 Filio,

205 4866 472 4936 procedit
501 4882 534 4918 a
566 4866 752 4931 Patre,
785 4863 941 4917 nullo
965 4863 1049 4916 vel
1101 4867 1361 4932 tempore
1397 4862 1484 4914 vel
1537 4861 1737 4912 ordine
1787 4873 1910 4910 me-

204 4953 402 5006 diante
435 4973 450 5006 :
483 4953 589 5006 hoc
623 4958 814 5006 tamen
841 4952 1114 5005 interesse
1165 4957 1226 5002 ut
1276 4951 1440 5002 Pater
1463 4967 1492 5001 a
1544 4949 1701 5001 nullo
1751 4961 1909 4998 accc-

203 5043 378 5110 perit,
414 5048 477 5095 ut
498 5042 570 5095 de
603 5042 702 5094 illo
733 5041 1070 5110 procederet
1102 5038 1348 5109 Spiritus
1379 5041 1602 5090 sanctus
1639 5052 1650 5088 :
1689 5039 1746 5088 at
1773 5050 1909 5087 vero

205 5128 441 5181 Filiusa
495 5130 661 5182 Patre
699 5128 986 5198 percepit,
1030 5131 1092 5180 ut
1139 5127 1210 5180 ab
1243 5143 1310 5180 eo
1365 5125 1700 5195 procederet
1753 5123 1908 5176 idem

203 5215 456 5286 Spiritus
480 5223 730 5270 sanctus.

275 5307 423 5359 ltam
453 5306 512 5358 iu
546 5306 694 5359 libro
723 5304 1127 5375 disputationis
1172 5305 1369 5356 contra
1407 5300 1664 5372 quinque
1714 5299 1907 5353 Hiere-

272 5457 298 5482 ³
337 5450 521 5502 Vitam
566 5449 841 5516 Spiritum
887 5451 1152 5500 sanctum.
1200 5447 1330 5498 Duze
1366 5443 1793 5516 ultimaa_voces
1846 5439 1906 5493 in

201 5521 522 5590 Augustino
553 5511 673 5571 non
702 5517 1006 5590 leguntur;
1039 5523 1096 5569 et
1122 5516 1341 5590 additas
1362 5530 1516 5590 _esse_
1538 5530 1568 5565 a
1598 5511 1906 5590 R_a_tramno

201 5583 463 5645 vel'inde
493 5595 739 5654 constat,
765 5583 929 5658 quod
960 5587 1224 5664 superius
1251 5585 1434 5656 capite
1491 5586 1542 5647 2,
1591 5583 1689 5636 ubi
1736 5598 1904 5635 eum-

2025 4414 2271 4484 Spiritus
2308 4419 2560 4477 sanctus;
2614 4412 2712 4465 sed
2773 4413 2869 4465 ille
2922 4412 3169 4481 genitus,
3209 4411 3316 4465 iste
3377 4411 3712 4481 procedens.

2022 4503 2154 4555 Ideo
2186 4503 2281 4556 ille
2314 4501 2487 4554 Filius
2517 4505 2600 4553 est
2641 4499 2843 4563 Patris,
2876 4500 2946 4553 de
2996 4515 3108 4569 quo
3159 4504 3246 4553 est
3297 4500 3555 4568 genitus;
3609 4499 3715 4553 iste

2023 4595 2210 4642 autem
2245 4588 2518 4657 Spiritum
2550 4587 2867 4656 utriusque.
2907 4586 3178 4656 quoniam
3213 4586 3280 4640 de
3305 4591 3544 4657 utroque
3573 4603 3714 4657 pro-

2021 4678 2190 4731 cedit.
2239 4698 2259 4724 ι
2300 4676 2548 4745 Negabat
2577 4675 2911 4728 Maximinus
2961 4674 3223 4738 Arianus,
3278 4681 3478 4729 contra
3542 4691 3712 4746 quem

2021 4766 2139 4836 agit
2171 4767 2368 4818 beatus
2397 4762 2769 4833 Augustinus,
2815 4762 3090 4832 Spiritum
3145 4767 3402 4818 sanctum
3453 4764 3521 4818 de
3550 4765 3712 4817 Patre

2019 4854 2348 4924 procedere.
2402 4851 2632 4906 Dicebat
2663 4853 2817 4905 enim
2874 4867 3003 4904 eum
3060 4852 3343 4906 minorem
3396 4853 3555 4918 Filio,
3609 4867 3712 4904 nec

2019 4941 2559 4996 consubstantialem
2592 4941 2765 5003 Patri,
2800 4941 2993 4993 volens
3023 4957 3302 4994 evacuare
3359 4939 3512 5011 quod
3565 4939 3710 4991 ﬁdes

2017 5029 2296 5084 catholica
2315 5033 2490 5094 tenet,
2535 5028 2812 5098 Spiritum
2863 5033 3121 5082 sanctum
3167 5025 3706 5081 consubstantialem

2016 5117 2167 5171 Patri
2219 5115 2488 5186 Filioque.
2536 5117 2602 5169 Et
2656 5115 2786 5169 ideo
2848 5114 3116 5168 dicebat:
3167 5115 3225 5168 Si
3277 5115 3345 5168 de
3393 5111 3710 5167 substantia

2016 5204 2196 5258 Patris
2267 5203 2415 5257 foret
2471 5202 2717 5273 Spiritus
2785 5206 3033 5269 sanctus,
3093 5201 3236 5254 sicut
3272 5199 3342 5253 de
3396 5199 3710 5252 substantia

2017 5292 2198 5347 Patris
2227 5296 2312 5346 est
2342 5291 2534 5359 Filius,
2585 5307 2707 5345 esse
2750 5291 2873 5361 jam
2903 5293 3318 5359 consequenter
3363 5287 3505 5341 duos
3559 5286 3708 5341 ﬁlios

2015 5435 2145 5490 dem
2165 5431 3072 5506 Augustinilocumattexuit,hoc
3111 5432 3336 5482 tantum
3387 5429 3704 5500 legebatur,

2013 5509 2186 5560 vitam
2206 5506 2493 5575 procedere
2513 5506 2578 5558 de
2598 5506 2708 5568 illo,
2739 5509 2844 5558 etc.
