4130 6184
366 298 459 348 291
1519 286 1876 341 BATRAMNI
1919 287 2375 341 (SOHBEIENSIS
2411 286 2717 340 MONACIII

3760 285 3864 335 292

367 430 469 485 Cui
491 428 840 499 respondens
868 426 1067 480 beatus
1101 424 1472 493 Augustinus,
1516 422 1654 476 dicit
1703 438 1834 476 eum
1884 426 1939 475 et
1978 422 2047 474 de
2086 424 2128 473 A
2160 422 2457 491 putatione
2521 421 2875 475 demonstrat
2928 434 3048 473 esse
3112 419 3345 490 quidem
3410 420 3481 474 de
3552 420 3867 474 substantia

366 519 529 571 Patre
571 515 893 587 procedere,
953 512 1225 582 quoniam
1281 511 1536 577 ejusdem
1586 516 1670 563 est
1700 528 1825 564 cum
1892 512 2054 563 Patre

367 604 726 667 substantiae;
762 618 861 654 nec
898 606 1085 653 tamen
1128 617 1246 653 esse
1296 600 1522 665 Filium,
1591 601 1863 669 quoniam
1938 616 2051 651 non

366 700 449 747 est
480 699 663 756 natus,
727 692 821 744 sed
878 690 1238 760 procedens:
1302 690 1474 741 Filius
1526 704 1775 758 namque
1824 687 1923 757 qui
1974 694 2055 741 est

365 786 552 844 natus,
596 786 681 833 est
750 780 817 832 de
867 778 1181 831 substantia
1231 777 1429 843 Patris,
1492 783 1548 829 et
1592 777 1798 829 idcirco
1856 775 2049 837 Filius,

364 868 497 939 quia
523 874 709 922 natus.
743 872 811 922 At
838 883 966 919 vero
1001 866 1242 936 Spiritus
1294 872 1541 930 sanctus,
1599 881 1928 935 quanquam
1984 867 2054 917 sil.

362 957 431 1011 de
460 956 773 1011 substantia
817 955 1009 1019 Patris,
1045 971 1156 1007 non
1184 959 1269 1008 est
1298 958 1490 1007 tamen
1527 954 1716 1019 Filius,
1751 953 1886 1023 quia
1939 970 2054 1007 non

362 1052 447 1099 est
476 1045 719 1114 genitus.
758 1044 1013 1097 Procedit
1044 1050 1236 1095 autem
1265 1043 1333 1095 de
1368 1042 1683 1094 substantia
1729 1042 1875 1107 Filii,
1918 1058 2055 1113 quo-

362 1135 515 1187 niam
550 1139 636 1186 est
670 1134 963 1202 utriusque
996 1131 1261 1202 Spiritus,
1294 1136 1349 1184 et
1395 1130 1893 1185 consubstantialis
1941 1148 2055 1184 am-

361 1222 587 1275 borum.
621 1222 735 1275 Hoc
765 1221 863 1291 qui
896 1228 1083 1289 negat,
1116 1220 1338 1273 Arianis
1362 1220 1646 1274 consentit
1676 1225 1732 1273 et
1760 1221 2052 1274 catholica:

365 1311 498 1364 ﬁdei
529 1309 882 1363 contradicit.

435 1398 737 1468 Sequitur:
769 1417 795 1447 α
830 1397 937 1451 Sed
969 1398 1098 1450 ideo
1138 1413 1267 1450 cum
1308 1397 1375 1450 de
1435 1397 1531 1449 illo
1580 1397 1751 1450 Filius
1798 1397 2055 1466 loquere-

364 1490 475 1551 tur,
510 1486 588 1539 ait
618 1505 632 1538 :
670 1490 745 1540 Dc
775 1489 935 1540 Patre
965 1485 1207 1554 procedit
1239 1485 1411 1555 (Joun.
1468 1496 1558 1551 xv,
1594 1485 1683 1550 26)
1722 1500 1733 1538 :
1778 1484 2052 1555 quoniam

366 1576 529 1627 Pater
560 1574 938 1643 processionis
962 1574 1084 1642 ejus
1119 1578 1203 1626 est
1234 1579 1449 1639 auctor,
1483 1572 1581 1643 qui
1610 1573 1789 1639 talem
1851 1573 2053 1626 Filium

363 1662 577 1731 genuit,
615 1667 671 1713 et
700 1662 984 1730 gignendo
1018 1661 1067 1713 ei
1100 1661 1251 1713 dedit
1282 1666 1341 1712 ut
1372 1660 1543 1713 etiam
1576 1659 1645 1712 de
1678 1660 1801 1728 ipso
1850 1676 2050 1729 proce—

365 1750 785 1819 deretSpiritus
813 1754 1057 1802 sanctus.
1094 1750 1234 1803 Nam
1264 1749 1309 1801 si
1356 1766 1466 1802 non
1507 1750 1841 1819 procederet
1889 1756 1943 1801 et
1985 1748 2053 1801 de

363 1839 507 1908 ipso,
534 1854 647 1891 non
672 1838 885 1891 diceret
926 1836 1218 1907 discipulis
1251 1853 1262 1892 :
1320 1839 1566 1905 Accipite
1622 1838 1891 1905 Spiritum
1922 1851 2054 1890 san-

363 1934 503 1980 ctum
538 1927 712 1996 (Joan.
756 1926 997 1994 xx,22);
1052 1941 1297 1995 eumque
1360 1924 1703 1978 insufﬂando
1760 1925 1940 1990 daret,
1998 1929 2059 1978 ut

363 2032 395 2069 a
426 2032 482 2068 se
515 2030 742 2085 quoque
788 2013 1093 2083 procedere
1127 2013 1493 2081 signiﬁcaret,
1553 2018 1748 2083 aperte
1801 2014 2057 2066 Ostende-

364 2109 451 2157 ret
490 2103 701 2167 ﬂando,
736 2103 884 2172 quod
916 2102 1247 2170 inspirando
1272 2101 1443 2154 dabat
1467 2102 1703 2154 occulte.
1749 2100 1891 2164 Quia
1925 2118 2058 2171 ergo

365 2192 413 2245 si
442 2196 790 2252 nasceretur,
827 2208 927 2243 nec
962 2195 1182 2243 tantum
1214 2191 1282 2243 de
1334 2192 1517 2256 Patre,
1573 2206 1675 2243 nec
1714 2195 1935 2243 tantum
1991 2191 2060 2244 de

367 2280 528 2347 Filio,
560 2281 654 2333 sed
682 2280 751 2333 de
782 2279 1056 2332 ambobus
1085 2280 1281 2349 utique
1315 2284 1642 2332 nasceretur
1679 2296 1691 2332 :
1728 2279 1848 2331 sine
1884 2279 2057 2332 dubio

369 2370 541 2423 Filius
582 2368 863 2422 diceretur
910 2369 1229 2421 amborum.
1286 2371 1362 2421 Ac
1406 2384 1507 2437 per
1558 2367 1665 2420 hoc
1707 2368 1843 2437 quia
1890 2368 2060 2421 Filius

367 2458 666 2511 amborum
699 2457 854 2509 nullo
902 2457 1068 2510 modo
1117 2461 1222 2521 est,
1270 2472 1383 2508 non
1438 2455 1690 2525 oportuit
1732 2472 1863 2508 eum
1910 2456 2063 2508 nasci

368 2546 437 2599 de
467 2547 765 2601 ambobus.
791 2548 1104 2600 Amborum
1138 2550 1221 2597 est
1266 2560 1402 2612 ergo
1450 2544 1711 2613 Spliitlls,
1746 2544 2060 2613 proceden-

370 2635 440 2688 do
466 2636 534 2688 de
566 2636 865 2689 ambobus.
907 2658 925 2682 ι
962 2633 1257 2704 Approbat
1301 2633 1451 2702 quod
1488 2634 1556 2686 de
1604 2632 1743 2685 Filio
1791 2634 2062 2703 procedat

371 2724 611 2794 Spiritus
643 2729 892 2788 sanctus,
925 2728 981 2777 et
1035 2723 1142 2775 hoc
1194 2722 1434 2774 voluisse
1470 2721 1787 2790 signiﬁcare
1832 2721 2060 2787 Filium,

369 2829 496 2865 cum
530 2813 597 2866 de
638 2814 733 2865 illo
764 2814 1098 2882 loqueretur
1128 2811 1187 2864 in
1218 2811 1543 2879 Evangelio,
1579 2810 1772 2863 dicens
1806 2828 1818 2864 :
1856 2813 1924 2863 De
1952 2813 2062 2864 Pa-

370 2909 449 2955 tre
472 2901 736 2971 procedit.
766 2902 887 2954 Non
918 2900 1071 2953 enim
1105 2916 1171 2953 eo
1205 2901 1375 2952 modo
1427 2899 1572 2952 dixit
1608 2899 1715 2952 hoc
1769 2905 1831 2952 ut
1871 2916 2001 2952 eum
2031 2916 2063 2952 a

370 3008 427 3043 se
458 2995 695 3059 negaret
725 2989 1057 3058 procedere,
1091 2989 1188 3042 sed
1227 2988 1626 3041 auctoritatem
1684 2987 2063 3057 processionis

369 3078 566 3131 retulit
596 3077 667 3130 ad
698 3078 943 3143 Patrem,
992 3076 1091 3146 qui
1142 3078 1310 3130 talem
1358 3076 1557 3146 genuit
1610 3076 1834 3141 Filium,
1894 3075 2064 3129 etilli

367 3166 655 3237 gignendo
685 3166 943 3231 contulit,
987 3171 1047 3219 ut
1100 3182 1212 3219 non
1271 3164 1454 3218 solum
1514 3164 1581 3218 de
1642 3165 1826 3231 Patre,
1863 3180 2061 3217 verum

368 3257 539 3309 etiam
568 3256 637 3310 de
671 3256 810 3309 Filio
840 3256 1175 3325 procederet
1212 3254 1456 3324 Spiritus
1514 3260 1764 3307 sanctus.
1822 3255 1887 3307 Et
1957 3255 2064 3307 hoc

367 3345 614 3399 afﬁrmat
634 3362 699 3398 ex
732 3345 845 3397 alio
868 3344 1219 3410 testimonio,
1256 3360 1369 3413 quo
1404 3348 1530 3413 post
1587 3344 2061 3397 resurrectionem

366 3450 648 3503 apparens
677 3433 969 3501 discipulis
1003 3433 1263 3485 Salvator
1318 3433 1395 3484 ait
1428 3448 1439 3484 :
1504 3434 1748 3500 Accipite
1797 3434 2064 3500 Spiritum

366 3527 632 3576 sanctum.
670 3523 733 3573 Et
757 3536 829 3573 ne
854 3520 1041 3573 verbis
1069 3526 1311 3581 tantum,
1341 3536 1535 3573 verum
1579 3522 1751 3572 etiam
1804 3520 2062 3574 insufﬂa-

368 3610 523 3662 tione
555 3609 712 3661 daret
741 3609 887 3678 quod
922 3627 1019 3662 eos
1040 3609 1294 3676 aocipere
1322 3607 1578 3676 jubebat,
1602 3608 1736 3661 dicit
1769 3609 1917 3679 quod
1970 3608 2061 3662 in-

369 3698 649 3751 sul'ﬂaudo
691 3698 910 3750 locutus
946 3698 1017 3751 sit
1047 3697 1339 3766 discipulis
1400 3703 1459 3749 ut
1502 3696 1825 3766 acciperent
1884 3696 2063 3767 Spiri-

370 3792 491 3839 tum
538 3792 826 3851 sanctum;
878 3803 1127 3857 eumque
1160 3786 1504 3839 insufﬂando
1545 3785 1789 3847 dt'del‘il,
1847 3786 2065 3855 signiti-

371 3892 504 3929 cans
550 3884 744 3946 aperte
793 3875 982 3930 ﬂando
1033 3894 1062 3928 a
1110 3891 1167 3930 se
1215 3876 1541 3945 procudere,
1591 3875 1743 3945 quod
1795 3874 2065 3941 spirando

373 3966 541 4019 dabat
562 3967 798 4020 occulte.
835 3965 1053 4019 Pariter
1099 3982 1330 4035 quoque
1382 3965 1603 4017 solvens
1660 3964 2061 4034 quwstionem,

372 4072 442 4108 ne
472 4056 643 4109 Filius
683 4056 755 4109 sit
787 4056 1086 4109 amborum
1118 4055 1393 4123 quoniam
1440 4053 1696 4121 procedit
1743 4053 1813 4105 ab
1871 4052 2067 4105 ambo-

374 4145 499 4209 bus,
551 4145 695 4197 sicut
742 4144 1006 4213 impietas
1064 4143 1270 4195 Ariana
1331 4140 1806 4204 calumniabatur,
1850 4141 2062 4207 dicens,

377 4254 402 4277 «ι
444 4231 586 4293 Quia
646 4232 691 4283 si
743 4237 1069 4284 nasceretur
1099 4229 1340 4299 Spiritus
1385 4233 1632 4293 sanctus,
1687 4244 1801 4281 non
1845 4232 2065 4282 tantum

377 4323 702 4371 nasceretur
732 4318 799 4371 de
839 4319 1021 4378 Patre,
1071 4333 1174 4370 nec
1221 4322 1443 4369 tantum
1495 4320 1826 4369 nasceretur
1870 4316 1939 4370 de
1983 4318 2066 4371 Fi-

378 4408 483 4470 lio;
517 4426 541 4455 »
570 4406 841 4476 quoniam
860 4405 1115 4476 procedit
1136 4405 1206 4458 ab
1227 4409 1491 4474 utroque.
1510 4405 1780 4469 Procedit,
1809 4405 2065 4475 inquam,

378 4512 492 4548 non
544 4494 838 4549 nascitur:
881 4495 976 4548 sed
1008 4494 1075 4548 de
1133 4494 1409 4547 ambobus
1470 4494 1665 4564 utique
1722 4500 2065 4560 nasceretur,

377 4584 648 4653 quoniam
683 4584 937 4654 prouedit
967 4583 1037 4637 ab
1072 4583 1380 4648 ambobus;
1422 4589 1476 4635 et
1505 4582 1789 4635 diceretur
1819 4581 1940 4635 sine
1968 4582 2069 4635 du-

379 4673 470 4727 bio
504 4673 675 4726 Filius
706 4672 1026 4725 amborum.
1066 4673 1225 4725 Nunc
1282 4676 1472 4725 autem
1519 4677 1842 4725 removetur
1892 4686 2066 4739 gene-

380 4762 521 4815 ratio
555 4762 821 4833 Spiritus,
875 4761 1146 4832 quoniam
1206 4778 1321 4815 non
1369 4766 1455 4814 est
1494 4760 1667 4813 Filius
1709 4776 1811 4813 nec
1861 4759 2064 4826 Patris,

380 4868 480 4905 nec
508 4851 841 4915 amborum;
884 4868 947 4903 ac
1010 4855 1311 4921 propterea
1356 4866 1469 4903 non
1525 4848 1778 4919 oportuit
1817 4847 1971 4900 nasci
1999 4847 2068 4901 de

377 4939 687 5005 ambobus;
718 4938 990 5009 quoniam
1014 4938 1113 5009 qui
1153 4937 1504 4991 nativitatem
1535 4952 1652 4989 non
1690 4935 1881 5000 habet,
1924 4935 2067 4989 ﬁlie-

378 5036 554 5085 tatem
614 5030 843 5094 refutat,
903 5034 959 5082 et
1007 5029 1105 5099 qui
1165 5028 1317 5081 ﬁlius
1369 5044 1485 5081 non
1540 5033 1647 5095 est,
1697 5025 1853 5079 nasci
1910 5026 2069 5079 nullo

380 5119 551 5173 modo
583 5118 799 5172 debuit.
834 5119 931 5171 Est
963 5123 1152 5171 autem
1207 5117 1509 5170 amborum
1560 5115 1804 5185 Spiritus
1864 5130 2067 5184 proce-

378 5208 567 5261 dendo
610 5208 678 5260 de
729 5206 1026 5259 ambobus.
1083 5204 1368 5258 Subvertit
1420 5203 1596 5272 igitur
1658 5202 1929 5256 Arianam
1976 5218 2067 5255 ca-

379 5294 679 5359 lumniam,
726 5294 988 5347 falsitatis
1031 5292 1245 5345 invidia
1292 5291 1620 5357 conﬂatam,
1652 5295 1708 5343 et
1758 5290 2069 5359 impietatis

382 5380 738 5450 malignitate
816 5380 1200 5451 progenitam,
1260 5394 1512 5432 asserere
1567 5377 1895 5447 cupientem
1950 5394 2068 5431 non

383 5486 501 5521 esse
546 5468 820 5538 Spiritum
879 5471 948 5524 de
1004 5468 1323 5522 substantia
1356 5466 1554 5532 Patris,
1606 5466 1743 5536 quia
1806 5466 1853 5519 si
1902 5466 2068 5533 foret,

381 5562 527 5611 esset
558 5558 749 5611 Filius.
798 5558 906 5612 Sed
964 5558 1068 5611 iste
1127 5558 1214 5610 vir
1258 5556 1569 5610 catholicus
1627 5555 1902 5607 catholica
1962 5556 2071 5607 dis-

2166 512 2347 564 Patris
2402 510 2697 581 Spiritum,
2786 525 2888 562 nec
2944 513 3135 561 tamen
3215 525 3335 562 esse
3402 508 3645 575 Filium;
3716 525 3863 578 quo-

2164 600 2316 652 niam
2378 615 2491 651 non
2559 602 2642 651 est
2693 597 2844 650 idem
2904 597 3233 665 procedere,
3295 596 3450 666 quod
3510 600 3595 649 est
3687 596 3857 651 nasci.

2238 687 2376 739 Hine
2434 690 2847 756 consequenter
2903 685 3143 738 intulit:
3182 706 3203 733 ι
3239 684 3382 748 Quid
3444 690 3635 738 autem
3713 685 3864 738 inter

2163 776 2316 829 nasci
2352 782 2407 828 et
2453 775 2757 843 procedere
2806 773 3051 839 intersit,
3111 774 3180 827 de
3241 774 3334 826 illa
3397 774 3865 827 excellentissima

2165 879 2366 917 natura
2408 865 2667 934 loquens,
2714 863 2996 932 explicare
3051 862 3180 932 quis
3241 862 3465 932 potest?
3520 864 3642 916 Non
3691 879 3860 916 omne

2164 953 2318 1024 quod
2377 952 2633 1023 procedit
2678 953 2952 1018 nascitur,
3018 951 3278 1021 quamvis
3337 967 3508 1004 omne
3590 953 3861 1021 procedat

2162 1042 2310 1113 quod
2343 1043 2616 1105 nascitur;
2651 1042 2796 1094 sicut
2828 1057 2944 1093 non
2970 1057 3138 1093 omne
3170 1041 3320 1111 quod
3355 1040 3517 1109 bipes
3546 1046 3648 1104 est,
3687 1040 3859 1093 homo

2162 1138 2272 1195 est;
2308 1131 2567 1201 quamvis
2600 1130 2757 1200 bipes
2788 1130 2859 1181 sit
2891 1129 3079 1183 omnis
3109 1129 3208 1199 qui
3240 1128 3412 1182 homo
3430 1135 3532 1181 est.
3562 1130 3673 1182 Hoc
3704 1129 3853 1182 scio:

2161 1219 2509 1288 distinguere
2539 1225 2732 1271 autem
2765 1218 2914 1271 inter
2943 1218 3097 1271 illam
3140 1219 3574 1286 generationem
3607 1222 3662 1269 et
3713 1219 3858 1271 hanc

2162 1308 2607 1379 processionem,
2666 1307 2873 1372 nescio,
2940 1322 3057 1358 non
3116 1307 3292 1370 valeo,
3352 1320 3468 1357 non
3528 1301 3747 1355 sufﬁcio
3824 1324 3850 1347 ››

2163 1398 2421 1450 Testatur
2438 1396 2636 1449 doctor
2665 1395 2926 1459 eximius,
2952 1400 3007 1446 et
3044 1393 3448 1446 haereticorum
3501 1394 3857 1459 expugnator

2163 1483 2712 1549 vehementissimus,
2775 1483 3052 1553 Spiritum
3102 1486 3363 1533 sanctum
3421 1495 3534 1532 non
3591 1496 3709 1531 esse
3748 1478 3855 1547 {Fi-

2164 1574 2325 1635 lium,
2360 1575 2457 1643 qui
2490 1590 2601 1626 non
2635 1577 2718 1625 est
2743 1578 2931 1635 natus,
2959 1570 3054 1624 sed
3096 1569 3367 1640 procedit,
3420 1584 3531 1621 non
3579 1583 3612 1619 a
3678 1566 3858 1619 Patris

2164 1667 2387 1715 tantum
2420 1661 2753 1726 substantia,
2788 1660 2884 1713 sed
2917 1658 3091 1711 etiam
3120 1674 3149 1710 a
3188 1656 3505 1727 Filii.qum
3550 1661 3739 1708 autem
3785 1654 3859 1707 sit

2167 1750 2465 1820 utriusque
2516 1748 2849 1803 substantiae
2896 1764 3150 1811 consors,
3198 1753 3260 1799 ut
3308 1752 3439 1815 pote
3486 1744 3856 1798 consubstan-

2166 1840 2334 1905 tialis,
2371 1844 2427 1892 et
2464 1839 2685 1892 dicatur
2714 1838 2781 1892 de
2824 1838 2991 1891 Patre
3040 1836 3345 1906 procedere
3376 1835 3445 1889 de
3492 1849 3605 1904 quo
3655 1838 3711 1886 et
3756 1849 3861 1886 na-

2166 1929 2339 1981 scitur
2374 1927 2563 1993 Filius,
2600 1942 2714 1979 non
2747 1942 2920 1995 prava
2971 1924 3209 1977 vertitur
3262 1923 3523 1994 quaestio,
3587 1922 3724 1992 quid
3792 1922 3868 1975 sit

2168 2018 2318 2070 inter
2349 2016 2702 2069 nativitatem
2734 2021 2788 2067 et
2818 2014 3260 2084 processionem.
3328 2015 3392 2066 Et
3420 2010 3725 2065 conﬁtetur
3796 2012 3867 2064 de

2168 2104 2264 2158 illa
2295 2103 2767 2157 excellentissima
2812 2109 3015 2154 natura
3054 2118 3170 2155 non
3223 2102 3409 2154 solum
3467 2100 3598 2168 sibi,
3662 2115 3865 2152 verum

2169 2194 2311 2246 nulli
2344 2191 2669 2246 mortalium
2706 2191 2972 2261 possibile
3024 2191 3140 2245 fore
3190 2190 3562 2258 distinguere,
3616 2189 3753 2258 quid
3792 2190 3870 2240 sit

2170 2283 2317 2335 inter
2346 2281 2502 2335 nasci
2534 2286 2588 2333 et
2622 2280 2966 2350 procedere;
3022 2278 3283 2349 quamvis
3347 2277 3870 2349 comprehendatur

2169 2374 2319 2444 quod
2369 2387 2483 2425 non
2527 2386 2698 2424 omne
2743 2370 2895 2440 quod
2957 2369 3233 2439 procedit,
3280 2374 3573 2431 nascatur;
3611 2371 3868 2419 attamen

2169 2478 2337 2516 omne
2370 2458 2681 2530 procedens
2713 2463 2798 2511 est
2828 2457 2983 2527 quod
3012 2457 3264 2510 nascitur
3298 2473 3309 2509 :
3338 2473 3455 2509 non
3494 2456 3647 2509 enim
3676 2460 3868 2525 potest

2168 2550 2382 2620 aliquid
2404 2548 2581 2615 nasci,
2614 2547 2795 2600 sinon
2832 2545 3105 2615 procedat
3136 2561 3198 2598 ex
3234 2561 3301 2598 eo
3331 2546 3399 2598 de
3432 2561 3546 2615 quo
3580 2543 3866 2613 Inascitur,

2172 2645 2235 2693 ut
2270 2638 2419 2692 ﬁlius
2461 2654 2527 2690 ex
2586 2641 2844 2705 parente.
2894 2636 3035 2689 Cum
3097 2634 3251 2688 enim
3299 2651 3367 2687 ex
3435 2633 3665 2687 secretis
3715 2632 3866 2686 uteri

2170 2726 2415 2781 materni
2446 2724 2703 2795 procedit
2724 2724 2781 2776 in
2812 2724 3021 2787 lucem,
3057 2723 3266 2776 dicitur
3296 2723 3471 2785 nasci,
3506 2724 3602 2776 sed
3633 2739 3747 2776 non
3780 2723 3864 2775 ita

2171 2832 2299 2869 cum
2334 2813 2592 2885 procedit
2614 2829 2679 2865 ex
2723 2811 2950 2865 secretis
2999 2811 3175 2882 patris
3212 2812 3271 2864 in
3316 2816 3574 2864 matrem.
3632 2812 3867 2864 Proces-

2172 2905 2392 2958 sionem
2421 2903 2636 2973 quippe
2658 2917 2869 2970 negare
2885 2917 3000 2954 non
3031 2901 3301 2966 valemus,
3327 2917 3455 2953 cum
3487 2900 3585 2953 ﬁat
3613 2898 3870 2953 deﬂuxio

2102 3015 2141 3071 ρ
2173 2993 2406 3047 seminis
2435 2990 2493 3044 in
2526 2996 2752 3044 uterum
2789 2988 3003 3055 matris,
3037 2988 3105 3043 de
3138 3006 3252 3059 quo
3302 2993 3499 3059 postea
3531 2988 3680 3041 ﬁlius
3728 3004 3869 3057 pro-

2172 3083 2377 3136 cedens
2406 3086 2573 3133 natus
2605 3095 2725 3132 esse
2749 3076 2975 3131 dicitur.
3005 3077 3128 3130 Non
3152 3077 3259 3130 ista
3300 3077 3541 3130 dicimus
3572 3078 3723 3129 velut
3755 3077 3871 3129 alio

2171 3177 2432 3241 tempore
2479 3169 2547 3222 de
2597 3169 2759 3221 Patre
2814 3166 3152 3236 processerit
3209 3165 3476 3236 Spiritus,
3533 3169 3587 3218 et
3633 3166 3747 3218 alio
3796 3166 3872 3219 de

2174 3260 2348 3325 Filio;
2393 3274 2590 3311 verum
2631 3256 2935 3309 ostendere
2997 3255 3248 3308 volentes
3300 3271 3412 3307 non
3461 3270 3689 3307 omnem
3731 3271 3869 3325 pro-

2173 3349 2486 3403 ceSsionem
2511 3363 2633 3399 esse
2658 3346 3121 3415 generationem;
3153 3360 3384 3397 omnem
3435 3349 3626 3396 autem
3674 3342 3872 3413 {gene-

2172 3437 2452 3490 rationem
2505 3451 2625 3487 esse
2674 3433 3092 3503 processionem
3129 3450 3141 3486 :
3175 3434 3319 3486 sicut
3373 3449 3485 3486 non
3520 3448 3684 3486 omne
3712 3432 3870 3502 quod

2172 3528 2333 3596 bipes
2368 3530 2470 3590 est,
2500 3524 2675 3576 homo
2708 3526 2824 3587 est;
2869 3522 3128 3592 quamvis
3179 3522 3341 3591 bipes
3391 3521 3464 3574 sit
3522 3521 3707 3574 omnis
3767 3522 3872 3590 qui

2172 3615 2347 3668 homo
2381 3618 2481 3665 est.
2519 3612 2633 3664 Iloc
2665 3611 2811 3681 quod
2846 3612 3369 3680 ponitexemplum,
3401 3615 3634 3679 propter
3663 3608 3872 3661 distin-

2172 3700 2417 3752 ctionem
2451 3699 2608 3768 ponit
2630 3698 2941 3751 nativitatis
2973 3704 3028 3751 et
3056 3697 3458 3767 processionis;
3500 3712 3612 3749 non
3672 3703 3873 3751 tamen

2174 3788 2402 3859 proprie
2436 3786 2756 3857 signiﬁcans
2786 3785 2920 3856 quid
2964 3786 3032 3838 sit
3062 3786 3215 3839 nasci
3246 3785 3330 3838 vel
3369 3785 3697 3854 procedere,
3768 3786 3875 3837 sed

2174 3876 2350 3931 veluti
2372 3893 2499 3929 cum
2541 3875 2751 3928 dicitur
2779 3892 2790 3928 :
2826 3874 2961 3945 quid
2995 3876 3060 3927 sit
3094 3874 3331 3943 species,
3362 3873 3501 3943 quid
3545 3872 3618 3925 sit
3664 3887 3872 3941 genus.

2175 3964 2345 4033 Bipes
2383 3965 2535 4016 enim
2582 3980 2762 4032 genus
2808 3968 2893 4016 est
2946 3962 3067 4032 ejus
3110 3962 3316 4033 speciei
3349 3978 3477 4033 quae
3525 3966 3610 4014 est
3661 3962 3872 4027 homo;

2174 4053 2350 4107 homo
2401 4053 2617 4122 species
2659 4059 2746 4105 est
2786 4054 2907 4122 ejus
2963 4053 3190 4122 generis
3239 4054 3391 4122 quod
3442 4057 3525 4104 est
3570 4051 3763 4120 bipes;
3824 4052 3874 4103 si

2177 4158 2358 4211 genus
2382 4142 2723 4203 consideres,
2763 4146 2819 4193 et
2851 4144 3042 4208 homo,
3080 4146 3133 4194 et
3164 4141 3391 4193 volatile
3424 4141 3659 4211 bipedes
3702 4145 3874 4203 sunt;

2177 4231 2223 4284 si
2281 4230 2549 4300 speciem,
2601 4230 2771 4283 homo
2830 4230 2989 4299 bipes
3041 4236 3142 4282 est.
3208 4230 3420 4283 ldcirco
3479 4229 3681 4282 dixit:
3746 4228 3878 4281 Non

2108 4314 2347 4373 Dumne
2406 4319 2565 4388 bipes
2618 4320 2821 4384 homo;
2890 4318 3163 4388 quoniam
3225 4319 3332 4371 hoc
3394 4317 3647 4385 generali
3703 4333 3877 4369 voca-

2174 4407 2309 4460 bulo
2370 4405 2540 4459 etiam
2599 4423 2729 4459 aves
2785 4404 3372 4474 comprehenduntur.
3424 4408 3493 4458 At
3550 4420 3682 4457 vero
3739 4420 3877 4457 cum

2176 4496 2379 4549 dixeris
2444 4494 2761 4563 hominem,
2829 4494 3266 4563 comprehendis
3328 4510 3556 4546 omnem
3632 4492 3880 4563 quidem

2174 4584 2467 4639 hominem
2508 4584 2697 4648 simul,
2761 4583 2859 4637 sed
2912 4599 3027 4635 non
3086 4598 3259 4636 omne
3321 4582 3473 4652 quod
3517 4586 3601 4635 est
3661 4581 3874 4651 bipes:

2174 4673 2422 4742 amplius
2490 4673 2642 4725 enim
2719 4672 3002 4742 signiﬁcat
3076 4688 3248 4741 quam
3326 4672 3533 4738 homo;
3613 4676 3669 4723 et
3742 4671 3883 4723 ideo

2176 4764 2294 4814 haec
2359 4761 2617 4815 deﬁnitio
2683 4777 2784 4814 nec
2866 4760 3158 4814 hominem
3248 4760 3479 4829 pmprie
3563 4758 3880 4828 signiﬁcat,

2176 4867 2280 4903 nec
2352 4849 2620 4919 bipedem
2686 4850 2956 4919 proprie:
3027 4850 3106 4903 sic
3158 4854 3214 4903 et
3271 4848 3557 4919 processio
3615 4854 3670 4901 et
3722 4848 3883 4901 nati-

2175 4939 2333 4992 vitas.
2393 4939 2458 4991 In
2510 4937 2877 5008 processione
2934 4954 3186 5008 namque
3250 4943 3600 4991 monstratur
3658 4938 3887 4990 nativi—

2176 5033 2281 5092 tas,
2314 5026 2413 5079 sed
2469 5042 2588 5079 non
2629 5042 2902 5096 semper:
2955 5027 3130 5079 veluti
3180 5042 3309 5080 cum
3355 5026 3607 5080 dicitur:
3658 5028 3727 5079 De
3784 5042 3889 5081 ore

2174 5118 2436 5184 sapientis
2483 5114 2724 5183 procedit
2772 5116 2890 5168 mel.
2927 5116 2991 5168 Et
3022 5116 3321 5169 Psalmista
3352 5115 3419 5169 de
3459 5115 3611 5168 sole:
3648 5115 3726 5168 Et
3760 5117 3891 5183 ipse

2177 5207 2437 5270 tanquam
2485 5217 2714 5270 sponsus
2770 5202 3061 5270 procedens
3114 5202 3179 5255 de
3235 5202 3476 5256 thalamo
3542 5217 3637 5255 suo
3696 5200 3887 5269 (Psal.

2174 5307 2328 5357 xvm,
2380 5290 2453 5359 6).
2502 5291 2840 5344 Thalamum
2888 5306 3134 5361 namque
3185 5291 3317 5343 solis
3350 5297 3632 5343 secretum
3684 5290 3892 5359 quod-

2176 5378 2329 5443 dam,
2367 5382 2423 5432 et
2443 5378 2512 5431 ab
2539 5378 2844 5432 hominum
2876 5384 3180 5449 conspectu
3231 5387 3518 5432 remotum
3564 5378 3889 5449 signiﬁcat,

2176 5466 2329 5520 unde
2374 5467 2557 5519 lucem
2601 5466 2946 5536 praebiturus
2991 5468 3327 5521 mortalibus
3373 5468 3612 5537 singulis
3670 5467 3893 5523 diebus

2179 5555 2454 5624 procedit.
2512 5557 2582 5607 At
2641 5571 2772 5608 vero
2856 5556 3115 5609 nativitas
3166 5556 3587 5626 processionem
3645 5572 3895 5626 semper
