4130 6184
199 290 298 340 Ξ93

1197 291 1465 346 CONTRA
1498 292 1900 347 GRJ'ZCORUM
1947 292 2287 349 OPPOSITA
2353 325 2419 332 —-
2457 297 2580 349 LlB.
2614 297 2706 350 llI.

3600 303 3702 356 294

202 421 466 488 ostendit,
497 421 637 492 quia
664 437 964 493 nunquam
1004 417 1190 492 putest
1237 423 1360 476 ﬁeri
1409 424 1528 477 sine
1575 424 1888 494 processio-
1931 431 1974 482 A
2008 442 2144 494 quor
2191 427 2338 479 vobis
2375 428 2562 495 (Joan.
2613 445 2724 494 vm,
2777 430 2849 496 2.)
2909 431 3074 483 Pater
3126 439 3319 484 autem
3353 431 3702 505 principium

203 527 306 563 ne:
366 510 652 581 quidquid
711 510 865 564 enim
925 510 1198 575 nascitur,
1253 511 1426 564 etiam
1485 513 1784 582 procedit:
1836 530 1900 566 ac

201 604 507 666 propterea
541 598 676 650 dicit
719 597 951 666 quidem
1002 597 1202 650 beatus
1248 599 1599 666 Augustinus
1651 599 1784 668 quid
1831 600 1903 650 sit

201 687 497 755 generatio
529 692 587 738 et
631 686 937 755 processio,
969 685 1067 739 sed
1099 686 1242 738 sicut
1274 687 1332 738 in
1365 703 1597 756 genere,
1629 688 1716 740 vel
1757 679 1902 740 sicut

202 775 259 826 in
291 776 500 844 specie,
535 792 650 828 non
683 792 813 828 vero
847 776 992 828 sicut
1022 775 1080 827 in
1111 775 1348 844 proprio
1375 792 1388 839 ;
1419 775 1556 828 dicit
1597 777 1751 829 enim
1781 777 1902 830 haec

202 883 260 918 se
293 865 532 930 nescire,
564 881 664 916 nec
694 864 944 933 propriis
986 863 1198 917 ﬁnibus
1234 863 1331 916 illa
1379 881 1547 933 posse
1579 865 1902 934 distingue-

201 970 282 1006 re.
323 955 385 1006 Et
431 969 533 1006 cur
566 952 722 1006 hoc?
756 952 986 1019 subjicit
1031 969 1282 1019 causam,
1333 952 1634 1022 inquiens:
1681 976 1706 1000 ‹‹
1759 954 1904 1018 Quia

202 1047 257 1095 et
286 1043 385 1095 illa
415 1049 472 1094 et
497 1043 602 1095 ista
633 1047 715 1094 est
753 1041 1076 1106 incli'abilis,
1110 1043 1166 1095 id
1198 1047 1284 1095 est
1329 1044 1625 1112 generatio
1660 1043 1804 1110 Filii,
1847 1052 1904 1098 et

201 1132 494 1200 processio
528 1131 776 1201 Spiritus
825 1132 1022 1185 sancti.
1058 1155 1083 1179 ››
1137 1132 1290 1186 Sicut
1335 1133 1613 1202 prOpheta
1661 1134 1730 1186 de
1764 1134 1902 1187 Filio

202 1220 468 1289 loquens,
503 1219 620 1272 ait:
667 1222 1067 1276 Generationem
1115 1221 1231 1288 ejus
1283 1224 1406 1288 quis
1455 1223 1736 1275 euurrabit
1771 1225 1900 1285 (lsa.

205 1323 324 1374 Lui,
357 1311 412 1375 8)
439 1309 466 1363 ‘?
491 1309 567 1361 ita
605 1309 674 1362 de
706 1309 922 1378 Spiritu
952 1315 1146 1362 sancto
1177 1310 1468 1363 verissime
1498 1311 1704 1364 dicitur
1734 1328 1745 1364 :
1779 1314 1906 1365 Pro-

203 1399 521 1450 cessionem
555 1398 676 1466 ejus
699 1397 828 1467 quis
860 1397 1196 1451 enarrabit?

275 1484 495 1547 Quibus
547 1484 730 1536 verbis
781 1484 1030 1538 ostendit
1077 1490 1134 1538 et
1180 1483 1528 1538 nativitatem
1584 1485 1730 1554 Filii,
1762 1486 1906 1539 sicut

203 1573 634 1642 processionem
691 1571 934 1640 Spiritus
983 1571 1184 1634 sancti,
1242 1589 1355 1625 non
1409 1573 1664 1625 enarrari
1714 1590 1903 1642 posse,

200 1663 337 1732 quia
365 1662 480 1714 sint
508 1661 858 1714 inetfabiles:
895 1677 956 1712 ac
996 1665 1296 1730 propterea
1345 1677 1458 1714 non
1509 1661 1703 1714 deberi
1750 1679 1904 1713 scru-

2010 516 2211 568 nonde
2240 515 2558 586 principio;
2621 517 2792 568 Filius
2851 518 3194 588 principium
3253 521 3321 572 de
3377 523 3696 592 principio:

2009 605 2106 658 sed
2144 612 2451 674 utrumque
2479 606 2667 669 simul,
2695 623 2808 658 non
2839 610 2972 672 duo,
3005 609 3098 661 sed
3130 625 3305 661 unum
3332 611 3700 680 principium.

2010 694 2165 746 Sicut
2210 697 2370 748 Pater
2431 696 2597 759 Deus,
2645 701 2700 748 et
2760 696 2932 748 Filius
2969 698 3131 762 Deus,
3164 700 3334 750 ambo
3385 708 3576 753 autem
3627 702 3703 754 si-

2014 782 2152 849 mul,
2202 799 2319 835 non
2373 783 2485 836 duo
2534 784 2633 851 dii,
2693 785 2789 836 sed
2843 800 2990 836 unus
3040 786 3205 837 Deus.
3267 789 3378 840 Nec
3425 789 3702 857 Spiritum

2010 877 2267 924 sanctum
2291 873 2358 925 de
2392 878 2632 942 utroque
2667 873 3066 942 procedentem
3118 875 3337 943 negabo
3382 893 3502 929 esse
3540 878 3703 946 prin-

2008 959 2240 1028 cipium,
2289 959 2384 1011 sed
2433 960 2552 1012 haec
2587 961 2711 1020 tria,
2747 959 2918 1012 simul
2965 961 3111 1012 sicut
3160 976 3337 1012 unum
3392 964 3589 1029 Deum,
3625 965 3704 1016 ita

2014 1064 2188 1100 unum
2223 1048 2346 1100 dico
2377 1064 2498 1100 esse
2533 1048 2898 1117 principium.
2937 1068 2961 1098 υ
3001 1050 3178 1117 Negat
3219 1065 3339 1102 esse
3387 1059 3703 1106 creaturam

2011 1136 2282 1205 Spiritum
2319 1145 2600 1203 sanctum,
2626 1137 2818 1189 dicens
2848 1154 2977 1190 eum
3026 1155 3146 1190 esse
3183 1137 3530 1208 principium
3561 1141 3707 1194 sicut

2010 1226 2175 1277 Pater
2206 1230 2292 1277 est
2321 1225 2689 1294 principium,
2740 1229 2797 1278 et
2847 1226 3020 1278 Filius
3065 1227 3443 1296 principium:
3477 1229 3571 1281 sed
3604 1230 3706 1281 Pa-

2015 1320 2098 1366 ter
2126 1314 2472 1382 principium
2507 1316 2574 1366 de
2610 1315 2766 1367 nullo
2791 1315 3091 1384 principio,
3124 1314 3296 1368 Filius
3330 1323 3520 1370 autem
3552 1319 3706 1386 priu-

2012 1402 2248 1471 cipium,
2310 1404 2405 1454 sed
2463 1403 2531 1454 de
2587 1405 2747 1456 Patre
2806 1404 3128 1473 principio:
3187 1404 3432 1472 Spiritus
3484 1422 3707 1476 quoque

2013 1498 2238 1544 sanctus
2282 1491 2628 1560 principium
2678 1509 2792 1545 non
2843 1493 2912 1545 de
2944 1495 3100 1545 nullo
3155 1494 3454 1563 principio,
3487 1511 3592 1547 nec
3641 1496 3708 1548 dc

2017 1581 2178 1632 Patre
2208 1581 2392 1632 solum
2447 1581 2752 1650 principio,
2805 1583 2900 1633 sed
2935 1581 3004 1634 de
3037 1588 3302 1650 utroque,
3340 1582 3394 1634 id
3427 1588 3513 1635 est
3544 1584 3707 1637 Patre

2017 1668 2302 1737 [riucipio
2365 1669 2658 1738 Filioque:
2709 1685 2811 1722 nec
2867 1676 3060 1722 tamen
3103 1672 3212 1722 tria
3255 1671 3556 1740 principia,
3609 1672 3705 1726 sed

199 1751 312 1803 lari
348 1750 502 1820 quod
536 1766 649 1803 ηοιι
684 1749 862 1819 Ροδείὶ
894 1749 1186 1811 enarrari;
1222 1749 1354 1818 Lluia
1393 1750 1550 1802 “uno
1585 1749 1751 1802 mOdO
1781 1765 1904 1817 ροε-
1944 1733 1985 1786 Β
2017 1774 2190 1810 unum
2228 1757 2610 1828 principium;
2669 1758 3158 1827 quemadmodum
3194 1775 3306 1810 non
3349 1762 3457 1810 tres
3486 1759 3565 1810 dii
3599 1762 3708 1812 Pa-

197 1839 273 1891 sit
303 1839 733 1908 comprehendi.
787 1838 1001 1891 Debere
1051 1854 1184 1890 vero
1226 1838 1484 1890 sufﬁcere
1531 1838 1684 1908 quod
1733 1854 1904 1908 super

196 1929 290 1980 his
322 1928 614 1997 Scriptura
643 1933 837 1980 sancta
869 1932 1129 1992 testatur,
1157 1932 1353 1979 natum
1389 1927 1591 1980 Filium
1623 1926 1691 1980 de
1715 1929 1899 1992 Patre,

195 2017 480 2086 Spiritum
529 2033 661 2069 vero
713 2021 968 2068 sanctum
1022 2015 1349 2084 procedere,
1399 2031 1512 2067 non
1543 2033 1576 2067 a
1622 2016 1782 2068 Patre
1813 2033 1901 2068 so-

198 2109 348 2169 lum,
388 2121 583 2158 verum
612 2112 668 2157 et
715 2123 746 2158 a
779 2105 952 2169 Filio;
987 2103 1134 2156 sicut
1183 2108 1598 2172 consequenter
1627 2103 1902 2166 insinuat,

199 2194 430 2246 dicens:
463 2215 488 2240 «
526 2193 669 2247 Satis
698 2193 770 2245 sit
803 2209 938 2262 ergo
983 2192 1165 2256 nobis,
1205 2193 1341 2262 quia
1389 2207 1501 2244 non
1534 2196 1618 2244 est
1653 2207 1684 2244 a
1717 2191 1905 2261 seipso

201 2283 400 2345 Filius,
435 2283 534 2335 sed
567 2283 638 2334 ab
672 2282 768 2334 illo
809 2281 878 2335 de
918 2298 1032 2350 quo
1067 2286 1233 2333 natus
1265 2285 1369 2344 est,
1405 2297 1516 2333 non
1547 2285 1631 2332 est
1659 2298 1688 2332 a
1720 2280 1904 2350 seipso

201 2371 450 2441 Spiritus
501 2375 748 2434 sanctus,
793 2370 889 2423 sed
943 2370 1012 2422 ab
1083 2371 1180 2423 illo
1232 2370 1300 2422 de
1361 2385 1475 2439 quo
1527 2369 1801 2438 procedit.
1840 2371 1906 2423 Et

200 2461 341 2531 quia
391 2461 459 2513 de
515 2465 759 2529 utroque
815 2459 1086 2528 procedit,
1144 2459 1288 2511 sicut
1339 2459 1460 2528 jam
1527 2457 1903 2524 ostendimus,

203 2551 359 2603 unde
399 2556 454 2602 et
504 2549 752 2619 Spiritus
797 2549 980 2601 Patris
1034 2549 1215 2600 dictus
1257 2554 1362 2611 est,
1408 2547 1504 2600 ubi
1555 2547 1795 2615 legitur:
1849 2546 1906 2600 Si

202 2645 398 2692 autem
432 2638 681 2708 Spiritus
730 2638 850 2707 ejus
883 2637 981 2706 qui
1039 2636 1330 2688 susiitavit
1369 2636 1656 2689 Christum
1700 2653 1731 2688 a
1762 2652 1906 2688 mor-

200 2730 338 2792 tuis,
375 2728 592 2780 habitat
644 2727 702 2779 in
745 2727 920 2780 vobis.
960 2727 1023 2778 Et
1052 2725 1298 2795 Spiritus
1329 2725 1473 2790 Filii,
1518 2725 1613 2778 ubi
1656 2725 1902 2794 legitur:

202 2818 312 2881 Qui
354 2823 533 2869 autem
575 2815 851 2884 Spiritum
903 2816 1107 2870 Christi
1153 2831 1257 2867 non
1305 2814 1482 2880 habet,
1536 2815 1622 2867 hic
1677 2831 1781 2866 non
1831 2819 1908 2868 est

197 2907 318 2972 ejus
347 2905 536 2968 (Rom.
574 2920 690 2969 vui,
726 2905 801 2973 9).
846 2924 872 2954 ι)
905 2903 1002 2956 llic
1033 2903 1302 2956 adversus
1338 2903 1707 2956 Maximinum
1741 2903 1903 2955 Aria-

198 3009 342 3045 num
392 2994 590 3045 doctor
652 2993 1006 3062 Augustinus
1073 3009 1269 3062 agens,
1319 2991 1568 3044 ostendit
1627 2991 1902 3061 Spiritum

200 3088 465 3134 sanctum
518 3087 635 3134 tam
689 3082 757 3135 de
807 3083 972 3134 Patre
1021 3097 1192 3152 quam
1241 3081 1310 3134 de
1369 3081 1508 3134 Filio
1551 3080 1903 3149 procedere;

199 3172 352 3240 quod
415 3171 515 3240 qui
564 3187 776 3240 negare
820 3171 1194 3234 contendunt,
1258 3169 1640 3224 Ariomanitas
1684 3185 1740 3222 se
1784 3169 1905 3221 fore

200 3261 576 3326 conﬁtentur,
628 3276 728 3311 nec
765 3258 1304 3311 consubstantialem
1341 3257 1617 3327 Spiritum
1650 3261 1904 3309 sanctum

203 3349 346 3400 Filio
373 3349 671 3401 fatentur:
709 3348 978 3417 quoniam
1013 3347 1057 3399 si
1102 3363 1212 3399 non
1248 3347 1502 3416 procedit
1535 3347 1606 3399 ab
1639 3346 1756 3411 illo,
1791 3362 1906 3398 non

201 3443 290 3489 est
339 3437 597 3506 ejusdem
645 3435 976 3488 substantiae
1011 3435 1172 3505 cujus
1203 3441 1287 3488 est
1332 3435 1535 3488 Filius:
1575 3451 1636 3488 ac
1670 3451 1773 3503 per
1800 3435 1908 3488 hoc

193 3527 316 3594 jam
345 3529 786 3577 autcreaturam
827 3523 1103 3593 Spiritum
1146 3528 1408 3577 sanctum
1457 3522 1901 3592 blasphemabit,

200 3621 303 3667 aut
334 3615 543 3667 Filium
577 3629 694 3666 non
727 3613 924 3666 omnia
954 3629 1082 3683 quae
1117 3613 1301 3665 Patris
1339 3617 1471 3665 sunt
1500 3613 1710 3665 habere
1739 3612 1909 3666 dene-

201 3703 384 3772 gabit.
431 3704 652 3770 Negare
685 3718 818 3755 vero
850 3718 965 3755 non
993 3706 1178 3772 potest
1204 3701 1476 3772 Spiritum
1505 3707 1764 3754 sanctum
1795 3702 1909 3772 Spi-

201 3793 380 3846 ritum
434 3808 559 3844 esse
621 3791 764 3852 Filii,
839 3791 976 3845 dicit
1034 3791 1187 3844 enim
1246 3790 1586 3860 Apostolus:
1645 3793 1908 3856 Quoniam

200 3885 332 3934 estis
361 3882 488 3948 ﬁlii,
525 3882 674 3933 misit
716 3883 852 3934 Deus
901 3881 1171 3948 Spiritum
1222 3881 1352 3934 Filii
1394 3881 1482 3932 sui
1532 3881 1590 3932 in
1619 3879 1781 3933 corda
1813 3896 1904 3933 no-

199 3977 339 4030 stra,
388 3969 952 4034 clamantemzAbba,
987 3971 1148 4022 Pater
1209 3969 1351 4038 (Gal.
1404 3985 1476 4034 1v,
1529 3971 1602 4033 6).
1655 3968 1816 4032 Quod
1861 3968 1906 4022 si

201 4063 288 4112 est
316 4057 565 4128 Spiritus
609 4056 752 4124 Filii,
788 4056 932 4110 sicut
963 4057 1270 4126 Apostolus
1310 4055 1634 4122 conﬁtetur,
1671 4061 1770 4110 aut
1800 4055 1910 4109 erit

198 4148 518 4217 subjectus,
552 4147 706 4217 quod
759 4147 878 4199 vult
919 4145 1186 4206 Arianus,
1223 4147 1322 4215 qui
1354 4151 1735 4198 connumerat
1775 4161 1906 4197 eum

199 4236 518 4302 creaturis;
571 4240 668 4288 aut
700 4234 1015 4304 procedens
1061 4251 1126 4287 ex
1178 4234 1338 4299 Filio,
1375 4233 1529 4304 quod
1562 4232 1910 4286 conﬁtentur

2015 1853 2099 1898 ter
2129 1852 2184 1898 et
2231 1847 2400 1898 Filius
2445 1853 2497 1899 et
2547 1846 2794 1914 Spiritus
2836 1851 3081 1910 sanctus,
3135 1847 3396 1916 quamvis
3447 1846 3708 1915 singulus

2012 1950 2209 1988 eorum
2235 1935 2458 1987 dicatur
2490 1935 2668 1987 Deus:
2704 1935 2801 1987 sed
2836 1935 2895 1987 hi
2934 1942 3045 1986 tres
3076 1951 3222 1986 unus
3255 1935 3419 1988 Deus.

2088 2025 2223 2075 Item
2275 2025 2331 2075 in
2387 2024 2799 2092 posterioribus
2849 2027 2993 2091 (cup.
3052 2027 3134 2090 l2)
3171 2040 3182 2075 :
3219 2043 3246 2072 ‹‹
3298 2025 3411 2076 Lux
3459 2025 3527 2076 de
3561 2025 3704 2087 luce,

2019 2111 2188 2164 Filius
2221 2113 2288 2164 de
2322 2113 2503 2172 Patre,
2539 2119 2595 2165 et
2639 2112 2804 2164 simul
2847 2112 3013 2164 ambo
3060 2114 3149 2164 lux
3187 2127 3337 2165 una:
3388 2111 3532 2164 sicut
3563 2113 3708 2164 Deus

2015 2200 2082 2252 de
2118 2201 2250 2265 Deo,
2285 2206 2340 2252 et
2389 2201 2558 2252 simul
2606 2202 2773 2253 ambo
2822 2199 3017 2269 utique
3066 2201 3212 2252 Deus
3262 2215 3449 2264 unus;
3502 2204 3560 2251 et
3606 2201 3710 2252 hoc

2013 2293 2195 2341 totum
2243 2304 2360 2342 non
2410 2289 2530 2340 sine
2565 2289 2781 2356 Spiritu
2831 2291 3155 2341 amborum.
3216 2309 3235 2334 ι
3299 2287 3462 2351 Quod
3514 2287 3710 2341 dicens

2017 2381 2255 2429 testatur
2285 2393 2418 2430 eum
2449 2379 2520 2429 ab
2563 2382 2809 2446 utroque
2839 2377 3171 2445 procedere.
3207 2377 3348 2429 Nam
3389 2376 3434 2428 si
3466 2375 3710 2445 Spiritus

2016 2468 2099 2517 est
2158 2464 2361 2528 Patris,
2419 2465 2553 2534 quia
2614 2464 2871 2534 procedit
2926 2482 2956 2517 a
3021 2465 3229 2527 Patre;
3295 2467 3711 2534 consequenter

2016 2569 2246 2622 quoque
2278 2553 2520 2622 Spiritus
2550 2560 2637 2605 est
2690 2553 2836 2620 Filii,
2872 2553 3144 2622 quoniam
3177 2553 3436 2622 procedit
3464 2554 3536 2606 ab
3575 2551 3705 2604 illo:

2015 2658 2132 2694 non
2158 2644 2308 2693 enim
2349 2641 2564 2694 diversa
2606 2658 2775 2695 causa
2823 2643 3028 2695 dicitur
3056 2641 3301 2711 Spiritus
3340 2659 3460 2695 esse
3507 2639 3708 2705 Patris,

2016 2736 2072 2782 et
2109 2729 2350 2800 Spiritus
2393 2730 2536 2793 Filii,
2589 2730 2682 2783 sed
2728 2747 2842 2782 una
2894 2730 3252 2799 eademque;
3285 2731 3386 2782 illa
3425 2729 3706 2793 videlicet,

2017 2818 2147 2888 quia
2183 2819 2437 2887 procedit
2471 2818 2539 2870 ab
2591 2825 2859 2887 utroque,
2910 2819 3054 2870 sicut
3085 2818 3333 2886 Spiritus
3365 2823 3450 2870 est
3497 2817 3711 2870 utrius-

2017 2923 2148 2975 que.
2179 2907 2313 2959 Nain
2348 2906 2394 2958 si
2423 2905 2573 2958 dicas
2620 2922 2750 2958 eum
2787 2906 3062 2974 Spiritum
3097 2907 3298 2972 Patris,
3331 2906 3467 2976 quia
3513 2921 3707 2976 proce-

2015 2996 2098 3049 dit
2118 2995 2186 3048 de
2216 2996 2397 3059 Patre,
2431 3011 2694 3064 quamam
2737 3011 2902 3047 causa
2948 3000 3124 3048 restat
3169 3001 3228 3048 ut
3281 2996 3504 3048 dicatur
3540 2993 3712 3063 Spiri-

2013 3091 2104 3136 tus
2139 3083 2284 3144 Filii,
2337 3082 2445 3136 nisi
2493 3083 2628 3152 quia
2671 3083 2941 3151 procedat
2975 3089 3032 3136 et.
3062 3085 3134 3136 ab
3172 3083 3314 3135 illo?
3361 3084 3488 3136 Haec
3513 3083 3711 3135 beatus

2013 3171 2368 3242 Augustinus
2421 3171 2689 3223 adversus
2747 3171 3116 3223 Maximinum
3179 3187 3354 3239 agens
3410 3170 3708 3234 Arianum,

2015 3260 2083 3313 de
2115 3261 2292 3312 sancti
2325 3258 2568 3327 Spiritus
2617 3258 2976 3327 processioue
3010 3275 3078 3312 ex
3123 3259 3260 3312 Filio
3307 3258 3501 3322 sentit,
3549 3256 3710 3324 dixit,

2015 3349 2253 3419 scripsit,
2337 3349 2607 3401 Arianam
2685 3349 2986 3416 perﬁdiam
3065 3349 3368 3414 damnans,
3417 3345 3710 3399 catholicae

2014 3453 2146 3490 vero
2172 3437 2303 3489 ﬁdei
2349 3435 2620 3505 pietatem
2663 3437 2958 3490 afﬁrmans
2991 3453 3003 3502 ;
3038 3436 3129 3490 cui
3159 3435 3545 3491 contradicere
3585 3433 3714 3504 quis

2012 3524 2244 3578 molitus
2275 3525 2468 3593 fuerit,
2493 3524 2670 3577 hostis
2723 3524 3020 3578 catholica:
3053 3525 3184 3578 ﬁdei
3215 3527 3523 3595 reperitur.

2088 3614 2187 3668 Hic
2233 3616 2405 3666 etiam
2437 3614 2494 3666 in
2530 3615 2828 3667 collatione
2859 3613 3073 3681 dialogi
3115 3620 3315 3668 contra
3353 3618 3712 3672 Pascentium

2014 3704 2285 3755 Arianum
2334 3703 2628 3770 disputans
2675 3702 2990 3771 (Altercatio
3031 3705 3302 3756 Pascentii
3359 3721 3479 3759 cum
3540 3712 3710 3776 Aug.,

2014 3795 2171 3860 epist.
2202 3793 2320 3854 l78,
2356 3790 2530 3858 med.)
2563 3791 2640 3842 ait
2676 3807 2688 3843 :
2728 3813 2747 3836 ι
2797 3790 2851 3844 Si
2903 3791 3054 3843 enim
3091 3791 3147 3842 in
3183 3791 3416 3847 homine
3446 3797 3712 3850 credente

2014 3881 2136 3950 ipse
2187 3885 2333 3932 totus
2384 3881 2530 3932 Deus
2579 3878 2893 3931 credendus
2942 3885 3025 3931 est
3087 3879 3367 3946 habitare,
3421 3883 3714 3951 quomodo

2018 3970 2223 4024 Filium
2258 3973 2438 4021 totum
2471 3968 2530 4020 in
2579 3983 2636 4019 se
2669 3968 2851 4032 Pater,
2897 3972 2995 4019 aut
3048 3967 3220 4019 Filius
3251 3969 3474 4022 Patrem
3527 3976 3709 4024 totum

2017 4076 2131 4112 non
2180 4057 2445 4111 credatur
2501 4056 2813 4124 excipere?
2856 4059 2934 4109 Ac
2966 4071 3066 4124 per
3113 4056 3220 4109 hoc
3258 4057 3380 4126 ipse
3421 4057 3480 4110 in
3523 4059 3710 4123 Patre,

2016 4152 2070 4201 et
2111 4148 2276 4200 Pater
2307 4145 2366 4198 in
2410 4161 2476 4199 eo
2519 4148 2730 4209 manet,
2764 4150 2821 4197 et
2867 4161 2929 4196 ex
2983 4145 3143 4198 Patre
3194 4151 3249 4198 et
3300 4145 3438 4200 Filio
3486 4153 3713 4202 sanctus

2015 4235 2330 4289 credendus
2369 4239 2454 4288 est
2503 4233 2748 4303 Spiritus
2797 4250 2912 4286 non
2957 4233 3141 4287 solum
3193 4236 3554 4303 processisse,
3619 4238 3711 4292 sed

200 4325 492 4378 catholici.
525 4324 752 4392 Eligant
778 4338 915 4392 ergo
937 4323 1089 4392 quod
1113 4323 1312 4375 volunt
1337 4323 1714 4390 imperatores
1747 4322 1899 4374 (ἑτερο
1948 4330 1988 4383 D
2020 4338 2246 4392 semper
2293 4323 2360 4376 ad
2395 4323 2617 4390 agenda
2664 4339 2838 4390 opera
2885 4322 3178 4376 Trinitatis
3224 4323 3462 4378 omnino
3515 4342 3716 4396 proce-

199 4430 443 4467 corum:
479 4427 692 4480 negare
725 4427 841 4464 non
889 4415 1131 4479 possunt
1174 4410 1450 4480 Spiritum
1496 4415 1752 4462 sanctum
1789 4408 1909 4478 Spi-

197 4503 384 4554 ritum
412 4516 536 4553 esse
571 4499 734 4565 Filii;
777 4498 968 4551 dicant
1002 4515 1139 4568 ergo
1183 4499 1471 4569 quomodo
1521 4497 1666 4562 Filii,
1699 4495 1743 4549 si
1795 4513 1907 4550 non

199 4589 470 4658 procedit
501 4587 573 4640 ab
604 4587 750 4657 ipso.
787 4587 927 4640 Nam
957 4587 1001 4639 si
1049 4586 1467 4656 processionem
1500 4589 1736 4655 negant,
1769 4602 1908 4656 prae-

204 4677 406 4730 dicant
473 4676 850 4742 creationem,
917 4675 1070 4745 quod
1146 4674 1455 4744 impietatis
1511 4691 1631 4727 esse
1688 4678 1910 4727 constat

197 4768 455 4831 Arianae,
491 4765 628 4836 quia
670 4781 786 4818 non
833 4769 1022 4834 potest
1065 4780 1185 4816 esse
1233 4763 1352 4816 Filii
1396 4762 1659 4832 Spiritus,
1717 4763 1906 4816 sinon

199 4857 288 4909 vel
325 4860 550 4909 creatus
583 4855 677 4922 sit,
709 4855 794 4907 vel
828 4853 1140 4923 procedens
1171 4852 1240 4905 ab
1269 4853 1388 4906 illo.

272 4945 419 4998 Item
454 4944 512 4997 in
547 4942 1030 5013 consequentibus
1083 4942 1220 5009 (cap.
1273 4945 1353 5002 17)
1391 4957 1402 4994 :
1445 4961 1473 4991 α
1504 4939 1650 5004 Quid
1694 4943 1778 4993 est
1807 4955 1907 4991 au-

198 5037 357 5086 tem:
395 5035 460 5088 In
503 5033 782 5101 principio
840 5036 956 5083 erat
1009 5030 1240 5083 Verbum
1281 5029 1464 5093 (Joan.
1500 5046 1536 5092 ι,
1574 5028 1659 5097 1);
1710 5028 1815 5082 nisi
1849 5027 1909 5080 in

199 5123 369 5174 Patre
410 5127 537 5173 erat
590 5119 810 5172 Filius?
845 5119 907 5171 Et
949 5118 1069 5188 ipse
1121 5117 1292 5170 Filius
1340 5116 1729 5186 interrogatus
1760 5133 1790 5168 a
1817 5116 1910 5168 Ju-

197 5209 364 5274 dmis,
420 5209 552 5278 quis
595 5211 760 5272 esset,
809 5205 1104 5274 respondit
1147 5221 1160 5258 :
1207 5206 1543 5272 Principium
1591 5206 1688 5272 qui
1733 5209 1781 5257 et
1825 5203 1909 5257 lo-

275 5380 300 5402 ι
352 5367 668 5424 Gennadius
710 5366 1358 5434 Constantimpolitanus.
1423 5363 1529 5426 Qui
1579 5363 1730 5415 hunc
1761 5363 1908 5415 Gen-

199 5441 367 5494 nadii
401 5439 612 5492 librum
645 5437 892 5501 edidere,
927 5433 1307 5488 cumnulluln
1342 5435 1464 5503 ejus
1493 5434 1742 5485 nominis
1773 5433 1908 5486 scri-

201 5518 432 5582 ptorem
489 5514 751 5582 nossent,
785 5513 992 5576 praeter
1035 5505 1439 5582 Massiliensem
1490 5504 1907 5582 presbyterum,

204 5575 466 5636 alienum
501 5581 678 5634 fetum
704 5577 755 5632 ei
775 5575 1218 5648 supposuerunt.
1243 5576 1496 5639 Quorum
1527 5575 1909 5644 ignorantiam

2018 4412 2168 4465 dere.
2198 4433 2216 4456 ι
2256 4412 2440 4465 Unum
2473 4427 2593 4464 esse
2641 4409 2780 4463 dicit
2807 4417 3064 4464 sanctum
3113 4411 3391 4481 Spiritum
3422 4430 3488 4468 ex
3521 4421 3715 4469 sancta

2017 4498 2289 4553 Trinitate
2340 4499 2791 4566 cooperatorem,
2838 4497 2936 4566 qui
3000 4513 3113 4550 non
3157 4499 3343 4550 solum
3397 4499 3716 4553 substantia

2019 4602 2214 4640 verum
2242 4585 2572 4655 operatione
2623 4585 2774 4638 Patri
2807 4585 3064 4653 Filioque
3095 4586 3394 4655 copuletur
3439 4592 3713 4659 tanquam

2018 4677 2088 4730 ab
2130 4680 2372 4745 utroque
2422 4673 2758 4743 procedens,
2807 4679 2863 4727 et
2902 4690 3031 4726 cum
3083 4679 3326 4744 utroque
3358 4692 3711 4746 cooperans:

2017 4765 2169 4834 quod
2201 4780 2312 4816 non
2345 4768 2536 4831 posset
2592 4760 2796 4826 facere,
2857 4761 2903 4815 si
2942 4778 3058 4816 non
3092 4763 3163 4816 ab
3212 4769 3455 4835 utroque
3509 4783 3712 4836 proce-

2016 4852 2203 4906 dendo
2235 4849 2609 4904 substantiam
2643 4854 2698 4903 et
2724 4849 3033 4919 accepisset
3062 4857 3120 4904 et
3148 4853 3409 4922 accipiat.

2702 4937 2928 4992 CAPUT
2970 4939 3030 4992 V.

2462 5029 2546 5081 Ea:
2576 5027 2850 5082 Gcnnadio
2880 5031 2930 5080 et
2960 5027 3262 5096 Fulgentio.

2088 5116 2434 5182 Gennadius,
2477 5130 2500 5158 ει
2545 5116 3214 5186 Constantinopolitanus
3261 5116 3582 5186 episcopus,
3629 5115 3716 5169 vir

2020 5207 2200 5260 multa
2257 5205 2498 5259 lectione
2565 5205 2935 5276 antiquorum
3002 5207 3242 5276 peritus,
3295 5205 3357 5257 in
3413 5203 3560 5256 libro
3612 5205 3712 5258 Ec-

2020 5363 2365 5414 Ratramnus
2395 5362 2500 5414 hoc
2534 5361 2658 5414 loco
2707 5359 3018 5429 redarguit.
3070 5359 3334 5412 Anatolio
3388 5361 3715 5414 Gennadius

2017 5431 2111 5484 hic
2133 5432 2400 5485 successit
2431 5449 2580 5484 anno
2609 5433 2710 5485 458
2755 5449 2818 5484 ac
2845 5432 2992 5484 seuit
3031 5446 3210 5498 usque
3249 5434 3314 5483 ad
3347 5446 3561 5484 annum
3588 5435 3712 5498 471,

2019 5510 2076 5556 et
2107 5501 2722 5575 successorempliabuit
2759 5501 3048 5556 Acacium.
3082 5502 3340 5556 Graecum
3373 5504 3496 5573 ejus
3526 5505 3718 5575 operis

2025 5574 2316 5645 exemplar
2343 5573 2578 5627 interiit.
