  <div class='ocr_page' id='page_1' title='image "/cluster/home/n/w/nwhite01/storage/ocr_20150623/121/hvd.32044054759832/153.png"; bbox 0 0 4130 6184; ppageno 0'>
   <div class='ocr_carea' id='block_1_1' title="bbox 429 310 532 362">
    <p class='ocr_par' dir='ltr' id='par_1_1' title="bbox 429 310 532 362">
     <span class='ocr_line' id='line_1_1' title="bbox 429 310 532 362; baseline -0.019 0"><span class='ocrx_word' id='word_1_1' title='bbox 429 310 532 362; x_wconf 77' lang='lat'><strong>295</strong></span> 
     </span>
    </p>
   </div>
   <div class='ocr_carea' id='block_1_2' title="bbox 1585 301 2794 358">
    <p class='ocr_par' dir='ltr' id='par_1_2' title="bbox 1585 301 2794 358">
     <span class='ocr_line' id='line_1_2' title="bbox 1585 301 2794 358; baseline -0.001 -1"><span class='ocrx_word' id='word_1_2' title='bbox 1585 303 1941 357; x_wconf 72' lang='lat' dir='ltr'><strong>RATBAMNI</strong></span> <span class='ocrx_word' id='word_1_3' title='bbox 1981 301 2111 357; x_wconf 80' lang='lat' dir='ltr'><strong>COR</strong></span> <span class='ocrx_word' id='word_1_4' title='bbox 2124 302 2442 358; x_wconf 80' lang='lat' dir='ltr'><strong>BEIENSIS</strong></span> <span class='ocrx_word' id='word_1_5' title='bbox 2483 301 2794 357; x_wconf 79' lang='lat' dir='ltr'><strong>MONACHI</strong></span> 
     </span>
    </p>
   </div>
   <div class='ocr_carea' id='block_1_3' title="bbox 3823 306 3927 358">
    <p class='ocr_par' dir='ltr' id='par_1_3' title="bbox 3823 306 3927 358">
     <span class='ocr_line' id='line_1_3' title="bbox 3823 306 3927 358; baseline 0 0"><span class='ocrx_word' id='word_1_6' title='bbox 3823 306 3927 358; x_wconf 73' lang='lat'><strong>296</strong></span> 
     </span>
    </p>
   </div>
   <div class='ocr_carea' id='block_1_4' title="bbox 431 435 3928 506">
    <p class='ocr_par' dir='ltr' id='par_1_4' title="bbox 431 435 3928 506">
     <span class='ocr_line' id='line_1_4' title="bbox 431 435 3928 506; baseline -0.001 -12"><span class='ocrx_word' id='word_1_7' title='bbox 431 438 871 494; x_wconf 88' lang='lat' dir='ltr'><strong>clesiasticorum</strong></span> <span class='ocrx_word' id='word_1_8' title='bbox 931 438 1270 506; x_wconf 85' lang='lat' dir='ltr'><strong>Dogmatum</strong></span> <span class='ocrx_word' id='word_1_9' title='bbox 1329 436 1397 489; x_wconf 90' lang='lat' dir='ltr'><strong>de</strong></span> <span class='ocrx_word' id='word_1_10' title='bbox 1451 435 1692 505; x_wconf 81' lang='lat' dir='ltr'><strong>Spiritus</strong></span> <span class='ocrx_word' id='word_1_11' title='bbox 1753 436 1929 489; x_wconf 79' lang='lat' dir='ltr'><strong>sancti</strong></span> <span class='ocrx_word' id='word_1_12' title='bbox 1991 451 2122 505; x_wconf 89' lang='lat' dir='ltr'><strong>pro-</strong></span> <span class='ocrx_word' id='word_1_13' title='bbox 2164 435 2212 490; x_wconf 84' lang='lat' dir='ltr'><strong>A</strong></span> <span class='ocrx_word' id='word_1_14' title='bbox 2243 435 2377 504; x_wconf 84' lang='lat' dir='ltr'><strong>quia</strong></span> <span class='ocrx_word' id='word_1_15' title='bbox 2436 452 2585 489; x_wconf 90' lang='lat' dir='ltr'><strong>unus</strong></span> <span class='ocrx_word' id='word_1_16' title='bbox 2629 435 2966 489; x_wconf 81' lang='lat' dir='ltr'><strong>naturaliter</strong></span> <span class='ocrx_word' id='word_1_17' title='bbox 3015 436 3258 506; x_wconf 73' lang='lat' dir='ltr'><strong>Spiritus</strong></span> <span class='ocrx_word' id='word_1_18' title='bbox 3317 440 3403 490; x_wconf 88' lang='lat' dir='ltr'><strong>est</strong></span> <span class='ocrx_word' id='word_1_19' title='bbox 3455 438 3638 492; x_wconf 87' lang='lat' dir='ltr'><strong>Patris</strong></span> <span class='ocrx_word' id='word_1_20' title='bbox 3684 444 3741 493; x_wconf 91' lang='lat' dir='ltr'><strong>et</strong></span> <span class='ocrx_word' id='word_1_21' title='bbox 3783 440 3928 494; x_wconf 87' lang='lat' dir='ltr'><strong>Filii.</strong></span> 
     </span>
    </p>
   </div>
   <div class='ocr_carea' id='block_1_5' title="bbox 431 524 2125 595">
    <p class='ocr_par' dir='ltr' id='par_1_5' title="bbox 431 524 2125 595">
     <span class='ocr_line' id='line_1_5' title="bbox 431 524 2125 595; baseline -0.003 -14"><span class='ocrx_word' id='word_1_22' title='bbox 431 528 686 581; x_wconf 88' lang='lat' dir='ltr'><strong>cessione</strong></span> <span class='ocrx_word' id='word_1_23' title='bbox 751 528 828 579; x_wconf 86' lang='lat' dir='ltr'><strong>sic</strong></span> <span class='ocrx_word' id='word_1_24' title='bbox 889 526 1173 595; x_wconf 84' lang='lat' dir='ltr'><strong>loquitur:</strong></span> <span class='ocrx_word' id='word_1_25' title='bbox 1234 545 1259 573; x_wconf 81' lang='grc' dir='ltr'>α</span> <span class='ocrx_word' id='word_1_26' title='bbox 1341 524 1637 577; x_wconf 80' lang='lat' dir='ltr'><strong>Credimus</strong></span> <span class='ocrx_word' id='word_1_27' title='bbox 1713 541 1890 577; x_wconf 89' lang='lat' dir='ltr'><strong>unum</strong></span> <span class='ocrx_word' id='word_1_28' title='bbox 1948 527 2125 578; x_wconf 89' lang='lat' dir='ltr'><strong>Deum</strong></span> 
     </span>
    </p>
   </div>
   <div class='ocr_carea' id='block_1_6' title="bbox 433 613 2124 682">
    <p class='ocr_par' dir='ltr' id='par_1_6' title="bbox 433 613 2124 682">
     <span class='ocr_line' id='line_1_6' title="bbox 433 613 2124 682; baseline -0.002 -13"><span class='ocrx_word' id='word_1_29' title='bbox 433 633 552 669; x_wconf 88' lang='lat' dir='ltr'><strong>esse</strong></span> <span class='ocrx_word' id='word_1_30' title='bbox 604 617 828 668; x_wconf 83' lang='lat' dir='ltr'><strong>Patrem</strong></span> <span class='ocrx_word' id='word_1_31' title='bbox 872 621 926 666; x_wconf 92' lang='lat' dir='ltr'><strong>et</strong></span> <span class='ocrx_word' id='word_1_32' title='bbox 984 615 1185 666; x_wconf 86' lang='lat' dir='ltr'><strong>Filium</strong></span> <span class='ocrx_word' id='word_1_33' title='bbox 1239 618 1294 665; x_wconf 90' lang='lat' dir='ltr'><strong>et</strong></span> <span class='ocrx_word' id='word_1_34' title='bbox 1350 613 1623 682; x_wconf 91' lang='lat' dir='ltr'><strong>Spiritum</strong></span> <span class='ocrx_word' id='word_1_35' title='bbox 1683 619 1962 665; x_wconf 83' lang='lat' dir='ltr'><strong>sanctum.</strong></span> <span class='ocrx_word' id='word_1_36' title='bbox 2026 615 2124 665; x_wconf 75' lang='lat' dir='ltr'><strong>Pa~</strong></span> 
     </span>
    </p>
   </div>
   <div class='ocr_carea' id='block_1_7' title="bbox 434 701 2126 775">
    <p class='ocr_par' dir='ltr' id='par_1_7' title="bbox 434 701 2126 775">
     <span class='ocr_line' id='line_1_7' title="bbox 434 701 2126 775; baseline -0.003 -17"><span class='ocrx_word' id='word_1_37' title='bbox 434 711 576 758; x_wconf 85' lang='lat' dir='ltr'><strong>trem</strong></span> <span class='ocrx_word' id='word_1_38' title='bbox 608 721 673 757; x_wconf 90' lang='lat' dir='ltr'><strong>eo</strong></span> <span class='ocrx_word' id='word_1_39' title='bbox 718 705 870 775; x_wconf 84' lang='lat' dir='ltr'><strong>quod</strong></span> <span class='ocrx_word' id='word_1_40' title='bbox 918 704 1120 756; x_wconf 75' lang='lat' dir='ltr'><strong>habeat</strong></span> <span class='ocrx_word' id='word_1_41' title='bbox 1170 703 1412 767; x_wconf 84' lang='lat' dir='ltr'><strong>Filium;</strong></span> <span class='ocrx_word' id='word_1_42' title='bbox 1461 703 1660 755; x_wconf 86' lang='lat' dir='ltr'><strong>Filium</strong></span> <span class='ocrx_word' id='word_1_43' title='bbox 1708 720 1774 754; x_wconf 84' lang='lat' dir='ltr'><strong>eo</strong></span> <span class='ocrx_word' id='word_1_44' title='bbox 1823 703 1974 771; x_wconf 79' lang='lat' dir='ltr'><strong>quod</strong></span> <span class='ocrx_word' id='word_1_45' title='bbox 2017 701 2126 754; x_wconf 83' lang='lat' dir='ltr'><strong>ha-</strong></span> 
     </span>
    </p>
   </div>
   <div class='ocr_carea' id='block_1_8' title="bbox 431 790 2122 862">
    <p class='ocr_par' dir='ltr' id='par_1_8' title="bbox 431 790 2122 862">
     <span class='ocr_line' id='line_1_8' title="bbox 431 790 2122 862; baseline -0.002 -16"><span class='ocrx_word' id='word_1_46' title='bbox 431 795 562 846; x_wconf 90' lang='lat' dir='ltr'><strong>beat</strong></span> <span class='ocrx_word' id='word_1_47' title='bbox 627 795 896 857; x_wconf 84' lang='lat' dir='ltr'><strong>Patrem;</strong></span> <span class='ocrx_word' id='word_1_48' title='bbox 945 792 1218 862; x_wconf 85' lang='lat' dir='ltr'><strong>Spiritum</strong></span> <span class='ocrx_word' id='word_1_49' title='bbox 1279 798 1558 854; x_wconf 77' lang='lat' dir='ltr'><strong>sanctum,</strong></span> <span class='ocrx_word' id='word_1_50' title='bbox 1603 808 1668 842; x_wconf 89' lang='lat' dir='ltr'><strong>eo</strong></span> <span class='ocrx_word' id='word_1_51' title='bbox 1716 791 1868 861; x_wconf 91' lang='lat' dir='ltr'><strong>quod</strong></span> <span class='ocrx_word' id='word_1_52' title='bbox 1931 790 2004 842; x_wconf 89' lang='lat' dir='ltr'><strong>sit</strong></span> <span class='ocrx_word' id='word_1_53' title='bbox 2057 806 2122 842; x_wconf 82' lang='lat' dir='ltr'><strong>ex</strong></span> 
     </span>
    </p>
   </div>
   <div class='ocr_carea' id='block_1_9' title="bbox 431 879 2120 949">
    <p class='ocr_par' dir='ltr' id='par_1_9' title="bbox 431 879 2120 949">
     <span class='ocr_line' id='line_1_9' title="bbox 431 879 2120 949; baseline -0.006 -14"><span class='ocrx_word' id='word_1_54' title='bbox 431 884 594 935; x_wconf 87' lang='lat' dir='ltr'><strong>Patre</strong></span> <span class='ocrx_word' id='word_1_55' title='bbox 653 887 708 934; x_wconf 95' lang='lat' dir='ltr'><strong>et</strong></span> <span class='ocrx_word' id='word_1_56' title='bbox 772 882 928 935; x_wconf 82' lang='lat' dir='ltr'><strong>Filio.</strong></span> <span class='ocrx_word' id='word_1_57' title='bbox 989 883 1156 933; x_wconf 85' lang='lat' dir='ltr'><strong>Pater</strong></span> <span class='ocrx_word' id='word_1_58' title='bbox 1195 896 1332 948; x_wconf 79' lang='lat' dir='ltr'><strong>ergo</strong></span> <span class='ocrx_word' id='word_1_59' title='bbox 1378 880 1724 949; x_wconf 70' lang='lat' dir='ltr'><strong>principium</strong></span> <span class='ocrx_word' id='word_1_60' title='bbox 1789 879 2120 934; x_wconf 63' lang='lat' dir='ltr'><strong>divinita‘-~,</strong></span> 
     </span>
    </p>
   </div>
   <div class='ocr_carea' id='block_1_10' title="bbox 431 967 2122 1041">
    <p class='ocr_par' dir='ltr' id='par_1_10' title="bbox 431 967 2122 1041">
     <span class='ocr_line' id='line_1_10' title="bbox 431 967 2122 1041; baseline -0.004 -18"><span class='ocrx_word' id='word_1_61' title='bbox 431 971 746 1041; x_wconf 83' lang='lat' dir='ltr'><strong>principale</strong></span> <span class='ocrx_word' id='word_1_62' title='bbox 788 985 1050 1022; x_wconf 91' lang='lat' dir='ltr'><strong>nomen:</strong></span> <span class='ocrx_word' id='word_1_63' title='bbox 1111 969 1246 1039; x_wconf 83' lang='lat' dir='ltr'><strong>quia</strong></span> <span class='ocrx_word' id='word_1_64' title='bbox 1293 968 1437 1021; x_wconf 84' lang='lat' dir='ltr'><strong>sicut</strong></span> <span class='ocrx_word' id='word_1_65' title='bbox 1489 985 1784 1035; x_wconf 87' lang='lat' dir='ltr'><strong>nunquam</strong></span> <span class='ocrx_word' id='word_1_66' title='bbox 1849 967 1958 1020; x_wconf 89' lang='lat' dir='ltr'><strong>fuit</strong></span> <span class='ocrx_word' id='word_1_67' title='bbox 2008 983 2122 1017; x_wconf 86' lang='lat' dir='ltr'><strong>non</strong></span> 
     </span>
    </p>
   </div>
   <div class='ocr_carea' id='block_1_11' title="bbox 431 1055 2122 1128">
    <p class='ocr_par' dir='ltr' id='par_1_11' title="bbox 431 1055 2122 1128">
     <span class='ocr_line' id='line_1_11' title="bbox 431 1055 2122 1128; baseline -0.005 -15"><span class='ocrx_word' id='word_1_68' title='bbox 431 1061 597 1124; x_wconf 75' lang='lat' dir='ltr'><strong>Deus,</strong></span> <span class='ocrx_word' id='word_1_69' title='bbox 662 1061 739 1111; x_wconf 87' lang='lat' dir='ltr'><strong>ita</strong></span> <span class='ocrx_word' id='word_1_70' title='bbox 796 1075 1093 1128; x_wconf 84' lang='lat' dir='ltr'><strong>nunquam</strong></span> <span class='ocrx_word' id='word_1_71' title='bbox 1147 1057 1254 1110; x_wconf 84' lang='lat' dir='ltr'><strong>fuit</strong></span> <span class='ocrx_word' id='word_1_72' title='bbox 1307 1074 1419 1110; x_wconf 90' lang='lat' dir='ltr'><strong>non</strong></span> <span class='ocrx_word' id='word_1_73' title='bbox 1473 1059 1660 1122; x_wconf 83' lang='lat' dir='ltr'><strong>Pater,</strong></span> <span class='ocrx_word' id='word_1_74' title='bbox 1711 1074 1739 1108; x_wconf 87' lang='lat' dir='ltr'><strong>a</strong></span> <span class='ocrx_word' id='word_1_75' title='bbox 1776 1073 1889 1125; x_wconf 89' lang='lat' dir='ltr'><strong>quo</strong></span> <span class='ocrx_word' id='word_1_76' title='bbox 1947 1055 2122 1108; x_wconf 91' lang='lat' dir='ltr'><strong>Filius</strong></span> 
     </span>
    </p>
   </div>
   <div class='ocr_carea' id='block_1_12' title="bbox 431 1145 2121 1217">
    <p class='ocr_par' dir='ltr' id='par_1_12' title="bbox 431 1145 2121 1217">
     <span class='ocr_line' id='line_1_12' title="bbox 431 1145 2121 1217; baseline -0.004 -15"><span class='ocrx_word' id='word_1_77' title='bbox 431 1155 616 1211; x_wconf 81' lang='lat' dir='ltr'><strong>natus,</strong></span> <span class='ocrx_word' id='word_1_78' title='bbox 652 1164 683 1200; x_wconf 90' lang='lat' dir='ltr'><strong>a</strong></span> <span class='ocrx_word' id='word_1_79' title='bbox 713 1163 826 1217; x_wconf 90' lang='lat' dir='ltr'><strong>quo</strong></span> <span class='ocrx_word' id='word_1_80' title='bbox 874 1147 1119 1215; x_wconf 83' lang='lat' dir='ltr'><strong>Spiritus</strong></span> <span class='ocrx_word' id='word_1_81' title='bbox 1165 1150 1391 1198; x_wconf 86' lang='lat' dir='ltr'><strong>sanctus</strong></span> <span class='ocrx_word' id='word_1_82' title='bbox 1438 1161 1551 1198; x_wconf 87' lang='lat' dir='ltr'><strong>non</strong></span> <span class='ocrx_word' id='word_1_83' title='bbox 1600 1149 1766 1198; x_wconf 88' lang='lat' dir='ltr'><strong>natus</strong></span> <span class='ocrx_word' id='word_1_84' title='bbox 1801 1163 1816 1208; x_wconf 88' lang='lat'><strong>;</strong></span> <span class='ocrx_word' id='word_1_85' title='bbox 1848 1145 1982 1214; x_wconf 88' lang='lat' dir='ltr'><strong>quia</strong></span> <span class='ocrx_word' id='word_1_86' title='bbox 2008 1159 2121 1196; x_wconf 89' lang='lat' dir='ltr'><strong>non</strong></span> 
     </span>
    </p>
   </div>
   <div class='ocr_carea' id='block_1_13' title="bbox 431 1235 2122 1305">
    <p class='ocr_par' dir='ltr' id='par_1_13' title="bbox 431 1235 2122 1305">
     <span class='ocr_line' id='line_1_13' title="bbox 431 1235 2122 1305; baseline -0.003 -16"><span class='ocrx_word' id='word_1_87' title='bbox 431 1243 512 1289; x_wconf 89' lang='lat' dir='ltr'><strong>est</strong></span> <span class='ocrx_word' id='word_1_88' title='bbox 543 1236 738 1302; x_wconf 89' lang='lat' dir='ltr'><strong>Filius,</strong></span> <span class='ocrx_word' id='word_1_89' title='bbox 777 1252 964 1305; x_wconf 89' lang='lat' dir='ltr'><strong>neque</strong></span> <span class='ocrx_word' id='word_1_90' title='bbox 996 1235 1308 1304; x_wconf 89' lang='lat' dir='ltr'><strong>ingenitus,</strong></span> <span class='ocrx_word' id='word_1_91' title='bbox 1351 1238 1485 1305; x_wconf 83' lang='lat' dir='ltr'><strong>quia</strong></span> <span class='ocrx_word' id='word_1_92' title='bbox 1518 1251 1628 1287; x_wconf 90' lang='lat' dir='ltr'><strong>non</strong></span> <span class='ocrx_word' id='word_1_93' title='bbox 1665 1239 1750 1288; x_wconf 88' lang='lat' dir='ltr'><strong>est</strong></span> <span class='ocrx_word' id='word_1_94' title='bbox 1783 1236 1987 1298; x_wconf 85' lang='lat' dir='ltr'><strong>Pater;</strong></span> <span class='ocrx_word' id='word_1_95' title='bbox 2019 1247 2122 1285; x_wconf 91' lang='lat' dir='ltr'><strong>nec</strong></span> 
     </span>
    </p>
   </div>
   <div class='ocr_carea' id='block_1_14' title="bbox 429 1323 2118 1394">
    <p class='ocr_par' dir='ltr' id='par_1_14' title="bbox 429 1323 2118 1394">
     <span class='ocr_line' id='line_1_14' title="bbox 429 1323 2118 1394; baseline -0.003 -16"><span class='ocrx_word' id='word_1_96' title='bbox 429 1326 610 1378; x_wconf 87' lang='lat' dir='ltr'><strong>factus</strong></span> <span class='ocrx_word' id='word_1_97' title='bbox 662 1324 906 1394; x_wconf 83' lang='lat' dir='ltr'><strong>Spiritus</strong></span> <span class='ocrx_word' id='word_1_98' title='bbox 954 1330 1200 1383; x_wconf 88' lang='lat' dir='ltr'><strong>sanctus,</strong></span> <span class='ocrx_word' id='word_1_99' title='bbox 1248 1325 1382 1393; x_wconf 86' lang='lat' dir='ltr'><strong>quia</strong></span> <span class='ocrx_word' id='word_1_100' title='bbox 1431 1339 1546 1376; x_wconf 86' lang='lat' dir='ltr'><strong>non</strong></span> <span class='ocrx_word' id='word_1_101' title='bbox 1597 1339 1660 1376; x_wconf 80' lang='lat' dir='ltr'><strong>ex</strong></span> <span class='ocrx_word' id='word_1_102' title='bbox 1694 1323 1897 1388; x_wconf 88' lang='lat' dir='ltr'><strong>nihilo,</strong></span> <span class='ocrx_word' id='word_1_103' title='bbox 1929 1323 2022 1374; x_wconf 81' lang='lat' dir='ltr'><strong>sed</strong></span> <span class='ocrx_word' id='word_1_104' title='bbox 2054 1337 2118 1374; x_wconf 83' lang='lat' dir='ltr'><strong>ex</strong></span> 
     </span>
    </p>
   </div>
   <div class='ocr_carea' id='block_1_15' title="bbox 429 1411 2121 1482">
    <p class='ocr_par' dir='ltr' id='par_1_15' title="bbox 429 1411 2121 1482">
     <span class='ocr_line' id='line_1_15' title="bbox 429 1411 2121 1482; baseline -0.002 -16"><span class='ocrx_word' id='word_1_105' title='bbox 429 1415 544 1466; x_wconf 88' lang='lat' dir='ltr'><strong>Deo</strong></span> <span class='ocrx_word' id='word_1_106' title='bbox 577 1413 762 1478; x_wconf 87' lang='lat' dir='ltr'><strong>Patre,</strong></span> <span class='ocrx_word' id='word_1_107' title='bbox 805 1418 862 1465; x_wconf 91' lang='lat' dir='ltr'><strong>et</strong></span> <span class='ocrx_word' id='word_1_108' title='bbox 894 1413 1004 1464; x_wconf 90' lang='lat' dir='ltr'><strong>Deo</strong></span> <span class='ocrx_word' id='word_1_109' title='bbox 1039 1412 1176 1464; x_wconf 86' lang='lat' dir='ltr'><strong>Filio</strong></span> <span class='ocrx_word' id='word_1_110' title='bbox 1228 1413 1375 1464; x_wconf 89' lang='lat' dir='ltr'><strong>Deus</strong></span> <span class='ocrx_word' id='word_1_111' title='bbox 1425 1413 1754 1482; x_wconf 87' lang='lat' dir='ltr'><strong>procedens.</strong></span> <span class='ocrx_word' id='word_1_112' title='bbox 1791 1429 1818 1459; x_wconf 84' lang='lat'><strong>»</strong></span> <span class='ocrx_word' id='word_1_113' title='bbox 1867 1411 2121 1463; x_wconf 88' lang='lat' dir='ltr'><strong>Dilucide</strong></span> 
     </span>
    </p>
   </div>
   <div class='ocr_carea' id='block_1_16' title="bbox 428 1499 2122 1570">
    <p class='ocr_par' dir='ltr' id='par_1_16' title="bbox 428 1499 2122 1570">
     <span class='ocr_line' id='line_1_16' title="bbox 428 1499 2122 1570; baseline -0.001 -19"><span class='ocrx_word' id='word_1_114' title='bbox 428 1501 560 1552; x_wconf 85' lang='lat' dir='ltr'><strong>satis</strong></span> <span class='ocrx_word' id='word_1_115' title='bbox 611 1517 731 1553; x_wconf 87' lang='lat' dir='ltr'><strong>esse</strong></span> <span class='ocrx_word' id='word_1_116' title='bbox 779 1501 1081 1570; x_wconf 85' lang='lat' dir='ltr'><strong>proﬁtetur</strong></span> <span class='ocrx_word' id='word_1_117' title='bbox 1120 1499 1394 1568; x_wconf 84' lang='lat' dir='ltr'><strong>Spiritum</strong></span> <span class='ocrx_word' id='word_1_118' title='bbox 1443 1504 1697 1551; x_wconf 83' lang='lat' dir='ltr'><strong>sanctum</strong></span> <span class='ocrx_word' id='word_1_119' title='bbox 1752 1513 1819 1550; x_wconf 87' lang='lat' dir='ltr'><strong>ex</strong></span> <span class='ocrx_word' id='word_1_120' title='bbox 1871 1499 2035 1550; x_wconf 88' lang='lat' dir='ltr'><strong>Patre</strong></span> <span class='ocrx_word' id='word_1_121' title='bbox 2066 1503 2122 1550; x_wconf 89' lang='lat' dir='ltr'><strong>et</strong></span> 
     </span>
    </p>
   </div>
   <div class='ocr_carea' id='block_1_17' title="bbox 431 1586 2118 1658">
    <p class='ocr_par' dir='ltr' id='par_1_17' title="bbox 431 1586 2118 1658">
     <span class='ocr_line' id='line_1_17' title="bbox 431 1586 2118 1658; baseline -0.003 -16"><span class='ocrx_word' id='word_1_122' title='bbox 431 1590 587 1655; x_wconf 86' lang='lat' dir='ltr'><strong>Filio,</strong></span> <span class='ocrx_word' id='word_1_123' title='bbox 632 1597 784 1658; x_wconf 85' lang='lat' dir='ltr'><strong>quod</strong></span> <span class='ocrx_word' id='word_1_124' title='bbox 820 1595 905 1641; x_wconf 90' lang='lat' dir='ltr'><strong>est</strong></span> <span class='ocrx_word' id='word_1_125' title='bbox 951 1590 1018 1641; x_wconf 77' lang='lat' dir='ltr'><strong>de</strong></span> <span class='ocrx_word' id='word_1_126' title='bbox 1054 1587 1370 1640; x_wconf 84' lang='lat' dir='ltr'><strong>substantia</strong></span> <span class='ocrx_word' id='word_1_127' title='bbox 1420 1587 1600 1639; x_wconf 86' lang='lat' dir='ltr'><strong>Patris</strong></span> <span class='ocrx_word' id='word_1_128' title='bbox 1647 1586 1888 1656; x_wconf 84' lang='lat' dir='ltr'><strong>Filiique</strong></span> <span class='ocrx_word' id='word_1_129' title='bbox 1922 1602 2118 1656; x_wconf 89' lang='lat' dir='ltr'><strong>proce-</strong></span> 
     </span>
    </p>
   </div>
   <div class='ocr_carea' id='block_1_18' title="bbox 428 1675 2115 1746">
    <p class='ocr_par' dir='ltr' id='par_1_18' title="bbox 428 1675 2115 1746">
     <span class='ocr_line' id='line_1_18' title="bbox 428 1675 2115 1746; baseline -0.003 -15"><span class='ocrx_word' id='word_1_130' title='bbox 428 1679 582 1731; x_wconf 84' lang='lat' dir='ltr'><strong>dere.</strong></span> <span class='ocrx_word' id='word_1_131' title='bbox 619 1680 738 1731; x_wconf 81' lang='lat' dir='ltr'><strong>Non</strong></span> <span class='ocrx_word' id='word_1_132' title='bbox 774 1679 926 1730; x_wconf 90' lang='lat' dir='ltr'><strong>enim</strong></span> <span class='ocrx_word' id='word_1_133' title='bbox 951 1678 1118 1728; x_wconf 86' lang='lat' dir='ltr'><strong>aliter</strong></span> <span class='ocrx_word' id='word_1_134' title='bbox 1139 1693 1201 1728; x_wconf 82' lang='lat' dir='ltr'><strong>ex</strong></span> <span class='ocrx_word' id='word_1_135' title='bbox 1237 1683 1483 1745; x_wconf 83' lang='lat' dir='ltr'><strong>utroque</strong></span> <span class='ocrx_word' id='word_1_136' title='bbox 1505 1681 1728 1746; x_wconf 79' lang='lat' dir='ltr'><strong>poterat</strong></span> <span class='ocrx_word' id='word_1_137' title='bbox 1759 1693 1900 1740; x_wconf 78' lang='lat' dir='ltr'><strong>esse,</strong></span> <span class='ocrx_word' id='word_1_138' title='bbox 1930 1675 1970 1726; x_wconf 88' lang='lat' dir='ltr'><strong>si</strong></span> <span class='ocrx_word' id='word_1_139' title='bbox 2003 1692 2115 1727; x_wconf 90' lang='lat' dir='ltr'><strong>non</strong></span> 
     </span>
    </p>
   </div>
   <div class='ocr_carea' id='block_1_19' title="bbox 426 1764 2119 1835">
    <p class='ocr_par' dir='ltr' id='par_1_19' title="bbox 426 1764 2119 1835">
     <span class='ocr_line' id='line_1_19' title="bbox 426 1764 2119 1835; baseline -0.001 -17"><span class='ocrx_word' id='word_1_140' title='bbox 426 1767 878 1820; x_wconf 77' lang='lat' dir='ltr'><strong>substantialiter</strong></span> <span class='ocrx_word' id='word_1_141' title='bbox 910 1766 1243 1835; x_wconf 86' lang='lat' dir='ltr'><strong>procederet</strong></span> <span class='ocrx_word' id='word_1_142' title='bbox 1271 1765 1342 1817; x_wconf 87' lang='lat' dir='ltr'><strong>ah</strong></span> <span class='ocrx_word' id='word_1_143' title='bbox 1385 1771 1646 1834; x_wconf 82' lang='lat' dir='ltr'><strong>utroque.</strong></span> <span class='ocrx_word' id='word_1_144' title='bbox 1685 1766 1922 1831; x_wconf 85' lang='lat' dir='ltr'><strong>Propter</strong></span> <span class='ocrx_word' id='word_1_145' title='bbox 1968 1764 2119 1834; x_wconf 89' lang='lat' dir='ltr'><strong>quod</strong></span> 
     </span>
    </p>
   </div>
   <div class='ocr_carea' id='block_1_20' title="bbox 425 1853 2118 1923">
    <p class='ocr_par' dir='ltr' id='par_1_20' title="bbox 425 1853 2118 1923">
     <span class='ocr_line' id='line_1_20' title="bbox 425 1853 2118 1923; baseline -0.001 -16"><span class='ocrx_word' id='word_1_146' title='bbox 425 1855 564 1908; x_wconf 88' lang='lat' dir='ltr'><strong>dicit</strong></span> <span class='ocrx_word' id='word_1_147' title='bbox 593 1859 650 1907; x_wconf 88' lang='lat' dir='ltr'><strong>in</strong></span> <span class='ocrx_word' id='word_1_148' title='bbox 705 1853 1204 1923; x_wconf 87' lang='lat' dir='ltr'><strong>consequentibus,</strong></span> <span class='ocrx_word' id='word_1_149' title='bbox 1239 1854 1387 1922; x_wconf 90' lang='lat' dir='ltr'><strong>quod</strong></span> <span class='ocrx_word' id='word_1_150' title='bbox 1421 1870 1484 1906; x_wconf 85' lang='lat' dir='ltr'><strong>ex</strong></span> <span class='ocrx_word' id='word_1_151' title='bbox 1546 1855 1656 1906; x_wconf 84' lang='lat' dir='ltr'><strong>Deo</strong></span> <span class='ocrx_word' id='word_1_152' title='bbox 1707 1855 1870 1906; x_wconf 83' lang='lat' dir='ltr'><strong>Patre</strong></span> <span class='ocrx_word' id='word_1_153' title='bbox 1919 1858 1974 1904; x_wconf 88' lang='lat' dir='ltr'><strong>et</strong></span> <span class='ocrx_word' id='word_1_154' title='bbox 2008 1854 2118 1905; x_wconf 89' lang='lat' dir='ltr'><strong>Deo</strong></span> 
     </span>
    </p>
   </div>
   <div class='ocr_carea' id='block_1_21' title="bbox 426 1942 2120 2012">
    <p class='ocr_par' dir='ltr' id='par_1_21' title="bbox 426 1942 2120 2012">
     <span class='ocr_line' id='line_1_21' title="bbox 426 1942 2120 2012; baseline -0.003 -14"><span class='ocrx_word' id='word_1_155' title='bbox 426 1945 582 1998; x_wconf 83' lang='lat' dir='ltr'><strong>Filio&#39;</strong></span> <span class='ocrx_word' id='word_1_156' title='bbox 601 1945 746 1997; x_wconf 83' lang='lat' dir='ltr'><strong>Deus</strong></span> <span class='ocrx_word' id='word_1_157' title='bbox 768 1947 840 1995; x_wconf 74' lang='lat' dir='ltr'><strong>stt</strong></span> <span class='ocrx_word' id='word_1_158' title='bbox 866 1943 1196 2012; x_wconf 85' lang='lat' dir='ltr'><strong>procedens.</strong></span> <span class='ocrx_word' id='word_1_159' title='bbox 1229 1943 1443 1995; x_wconf 87' lang='lat' dir='ltr'><strong>Etcum</strong></span> <span class='ocrx_word' id='word_1_160' title='bbox 1476 1958 1604 1994; x_wconf 89' lang='lat' dir='ltr'><strong>eum</strong></span> <span class='ocrx_word' id='word_1_161' title='bbox 1629 1942 1780 1994; x_wconf 87' lang='lat' dir='ltr'><strong>dicat</strong></span> <span class='ocrx_word' id='word_1_162' title='bbox 1805 1942 2120 2010; x_wconf 73' lang='lat' dir='ltr'><strong>proceden-</strong></span> 
     </span>
    </p>
   </div>
   <div class='ocr_carea' id='block_1_22' title="bbox 424 2030 2120 2098">
    <p class='ocr_par' dir='ltr' id='par_1_22' title="bbox 424 2030 2120 2098">
     <span class='ocr_line' id='line_1_22' title="bbox 424 2030 2120 2098; baseline -0.002 -12"><span class='ocrx_word' id='word_1_163' title='bbox 424 2039 561 2098; x_wconf 90' lang='lat' dir='ltr'><strong>tem,</strong></span> <span class='ocrx_word' id='word_1_164' title='bbox 593 2038 764 2097; x_wconf 81' lang='lat' dir='ltr'><strong>negat</strong></span> <span class='ocrx_word' id='word_1_165' title='bbox 794 2038 982 2084; x_wconf 91' lang='lat' dir='ltr'><strong>tamen</strong></span> <span class='ocrx_word' id='word_1_166' title='bbox 1027 2048 1158 2083; x_wconf 89' lang='lat' dir='ltr'><strong>eum</strong></span> <span class='ocrx_word' id='word_1_167' title='bbox 1203 2031 1313 2084; x_wconf 90' lang='lat' dir='ltr'><strong>dici</strong></span> <span class='ocrx_word' id='word_1_168' title='bbox 1361 2030 1566 2082; x_wconf 83' lang='lat' dir='ltr'><strong>debere</strong></span> <span class='ocrx_word' id='word_1_169' title='bbox 1617 2031 1701 2082; x_wconf 86' lang='lat' dir='ltr'><strong>vel</strong></span> <span class='ocrx_word' id='word_1_170' title='bbox 1734 2037 1954 2088; x_wconf 78' lang='lat' dir='ltr'><strong>natum,</strong></span> <span class='ocrx_word' id='word_1_171' title='bbox 1987 2031 2120 2098; x_wconf 87' lang='lat' dir='ltr'><strong>quia</strong></span> 
     </span>
    </p>
   </div>
   <div class='ocr_carea' id='block_1_23' title="bbox 425 2118 2017 2186">
    <p class='ocr_par' dir='ltr' id='par_1_23' title="bbox 425 2118 2017 2186">
     <span class='ocr_line' id='line_1_23' title="bbox 425 2118 2017 2186; baseline -0.003 -12"><span class='ocrx_word' id='word_1_172' title='bbox 425 2138 540 2174; x_wconf 93' lang='lat' dir='ltr'><strong>non</strong></span> <span class='ocrx_word' id='word_1_173' title='bbox 573 2126 658 2173; x_wconf 88' lang='lat' dir='ltr'><strong>est</strong></span> <span class='ocrx_word' id='word_1_174' title='bbox 693 2120 886 2184; x_wconf 85' lang='lat' dir='ltr'><strong>Filius,</strong></span> <span class='ocrx_word' id='word_1_175' title='bbox 922 2121 1006 2171; x_wconf 80' lang='lat' dir='ltr'><strong>\el</strong></span> <span class='ocrx_word' id='word_1_176' title='bbox 1041 2120 1384 2182; x_wconf 78' lang='lat' dir='ltr'><strong>ingenitum.</strong></span> <span class='ocrx_word' id='word_1_177' title='bbox 1419 2118 1553 2186; x_wconf 88' lang='lat' dir='ltr'><strong>quia</strong></span> <span class='ocrx_word' id='word_1_178' title='bbox 1580 2133 1690 2170; x_wconf 89' lang='lat' dir='ltr'><strong>non</strong></span> <span class='ocrx_word' id='word_1_179' title='bbox 1724 2123 1808 2169; x_wconf 88' lang='lat' dir='ltr'><strong>est</strong></span> <span class='ocrx_word' id='word_1_180' title='bbox 1836 2119 2017 2170; x_wconf 86' lang='lat' dir='ltr'><strong>Pater.</strong></span> 
     </span>
    </p>
   </div>
   <div class='ocr_carea' id='block_1_24' title="bbox 499 2206 2119 2278">
    <p class='ocr_par' dir='ltr' id='par_1_24' title="bbox 499 2206 2119 2278">
     <span class='ocr_line' id='line_1_24' title="bbox 499 2206 2119 2278; baseline -0.002 -16"><span class='ocrx_word' id='word_1_181' title='bbox 499 2208 832 2278; x_wconf 86' lang='lat' dir='ltr'><strong>Fulgentius</strong></span> <span class='ocrx_word' id='word_1_182' title='bbox 863 2208 1184 2277; x_wconf 88' lang='lat' dir='ltr'><strong>episcopus,</strong></span> <span class='ocrx_word' id='word_1_183' title='bbox 1221 2207 1539 2259; x_wconf 90' lang='lat' dir='ltr'><strong>litterarum</strong></span> <span class='ocrx_word' id='word_1_184' title='bbox 1577 2206 1777 2259; x_wconf 75' lang='lat' dir='ltr'><strong>studiis</strong></span> <span class='ocrx_word' id='word_1_185' title='bbox 1811 2207 2119 2258; x_wconf 81' lang='lat' dir='ltr'><strong>admodum</strong></span> 
     </span>
    </p>
   </div>
   <div class='ocr_carea' id='block_1_25' title="bbox 426 2295 2120 2365">
    <p class='ocr_par' dir='ltr' id='par_1_25' title="bbox 426 2295 2120 2365">
     <span class='ocr_line' id='line_1_25' title="bbox 426 2295 2120 2365; baseline -0.003 -13"><span class='ocrx_word' id='word_1_186' title='bbox 426 2298 707 2365; x_wconf 90' lang='lat' dir='ltr'><strong>eruditus,</strong></span> <span class='ocrx_word' id='word_1_187' title='bbox 757 2303 813 2349; x_wconf 90' lang='lat' dir='ltr'><strong>et</strong></span> <span class='ocrx_word' id='word_1_188' title='bbox 859 2297 989 2349; x_wconf 66' lang='lat' dir='ltr'><strong>vitaz</strong></span> <span class='ocrx_word' id='word_1_189' title='bbox 1037 2297 1331 2349; x_wconf 86' lang='lat' dir='ltr'><strong>sanctitate</strong></span> <span class='ocrx_word' id='word_1_190' title='bbox 1381 2296 1737 2364; x_wconf 86' lang='lat' dir='ltr'><strong>perspicuus,</strong></span> <span class='ocrx_word' id='word_1_191' title='bbox 1791 2296 1862 2347; x_wconf 81' lang='lat' dir='ltr'><strong>ab</strong></span> <span class='ocrx_word' id='word_1_192' title='bbox 1893 2295 2120 2347; x_wconf 82' lang='lat' dir='ltr'><strong>Arianis</strong></span> 
     </span>
    </p>
   </div>
   <div class='ocr_carea' id='block_1_26' title="bbox 427 2373 2119 2458">
    <p class='ocr_par' dir='ltr' id='par_1_26' title="bbox 427 2373 2119 2458">
     <span class='ocr_line' id='line_1_26' title="bbox 427 2373 2119 2458; baseline -0.002 -18"><span class='ocrx_word' id='word_1_193' title='bbox 427 2403 656 2458; x_wconf 88' lang='lat' dir='ltr'><strong>quoque</strong></span> <span class='ocrx_word' id='word_1_194' title='bbox 703 2402 806 2456; x_wconf 87' lang='lat' dir='ltr'><strong>pro</strong></span> <span class='ocrx_word' id='word_1_195' title='bbox 881 2385 1154 2438; x_wconf 81' lang='lat' dir='ltr'><strong>catholica</strong></span> <span class='ocrx_word' id='word_1_196' title='bbox 1213 2385 1325 2437; x_wconf 83' lang='lat' dir='ltr'><strong>ﬁde</strong></span> <span class='ocrx_word' id='word_1_197' title='bbox 1397 2385 1581 2436; x_wconf 90' lang='lat' dir='ltr'><strong>multa</strong></span> <span class='ocrx_word' id='word_1_198' title='bbox 1650 2373 2119 2452; x_wconf 55' lang='lat' dir='ltr'><strong>perpessus,&#39;in</strong></span> 
     </span>
    </p>
   </div>
   <div class='ocr_carea' id='block_1_27' title="bbox 428 2471 2120 2542">
    <p class='ocr_par' dir='ltr' id='par_1_27' title="bbox 428 2471 2120 2542">
     <span class='ocr_line' id='line_1_27' title="bbox 428 2471 2120 2542; baseline -0.004 -14"><span class='ocrx_word' id='word_1_199' title='bbox 428 2477 573 2529; x_wconf 85' lang='lat' dir='ltr'><strong>libro</strong></span> <span class='ocrx_word' id='word_1_200' title='bbox 608 2475 1000 2538; x_wconf 66' lang='lat' dir='ltr'><strong>Quaestionum</strong></span> <span class='ocrx_word' id='word_1_201' title='bbox 1035 2476 1103 2527; x_wconf 91' lang='lat' dir='ltr'><strong>de</strong></span> <span class='ocrx_word' id='word_1_202' title='bbox 1135 2473 1380 2542; x_wconf 88' lang='lat' dir='ltr'><strong>Spiritus</strong></span> <span class='ocrx_word' id='word_1_203' title='bbox 1415 2473 1593 2524; x_wconf 84' lang='lat' dir='ltr'><strong>sancti</strong></span> <span class='ocrx_word' id='word_1_204' title='bbox 1637 2471 2000 2541; x_wconf 84' lang='lat' dir='ltr'><strong>processione</strong></span> <span class='ocrx_word' id='word_1_205' title='bbox 2042 2472 2120 2523; x_wconf 91' lang='lat' dir='ltr'><strong>sic</strong></span> 
     </span>
    </p>
   </div>
   <div class='ocr_carea' id='block_1_28' title="bbox 426 2562 2118 2632">
    <p class='ocr_par' dir='ltr' id='par_1_28' title="bbox 426 2562 2118 2632">
     <span class='ocr_line' id='line_1_28' title="bbox 426 2562 2118 2632; baseline -0.001 -16"><span class='ocrx_word' id='word_1_206' title='bbox 426 2565 545 2617; x_wconf 87' lang='lat' dir='ltr'><strong>ait:</strong></span> <span class='ocrx_word' id='word_1_207' title='bbox 588 2586 607 2610; x_wconf 77' lang='grc' dir='ltr'>ι</span> <span class='ocrx_word' id='word_1_208' title='bbox 641 2564 732 2617; x_wconf 89' lang='lat' dir='ltr'><strong>Sic</strong></span> <span class='ocrx_word' id='word_1_209' title='bbox 764 2567 949 2616; x_wconf 89' lang='lat' dir='ltr'><strong>totum</strong></span> <span class='ocrx_word' id='word_1_210' title='bbox 1003 2563 1150 2632; x_wconf 90' lang='lat' dir='ltr'><strong>quod</strong></span> <span class='ocrx_word' id='word_1_211' title='bbox 1211 2567 1295 2614; x_wconf 88' lang='lat' dir='ltr'><strong>est</strong></span> <span class='ocrx_word' id='word_1_212' title='bbox 1350 2562 1473 2630; x_wconf 78' lang='lat' dir='ltr'><strong>ipsa</strong></span> <span class='ocrx_word' id='word_1_213' title='bbox 1534 2568 1758 2627; x_wconf 86' lang='lat' dir='ltr'><strong>natura,</strong></span> <span class='ocrx_word' id='word_1_214' title='bbox 1812 2577 2118 2614; x_wconf 86' lang='lat' dir='ltr'><strong>commune</strong></span> 
     </span>
    </p>
   </div>
   <div class='ocr_carea' id='block_1_29' title="bbox 425 2650 2116 2720">
    <p class='ocr_par' dir='ltr' id='par_1_29' title="bbox 425 2650 2116 2720">
     <span class='ocr_line' id='line_1_29' title="bbox 425 2650 2116 2720; baseline -0.002 -14"><span class='ocrx_word' id='word_1_215' title='bbox 425 2653 612 2706; x_wconf 87' lang='lat' dir='ltr'><strong>tribus</strong></span> <span class='ocrx_word' id='word_1_216' title='bbox 670 2651 963 2704; x_wconf 82' lang='lat' dir='ltr'><strong>invenitur</strong></span> <span class='ocrx_word' id='word_1_217' title='bbox 1019 2667 1140 2703; x_wconf 88' lang='lat' dir='ltr'><strong>esse</strong></span> <span class='ocrx_word' id='word_1_218' title='bbox 1206 2651 1483 2720; x_wconf 81' lang='lat' dir='ltr'><strong>personis,</strong></span> <span class='ocrx_word' id='word_1_219' title='bbox 1543 2655 1605 2702; x_wconf 90' lang='lat' dir='ltr'><strong>ut</strong></span> <span class='ocrx_word' id='word_1_220' title='bbox 1662 2650 1875 2719; x_wconf 88' lang='lat' dir='ltr'><strong>aliquid</strong></span> <span class='ocrx_word' id='word_1_221' title='bbox 1927 2654 2116 2704; x_wconf 83' lang='lat' dir='ltr'><strong>tamen</strong></span> 
     </span>
    </p>
   </div>
   <div class='ocr_carea' id='block_1_30' title="bbox 427 2740 2117 2811">
    <p class='ocr_par' dir='ltr' id='par_1_30' title="bbox 427 2740 2117 2811">
     <span class='ocr_line' id='line_1_30' title="bbox 427 2740 2117 2811; baseline -0.002 -17"><span class='ocrx_word' id='word_1_222' title='bbox 427 2741 768 2807; x_wconf 74' lang='lat' dir='ltr'><strong>inveniatur,</strong></span> <span class='ocrx_word' id='word_1_223' title='bbox 851 2756 965 2811; x_wconf 85' lang='lat' dir='ltr'><strong>quo</strong></span> <span class='ocrx_word' id='word_1_224' title='bbox 1025 2740 1253 2809; x_wconf 83' lang='lat' dir='ltr'><strong>proprie</strong></span> <span class='ocrx_word' id='word_1_225' title='bbox 1301 2755 1666 2808; x_wconf 72' lang='lat' dir='ltr'><strong>unaqua&#39;que</strong></span> <span class='ocrx_word' id='word_1_226' title='bbox 1719 2755 1960 2808; x_wconf 78' lang='lat' dir='ltr'><strong>persona</strong></span> <span class='ocrx_word' id='word_1_227' title='bbox 2007 2754 2117 2790; x_wconf 90' lang='lat' dir='ltr'><strong>no-</strong></span> 
     </span>
    </p>
   </div>
   <div class='ocr_carea' id='block_1_31' title="bbox 425 2827 2117 2900">
    <p class='ocr_par' dir='ltr' id='par_1_31' title="bbox 425 2827 2117 2900">
     <span class='ocr_line' id='line_1_31' title="bbox 425 2827 2117 2900; baseline -0.002 -18"><span class='ocrx_word' id='word_1_228' title='bbox 425 2835 649 2884; x_wconf 86' lang='lat' dir='ltr'><strong>scatur:</strong></span> <span class='ocrx_word' id='word_1_229' title='bbox 685 2829 836 2900; x_wconf 89' lang='lat' dir='ltr'><strong>quod</strong></span> <span class='ocrx_word' id='word_1_230' title='bbox 870 2834 1063 2881; x_wconf 87' lang='lat' dir='ltr'><strong>tamen</strong></span> <span class='ocrx_word' id='word_1_231' title='bbox 1095 2844 1198 2880; x_wconf 84' lang='lat' dir='ltr'><strong>nec</strong></span> <span class='ocrx_word' id='word_1_232' title='bbox 1255 2828 1580 2880; x_wconf 78' lang='lat' dir='ltr'><strong>inveniatur</strong></span> <span class='ocrx_word' id='word_1_233' title='bbox 1626 2827 1960 2896; x_wconf 87' lang='lat' dir='ltr'><strong>separabile,</strong></span> <span class='ocrx_word' id='word_1_234' title='bbox 2016 2843 2117 2879; x_wconf 92' lang='lat' dir='ltr'><strong>nec</strong></span> 
     </span>
    </p>
   </div>
   <div class='ocr_carea' id='block_1_32' title="bbox 427 2915 2115 2988">
    <p class='ocr_par' dir='ltr' id='par_1_32' title="bbox 427 2915 2115 2988">
     <span class='ocr_line' id='line_1_32' title="bbox 427 2915 2115 2988; baseline -0.003 -16"><span class='ocrx_word' id='word_1_235' title='bbox 427 2919 605 2988; x_wconf 85' lang='lat' dir='ltr'><strong>possit</strong></span> <span class='ocrx_word' id='word_1_236' title='bbox 663 2935 786 2971; x_wconf 85' lang='lat' dir='ltr'><strong>esse</strong></span> <span class='ocrx_word' id='word_1_237' title='bbox 836 2933 1160 2970; x_wconf 89' lang='lat' dir='ltr'><strong>commune.</strong></span> <span class='ocrx_word' id='word_1_238' title='bbox 1222 2917 1356 2969; x_wconf 85' lang='lat' dir='ltr'><strong>Nam</strong></span> <span class='ocrx_word' id='word_1_239' title='bbox 1409 2916 1703 2985; x_wconf 87' lang='lat' dir='ltr'><strong>proprium</strong></span> <span class='ocrx_word' id='word_1_240' title='bbox 1768 2915 1945 2968; x_wconf 83' lang='lat' dir='ltr'><strong>Patris</strong></span> <span class='ocrx_word' id='word_1_241' title='bbox 1974 2915 2115 2968; x_wconf 84' lang='lat' dir='ltr'><strong>dici-</strong></span> 
     </span>
    </p>
   </div>
   <div class='ocr_carea' id='block_1_33' title="bbox 426 3003 2113 3077">
    <p class='ocr_par' dir='ltr' id='par_1_33' title="bbox 426 3003 2113 3077">
     <span class='ocr_line' id='line_1_33' title="bbox 426 3003 2113 3077; baseline -0.002 -17"><span class='ocrx_word' id='word_1_242' title='bbox 426 3023 552 3060; x_wconf 87' lang='lat' dir='ltr'><strong>mus</strong></span> <span class='ocrx_word' id='word_1_243' title='bbox 610 3024 752 3069; x_wconf 90' lang='lat' dir='ltr'><strong>esse,</strong></span> <span class='ocrx_word' id='word_1_244' title='bbox 807 3005 960 3077; x_wconf 90' lang='lat' dir='ltr'><strong>quod</strong></span> <span class='ocrx_word' id='word_1_245' title='bbox 1022 3005 1274 3075; x_wconf 84' lang='lat' dir='ltr'><strong>genuit:</strong></span> <span class='ocrx_word' id='word_1_246' title='bbox 1317 3005 1613 3074; x_wconf 87' lang='lat' dir='ltr'><strong>proprium</strong></span> <span class='ocrx_word' id='word_1_247' title='bbox 1685 3003 1925 3056; x_wconf 88' lang='lat' dir='ltr'><strong>dicimus</strong></span> <span class='ocrx_word' id='word_1_248' title='bbox 1995 3003 2113 3056; x_wconf 81' lang='lat' dir='ltr'><strong>Filii</strong></span> 
     </span>
    </p>
   </div>
   <div class='ocr_carea' id='block_1_34' title="bbox 425 3093 2115 3166">
    <p class='ocr_par' dir='ltr' id='par_1_34' title="bbox 425 3093 2115 3166">
     <span class='ocr_line' id='line_1_34' title="bbox 425 3093 2115 3166; baseline -0.003 -17"><span class='ocrx_word' id='word_1_249' title='bbox 425 3113 568 3165; x_wconf 91' lang='lat' dir='ltr'><strong>esse,</strong></span> <span class='ocrx_word' id='word_1_250' title='bbox 599 3095 754 3166; x_wconf 85' lang='lat' dir='ltr'><strong>quod</strong></span> <span class='ocrx_word' id='word_1_251' title='bbox 784 3097 938 3148; x_wconf 89' lang='lat' dir='ltr'><strong>solus</strong></span> <span class='ocrx_word' id='word_1_252' title='bbox 972 3094 1041 3148; x_wconf 90' lang='lat' dir='ltr'><strong>de</strong></span> <span class='ocrx_word' id='word_1_253' title='bbox 1087 3095 1206 3147; x_wconf 90' lang='lat' dir='ltr'><strong>solo</strong></span> <span class='ocrx_word' id='word_1_254' title='bbox 1240 3095 1400 3147; x_wconf 89' lang='lat' dir='ltr'><strong>Patre</strong></span> <span class='ocrx_word' id='word_1_255' title='bbox 1447 3099 1612 3146; x_wconf 82' lang='lat' dir='ltr'><strong>natus</strong></span> <span class='ocrx_word' id='word_1_256' title='bbox 1667 3099 1767 3158; x_wconf 75' lang='lat' dir='ltr'><strong>est,</strong></span> <span class='ocrx_word' id='word_1_257' title='bbox 1815 3093 2115 3162; x_wconf 84' lang='lat' dir='ltr'><strong>pmprinm</strong></span> 
     </span>
    </p>
   </div>
   <div class='ocr_carea' id='block_1_35' title="bbox 423 3181 2117 3254">
    <p class='ocr_par' dir='ltr' id='par_1_35' title="bbox 423 3181 2117 3254">
     <span class='ocr_line' id='line_1_35' title="bbox 423 3181 2117 3254; baseline -0.003 -16"><span class='ocrx_word' id='word_1_258' title='bbox 423 3184 668 3254; x_wconf 87' lang='lat' dir='ltr'><strong>Spiritus</strong></span> <span class='ocrx_word' id='word_1_259' title='bbox 707 3183 883 3236; x_wconf 88' lang='lat' dir='ltr'><strong>sancti</strong></span> <span class='ocrx_word' id='word_1_260' title='bbox 937 3183 1089 3252; x_wconf 92' lang='lat' dir='ltr'><strong>quod</strong></span> <span class='ocrx_word' id='word_1_261' title='bbox 1123 3184 1191 3236; x_wconf 90' lang='lat' dir='ltr'><strong>de</strong></span> <span class='ocrx_word' id='word_1_262' title='bbox 1238 3183 1402 3235; x_wconf 88' lang='lat' dir='ltr'><strong>Patre</strong></span> <span class='ocrx_word' id='word_1_263' title='bbox 1457 3182 1716 3252; x_wconf 89' lang='lat' dir='ltr'><strong>Filioque</strong></span> <span class='ocrx_word' id='word_1_264' title='bbox 1750 3181 2025 3250; x_wconf 83' lang='lat' dir='ltr'><strong>procedit.</strong></span> <span class='ocrx_word' id='word_1_265' title='bbox 2055 3182 2117 3233; x_wconf 87' lang='lat' dir='ltr'><strong>In</strong></span> 
     </span>
    </p>
   </div>
   <div class='ocr_carea' id='block_1_36' title="bbox 420 3267 2116 3342">
    <p class='ocr_par' dir='ltr' id='par_1_36' title="bbox 420 3267 2116 3342">
     <span class='ocr_line' id='line_1_36' title="bbox 420 3267 2116 3342; baseline -0.004 -15"><span class='ocrx_word' id='word_1_266' title='bbox 420 3272 510 3327; x_wconf 89' lang='lat' dir='ltr'><strong>his</strong></span> <span class='ocrx_word' id='word_1_267' title='bbox 531 3289 662 3326; x_wconf 77' lang='lat' dir='ltr'><strong>vero</strong></span> <span class='ocrx_word' id='word_1_268' title='bbox 724 3271 973 3342; x_wconf 84' lang='lat' dir='ltr'><strong>propriis</strong></span> <span class='ocrx_word' id='word_1_269' title='bbox 1026 3273 1183 3324; x_wconf 91' lang='lat' dir='ltr'><strong>nulla</strong></span> <span class='ocrx_word' id='word_1_270' title='bbox 1237 3276 1324 3323; x_wconf 88' lang='lat' dir='ltr'><strong>est</strong></span> <span class='ocrx_word' id='word_1_271' title='bbox 1380 3273 1598 3322; x_wconf 57' lang='lat' dir='ltr'><strong>natura:</strong></span> <span class='ocrx_word' id='word_1_272' title='bbox 1659 3267 1965 3338; x_wconf 81' lang='lat' dir='ltr'><strong>separatio,</strong></span> <span class='ocrx_word' id='word_1_273' title='bbox 2019 3268 2116 3320; x_wconf 91' lang='lat' dir='ltr'><strong>sed</strong></span> 
     </span>
    </p>
   </div>
   <div class='ocr_carea' id='block_1_37' title="bbox 421 3355 2116 3432">
    <p class='ocr_par' dir='ltr' id='par_1_37' title="bbox 421 3355 2116 3432">
     <span class='ocr_line' id='line_1_37' title="bbox 421 3355 2116 3432; baseline -0.005 -17"><span class='ocrx_word' id='word_1_274' title='bbox 421 3363 678 3432; x_wconf 68' lang='lat' dir='ltr'><strong>quaedam</strong></span> <span class='ocrx_word' id='word_1_275' title='bbox 711 3360 1029 3430; x_wconf 88' lang='lat' dir='ltr'><strong>personalis</strong></span> <span class='ocrx_word' id='word_1_276' title='bbox 1077 3358 1313 3428; x_wconf 81' lang='lat' dir='ltr'><strong>agnitio.</strong></span> <span class='ocrx_word' id='word_1_277' title='bbox 1350 3380 1377 3408; x_wconf 77' lang='grc'><strong>»</strong></span> <span class='ocrx_word' id='word_1_278' title='bbox 1430 3357 1571 3412; x_wconf 90' lang='lat' dir='ltr'><strong>Dicit</strong></span> <span class='ocrx_word' id='word_1_279' title='bbox 1619 3357 1710 3410; x_wconf 87' lang='lat' dir='ltr'><strong>hic</strong></span> <span class='ocrx_word' id='word_1_280' title='bbox 1739 3362 1939 3410; x_wconf 88' lang='lat' dir='ltr'><strong>auctor</strong></span> <span class='ocrx_word' id='word_1_281' title='bbox 1979 3355 2116 3426; x_wconf 91' lang='lat' dir='ltr'><strong>quid</strong></span> 
     </span>
    </p>
   </div>
   <div class='ocr_carea' id='block_1_38' title="bbox 421 3445 2115 3518">
    <p class='ocr_par' dir='ltr' id='par_1_38' title="bbox 421 3445 2115 3518">
     <span class='ocr_line' id='line_1_38' title="bbox 421 3445 2115 3518; baseline -0.005 -15"><span class='ocrx_word' id='word_1_282' title='bbox 421 3465 750 3515; x_wconf 78' lang='lat' dir='ltr'><strong>commune,</strong></span> <span class='ocrx_word' id='word_1_283' title='bbox 794 3447 930 3518; x_wconf 91' lang='lat' dir='ltr'><strong>quid</strong></span> <span class='ocrx_word' id='word_1_284' title='bbox 971 3446 1204 3516; x_wconf 87' lang='lat' dir='ltr'><strong>proprie</strong></span> <span class='ocrx_word' id='word_1_285' title='bbox 1251 3461 1615 3514; x_wconf 75' lang='lat' dir='ltr'><strong>unaquzeque</strong></span> <span class='ocrx_word' id='word_1_286' title='bbox 1665 3453 1874 3497; x_wconf 65' lang='lat' dir='ltr'><strong>sanctae</strong></span> <span class='ocrx_word' id='word_1_287' title='bbox 1931 3445 2115 3497; x_wconf 89' lang='lat' dir='ltr'><strong>Trini-</strong></span> 
     </span>
    </p>
   </div>
   <div class='ocr_carea' id='block_1_39' title="bbox 421 3532 2113 3605">
    <p class='ocr_par' dir='ltr' id='par_1_39' title="bbox 421 3532 2113 3605">
     <span class='ocr_line' id='line_1_39' title="bbox 421 3532 2113 3605; baseline -0.004 -15"><span class='ocrx_word' id='word_1_288' title='bbox 421 3537 552 3590; x_wconf 87' lang='lat' dir='ltr'><strong>tatis</strong></span> <span class='ocrx_word' id='word_1_289' title='bbox 591 3552 840 3605; x_wconf 86' lang='lat' dir='ltr'><strong>persona</strong></span> <span class='ocrx_word' id='word_1_290' title='bbox 885 3539 1154 3587; x_wconf 90' lang='lat' dir='ltr'><strong>noscatur</strong></span> <span class='ocrx_word' id='word_1_291' title='bbox 1211 3533 1423 3586; x_wconf 88' lang='lat' dir='ltr'><strong>habere</strong></span> <span class='ocrx_word' id='word_1_292' title='bbox 1463 3552 1477 3597; x_wconf 88' lang='lat'><strong>;</strong></span> <span class='ocrx_word' id='word_1_293' title='bbox 1523 3549 1828 3585; x_wconf 90' lang='lat' dir='ltr'><strong>commune</strong></span> <span class='ocrx_word' id='word_1_294' title='bbox 1878 3532 2113 3602; x_wconf 89' lang='lat' dir='ltr'><strong>quidem</strong></span> 
     </span>
    </p>
   </div>
   <div class='ocr_carea' id='block_1_40' title="bbox 423 3619 2110 3692">
    <p class='ocr_par' dir='ltr' id='par_1_40' title="bbox 423 3619 2110 3692">
     <span class='ocr_line' id='line_1_40' title="bbox 423 3619 2110 3692; baseline -0.004 -16"><span class='ocrx_word' id='word_1_295' title='bbox 423 3625 570 3676; x_wconf 90' lang='lat' dir='ltr'><strong>inest</strong></span> <span class='ocrx_word' id='word_1_296' title='bbox 601 3623 786 3676; x_wconf 86' lang='lat' dir='ltr'><strong>tribus</strong></span> <span class='ocrx_word' id='word_1_297' title='bbox 812 3621 1070 3692; x_wconf 85' lang='lat' dir='ltr'><strong>personis</strong></span> <span class='ocrx_word' id='word_1_298' title='bbox 1100 3621 1267 3673; x_wconf 88' lang='lat' dir='ltr'><strong>unius</strong></span> <span class='ocrx_word' id='word_1_299' title='bbox 1285 3627 1504 3672; x_wconf 69' lang='lat' dir='ltr'><strong>naturm</strong></span> <span class='ocrx_word' id='word_1_300' title='bbox 1525 3619 2110 3682; x_wconf 83' lang='lat' dir='ltr'><strong>consubstantialitas;</strong></span> 
     </span>
    </p>
   </div>
   <div class='ocr_carea' id='block_1_41' title="bbox 421 3707 2112 3781">
    <p class='ocr_par' dir='ltr' id='par_1_41' title="bbox 421 3707 2112 3781">
     <span class='ocr_line' id='line_1_41' title="bbox 421 3707 2112 3781; baseline -0.003 -17"><span class='ocrx_word' id='word_1_301' title='bbox 421 3711 720 3781; x_wconf 89' lang='lat' dir='ltr'><strong>proprium</strong></span> <span class='ocrx_word' id='word_1_302' title='bbox 769 3727 902 3763; x_wconf 88' lang='lat' dir='ltr'><strong>vero</strong></span> <span class='ocrx_word' id='word_1_303' title='bbox 965 3709 1227 3779; x_wconf 83' lang='lat' dir='ltr'><strong>singulis,</strong></span> <span class='ocrx_word' id='word_1_304' title='bbox 1283 3709 1431 3779; x_wconf 90' lang='lat' dir='ltr'><strong>quod</strong></span> <span class='ocrx_word' id='word_1_305' title='bbox 1487 3710 1652 3762; x_wconf 89' lang='lat' dir='ltr'><strong>Pater</strong></span> <span class='ocrx_word' id='word_1_306' title='bbox 1698 3710 1849 3760; x_wconf 89' lang='lat' dir='ltr'><strong>solus</strong></span> <span class='ocrx_word' id='word_1_307' title='bbox 1891 3707 2112 3776; x_wconf 84' lang='lat' dir='ltr'><strong>genuit,</strong></span> 
     </span>
    </p>
   </div>
   <div class='ocr_carea' id='block_1_42' title="bbox 424 3797 2114 3867">
    <p class='ocr_par' dir='ltr' id='par_1_42' title="bbox 424 3797 2114 3867">
     <span class='ocr_line' id='line_1_42' title="bbox 424 3797 2114 3867; baseline -0.004 -12"><span class='ocrx_word' id='word_1_308' title='bbox 424 3801 594 3855; x_wconf 83' lang='lat' dir='ltr'><strong>Filius</strong></span> <span class='ocrx_word' id='word_1_309' title='bbox 641 3801 792 3853; x_wconf 89' lang='lat' dir='ltr'><strong>solus</strong></span> <span class='ocrx_word' id='word_1_310' title='bbox 835 3805 1002 3853; x_wconf 79' lang='lat' dir='ltr'><strong>natus</strong></span> <span class='ocrx_word' id='word_1_311' title='bbox 1052 3800 1120 3853; x_wconf 93' lang='lat' dir='ltr'><strong>de</strong></span> <span class='ocrx_word' id='word_1_312' title='bbox 1169 3800 1332 3852; x_wconf 82' lang='lat' dir='ltr'><strong>Patre</strong></span> <span class='ocrx_word' id='word_1_313' title='bbox 1387 3799 1524 3862; x_wconf 89' lang='lat' dir='ltr'><strong>solo,</strong></span> <span class='ocrx_word' id='word_1_314' title='bbox 1599 3797 1842 3867; x_wconf 87' lang='lat' dir='ltr'><strong>Spiritus</strong></span> <span class='ocrx_word' id='word_1_315' title='bbox 1888 3802 2114 3850; x_wconf 86' lang='lat' dir='ltr'><strong>sanctus</strong></span> 
     </span>
    </p>
   </div>
   <div class='ocr_carea' id='block_1_43' title="bbox 421 3883 2110 3959">
    <p class='ocr_par' dir='ltr' id='par_1_43' title="bbox 421 3883 2110 3959">
     <span class='ocr_line' id='line_1_43' title="bbox 421 3883 2110 3959; baseline -0.005 -17"><span class='ocrx_word' id='word_1_316' title='bbox 421 3888 573 3959; x_wconf 90' lang='lat' dir='ltr'><strong>quod</strong></span> <span class='ocrx_word' id='word_1_317' title='bbox 605 3888 673 3942; x_wconf 91' lang='lat' dir='ltr'><strong>de</strong></span> <span class='ocrx_word' id='word_1_318' title='bbox 704 3889 866 3941; x_wconf 89' lang='lat' dir='ltr'><strong>Patre</strong></span> <span class='ocrx_word' id='word_1_319' title='bbox 916 3887 1172 3957; x_wconf 87' lang='lat' dir='ltr'><strong>Filioque</strong></span> <span class='ocrx_word' id='word_1_320' title='bbox 1217 3885 1492 3956; x_wconf 89' lang='lat' dir='ltr'><strong>procedit.</strong></span> <span class='ocrx_word' id='word_1_321' title='bbox 1525 3885 1645 3948; x_wconf 89' lang='lat' dir='ltr'><strong>Qua</strong></span> <span class='ocrx_word' id='word_1_322' title='bbox 1691 3885 1759 3938; x_wconf 89' lang='lat' dir='ltr'><strong>de</strong></span> <span class='ocrx_word' id='word_1_323' title='bbox 1792 3900 1850 3936; x_wconf 90' lang='lat' dir='ltr'><strong>re</strong></span> <span class='ocrx_word' id='word_1_324' title='bbox 1886 3883 1986 3953; x_wconf 89' lang='lat' dir='ltr'><strong>qui</strong></span> <span class='ocrx_word' id='word_1_325' title='bbox 2017 3901 2110 3935; x_wconf 88' lang='lat' dir='ltr'><strong>re-</strong></span> 
     </span>
    </p>
   </div>
   <div class='ocr_carea' id='block_1_44' title="bbox 418 3974 2112 4048">
    <p class='ocr_par' dir='ltr' id='par_1_44' title="bbox 418 3974 2112 4048">
     <span class='ocr_line' id='line_1_44' title="bbox 418 3974 2112 4048; baseline -0.004 -17"><span class='ocrx_word' id='word_1_326' title='bbox 418 3977 640 4048; x_wconf 90' lang='lat' dir='ltr'><strong>cipiunt</strong></span> <span class='ocrx_word' id='word_1_327' title='bbox 669 3977 850 4032; x_wconf 87' lang='lat' dir='ltr'><strong>Patris</strong></span> <span class='ocrx_word' id='word_1_328' title='bbox 882 3977 1066 4030; x_wconf 88' lang='lat' dir='ltr'><strong>inesse</strong></span> <span class='ocrx_word' id='word_1_329' title='bbox 1117 3974 1435 4046; x_wconf 90' lang='lat' dir='ltr'><strong>proprium,</strong></span> <span class='ocrx_word' id='word_1_330' title='bbox 1483 3975 1630 4044; x_wconf 90' lang='lat' dir='ltr'><strong>quod</strong></span> <span class='ocrx_word' id='word_1_331' title='bbox 1665 3974 1735 4026; x_wconf 88' lang='lat' dir='ltr'><strong>sit</strong></span> <span class='ocrx_word' id='word_1_332' title='bbox 1779 3975 2024 4041; x_wconf 81' lang='lat' dir='ltr'><strong>genitor,</strong></span> <span class='ocrx_word' id='word_1_333' title='bbox 2054 3978 2112 4025; x_wconf 92' lang='lat' dir='ltr'><strong>et</strong></span> 
     </span>
    </p>
   </div>
   <div class='ocr_carea' id='block_1_45' title="bbox 421 4061 2110 4136">
    <p class='ocr_par' dir='ltr' id='par_1_45' title="bbox 421 4061 2110 4136">
     <span class='ocr_line' id='line_1_45' title="bbox 421 4061 2110 4136; baseline -0.005 -16"><span class='ocrx_word' id='word_1_334' title='bbox 421 4067 548 4120; x_wconf 85' lang='lat' dir='ltr'><strong>Filii</strong></span> <span class='ocrx_word' id='word_1_335' title='bbox 585 4067 908 4136; x_wconf 86' lang='lat' dir='ltr'><strong>proprium,</strong></span> <span class='ocrx_word' id='word_1_336' title='bbox 950 4063 1106 4134; x_wconf 91' lang='lat' dir='ltr'><strong>quod</strong></span> <span class='ocrx_word' id='word_1_337' title='bbox 1146 4064 1222 4115; x_wconf 91' lang='lat' dir='ltr'><strong>sit</strong></span> <span class='ocrx_word' id='word_1_338' title='bbox 1270 4062 1518 4131; x_wconf 83' lang='lat' dir='ltr'><strong>genitus,</strong></span> <span class='ocrx_word' id='word_1_339' title='bbox 1561 4061 1840 4129; x_wconf 88' lang='lat' dir='ltr'><strong>recipiant</strong></span> <span class='ocrx_word' id='word_1_340' title='bbox 1880 4076 2110 4130; x_wconf 90' lang='lat' dir='ltr'><strong>quoque</strong></span> 
     </span>
    </p>
   </div>
   <div class='ocr_carea' id='block_1_46' title="bbox 417 4149 2110 4221">
    <p class='ocr_par' dir='ltr' id='par_1_46' title="bbox 417 4149 2110 4221">
     <span class='ocr_line' id='line_1_46' title="bbox 417 4149 2110 4221; baseline -0.003 -13"><span class='ocrx_word' id='word_1_341' title='bbox 417 4171 646 4208; x_wconf 81' lang='lat' dir='ltr'><strong>necesse</strong></span> <span class='ocrx_word' id='word_1_342' title='bbox 697 4159 782 4206; x_wconf 90' lang='lat' dir='ltr'><strong>est</strong></span> <span class='ocrx_word' id='word_1_343' title='bbox 810 4170 930 4206; x_wconf 85' lang='lat' dir='ltr'><strong>esse</strong></span> <span class='ocrx_word' id='word_1_344' title='bbox 989 4152 1229 4221; x_wconf 86' lang='lat' dir='ltr'><strong>Spiritus</strong></span> <span class='ocrx_word' id='word_1_345' title='bbox 1286 4150 1462 4202; x_wconf 86' lang='lat' dir='ltr'><strong>sancti</strong></span> <span class='ocrx_word' id='word_1_346' title='bbox 1497 4149 1818 4218; x_wconf 86' lang='lat' dir='ltr'><strong>proprium,</strong></span> <span class='ocrx_word' id='word_1_347' title='bbox 1858 4149 2010 4219; x_wconf 90' lang='lat' dir='ltr'><strong>quod</strong></span> <span class='ocrx_word' id='word_1_348' title='bbox 2041 4149 2110 4203; x_wconf 89' lang='lat' dir='ltr'><strong>de</strong></span> 
     </span>
    </p>
   </div>
   <div class='ocr_carea' id='block_1_47' title="bbox 418 4237 2111 4311">
    <p class='ocr_par' dir='ltr' id='par_1_47' title="bbox 418 4237 2111 4311">
     <span class='ocr_line' id='line_1_47' title="bbox 418 4237 2111 4311; baseline -0.003 -17"><span class='ocrx_word' id='word_1_349' title='bbox 418 4243 582 4295; x_wconf 87' lang='lat' dir='ltr'><strong>Patre</strong></span> <span class='ocrx_word' id='word_1_350' title='bbox 649 4242 903 4311; x_wconf 90' lang='lat' dir='ltr'><strong>Filioque</strong></span> <span class='ocrx_word' id='word_1_351' title='bbox 963 4238 1240 4308; x_wconf 89' lang='lat' dir='ltr'><strong>procedit.</strong></span> <span class='ocrx_word' id='word_1_352' title='bbox 1299 4237 1460 4300; x_wconf 87' lang='lat' dir='ltr'><strong>Quod</strong></span> <span class='ocrx_word' id='word_1_353' title='bbox 1519 4237 1565 4288; x_wconf 89' lang='lat' dir='ltr'><strong>si</strong></span> <span class='ocrx_word' id='word_1_354' title='bbox 1626 4252 1833 4305; x_wconf 88' lang='lat' dir='ltr'><strong>negare</strong></span> <span class='ocrx_word' id='word_1_355' title='bbox 1880 4242 2111 4289; x_wconf 89' lang='lat' dir='ltr'><strong>conten-</strong></span> 
     </span>
    </p>
   </div>
   <div class='ocr_carea' id='block_1_48' title="bbox 2237 523 3929 592">
    <p class='ocr_par' dir='ltr' id='par_1_48' title="bbox 2237 523 3929 592">
     <span class='ocr_line' id='line_1_48' title="bbox 2237 523 3929 592; baseline 0.003 -16"><span class='ocrx_word' id='word_1_356' title='bbox 2237 523 2485 576; x_wconf 90' lang='lat' dir='ltr'><strong>Proinde</strong></span> <span class='ocrx_word' id='word_1_357' title='bbox 2539 529 2693 576; x_wconf 89' lang='lat' dir='ltr'><strong>totus</strong></span> <span class='ocrx_word' id='word_1_358' title='bbox 2722 523 2790 576; x_wconf 92' lang='lat' dir='ltr'><strong>de</strong></span> <span class='ocrx_word' id='word_1_359' title='bbox 2835 523 2999 576; x_wconf 87' lang='lat' dir='ltr'><strong>Patre</strong></span> <span class='ocrx_word' id='word_1_360' title='bbox 3036 524 3296 592; x_wconf 90' lang='lat' dir='ltr'><strong>procedit</strong></span> <span class='ocrx_word' id='word_1_361' title='bbox 3324 529 3391 592; x_wconf 29' lang='lat' dir='ltr'><strong>let</strong></span> <span class='ocrx_word' id='word_1_362' title='bbox 3456 526 3617 589; x_wconf 89' lang='lat' dir='ltr'><strong>Filio,</strong></span> <span class='ocrx_word' id='word_1_363' title='bbox 3667 531 3816 580; x_wconf 90' lang='lat' dir='ltr'><strong>totus</strong></span> <span class='ocrx_word' id='word_1_364' title='bbox 3868 529 3929 581; x_wconf 91' lang='lat' dir='ltr'><strong>in</strong></span> 
     </span>
    </p>
   </div>
   <div class='ocr_carea' id='block_1_49' title="bbox 2236 612 3930 685">
    <p class='ocr_par' dir='ltr' id='par_1_49' title="bbox 2236 612 3930 685">
     <span class='ocr_line' id='line_1_49' title="bbox 2236 612 3930 685; baseline 0.002 -20"><span class='ocrx_word' id='word_1_365' title='bbox 2236 613 2400 665; x_wconf 85' lang='lat' dir='ltr'><strong>Patre</strong></span> <span class='ocrx_word' id='word_1_366' title='bbox 2430 616 2621 665; x_wconf 88' lang='lat' dir='ltr'><strong>manet</strong></span> <span class='ocrx_word' id='word_1_367' title='bbox 2675 629 2737 664; x_wconf 91' lang='lat' dir='ltr'><strong>ac</strong></span> <span class='ocrx_word' id='word_1_368' title='bbox 2777 612 2948 678; x_wconf 85' lang='lat' dir='ltr'><strong>Filio;</strong></span> <span class='ocrx_word' id='word_1_369' title='bbox 3000 613 3135 682; x_wconf 88' lang='lat' dir='ltr'><strong>quia</strong></span> <span class='ocrx_word' id='word_1_370' title='bbox 3166 613 3244 666; x_wconf 89' lang='lat' dir='ltr'><strong>sic</strong></span> <span class='ocrx_word' id='word_1_371' title='bbox 3285 620 3478 666; x_wconf 88' lang='lat' dir='ltr'><strong>manet</strong></span> <span class='ocrx_word' id='word_1_372' title='bbox 3527 619 3587 667; x_wconf 91' lang='lat' dir='ltr'><strong>ut</strong></span> <span class='ocrx_word' id='word_1_373' title='bbox 3640 617 3930 685; x_wconf 83' lang='lat' dir='ltr'><strong>procedat,</strong></span> 
     </span>
    </p>
   </div>
   <div class='ocr_carea' id='block_1_50' title="bbox 2234 701 3932 770">
    <p class='ocr_par' dir='ltr' id='par_1_50' title="bbox 2234 701 3932 770">
     <span class='ocr_line' id='line_1_50' title="bbox 2234 701 3932 770; baseline 0.004 -19"><span class='ocrx_word' id='word_1_374' title='bbox 2234 701 2310 752; x_wconf 91' lang='lat' dir='ltr'><strong>sic</strong></span> <span class='ocrx_word' id='word_1_375' title='bbox 2343 701 2595 770; x_wconf 88' lang='lat' dir='ltr'><strong>procedit</strong></span> <span class='ocrx_word' id='word_1_376' title='bbox 2627 705 2686 752; x_wconf 92' lang='lat' dir='ltr'><strong>ut</strong></span> <span class='ocrx_word' id='word_1_377' title='bbox 2720 704 2964 753; x_wconf 81' lang='lat' dir='ltr'><strong>maneat.</strong></span> <span class='ocrx_word' id='word_1_378' title='bbox 3013 701 3168 754; x_wconf 92' lang='lat' dir='ltr'><strong>Unde</strong></span> <span class='ocrx_word' id='word_1_379' title='bbox 3201 703 3538 754; x_wconf 87' lang='lat' dir='ltr'><strong>naturaliter</strong></span> <span class='ocrx_word' id='word_1_380' title='bbox 3565 703 3711 756; x_wconf 88' lang='lat' dir='ltr'><strong>hanc</strong></span> <span class='ocrx_word' id='word_1_381' title='bbox 3757 705 3932 758; x_wconf 87' lang='lat' dir='ltr'><strong>habet</strong></span> 
     </span>
    </p>
   </div>
   <div class='ocr_carea' id='block_1_51' title="bbox 2233 789 3932 861">
    <p class='ocr_par' dir='ltr' id='par_1_51' title="bbox 2233 789 3932 861">
     <span class='ocr_line' id='line_1_51' title="bbox 2233 789 3932 861; baseline 0.003 -19"><span class='ocrx_word' id='word_1_382' title='bbox 2233 806 2360 842; x_wconf 89' lang='lat' dir='ltr'><strong>cum</strong></span> <span class='ocrx_word' id='word_1_383' title='bbox 2391 791 2560 843; x_wconf 85' lang='lat' dir='ltr'><strong>Patre</strong></span> <span class='ocrx_word' id='word_1_384' title='bbox 2591 807 2653 842; x_wconf 90' lang='lat' dir='ltr'><strong>ac</strong></span> <span class='ocrx_word' id='word_1_385' title='bbox 2689 790 2827 842; x_wconf 88' lang='lat' dir='ltr'><strong>Filio</strong></span> <span class='ocrx_word' id='word_1_386' title='bbox 2878 789 3113 842; x_wconf 87' lang='lat' dir='ltr'><strong>unitatis</strong></span> <span class='ocrx_word' id='word_1_387' title='bbox 3161 790 3604 859; x_wconf 88' lang='lat' dir='ltr'><strong>plenitudinem,</strong></span> <span class='ocrx_word' id='word_1_388' title='bbox 3654 799 3708 845; x_wconf 89' lang='lat' dir='ltr'><strong>et</strong></span> <span class='ocrx_word' id='word_1_389' title='bbox 3742 793 3932 861; x_wconf 88' lang='lat' dir='ltr'><strong>pleni-</strong></span> 
     </span>
    </p>
   </div>
   <div class='ocr_carea' id='block_1_52' title="bbox 2236 878 3932 943">
    <p class='ocr_par' dir='ltr' id='par_1_52' title="bbox 2236 878 3932 943">
     <span class='ocr_line' id='line_1_52' title="bbox 2236 878 3932 943; baseline 0.001 -11"><span class='ocrx_word' id='word_1_390' title='bbox 2236 878 2454 932; x_wconf 88' lang='lat' dir='ltr'><strong>tudinis</strong></span> <span class='ocrx_word' id='word_1_391' title='bbox 2485 878 2788 937; x_wconf 85' lang='lat' dir='ltr'><strong>unitatem,</strong></span> <span class='ocrx_word' id='word_1_392' title='bbox 2840 883 2904 930; x_wconf 91' lang='lat' dir='ltr'><strong>ut</strong></span> <span class='ocrx_word' id='word_1_393' title='bbox 2952 883 3108 929; x_wconf 87' lang='lat' dir='ltr'><strong>totus</strong></span> <span class='ocrx_word' id='word_1_394' title='bbox 3157 895 3188 931; x_wconf 92' lang='lat' dir='ltr'><strong>a</strong></span> <span class='ocrx_word' id='word_1_395' title='bbox 3235 880 3419 943; x_wconf 87' lang='lat' dir='ltr'><strong>Patre,</strong></span> <span class='ocrx_word' id='word_1_396' title='bbox 3452 884 3607 932; x_wconf 89' lang='lat' dir='ltr'><strong>totus</strong></span> <span class='ocrx_word' id='word_1_397' title='bbox 3650 880 3932 934; x_wconf 90' lang='lat' dir='ltr'><strong>habeatur</strong></span> 
     </span>
    </p>
   </div>
   <div class='ocr_carea' id='block_1_53' title="bbox 2231 967 3930 1036">
    <p class='ocr_par' dir='ltr' id='par_1_53' title="bbox 2231 967 3930 1036">
     <span class='ocr_line' id='line_1_53' title="bbox 2231 967 3930 1036; baseline 0.002 -18"><span class='ocrx_word' id='word_1_398' title='bbox 2231 982 2263 1018; x_wconf 91' lang='lat' dir='ltr'><strong>a</strong></span> <span class='ocrx_word' id='word_1_399' title='bbox 2296 967 2456 1019; x_wconf 90' lang='lat' dir='ltr'><strong>Filio.</strong></span> <span class='ocrx_word' id='word_1_400' title='bbox 2491 969 2613 1020; x_wconf 75' lang='lat' dir='ltr'><strong>Non</strong></span> <span class='ocrx_word' id='word_1_401' title='bbox 2653 983 2788 1036; x_wconf 90' lang='lat' dir='ltr'><strong>ergo</strong></span> <span class='ocrx_word' id='word_1_402' title='bbox 2817 967 3033 1036; x_wconf 89' lang='lat' dir='ltr'><strong>accepit</strong></span> <span class='ocrx_word' id='word_1_403' title='bbox 3062 967 3337 1036; x_wconf 89' lang='lat' dir='ltr'><strong>Spiritum</strong></span> <span class='ocrx_word' id='word_1_404' title='bbox 3370 975 3628 1022; x_wconf 89' lang='lat' dir='ltr'><strong>sanctum</strong></span> <span class='ocrx_word' id='word_1_405' title='bbox 3661 969 3930 1022; x_wconf 73' lang='lat' dir='ltr'><strong>divinitas</strong></span> 
     </span>
    </p>
   </div>
   <div class='ocr_carea' id='block_1_54' title="bbox 2233 1056 3929 1126">
    <p class='ocr_par' dir='ltr' id='par_1_54' title="bbox 2233 1056 3929 1126">
     <span class='ocr_line' id='line_1_54' title="bbox 2233 1056 3929 1126; baseline 0.002 -18"><span class='ocrx_word' id='word_1_406' title='bbox 2233 1056 2379 1122; x_wconf 86' lang='lat' dir='ltr'><strong>Filii,</strong></span> <span class='ocrx_word' id='word_1_407' title='bbox 2413 1073 2542 1108; x_wconf 91' lang='lat' dir='ltr'><strong>cum</strong></span> <span class='ocrx_word' id='word_1_408' title='bbox 2575 1072 2688 1126; x_wconf 89' lang='lat' dir='ltr'><strong>qua</strong></span> <span class='ocrx_word' id='word_1_409' title='bbox 2731 1057 2899 1108; x_wconf 89' lang='lat' dir='ltr'><strong>unius</strong></span> <span class='ocrx_word' id='word_1_410' title='bbox 2942 1061 3025 1108; x_wconf 87' lang='lat' dir='ltr'><strong>est</strong></span> <span class='ocrx_word' id='word_1_411' title='bbox 3059 1063 3277 1108; x_wconf 65' lang='lat' dir='ltr'><strong>natura:</strong></span> <span class='ocrx_word' id='word_1_412' title='bbox 3308 1057 3553 1125; x_wconf 88' lang='lat' dir='ltr'><strong>Spiritus</strong></span> <span class='ocrx_word' id='word_1_413' title='bbox 3592 1065 3839 1118; x_wconf 85' lang='lat' dir='ltr'><strong>sanctus,</strong></span> <span class='ocrx_word' id='word_1_414' title='bbox 3874 1064 3929 1111; x_wconf 88' lang='lat' dir='ltr'><strong>et</strong></span> 
     </span>
    </p>
   </div>
   <div class='ocr_carea' id='block_1_55' title="bbox 2231 1144 3929 1215">
    <p class='ocr_par' dir='ltr' id='par_1_55' title="bbox 2231 1144 3929 1215">
     <span class='ocr_line' id='line_1_55' title="bbox 2231 1144 3929 1215; baseline 0.003 -19"><span class='ocrx_word' id='word_1_415' title='bbox 2231 1160 2296 1196; x_wconf 87' lang='lat' dir='ltr'><strong>ex</strong></span> <span class='ocrx_word' id='word_1_416' title='bbox 2325 1161 2438 1213; x_wconf 88' lang='lat' dir='ltr'><strong>qua</strong></span> <span class='ocrx_word' id='word_1_417' title='bbox 2485 1145 2656 1197; x_wconf 87' lang='lat' dir='ltr'><strong>habet</strong></span> <span class='ocrx_word' id='word_1_418' title='bbox 2701 1144 2982 1214; x_wconf 88' lang='lat' dir='ltr'><strong>quidquid</strong></span> <span class='ocrx_word' id='word_1_419' title='bbox 3017 1144 3206 1209; x_wconf 88' lang='lat' dir='ltr'><strong>habet,</strong></span> <span class='ocrx_word' id='word_1_420' title='bbox 3259 1145 3375 1197; x_wconf 89' lang='lat' dir='ltr'><strong>imo</strong></span> <span class='ocrx_word' id='word_1_421' title='bbox 3425 1146 3492 1197; x_wconf 87' lang='lat' dir='ltr'><strong>de</strong></span> <span class='ocrx_word' id='word_1_422' title='bbox 3542 1161 3651 1215; x_wconf 89' lang='lat' dir='ltr'><strong>qua</strong></span> <span class='ocrx_word' id='word_1_423' title='bbox 3703 1149 3929 1201; x_wconf 85' lang='lat' dir='ltr'><strong>esthoc</strong></span> 
     </span>
    </p>
   </div>
   <div class='ocr_carea' id='block_1_56' title="bbox 2230 1233 3924 1303">
    <p class='ocr_par' dir='ltr' id='par_1_56' title="bbox 2230 1233 3924 1303">
     <span class='ocr_line' id='line_1_56' title="bbox 2230 1233 3924 1303; baseline 0.001 -19"><span class='ocrx_word' id='word_1_424' title='bbox 2230 1233 2381 1301; x_wconf 91' lang='lat' dir='ltr'><strong>quod</strong></span> <span class='ocrx_word' id='word_1_425' title='bbox 2430 1238 2552 1296; x_wconf 85' lang='lat' dir='ltr'><strong>est;</strong></span> <span class='ocrx_word' id='word_1_426' title='bbox 2603 1233 2737 1303; x_wconf 85' lang='lat' dir='ltr'><strong>quia</strong></span> <span class='ocrx_word' id='word_1_427' title='bbox 2783 1234 2931 1302; x_wconf 92' lang='lat' dir='ltr'><strong>quod</strong></span> <span class='ocrx_word' id='word_1_428' title='bbox 2984 1233 3322 1286; x_wconf 89' lang='lat' dir='ltr'><strong>naturaliter</strong></span> <span class='ocrx_word' id='word_1_429' title='bbox 3366 1234 3555 1298; x_wconf 84' lang='lat' dir='ltr'><strong>habet,</strong></span> <span class='ocrx_word' id='word_1_430' title='bbox 3603 1236 3709 1287; x_wconf 88' lang='lat' dir='ltr'><strong>hoc</strong></span> <span class='ocrx_word' id='word_1_431' title='bbox 3757 1241 3861 1288; x_wconf 91' lang='lat' dir='ltr'><strong>est.</strong></span> <span class='ocrx_word' id='word_1_432' title='bbox 3897 1255 3924 1286; x_wconf 74' lang='grc' dir='ltr'><strong>ιο</strong></span> 
     </span>
    </p>
   </div>
   <div class='ocr_carea' id='block_1_57' title="bbox 2233 1321 3930 1391">
    <p class='ocr_par' dir='ltr' id='par_1_57' title="bbox 2233 1321 3930 1391">
     <span class='ocr_line' id='line_1_57' title="bbox 2233 1321 3930 1391; baseline 0.002 -18"><span class='ocrx_word' id='word_1_433' title='bbox 2233 1321 2407 1374; x_wconf 83' lang='lat' dir='ltr'><strong>Locus</strong></span> <span class='ocrx_word' id='word_1_434' title='bbox 2445 1322 2550 1374; x_wconf 90' lang='lat' dir='ltr'><strong>iste</strong></span> <span class='ocrx_word' id='word_1_435' title='bbox 2582 1326 2859 1374; x_wconf 87' lang='lat' dir='ltr'><strong>tractatur</strong></span> <span class='ocrx_word' id='word_1_436' title='bbox 2890 1321 2960 1375; x_wconf 89' lang='lat' dir='ltr'><strong>de</strong></span> <span class='ocrx_word' id='word_1_437' title='bbox 3007 1322 3364 1391; x_wconf 87' lang='lat' dir='ltr'><strong>plenitudine</strong></span> <span class='ocrx_word' id='word_1_438' title='bbox 3416 1323 3734 1376; x_wconf 79' lang='lat' dir='ltr'><strong>divinitatis</strong></span> <span class='ocrx_word' id='word_1_439' title='bbox 3773 1325 3930 1377; x_wconf 77' lang='lat' dir='ltr'><strong>Chri-</strong></span> 
     </span>
    </p>
   </div>
   <div class='ocr_carea' id='block_1_58' title="bbox 2230 1410 3927 1481">
    <p class='ocr_par' dir='ltr' id='par_1_58' title="bbox 2230 1410 3927 1481">
     <span class='ocr_line' id='line_1_58' title="bbox 2230 1410 3927 1481; baseline 0.002 -19"><span class='ocrx_word' id='word_1_440' title='bbox 2230 1411 2321 1473; x_wconf 91' lang='lat' dir='ltr'><strong>sti,</strong></span> <span class='ocrx_word' id='word_1_441' title='bbox 2355 1411 2505 1464; x_wconf 89' lang='lat' dir='ltr'><strong>etde</strong></span> <span class='ocrx_word' id='word_1_442' title='bbox 2557 1410 2735 1480; x_wconf 90' lang='lat' dir='ltr'><strong>ipsius</strong></span> <span class='ocrx_word' id='word_1_443' title='bbox 2782 1410 3176 1464; x_wconf 88' lang='lat' dir='ltr'><strong>humanitate:</strong></span> <span class='ocrx_word' id='word_1_444' title='bbox 3228 1411 3649 1464; x_wconf 88' lang='lat' dir='ltr'><strong>humanitatem</strong></span> <span class='ocrx_word' id='word_1_445' title='bbox 3690 1412 3927 1481; x_wconf 88' lang='lat' dir='ltr'><strong>quidem</strong></span> 
     </span>
    </p>
   </div>
   <div class='ocr_carea' id='block_1_59' title="bbox 2228 1497 3927 1570">
    <p class='ocr_par' dir='ltr' id='par_1_59' title="bbox 2228 1497 3927 1570">
     <span class='ocr_line' id='line_1_59' title="bbox 2228 1497 3927 1570; baseline 0.001 -18"><span class='ocrx_word' id='word_1_446' title='bbox 2228 1497 2366 1552; x_wconf 91' lang='lat' dir='ltr'><strong>dicit</strong></span> <span class='ocrx_word' id='word_1_447' title='bbox 2411 1498 2692 1568; x_wconf 87' lang='lat' dir='ltr'><strong>accepisse</strong></span> <span class='ocrx_word' id='word_1_448' title='bbox 2741 1497 3020 1566; x_wconf 84' lang='lat' dir='ltr'><strong>Spiritum</strong></span> <span class='ocrx_word' id='word_1_449' title='bbox 3073 1504 3356 1563; x_wconf 84' lang='lat' dir='ltr'><strong>sanctum,</strong></span> <span class='ocrx_word' id='word_1_450' title='bbox 3415 1516 3527 1552; x_wconf 91' lang='lat' dir='ltr'><strong>non</strong></span> <span class='ocrx_word' id='word_1_451' title='bbox 3577 1501 3809 1570; x_wconf 89' lang='lat' dir='ltr'><strong>quidem</strong></span> <span class='ocrx_word' id='word_1_452' title='bbox 3859 1502 3927 1554; x_wconf 86' lang='lat' dir='ltr'><strong>ad</strong></span> 
     </span>
    </p>
   </div>
   <div class='ocr_carea' id='block_1_60' title="bbox 2230 1587 3928 1658">
    <p class='ocr_par' dir='ltr' id='par_1_60' title="bbox 2230 1587 3928 1658">
     <span class='ocr_line' id='line_1_60' title="bbox 2230 1587 3928 1658; baseline 0.002 -19"><span class='ocrx_word' id='word_1_453' title='bbox 2230 1603 2577 1650; x_wconf 87' lang='lat' dir='ltr'><strong>mensuram,</strong></span> <span class='ocrx_word' id='word_1_454' title='bbox 2624 1588 2760 1657; x_wconf 90' lang='lat' dir='ltr'><strong>quia</strong></span> <span class='ocrx_word' id='word_1_455' title='bbox 2825 1587 3139 1641; x_wconf 81' lang='lat' dir='ltr'><strong>divinitatis</strong></span> <span class='ocrx_word' id='word_1_456' title='bbox 3207 1589 3504 1658; x_wconf 89' lang='lat' dir='ltr'><strong>plenitudo</strong></span> <span class='ocrx_word' id='word_1_457' title='bbox 3573 1588 3835 1642; x_wconf 87' lang='lat' dir='ltr'><strong>consistit</strong></span> <span class='ocrx_word' id='word_1_458' title='bbox 3868 1590 3928 1642; x_wconf 92' lang='lat' dir='ltr'><strong>in</strong></span> 
     </span>
    </p>
   </div>
   <div class='ocr_carea' id='block_1_61' title="bbox 2234 1675 3924 1743">
    <p class='ocr_par' dir='ltr' id='par_1_61' title="bbox 2234 1675 3924 1743">
     <span class='ocr_line' id='line_1_61' title="bbox 2234 1675 3924 1743; baseline 0.002 -16"><span class='ocrx_word' id='word_1_459' title='bbox 2234 1676 2347 1741; x_wconf 90' lang='lat' dir='ltr'><strong>illa,</strong></span> <span class='ocrx_word' id='word_1_460' title='bbox 2400 1675 2546 1728; x_wconf 85' lang='lat' dir='ltr'><strong>sicut</strong></span> <span class='ocrx_word' id='word_1_461' title='bbox 2593 1675 2960 1743; x_wconf 83' lang='lat' dir='ltr'><strong>Evangelium</strong></span> <span class='ocrx_word' id='word_1_462' title='bbox 3007 1680 3268 1737; x_wconf 84' lang='lat' dir='ltr'><strong>testatur,</strong></span> <span class='ocrx_word' id='word_1_463' title='bbox 3314 1676 3506 1729; x_wconf 86' lang='lat' dir='ltr'><strong>dicens</strong></span> <span class='ocrx_word' id='word_1_464' title='bbox 3542 1677 3611 1730; x_wconf 91' lang='lat' dir='ltr'><strong>de</strong></span> <span class='ocrx_word' id='word_1_465' title='bbox 3661 1677 3924 1730; x_wconf 86' lang='lat' dir='ltr'><strong>Christo:</strong></span> 
     </span>
    </p>
   </div>
   <div class='ocr_carea' id='block_1_62' title="bbox 2161 1737 3930 1833">
    <p class='ocr_par' dir='ltr' id='par_1_62' title="bbox 2161 1737 3930 1833">
     <span class='ocr_line' id='line_1_62' title="bbox 2161 1737 3930 1833; baseline 0.001 -16"><span class='ocrx_word' id='word_1_466' title='bbox 2161 1737 2200 1790; x_wconf 77' lang='grc' dir='ltr'><strong>Β</strong></span> <span class='ocrx_word' id='word_1_467' title='bbox 2231 1766 2300 1817; x_wconf 82' lang='lat' dir='ltr'><strong>Et</strong></span> <span class='ocrx_word' id='word_1_468' title='bbox 2340 1763 2579 1816; x_wconf 73' lang='lat' dir='ltr'><strong>uidimus</strong></span> <span class='ocrx_word' id='word_1_469' title='bbox 2626 1765 2856 1829; x_wconf 84' lang='lat' dir='ltr'><strong>gloriam</strong></span> <span class='ocrx_word' id='word_1_470' title='bbox 2904 1765 3040 1833; x_wconf 75' lang='lat' dir='ltr'><strong>ejus.</strong></span> <span class='ocrx_word' id='word_1_471' title='bbox 3091 1765 3320 1829; x_wconf 82' lang='lat' dir='ltr'><strong>gloriam</strong></span> <span class='ocrx_word' id='word_1_472' title='bbox 3377 1768 3538 1832; x_wconf 79' lang='lat' dir='ltr'><strong>quasi</strong></span> <span class='ocrx_word' id='word_1_473' title='bbox 3590 1769 3864 1831; x_wconf 76' lang='lat' dir='ltr'><strong>unigeniti</strong></span> <span class='ocrx_word' id='word_1_474' title='bbox 3894 1782 3930 1818; x_wconf 84' lang='grc' dir='ltr'><strong><em>(ι</em></strong></span> 
     </span>
    </p>
   </div>
   <div class='ocr_carea' id='block_1_63' title="bbox 2227 1853 3927 1922">
    <p class='ocr_par' dir='ltr' id='par_1_63' title="bbox 2227 1853 3927 1922">
     <span class='ocr_line' id='line_1_63' title="bbox 2227 1853 3927 1922; baseline 0.001 -18"><span class='ocrx_word' id='word_1_475' title='bbox 2227 1853 2403 1917; x_wconf 81' lang='lat' dir='ltr'><strong>Patre,</strong></span> <span class='ocrx_word' id='word_1_476' title='bbox 2456 1854 2674 1920; x_wconf 79' lang='lat' dir='ltr'><strong>plenum</strong></span> <span class='ocrx_word' id='word_1_477' title='bbox 2721 1855 2915 1918; x_wconf 75' lang='lat' dir='ltr'><strong>gratiae</strong></span> <span class='ocrx_word' id='word_1_478' title='bbox 2956 1858 3005 1906; x_wconf 79' lang='lat' dir='ltr'><strong>et</strong></span> <span class='ocrx_word' id='word_1_479' title='bbox 3034 1855 3284 1906; x_wconf 78' lang='lat' dir='ltr'><strong>veritatis</strong></span> <span class='ocrx_word' id='word_1_480' title='bbox 3334 1855 3510 1921; x_wconf 81' lang='lat' dir='ltr'><strong>(Joan.</strong></span> <span class='ocrx_word' id='word_1_481' title='bbox 3564 1870 3604 1918; x_wconf 85' lang='lat'><strong>1,</strong></span> <span class='ocrx_word' id='word_1_482' title='bbox 3651 1854 3766 1922; x_wconf 73' lang='grc'><strong>14).</strong></span> <span class='ocrx_word' id='word_1_483' title='bbox 3820 1855 3927 1906; x_wconf 81' lang='lat' dir='ltr'><strong>Ve-</strong></span> 
     </span>
    </p>
   </div>
   <div class='ocr_carea' id='block_1_64' title="bbox 2230 1941 3926 2006">
    <p class='ocr_par' dir='ltr' id='par_1_64' title="bbox 2230 1941 3926 2006">
     <span class='ocr_line' id='line_1_64' title="bbox 2230 1941 3926 2006; baseline 0.002 -13"><span class='ocrx_word' id='word_1_484' title='bbox 2230 1941 2364 1993; x_wconf 88' lang='lat' dir='ltr'><strong>ritas</strong></span> <span class='ocrx_word' id='word_1_485' title='bbox 2414 1942 2480 1994; x_wconf 89' lang='lat' dir='ltr'><strong>ad</strong></span> <span class='ocrx_word' id='word_1_486' title='bbox 2527 1941 2904 2004; x_wconf 83' lang='lat' dir='ltr'><strong>divinitatem,</strong></span> <span class='ocrx_word' id='word_1_487' title='bbox 2949 1942 3129 2006; x_wconf 77' lang='lat' dir='ltr'><strong>gratia</strong></span> <span class='ocrx_word' id='word_1_488' title='bbox 3179 1942 3428 1996; x_wconf 89' lang='lat' dir='ltr'><strong>refertur</strong></span> <span class='ocrx_word' id='word_1_489' title='bbox 3478 1943 3546 1996; x_wconf 89' lang='lat' dir='ltr'><strong>ad</strong></span> <span class='ocrx_word' id='word_1_490' title='bbox 3579 1943 3820 1998; x_wconf 86' lang='lat' dir='ltr'><strong>donum.</strong></span> <span class='ocrx_word' id='word_1_491' title='bbox 3857 1945 3926 1996; x_wconf 87' lang='lat' dir='ltr'><strong>Ut</strong></span> 
     </span>
    </p>
   </div>
   <div class='ocr_carea' id='block_1_65' title="bbox 2227 2017 3922 2099">
    <p class='ocr_par' dir='ltr' id='par_1_65' title="bbox 2227 2017 3922 2099">
     <span class='ocr_line' id='line_1_65' title="bbox 2227 2017 3922 2099; baseline 0 -19"><span class='ocrx_word' id='word_1_492' title='bbox 2227 2017 2384 2081; x_wconf 76' lang='lat' dir='ltr'><strong>enini</strong></span> <span class='ocrx_word' id='word_1_493' title='bbox 2431 2031 2602 2082; x_wconf 91' lang='lat' dir='ltr'><strong>homo</strong></span> <span class='ocrx_word' id='word_1_494' title='bbox 2648 2030 2716 2083; x_wconf 86' lang='lat' dir='ltr'><strong>de</strong></span> <span class='ocrx_word' id='word_1_495' title='bbox 2762 2030 2991 2093; x_wconf 79' lang='lat' dir='ltr'><strong>Virgine</strong></span> <span class='ocrx_word' id='word_1_496' title='bbox 3030 2035 3195 2083; x_wconf 80' lang='lat' dir='ltr'><strong>natus</strong></span> <span class='ocrx_word' id='word_1_497' title='bbox 3238 2031 3523 2099; x_wconf 76' lang='lat' dir='ltr'><strong>perfectus</strong></span> <span class='ocrx_word' id='word_1_498' title='bbox 3573 2035 3719 2084; x_wconf 83' lang='lat' dir='ltr'><strong>esset</strong></span> <span class='ocrx_word' id='word_1_499' title='bbox 3752 2033 3922 2090; x_wconf 79' lang='lat' dir='ltr'><strong>Deus,</strong></span> 
     </span>
    </p>
   </div>
   <div class='ocr_carea' id='block_1_66' title="bbox 2227 2118 3923 2189">
    <p class='ocr_par' dir='ltr' id='par_1_66' title="bbox 2227 2118 3923 2189">
     <span class='ocr_line' id='line_1_66' title="bbox 2227 2118 3923 2189; baseline 0.002 -21"><span class='ocrx_word' id='word_1_500' title='bbox 2227 2119 2372 2170; x_wconf 86' lang='lat' dir='ltr'><strong>sicut</strong></span> <span class='ocrx_word' id='word_1_501' title='bbox 2415 2118 2696 2186; x_wconf 86' lang='lat' dir='ltr'><strong>perfectus</strong></span> <span class='ocrx_word' id='word_1_502' title='bbox 2744 2124 2830 2171; x_wconf 87' lang='lat' dir='ltr'><strong>est</strong></span> <span class='ocrx_word' id='word_1_503' title='bbox 2880 2120 3072 2179; x_wconf 88' lang='lat' dir='ltr'><strong>homo,</strong></span> <span class='ocrx_word' id='word_1_504' title='bbox 3134 2135 3249 2170; x_wconf 90' lang='lat' dir='ltr'><strong>non</strong></span> <span class='ocrx_word' id='word_1_505' title='bbox 3306 2120 3526 2185; x_wconf 82' lang='lat' dir='ltr'><strong>merito,</strong></span> <span class='ocrx_word' id='word_1_506' title='bbox 3580 2120 3673 2172; x_wconf 91' lang='lat' dir='ltr'><strong>sed</strong></span> <span class='ocrx_word' id='word_1_507' title='bbox 3722 2121 3923 2189; x_wconf 66' lang='lat' dir='ltr'><strong>gratiae</strong></span> 
     </span>
    </p>
   </div>
   <div class='ocr_carea' id='block_1_67' title="bbox 2228 2205 3923 2275">
    <p class='ocr_par' dir='ltr' id='par_1_67' title="bbox 2228 2205 3923 2275">
     <span class='ocr_line' id='line_1_67' title="bbox 2228 2205 3923 2275; baseline 0.002 -18"><span class='ocrx_word' id='word_1_508' title='bbox 2228 2205 2434 2258; x_wconf 59' lang='lat' dir='ltr'><strong>divinas</strong></span> <span class='ocrx_word' id='word_1_509' title='bbox 2465 2208 2616 2258; x_wconf 86' lang='lat' dir='ltr'><strong>dono</strong></span> <span class='ocrx_word' id='word_1_510' title='bbox 2667 2208 2938 2275; x_wconf 84' lang='lat' dir='ltr'><strong>percepit.</strong></span> <span class='ocrx_word' id='word_1_511' title='bbox 2993 2213 3063 2259; x_wconf 81' lang='lat' dir='ltr'><strong>At</strong></span> <span class='ocrx_word' id='word_1_512' title='bbox 3103 2223 3236 2258; x_wconf 84' lang='lat' dir='ltr'><strong>vero</strong></span> <span class='ocrx_word' id='word_1_513' title='bbox 3269 2208 3536 2260; x_wconf 84' lang='lat' dir='ltr'><strong>divinitas</strong></span> <span class='ocrx_word' id='word_1_514' title='bbox 3579 2210 3923 2262; x_wconf 83' lang='lat' dir='ltr'><strong>naturaliter</strong></span> 
     </span>
    </p>
   </div>
   <div class='ocr_carea' id='block_1_68' title="bbox 2227 2294 3923 2366">
    <p class='ocr_par' dir='ltr' id='par_1_68' title="bbox 2227 2294 3923 2366">
     <span class='ocr_line' id='line_1_68' title="bbox 2227 2294 3923 2366; baseline 0.001 -20"><span class='ocrx_word' id='word_1_515' title='bbox 2227 2294 2420 2360; x_wconf 88' lang='lat' dir='ltr'><strong>habet,</strong></span> <span class='ocrx_word' id='word_1_516' title='bbox 2471 2299 2535 2347; x_wconf 90' lang='lat' dir='ltr'><strong>ut</strong></span> <span class='ocrx_word' id='word_1_517' title='bbox 2581 2296 2652 2346; x_wconf 90' lang='lat' dir='ltr'><strong>sit</strong></span> <span class='ocrx_word' id='word_1_518' title='bbox 2699 2296 2869 2363; x_wconf 89' lang='lat' dir='ltr'><strong>plena</strong></span> <span class='ocrx_word' id='word_1_519' title='bbox 2917 2301 3088 2364; x_wconf 90' lang='lat' dir='ltr'><strong>atque</strong></span> <span class='ocrx_word' id='word_1_520' title='bbox 3136 2296 3405 2364; x_wconf 84' lang='lat' dir='ltr'><strong>perfecta,</strong></span> <span class='ocrx_word' id='word_1_521' title='bbox 3458 2297 3672 2350; x_wconf 90' lang='lat' dir='ltr'><strong>nullius</strong></span> <span class='ocrx_word' id='word_1_522' title='bbox 3701 2297 3923 2366; x_wconf 84' lang='lat' dir='ltr'><strong>indiga,</strong></span> 
     </span>
    </p>
   </div>
   <div class='ocr_carea' id='block_1_69' title="bbox 2227 2382 3924 2454">
    <p class='ocr_par' dir='ltr' id='par_1_69' title="bbox 2227 2382 3924 2454">
     <span class='ocr_line' id='line_1_69' title="bbox 2227 2382 3924 2454; baseline 0.002 -19"><span class='ocrx_word' id='word_1_523' title='bbox 2227 2399 2329 2435; x_wconf 91' lang='lat' dir='ltr'><strong>nec</strong></span> <span class='ocrx_word' id='word_1_524' title='bbox 2362 2382 2806 2435; x_wconf 88' lang='lat' dir='ltr'><strong>minorationem</strong></span> <span class='ocrx_word' id='word_1_525' title='bbox 2840 2384 3032 2435; x_wconf 83' lang='lat' dir='ltr'><strong>valens</strong></span> <span class='ocrx_word' id='word_1_526' title='bbox 3073 2384 3348 2454; x_wconf 88' lang='lat' dir='ltr'><strong>accipere.</strong></span> <span class='ocrx_word' id='word_1_527' title='bbox 3401 2401 3502 2438; x_wconf 91' lang='lat' dir='ltr'><strong>nec</strong></span> <span class='ocrx_word' id='word_1_528' title='bbox 3545 2391 3924 2454; x_wconf 82' lang='lat' dir='ltr'><strong>augmentum</strong></span> 
     </span>
    </p>
   </div>
   <div class='ocr_carea' id='block_1_70' title="bbox 2227 2470 3926 2543">
    <p class='ocr_par' dir='ltr' id='par_1_70' title="bbox 2227 2470 3926 2543">
     <span class='ocr_line' id='line_1_70' title="bbox 2227 2470 3926 2543; baseline 0.004 -22"><span class='ocrx_word' id='word_1_529' title='bbox 2227 2470 2523 2522; x_wconf 84' lang='lat' dir='ltr'><strong>sustinere.</strong></span> <span class='ocrx_word' id='word_1_530' title='bbox 2576 2471 2899 2524; x_wconf 84' lang='lat' dir='ltr'><strong>Secundum</strong></span> <span class='ocrx_word' id='word_1_531' title='bbox 2942 2471 3086 2525; x_wconf 88' lang='lat' dir='ltr'><strong>hanc</strong></span> <span class='ocrx_word' id='word_1_532' title='bbox 3133 2472 3448 2526; x_wconf 84' lang='lat' dir='ltr'><strong>divinitatis</strong></span> <span class='ocrx_word' id='word_1_533' title='bbox 3506 2474 3926 2543; x_wconf 84' lang='lat' dir='ltr'><strong>plenitudinem</strong></span> 
     </span>
    </p>
   </div>
   <div class='ocr_carea' id='block_1_71' title="bbox 2228 2559 3926 2631">
    <p class='ocr_par' dir='ltr' id='par_1_71' title="bbox 2228 2559 3926 2631">
     <span class='ocr_line' id='line_1_71' title="bbox 2228 2559 3926 2631; baseline 0.002 -18"><span class='ocrx_word' id='word_1_534' title='bbox 2228 2560 2403 2613; x_wconf 84' lang='lat' dir='ltr'><strong>Filius</strong></span> <span class='ocrx_word' id='word_1_535' title='bbox 2469 2559 2569 2612; x_wconf 89' lang='lat' dir='ltr'><strong>Dei</strong></span> <span class='ocrx_word' id='word_1_536' title='bbox 2631 2560 2886 2613; x_wconf 86' lang='lat' dir='ltr'><strong>Christus</strong></span> <span class='ocrx_word' id='word_1_537' title='bbox 2949 2578 3060 2614; x_wconf 91' lang='lat' dir='ltr'><strong>non</strong></span> <span class='ocrx_word' id='word_1_538' title='bbox 3107 2562 3296 2631; x_wconf 86' lang='lat' dir='ltr'><strong>potuit</strong></span> <span class='ocrx_word' id='word_1_539' title='bbox 3342 2563 3619 2631; x_wconf 88' lang='lat' dir='ltr'><strong>Spiritum</strong></span> <span class='ocrx_word' id='word_1_540' title='bbox 3664 2568 3926 2616; x_wconf 87' lang='lat' dir='ltr'><strong>sanctum</strong></span> 
     </span>
    </p>
   </div>
   <div class='ocr_carea' id='block_1_72' title="bbox 2225 2649 3929 2720">
    <p class='ocr_par' dir='ltr' id='par_1_72' title="bbox 2225 2649 3929 2720">
     <span class='ocr_line' id='line_1_72' title="bbox 2225 2649 3929 2720; baseline 0.002 -19"><span class='ocrx_word' id='word_1_541' title='bbox 2225 2649 2506 2717; x_wconf 85' lang='lat' dir='ltr'><strong>accipere,</strong></span> <span class='ocrx_word' id='word_1_542' title='bbox 2558 2649 3023 2718; x_wconf 83' lang='lat' dir='ltr'><strong>quandoquidem</strong></span> <span class='ocrx_word' id='word_1_543' title='bbox 3085 2650 3206 2720; x_wconf 88' lang='lat' dir='ltr'><strong>ipse</strong></span> <span class='ocrx_word' id='word_1_544' title='bbox 3268 2651 3512 2720; x_wconf 85' lang='lat' dir='ltr'><strong>Spiritus</strong></span> <span class='ocrx_word' id='word_1_545' title='bbox 3573 2657 3797 2704; x_wconf 89' lang='lat' dir='ltr'><strong>sanctus</strong></span> <span class='ocrx_word' id='word_1_546' title='bbox 3848 2652 3929 2705; x_wconf 89' lang='lat' dir='ltr'><strong>sic</strong></span> 
     </span>
    </p>
   </div>
   <div class='ocr_carea' id='block_1_73' title="bbox 2226 2737 3932 2809">
    <p class='ocr_par' dir='ltr' id='par_1_73' title="bbox 2226 2737 3932 2809">
     <span class='ocr_line' id='line_1_73' title="bbox 2226 2737 3932 2809; baseline 0.002 -20"><span class='ocrx_word' id='word_1_547' title='bbox 2226 2737 2493 2806; x_wconf 88' lang='lat' dir='ltr'><strong>procedat</strong></span> <span class='ocrx_word' id='word_1_548' title='bbox 2523 2737 2593 2790; x_wconf 91' lang='lat' dir='ltr'><strong>ab</strong></span> <span class='ocrx_word' id='word_1_549' title='bbox 2628 2737 2773 2806; x_wconf 85' lang='lat' dir='ltr'><strong>ipso,</strong></span> <span class='ocrx_word' id='word_1_550' title='bbox 2821 2738 2966 2791; x_wconf 90' lang='lat' dir='ltr'><strong>sicut</strong></span> <span class='ocrx_word' id='word_1_551' title='bbox 2996 2743 3052 2792; x_wconf 89' lang='lat' dir='ltr'><strong>et</strong></span> <span class='ocrx_word' id='word_1_552' title='bbox 3085 2757 3113 2792; x_wconf 88' lang='lat' dir='ltr'><strong>a</strong></span> <span class='ocrx_word' id='word_1_553' title='bbox 3147 2741 3311 2792; x_wconf 90' lang='lat' dir='ltr'><strong>Patre</strong></span> <span class='ocrx_word' id='word_1_554' title='bbox 3355 2741 3630 2809; x_wconf 86' lang='lat' dir='ltr'><strong>procedit,</strong></span> <span class='ocrx_word' id='word_1_555' title='bbox 3673 2747 3728 2794; x_wconf 90' lang='lat' dir='ltr'><strong>et</strong></span> <span class='ocrx_word' id='word_1_556' title='bbox 3757 2741 3932 2794; x_wconf 89' lang='lat' dir='ltr'><strong>detur</strong></span> 
     </span>
    </p>
   </div>
   <div class='ocr_carea' id='block_1_74' title="bbox 2225 2825 3924 2896">
    <p class='ocr_par' dir='ltr' id='par_1_74' title="bbox 2225 2825 3924 2896">
     <span class='ocr_line' id='line_1_74' title="bbox 2225 2825 3924 2896; baseline 0.002 -18"><span class='ocrx_word' id='word_1_557' title='bbox 2225 2825 2296 2878; x_wconf 89' lang='lat' dir='ltr'><strong>ab</strong></span> <span class='ocrx_word' id='word_1_558' title='bbox 2325 2825 2424 2877; x_wconf 90' lang='lat' dir='ltr'><strong>illo</strong></span> <span class='ocrx_word' id='word_1_559' title='bbox 2475 2825 2868 2892; x_wconf 89' lang='lat' dir='ltr'><strong>nihilominus,</strong></span> <span class='ocrx_word' id='word_1_560' title='bbox 2922 2828 3406 2896; x_wconf 91' lang='lat' dir='ltr'><strong>quemadmodum</strong></span> <span class='ocrx_word' id='word_1_561' title='bbox 3459 2829 3627 2882; x_wconf 91' lang='lat' dir='ltr'><strong>datur</strong></span> <span class='ocrx_word' id='word_1_562' title='bbox 3671 2846 3700 2880; x_wconf 92' lang='lat' dir='ltr'><strong>a</strong></span> <span class='ocrx_word' id='word_1_563' title='bbox 3733 2831 3924 2882; x_wconf 84' lang='lat' dir='ltr'><strong>Patre.</strong></span> 
     </span>
    </p>
   </div>
   <div class='ocr_carea' id='block_1_75' title="bbox 2225 2912 3924 2986">
    <p class='ocr_par' dir='ltr' id='par_1_75' title="bbox 2225 2912 3924 2986">
     <span class='ocr_line' id='line_1_75' title="bbox 2225 2912 3924 2986; baseline 0.004 -22"><span class='ocrx_word' id='word_1_564' title='bbox 2225 2912 2345 2975; x_wconf 89' lang='lat' dir='ltr'><strong>Qua</strong></span> <span class='ocrx_word' id='word_1_565' title='bbox 2385 2913 2454 2966; x_wconf 91' lang='lat' dir='ltr'><strong>de</strong></span> <span class='ocrx_word' id='word_1_566' title='bbox 2501 2929 2560 2966; x_wconf 89' lang='lat' dir='ltr'><strong>re</strong></span> <span class='ocrx_word' id='word_1_567' title='bbox 2609 2913 2880 2967; x_wconf 82' lang='lat' dir='ltr'><strong>divinitas</strong></span> <span class='ocrx_word' id='word_1_568' title='bbox 2929 2915 3073 2980; x_wconf 91' lang='lat' dir='ltr'><strong>Filii,</strong></span> <span class='ocrx_word' id='word_1_569' title='bbox 3129 2915 3199 2970; x_wconf 91' lang='lat' dir='ltr'><strong>de</strong></span> <span class='ocrx_word' id='word_1_570' title='bbox 3252 2933 3365 2986; x_wconf 91' lang='lat' dir='ltr'><strong>qua</strong></span> <span class='ocrx_word' id='word_1_571' title='bbox 3413 2917 3591 2970; x_wconf 91' lang='lat' dir='ltr'><strong>sumit</strong></span> <span class='ocrx_word' id='word_1_572' title='bbox 3632 2917 3924 2986; x_wconf 85' lang='lat' dir='ltr'><strong>originem</strong></span> 
     </span>
    </p>
   </div>
   <div class='ocr_carea' id='block_1_76' title="bbox 2180 3001 3921 3088">
    <p class='ocr_par' dir='ltr' id='par_1_76' title="bbox 2180 3001 3921 3088">
     <span class='ocr_line' id='line_1_76' title="bbox 2180 3001 3921 3088; baseline 0.001 -33"><span class='ocrx_word' id='word_1_573' title='bbox 2180 3035 2197 3088; x_wconf 51' lang='lat'><strong>1</strong></span> <span class='ocrx_word' id='word_1_574' title='bbox 2223 3001 2469 3071; x_wconf 89' lang='lat' dir='ltr'><strong>Spiritus</strong></span> <span class='ocrx_word' id='word_1_575' title='bbox 2499 3014 2738 3065; x_wconf 86' lang='lat' dir='ltr'><strong>sanctus,</strong></span> <span class='ocrx_word' id='word_1_576' title='bbox 2788 3019 2904 3056; x_wconf 90' lang='lat' dir='ltr'><strong>non</strong></span> <span class='ocrx_word' id='word_1_577' title='bbox 2935 3005 3085 3058; x_wconf 87' lang='lat' dir='ltr'><strong>valet</strong></span> <span class='ocrx_word' id='word_1_578' title='bbox 3116 3005 3370 3075; x_wconf 84' lang='lat' dir='ltr'><strong>accipere</strong></span> <span class='ocrx_word' id='word_1_579' title='bbox 3413 3006 3735 3071; x_wconf 77' lang='lat' dir='ltr'><strong>largitatem</strong></span> <span class='ocrx_word' id='word_1_580' title='bbox 3771 3008 3921 3074; x_wconf 82' lang='lat' dir='ltr'><strong>ejus,</strong></span> 
     </span>
    </p>
   </div>
   <div class='ocr_carea' id='block_1_77' title="bbox 2228 3090 3926 3163">
    <p class='ocr_par' dir='ltr' id='par_1_77' title="bbox 2228 3090 3926 3163">
     <span class='ocr_line' id='line_1_77' title="bbox 2228 3090 3926 3163; baseline 0.002 -21"><span class='ocrx_word' id='word_1_581' title='bbox 2228 3090 2318 3142; x_wconf 88' lang='lat' dir='ltr'><strong>cui</strong></span> <span class='ocrx_word' id='word_1_582' title='bbox 2366 3091 2437 3144; x_wconf 92' lang='lat' dir='ltr'><strong>sit</strong></span> <span class='ocrx_word' id='word_1_583' title='bbox 2483 3107 2649 3145; x_wconf 89' lang='lat' dir='ltr'><strong>causa</strong></span> <span class='ocrx_word' id='word_1_584' title='bbox 2683 3092 2957 3146; x_wconf 86' lang='lat' dir='ltr'><strong>existendi</strong></span> <span class='ocrx_word' id='word_1_585' title='bbox 2992 3110 3003 3146; x_wconf 92' lang='lat'><strong>:</strong></span> <span class='ocrx_word' id='word_1_586' title='bbox 3040 3099 3122 3146; x_wconf 90' lang='lat' dir='ltr'><strong>est</strong></span> <span class='ocrx_word' id='word_1_587' title='bbox 3153 3094 3305 3146; x_wconf 89' lang='lat' dir='ltr'><strong>enim</strong></span> <span class='ocrx_word' id='word_1_588' title='bbox 3353 3095 3447 3146; x_wconf 88' lang='lat' dir='ltr'><strong>ille</strong></span> <span class='ocrx_word' id='word_1_589' title='bbox 3483 3094 3724 3163; x_wconf 86' lang='lat' dir='ltr'><strong>Spiritus</strong></span> <span class='ocrx_word' id='word_1_590' title='bbox 3768 3099 3926 3147; x_wconf 89' lang='lat' dir='ltr'><strong>totus</strong></span> 
     </span>
    </p>
   </div>
   <div class='ocr_carea' id='block_1_78' title="bbox 2230 3177 3924 3247">
    <p class='ocr_par' dir='ltr' id='par_1_78' title="bbox 2230 3177 3924 3247">
     <span class='ocr_line' id='line_1_78' title="bbox 2230 3177 3924 3247; baseline 0.001 -17"><span class='ocrx_word' id='word_1_591' title='bbox 2230 3177 2428 3246; x_wconf 88' lang='lat' dir='ltr'><strong>Patris,</strong></span> <span class='ocrx_word' id='word_1_592' title='bbox 2461 3183 2519 3232; x_wconf 92' lang='lat' dir='ltr'><strong>et</strong></span> <span class='ocrx_word' id='word_1_593' title='bbox 2548 3183 2698 3231; x_wconf 90' lang='lat' dir='ltr'><strong>totus</strong></span> <span class='ocrx_word' id='word_1_594' title='bbox 2726 3179 2890 3247; x_wconf 87' lang='lat' dir='ltr'><strong>Filii;</strong></span> <span class='ocrx_word' id='word_1_595' title='bbox 2926 3185 2983 3232; x_wconf 90' lang='lat' dir='ltr'><strong>et.</strong></span> <span class='ocrx_word' id='word_1_596' title='bbox 3011 3195 3139 3232; x_wconf 91' lang='lat' dir='ltr'><strong>cum</strong></span> <span class='ocrx_word' id='word_1_597' title='bbox 3179 3180 3252 3232; x_wconf 88' lang='lat' dir='ltr'><strong>sit</strong></span> <span class='ocrx_word' id='word_1_598' title='bbox 3277 3181 3579 3234; x_wconf 88' lang='lat' dir='ltr'><strong>amborum</strong></span> <span class='ocrx_word' id='word_1_599' title='bbox 3620 3187 3800 3246; x_wconf 86' lang='lat' dir='ltr'><strong>totus,</strong></span> <span class='ocrx_word' id='word_1_600' title='bbox 3831 3182 3924 3234; x_wconf 83' lang='lat' dir='ltr'><strong>vel</strong></span> 
     </span>
    </p>
   </div>
   <div class='ocr_carea' id='block_1_79' title="bbox 2226 3267 3928 3333">
    <p class='ocr_par' dir='ltr' id='par_1_79' title="bbox 2226 3267 3928 3333">
     <span class='ocr_line' id='line_1_79' title="bbox 2226 3267 3928 3333; baseline 0.003 -15"><span class='ocrx_word' id='word_1_601' title='bbox 2226 3267 2555 3320; x_wconf 89' lang='lat' dir='ltr'><strong>alterutrius</strong></span> <span class='ocrx_word' id='word_1_602' title='bbox 2606 3271 2774 3331; x_wconf 89' lang='lat' dir='ltr'><strong>totus,</strong></span> <span class='ocrx_word' id='word_1_603' title='bbox 2827 3283 2943 3320; x_wconf 90' lang='lat' dir='ltr'><strong>non</strong></span> <span class='ocrx_word' id='word_1_604' title='bbox 2995 3269 3470 3322; x_wconf 86' lang='lat' dir='ltr'><strong>convertibilitate</strong></span> <span class='ocrx_word' id='word_1_605' title='bbox 3511 3269 3592 3333; x_wconf 81' lang='lat' dir='ltr'><strong>tit,</strong></span> <span class='ocrx_word' id='word_1_606' title='bbox 3642 3275 3701 3321; x_wconf 91' lang='lat' dir='ltr'><strong>ut</strong></span> <span class='ocrx_word' id='word_1_607' title='bbox 3753 3271 3928 3323; x_wconf 86' lang='lat' dir='ltr'><strong>Pater</strong></span> 
     </span>
    </p>
   </div>
   <div class='ocr_carea' id='block_1_80' title="bbox 2226 3355 3927 3426">
    <p class='ocr_par' dir='ltr' id='par_1_80' title="bbox 2226 3355 3927 3426">
     <span class='ocr_line' id='line_1_80' title="bbox 2226 3355 3927 3426; baseline 0.002 -19"><span class='ocrx_word' id='word_1_608' title='bbox 2226 3359 2284 3407; x_wconf 87' lang='lat' dir='ltr'><strong>et</strong></span> <span class='ocrx_word' id='word_1_609' title='bbox 2316 3355 2488 3408; x_wconf 88' lang='lat' dir='ltr'><strong>Filius</strong></span> <span class='ocrx_word' id='word_1_610' title='bbox 2519 3355 2784 3408; x_wconf 86' lang='lat' dir='ltr'><strong>dicantur</strong></span> <span class='ocrx_word' id='word_1_611' title='bbox 2829 3371 2949 3408; x_wconf 86' lang='lat' dir='ltr'><strong>esse</strong></span> <span class='ocrx_word' id='word_1_612' title='bbox 2984 3356 3229 3426; x_wconf 87' lang='lat' dir='ltr'><strong>Spiritus</strong></span> <span class='ocrx_word' id='word_1_613' title='bbox 3278 3363 3502 3410; x_wconf 86' lang='lat' dir='ltr'><strong>sanctus</strong></span> <span class='ocrx_word' id='word_1_614' title='bbox 3532 3359 3686 3409; x_wconf 86' lang='lat' dir='ltr'><strong>velut</strong></span> <span class='ocrx_word' id='word_1_615' title='bbox 3717 3357 3789 3410; x_wconf 90' lang='lat' dir='ltr'><strong>ab</strong></span> <span class='ocrx_word' id='word_1_616' title='bbox 3821 3359 3927 3410; x_wconf 92' lang='lat' dir='ltr'><strong>illo</strong></span> 
     </span>
    </p>
   </div>
   <div class='ocr_carea' id='block_1_81' title="bbox 2226 3442 3924 3515">
    <p class='ocr_par' dir='ltr' id='par_1_81' title="bbox 2226 3442 3924 3515">
     <span class='ocr_line' id='line_1_81' title="bbox 2226 3442 3924 3515; baseline 0.004 -23"><span class='ocrx_word' id='word_1_617' title='bbox 2226 3442 2598 3511; x_wconf 88' lang='lat' dir='ltr'><strong>suscipientes</strong></span> <span class='ocrx_word' id='word_1_618' title='bbox 2627 3444 2848 3496; x_wconf 86' lang='lat' dir='ltr'><strong>essendi</strong></span> <span class='ocrx_word' id='word_1_619' title='bbox 2897 3461 3162 3509; x_wconf 86' lang='lat' dir='ltr'><strong>causam;</strong></span> <span class='ocrx_word' id='word_1_620' title='bbox 3198 3461 3301 3498; x_wconf 81' lang='lat' dir='ltr'><strong>nec</strong></span> <span class='ocrx_word' id='word_1_621' title='bbox 3349 3447 3502 3498; x_wconf 91' lang='lat' dir='ltr'><strong>solus</strong></span> <span class='ocrx_word' id='word_1_622' title='bbox 3537 3446 3708 3498; x_wconf 88' lang='lat' dir='ltr'><strong>Filius</strong></span> <span class='ocrx_word' id='word_1_623' title='bbox 3737 3446 3924 3515; x_wconf 87' lang='lat' dir='ltr'><strong>Spiri-</strong></span> 
     </span>
    </p>
   </div>
   <div class='ocr_carea' id='block_1_82' title="bbox 2223 3529 3929 3603">
    <p class='ocr_par' dir='ltr' id='par_1_82' title="bbox 2223 3529 3929 3603">
     <span class='ocr_line' id='line_1_82' title="bbox 2223 3529 3929 3603; baseline 0.003 -21"><span class='ocrx_word' id='word_1_624' title='bbox 2223 3535 2315 3582; x_wconf 90' lang='lat' dir='ltr'><strong>tus</strong></span> <span class='ocrx_word' id='word_1_625' title='bbox 2359 3529 2538 3583; x_wconf 90' lang='lat' dir='ltr'><strong>sancti</strong></span> <span class='ocrx_word' id='word_1_626' title='bbox 2608 3532 2800 3596; x_wconf 84' lang='lat' dir='ltr'><strong>Filius,</strong></span> <span class='ocrx_word' id='word_1_627' title='bbox 2852 3533 3007 3585; x_wconf 81' lang='lat' dir='ltr'><strong>velut</strong></span> <span class='ocrx_word' id='word_1_628' title='bbox 3056 3533 3125 3586; x_wconf 89' lang='lat' dir='ltr'><strong>ab</strong></span> <span class='ocrx_word' id='word_1_629' title='bbox 3170 3534 3269 3586; x_wconf 92' lang='lat' dir='ltr'><strong>illo</strong></span> <span class='ocrx_word' id='word_1_630' title='bbox 3310 3534 3632 3603; x_wconf 88' lang='lat' dir='ltr'><strong>percipiens</strong></span> <span class='ocrx_word' id='word_1_631' title='bbox 3678 3535 3929 3587; x_wconf 80' lang='lat' dir='ltr'><strong>existen-</strong></span> 
     </span>
    </p>
   </div>
   <div class='ocr_carea' id='block_1_83' title="bbox 2223 3618 3924 3692">
    <p class='ocr_par' dir='ltr' id='par_1_83' title="bbox 2223 3618 3924 3692">
     <span class='ocr_line' id='line_1_83' title="bbox 2223 3618 3924 3692; baseline 0.004 -22"><span class='ocrx_word' id='word_1_632' title='bbox 2223 3618 2382 3674; x_wconf 83' lang='lat' dir='ltr'><strong>tiam.</strong></span> <span class='ocrx_word' id='word_1_633' title='bbox 2443 3619 2715 3688; x_wconf 84' lang='lat' dir='ltr'><strong>quoniam</strong></span> <span class='ocrx_word' id='word_1_634' title='bbox 2780 3621 3120 3673; x_wconf 86' lang='lat' dir='ltr'><strong>naturaliter</strong></span> <span class='ocrx_word' id='word_1_635' title='bbox 3170 3638 3318 3674; x_wconf 90' lang='lat' dir='ltr'><strong>unus</strong></span> <span class='ocrx_word' id='word_1_636' title='bbox 3367 3622 3610 3692; x_wconf 88' lang='lat' dir='ltr'><strong>Spiritus</strong></span> <span class='ocrx_word' id='word_1_637' title='bbox 3669 3627 3752 3673; x_wconf 92' lang='lat' dir='ltr'><strong>est</strong></span> <span class='ocrx_word' id='word_1_638' title='bbox 3797 3627 3924 3676; x_wconf 89' lang='lat' dir='ltr'><strong>tam</strong></span> 
     </span>
    </p>
   </div>
   <div class='ocr_carea' id='block_1_84' title="bbox 2225 3707 3924 3778">
    <p class='ocr_par' dir='ltr' id='par_1_84' title="bbox 2225 3707 3924 3778">
     <span class='ocr_line' id='line_1_84' title="bbox 2225 3707 3924 3778; baseline 0.002 -19"><span class='ocrx_word' id='word_1_639' title='bbox 2225 3707 2426 3772; x_wconf 86' lang='lat' dir='ltr'><strong>Patris,</strong></span> <span class='ocrx_word' id='word_1_640' title='bbox 2488 3723 2660 3777; x_wconf 90' lang='lat' dir='ltr'><strong>quam</strong></span> <span class='ocrx_word' id='word_1_641' title='bbox 2731 3709 2879 3772; x_wconf 82' lang='lat' dir='ltr'><strong>Filii,</strong></span> <span class='ocrx_word' id='word_1_642' title='bbox 2944 3709 3265 3778; x_wconf 89' lang='lat' dir='ltr'><strong>percipiens</strong></span> <span class='ocrx_word' id='word_1_643' title='bbox 3315 3709 3384 3763; x_wconf 90' lang='lat' dir='ltr'><strong>ab</strong></span> <span class='ocrx_word' id='word_1_644' title='bbox 3433 3711 3545 3763; x_wconf 89' lang='lat' dir='ltr'><strong>illis</strong></span> <span class='ocrx_word' id='word_1_645' title='bbox 3584 3709 3924 3763; x_wconf 87' lang='lat' dir='ltr'><strong>essentiam.</strong></span> 
     </span>
    </p>
   </div>
   <div class='ocr_carea' id='block_1_85' title="bbox 2221 3795 3929 3865">
    <p class='ocr_par' dir='ltr' id='par_1_85' title="bbox 2221 3795 3929 3865">
     <span class='ocr_line' id='line_1_85' title="bbox 2221 3795 3929 3865; baseline 0.001 -17"><span class='ocrx_word' id='word_1_646' title='bbox 2221 3795 2466 3848; x_wconf 76' lang='lat' dir='ltr'><strong>Proini’e</strong></span> <span class='ocrx_word' id='word_1_647' title='bbox 2519 3797 2662 3848; x_wconf 90' lang='lat' dir='ltr'><strong>sicut</strong></span> <span class='ocrx_word' id='word_1_648' title='bbox 2721 3797 2919 3849; x_wconf 91' lang='lat' dir='ltr'><strong>beatus</strong></span> <span class='ocrx_word' id='word_1_649' title='bbox 2970 3797 3302 3865; x_wconf 88' lang='lat' dir='ltr'><strong>Fulgentius</strong></span> <span class='ocrx_word' id='word_1_650' title='bbox 3353 3802 3610 3862; x_wconf 88' lang='lat' dir='ltr'><strong>testatur,</strong></span> <span class='ocrx_word' id='word_1_651' title='bbox 3661 3802 3817 3851; x_wconf 88' lang='lat' dir='ltr'><strong>totus</strong></span> <span class='ocrx_word' id='word_1_652' title='bbox 3852 3799 3929 3851; x_wconf 89' lang='lat' dir='ltr'><strong>de</strong></span> 
     </span>
    </p>
   </div>
   <div class='ocr_carea' id='block_1_86' title="bbox 2223 3883 3929 3953">
    <p class='ocr_par' dir='ltr' id='par_1_86' title="bbox 2223 3883 3929 3953">
     <span class='ocr_line' id='line_1_86' title="bbox 2223 3883 3929 3953; baseline 0.002 -19"><span class='ocrx_word' id='word_1_653' title='bbox 2223 3883 2384 3937; x_wconf 88' lang='lat' dir='ltr'><strong>Patre</strong></span> <span class='ocrx_word' id='word_1_654' title='bbox 2427 3885 2706 3953; x_wconf 88' lang='lat' dir='ltr'><strong>procedit.</strong></span> <span class='ocrx_word' id='word_1_655' title='bbox 2759 3890 2814 3937; x_wconf 89' lang='lat' dir='ltr'><strong>et</strong></span> <span class='ocrx_word' id='word_1_656' title='bbox 2858 3889 3014 3937; x_wconf 88' lang='lat' dir='ltr'><strong>totus</strong></span> <span class='ocrx_word' id='word_1_657' title='bbox 3050 3885 3118 3938; x_wconf 91' lang='lat' dir='ltr'><strong>de</strong></span> <span class='ocrx_word' id='word_1_658' title='bbox 3172 3887 3361 3939; x_wconf 90' lang='lat' dir='ltr'><strong>Filio:</strong></span> <span class='ocrx_word' id='word_1_659' title='bbox 3414 3903 3530 3939; x_wconf 91' lang='lat' dir='ltr'><strong>non</strong></span> <span class='ocrx_word' id='word_1_660' title='bbox 3579 3886 3736 3939; x_wconf 91' lang='lat' dir='ltr'><strong>enim</strong></span> <span class='ocrx_word' id='word_1_661' title='bbox 3784 3902 3929 3953; x_wconf 86' lang='lat' dir='ltr'><strong>pars</strong></span> 
     </span>
    </p>
   </div>
   <div class='ocr_carea' id='block_1_87' title="bbox 2219 3971 3928 4044">
    <p class='ocr_par' dir='ltr' id='par_1_87' title="bbox 2219 3971 3928 4044">
     <span class='ocr_line' id='line_1_87' title="bbox 2219 3971 3928 4044; baseline 0.004 -21"><span class='ocrx_word' id='word_1_662' title='bbox 2219 3971 2376 4025; x_wconf 91' lang='lat' dir='ltr'><strong>illius</strong></span> <span class='ocrx_word' id='word_1_663' title='bbox 2403 3990 2430 4024; x_wconf 89' lang='lat' dir='ltr'><strong>a</strong></span> <span class='ocrx_word' id='word_1_664' title='bbox 2464 3973 2646 4033; x_wconf 89' lang='lat' dir='ltr'><strong>Patre,</strong></span> <span class='ocrx_word' id='word_1_665' title='bbox 2682 3989 2812 4042; x_wconf 85' lang='lat' dir='ltr'><strong>pars</strong></span> <span class='ocrx_word' id='word_1_666' title='bbox 2861 3989 3091 4044; x_wconf 85' lang='lat' dir='ltr'><strong>quoque</strong></span> <span class='ocrx_word' id='word_1_667' title='bbox 3138 3975 3400 4044; x_wconf 75' lang='lat' dir='ltr'><strong>procedit</strong></span> <span class='ocrx_word' id='word_1_668' title='bbox 3429 3991 3460 4027; x_wconf 91' lang='lat' dir='ltr'><strong>a</strong></span> <span class='ocrx_word' id='word_1_669' title='bbox 3508 3975 3689 4041; x_wconf 88' lang='lat' dir='ltr'><strong>Filio;</strong></span> <span class='ocrx_word' id='word_1_670' title='bbox 3724 3991 3928 4044; x_wconf 82' lang='lat' dir='ltr'><strong>neque.</strong></span> 
     </span>
    </p>
   </div>
   <div class='ocr_carea' id='block_1_88' title="bbox 2219 4061 3928 4132">
    <p class='ocr_par' dir='ltr' id='par_1_88' title="bbox 2219 4061 3928 4132">
     <span class='ocr_line' id='line_1_88' title="bbox 2219 4061 3928 4132; baseline 0.002 -20"><span class='ocrx_word' id='word_1_671' title='bbox 2219 4075 2352 4130; x_wconf 87' lang='lat' dir='ltr'><strong>pars</strong></span> <span class='ocrx_word' id='word_1_672' title='bbox 2393 4067 2586 4114; x_wconf 89' lang='lat' dir='ltr'><strong>manet</strong></span> <span class='ocrx_word' id='word_1_673' title='bbox 2624 4064 2748 4129; x_wconf 89' lang='lat' dir='ltr'><strong>ejus</strong></span> <span class='ocrx_word' id='word_1_674' title='bbox 2789 4061 2847 4113; x_wconf 91' lang='lat' dir='ltr'><strong>in</strong></span> <span class='ocrx_word' id='word_1_675' title='bbox 2877 4063 3062 4122; x_wconf 81' lang='lat' dir='ltr'><strong>Patre,</strong></span> <span class='ocrx_word' id='word_1_676' title='bbox 3114 4079 3246 4132; x_wconf 89' lang='lat' dir='ltr'><strong>pars</strong></span> <span class='ocrx_word' id='word_1_677' title='bbox 3281 4079 3474 4115; x_wconf 86' lang='lat' dir='ltr'><strong>rursus</strong></span> <span class='ocrx_word' id='word_1_678' title='bbox 3514 4063 3574 4116; x_wconf 92' lang='lat' dir='ltr'><strong>in</strong></span> <span class='ocrx_word' id='word_1_679' title='bbox 3619 4063 3784 4116; x_wconf 77' lang='lat' dir='ltr'><strong>Filio.</strong></span> <span class='ocrx_word' id='word_1_680' title='bbox 3825 4065 3928 4116; x_wconf 85' lang='lat' dir='ltr'><strong>Est</strong></span> 
     </span>
    </p>
   </div>
   <div class='ocr_carea' id='block_1_89' title="bbox 2219 4148 3929 4221">
    <p class='ocr_par' dir='ltr' id='par_1_89' title="bbox 2219 4148 3929 4221">
     <span class='ocr_line' id='line_1_89' title="bbox 2219 4148 3929 4221; baseline 0.002 -19"><span class='ocrx_word' id='word_1_681' title='bbox 2219 4148 2372 4202; x_wconf 90' lang='lat' dir='ltr'><strong>enim</strong></span> <span class='ocrx_word' id='word_1_682' title='bbox 2407 4149 2750 4212; x_wconf 86' lang='lat' dir='ltr'><strong>insecabilis,</strong></span> <span class='ocrx_word' id='word_1_683' title='bbox 2790 4155 2848 4201; x_wconf 88' lang='lat' dir='ltr'><strong>et</strong></span> <span class='ocrx_word' id='word_1_684' title='bbox 2894 4150 3280 4219; x_wconf 86' lang='lat' dir='ltr'><strong>impartibilis,</strong></span> <span class='ocrx_word' id='word_1_685' title='bbox 3332 4168 3517 4221; x_wconf 89' lang='lat' dir='ltr'><strong>neque</strong></span> <span class='ocrx_word' id='word_1_686' title='bbox 3563 4168 3626 4203; x_wconf 79' lang='lat' dir='ltr'><strong>ex</strong></span> <span class='ocrx_word' id='word_1_687' title='bbox 3676 4151 3929 4206; x_wconf 80' lang='lat' dir='ltr'><strong>diversis</strong></span> 
     </span>
    </p>
   </div>
   <div class='ocr_carea' id='block_1_90' title="bbox 2217 4238 3927 4310">
    <p class='ocr_par' dir='ltr' id='par_1_90' title="bbox 2217 4238 3927 4310">
     <span class='ocr_line' id='line_1_90' title="bbox 2217 4238 3927 4310; baseline 0.002 -20"><span class='ocrx_word' id='word_1_688' title='bbox 2217 4241 2605 4306; x_wconf 86' lang='lat' dir='ltr'><strong>compositus:</strong></span> <span class='ocrx_word' id='word_1_689' title='bbox 2659 4243 2714 4290; x_wconf 90' lang='lat' dir='ltr'><strong>et</strong></span> <span class='ocrx_word' id='word_1_690' title='bbox 2758 4238 2836 4290; x_wconf 91' lang='lat' dir='ltr'><strong>sic</strong></span> <span class='ocrx_word' id='word_1_691' title='bbox 2878 4255 3112 4292; x_wconf 86' lang='lat' dir='ltr'><strong>manens</strong></span> <span class='ocrx_word' id='word_1_692' title='bbox 3157 4245 3218 4292; x_wconf 93' lang='lat' dir='ltr'><strong>ut</strong></span> <span class='ocrx_word' id='word_1_693' title='bbox 3265 4240 3557 4309; x_wconf 84' lang='lat' dir='ltr'><strong>procedat,</strong></span> <span class='ocrx_word' id='word_1_694' title='bbox 3603 4240 3681 4293; x_wconf 90' lang='lat' dir='ltr'><strong>sic</strong></span> <span class='ocrx_word' id='word_1_695' title='bbox 3712 4256 3927 4310; x_wconf 90' lang='lat' dir='ltr'><strong>proce-</strong></span> 
     </span>
    </p>
   </div>
   <div class='ocr_carea' id='block_1_91' title="bbox 417 4325 3928 4398">
    <p class='ocr_par' dir='ltr' id='par_1_91' title="bbox 417 4325 3928 4398">
     <span class='ocr_line' id='line_1_91' title="bbox 417 4325 3928 4398; baseline 0 -16"><span class='ocrx_word' id='word_1_696' title='bbox 417 4330 579 4394; x_wconf 90' lang='lat' dir='ltr'><strong>dunt,</strong></span> <span class='ocrx_word' id='word_1_697' title='bbox 614 4329 804 4382; x_wconf 89' lang='lat' dir='ltr'><strong>dicant</strong></span> <span class='ocrx_word' id='word_1_698' title='bbox 835 4329 973 4398; x_wconf 90' lang='lat' dir='ltr'><strong>quid</strong></span> <span class='ocrx_word' id='word_1_699' title='bbox 1006 4327 1077 4380; x_wconf 87' lang='lat' dir='ltr'><strong>sit</strong></span> <span class='ocrx_word' id='word_1_700' title='bbox 1109 4332 1161 4379; x_wconf 86' lang='lat' dir='ltr'><strong>ei</strong></span> <span class='ocrx_word' id='word_1_701' title='bbox 1193 4327 1511 4396; x_wconf 91' lang='lat' dir='ltr'><strong>proprium.</strong></span> <span class='ocrx_word' id='word_1_702' title='bbox 1554 4327 1695 4379; x_wconf 82' lang='lat' dir='ltr'><strong>Nam</strong></span> <span class='ocrx_word' id='word_1_703' title='bbox 1731 4325 2010 4395; x_wconf 85' lang='lat' dir='ltr'><strong>processio</strong></span> <span class='ocrx_word' id='word_1_704' title='bbox 2037 4325 2106 4379; x_wconf 89' lang='lat' dir='ltr'><strong>de</strong></span> <span class='ocrx_word' id='word_1_705' title='bbox 2148 4335 2190 4388; x_wconf 84' lang='lat' dir='ltr'><strong>D</strong></span> <span class='ocrx_word' id='word_1_706' title='bbox 2222 4327 2361 4396; x_wconf 84' lang='lat' dir='ltr'><strong>dens</strong></span> <span class='ocrx_word' id='word_1_707' title='bbox 2395 4330 2456 4377; x_wconf 92' lang='lat' dir='ltr'><strong>ut</strong></span> <span class='ocrx_word' id='word_1_708' title='bbox 2494 4331 2742 4378; x_wconf 87' lang='lat' dir='ltr'><strong>maneat.</strong></span> <span class='ocrx_word' id='word_1_709' title='bbox 2779 4327 3124 4380; x_wconf 80' lang='lat' dir='ltr'><strong>Naturaliter</strong></span> <span class='ocrx_word' id='word_1_710' title='bbox 3169 4328 3321 4381; x_wconf 90' lang='lat' dir='ltr'><strong>enim</strong></span> <span class='ocrx_word' id='word_1_711' title='bbox 3368 4329 3700 4382; x_wconf 89' lang='lat' dir='ltr'><strong>habetcum</strong></span> <span class='ocrx_word' id='word_1_712' title='bbox 3748 4330 3928 4382; x_wconf 86' lang='lat' dir='ltr'><strong>Patre</strong></span> 
     </span>
    </p>
   </div>
   <div class='ocr_carea' id='block_1_92' title="bbox 419 4414 2108 4483">
    <p class='ocr_par' dir='ltr' id='par_1_92' title="bbox 419 4414 2108 4483">
     <span class='ocr_line' id='line_1_92' title="bbox 419 4414 2108 4483; baseline -0.004 -12"><span class='ocrx_word' id='word_1_713' title='bbox 419 4420 582 4472; x_wconf 88' lang='lat' dir='ltr'><strong>Patre</strong></span> <span class='ocrx_word' id='word_1_714' title='bbox 638 4416 959 4470; x_wconf 91' lang='lat' dir='ltr'><strong>communis</strong></span> <span class='ocrx_word' id='word_1_715' title='bbox 1015 4421 1102 4468; x_wconf 90' lang='lat' dir='ltr'><strong>est</strong></span> <span class='ocrx_word' id='word_1_716' title='bbox 1150 4415 1322 4467; x_wconf 89' lang='lat' dir='ltr'><strong>etiam</strong></span> <span class='ocrx_word' id='word_1_717' title='bbox 1381 4414 1552 4479; x_wconf 82' lang='lat' dir='ltr'><strong>Filio;</strong></span> <span class='ocrx_word' id='word_1_718' title='bbox 1611 4415 1882 4483; x_wconf 91' lang='lat' dir='ltr'><strong>quoniam</strong></span> <span class='ocrx_word' id='word_1_719' title='bbox 1939 4428 2108 4467; x_wconf 85' lang='lat' dir='ltr'><strong>omne</strong></span> 
     </span>
    </p>
   </div>
   <div class='ocr_carea' id='block_1_93' title="bbox 417 4503 2110 4577">
    <p class='ocr_par' dir='ltr' id='par_1_93' title="bbox 417 4503 2110 4577">
     <span class='ocr_line' id='line_1_93' title="bbox 417 4503 2110 4577; baseline -0.004 -17"><span class='ocrx_word' id='word_1_720' title='bbox 417 4507 568 4577; x_wconf 91' lang='lat' dir='ltr'><strong>quod</strong></span> <span class='ocrx_word' id='word_1_721' title='bbox 602 4505 856 4559; x_wconf 88' lang='lat' dir='ltr'><strong>nascitur</strong></span> <span class='ocrx_word' id='word_1_722' title='bbox 904 4505 1164 4575; x_wconf 89' lang='lat' dir='ltr'><strong>procedit</strong></span> <span class='ocrx_word' id='word_1_723' title='bbox 1221 4505 1413 4567; x_wconf 86' lang='lat' dir='ltr'><strong>etiam,</strong></span> <span class='ocrx_word' id='word_1_724' title='bbox 1466 4518 1602 4568; x_wconf 82' lang='lat' dir='ltr'><strong>ergo</strong></span> <span class='ocrx_word' id='word_1_725' title='bbox 1659 4503 1971 4555; x_wconf 90' lang='lat' dir='ltr'><strong>secundum</strong></span> <span class='ocrx_word' id='word_1_726' title='bbox 2018 4503 2110 4555; x_wconf 87' lang='lat' dir='ltr'><strong>do-</strong></span> 
     </span>
    </p>
   </div>
   <div class='ocr_carea' id='block_1_94' title="bbox 415 4590 2110 4664">
    <p class='ocr_par' dir='ltr' id='par_1_94' title="bbox 415 4590 2110 4664">
     <span class='ocr_line' id='line_1_94' title="bbox 415 4590 2110 4664; baseline -0.004 -15"><span class='ocrx_word' id='word_1_727' title='bbox 415 4596 586 4649; x_wconf 88' lang='lat' dir='ltr'><strong>ctoris</strong></span> <span class='ocrx_word' id='word_1_728' title='bbox 618 4595 790 4664; x_wconf 86' lang='lat' dir='ltr'><strong>hujus</strong></span> <span class='ocrx_word' id='word_1_729' title='bbox 840 4593 1200 4656; x_wconf 89' lang='lat' dir='ltr'><strong>sententiam,</strong></span> <span class='ocrx_word' id='word_1_730' title='bbox 1243 4590 1541 4661; x_wconf 89' lang='lat' dir='ltr'><strong>proprium</strong></span> <span class='ocrx_word' id='word_1_731' title='bbox 1591 4596 1676 4644; x_wconf 90' lang='lat' dir='ltr'><strong>est</strong></span> <span class='ocrx_word' id='word_1_732' title='bbox 1712 4590 1957 4659; x_wconf 87' lang='lat' dir='ltr'><strong>Spiritus</strong></span> <span class='ocrx_word' id='word_1_733' title='bbox 1987 4607 2110 4643; x_wconf 88' lang='lat' dir='ltr'><strong>san-</strong></span> 
     </span>
    </p>
   </div>
   <div class='ocr_carea' id='block_1_95' title="bbox 415 4679 2109 4754">
    <p class='ocr_par' dir='ltr' id='par_1_95' title="bbox 415 4679 2109 4754">
     <span class='ocr_line' id='line_1_95' title="bbox 415 4679 2109 4754; baseline -0.005 -15"><span class='ocrx_word' id='word_1_734' title='bbox 415 4685 488 4739; x_wconf 90' lang='lat' dir='ltr'><strong>cti</strong></span> <span class='ocrx_word' id='word_1_735' title='bbox 524 4701 637 4754; x_wconf 89' lang='lat' dir='ltr'><strong>quo</strong></span> <span class='ocrx_word' id='word_1_736' title='bbox 670 4685 740 4738; x_wconf 90' lang='lat' dir='ltr'><strong>de</strong></span> <span class='ocrx_word' id='word_1_737' title='bbox 774 4685 937 4738; x_wconf 91' lang='lat' dir='ltr'><strong>Patre</strong></span> <span class='ocrx_word' id='word_1_738' title='bbox 974 4682 1229 4752; x_wconf 88' lang='lat' dir='ltr'><strong>Filioque</strong></span> <span class='ocrx_word' id='word_1_739' title='bbox 1271 4680 1548 4750; x_wconf 83' lang='lat' dir='ltr'><strong>procedit,</strong></span> <span class='ocrx_word' id='word_1_740' title='bbox 1598 4679 1753 4748; x_wconf 89' lang='lat' dir='ltr'><strong>quod</strong></span> <span class='ocrx_word' id='word_1_741' title='bbox 1800 4694 1903 4732; x_wconf 90' lang='lat' dir='ltr'><strong>nec</strong></span> <span class='ocrx_word' id='word_1_742' title='bbox 1956 4679 2109 4732; x_wconf 89' lang='lat' dir='ltr'><strong>Patri</strong></span> 
     </span>
    </p>
   </div>
   <div class='ocr_carea' id='block_1_96' title="bbox 415 4766 2110 4837">
    <p class='ocr_par' dir='ltr' id='par_1_96' title="bbox 415 4766 2110 4837">
     <span class='ocr_line' id='line_1_96' title="bbox 415 4766 2110 4837; baseline -0.005 -9"><span class='ocrx_word' id='word_1_743' title='bbox 415 4791 518 4828; x_wconf 91' lang='lat' dir='ltr'><strong>nec</strong></span> <span class='ocrx_word' id='word_1_744' title='bbox 547 4774 686 4827; x_wconf 88' lang='lat' dir='ltr'><strong>Filio</strong></span> <span class='ocrx_word' id='word_1_745' title='bbox 717 4772 973 4827; x_wconf 90' lang='lat' dir='ltr'><strong>cernitur</strong></span> <span class='ocrx_word' id='word_1_746' title='bbox 1022 4786 1142 4824; x_wconf 89' lang='lat' dir='ltr'><strong>esse</strong></span> <span class='ocrx_word' id='word_1_747' title='bbox 1200 4783 1544 4823; x_wconf 90' lang='lat' dir='ltr'><strong>commune:</strong></span> <span class='ocrx_word' id='word_1_748' title='bbox 1602 4766 1884 4837; x_wconf 90' lang='lat' dir='ltr'><strong>siquidem</strong></span> <span class='ocrx_word' id='word_1_749' title='bbox 1943 4768 2110 4820; x_wconf 90' lang='lat' dir='ltr'><strong>Pater</strong></span> 
     </span>
    </p>
   </div>
   <div class='ocr_carea' id='block_1_97' title="bbox 413 4855 2104 4926">
    <p class='ocr_par' dir='ltr' id='par_1_97' title="bbox 413 4855 2104 4926">
     <span class='ocr_line' id='line_1_97' title="bbox 413 4855 2104 4926; baseline -0.006 -8"><span class='ocrx_word' id='word_1_750' title='bbox 413 4865 482 4918; x_wconf 91' lang='lat' dir='ltr'><strong>de</strong></span> <span class='ocrx_word' id='word_1_751' title='bbox 513 4865 693 4926; x_wconf 90' lang='lat' dir='ltr'><strong>nullo,</strong></span> <span class='ocrx_word' id='word_1_752' title='bbox 732 4863 905 4916; x_wconf 86' lang='lat' dir='ltr'><strong>Filius</strong></span> <span class='ocrx_word' id='word_1_753' title='bbox 950 4877 1083 4914; x_wconf 90' lang='lat' dir='ltr'><strong>vero</strong></span> <span class='ocrx_word' id='word_1_754' title='bbox 1117 4861 1188 4913; x_wconf 90' lang='lat' dir='ltr'><strong>de</strong></span> <span class='ocrx_word' id='word_1_755' title='bbox 1232 4860 1351 4912; x_wconf 90' lang='lat' dir='ltr'><strong>solo</strong></span> <span class='ocrx_word' id='word_1_756' title='bbox 1398 4859 1582 4924; x_wconf 90' lang='lat' dir='ltr'><strong>Patre,</strong></span> <span class='ocrx_word' id='word_1_757' title='bbox 1631 4855 1878 4926; x_wconf 90' lang='lat' dir='ltr'><strong>Spiritus</strong></span> <span class='ocrx_word' id='word_1_758' title='bbox 1915 4861 2104 4909; x_wconf 90' lang='lat' dir='ltr'><strong>autem</strong></span> 
     </span>
    </p>
   </div>
   <div class='ocr_carea' id='block_1_98' title="bbox 417 4952 1038 5020">
    <p class='ocr_par' dir='ltr' id='par_1_98' title="bbox 417 4952 1038 5020">
     <span class='ocr_line' id='line_1_98' title="bbox 417 4952 1038 5020; baseline -0.006 -14"><span class='ocrx_word' id='word_1_759' title='bbox 417 4958 646 5007; x_wconf 90' lang='lat' dir='ltr'><strong>sanctus</strong></span> <span class='ocrx_word' id='word_1_760' title='bbox 674 4952 742 5006; x_wconf 90' lang='lat' dir='ltr'><strong>de</strong></span> <span class='ocrx_word' id='word_1_761' title='bbox 779 4956 1038 5020; x_wconf 87' lang='lat' dir='ltr'><strong>utroque.</strong></span> 
     </span>
    </p>
   </div>
   <div class='ocr_carea' id='block_1_99' title="bbox 483 5032 2105 5108">
    <p class='ocr_par' dir='ltr' id='par_1_99' title="bbox 483 5032 2105 5108">
     <span class='ocr_line' id='line_1_99' title="bbox 483 5032 2105 5108; baseline -0.005 -14"><span class='ocrx_word' id='word_1_762' title='bbox 483 5043 625 5094; x_wconf 91' lang='lat' dir='ltr'><strong>Item</strong></span> <span class='ocrx_word' id='word_1_763' title='bbox 655 5040 714 5093; x_wconf 90' lang='lat' dir='ltr'><strong>in</strong></span> <span class='ocrx_word' id='word_1_764' title='bbox 763 5037 1289 5108; x_wconf 87' lang='lat' dir='ltr'><strong>consequentibus:</strong></span> <span class='ocrx_word' id='word_1_765' title='bbox 1343 5057 1363 5082; x_wconf 75' lang='grc' dir='ltr'><strong>ε</strong></span> <span class='ocrx_word' id='word_1_766' title='bbox 1401 5035 1526 5088; x_wconf 83' lang='lat' dir='ltr'><strong>Non</strong></span> <span class='ocrx_word' id='word_1_767' title='bbox 1555 5049 1691 5104; x_wconf 90' lang='lat' dir='ltr'><strong>ergo</strong></span> <span class='ocrx_word' id='word_1_768' title='bbox 1738 5032 1929 5103; x_wconf 90' lang='lat' dir='ltr'><strong>potuit</strong></span> <span class='ocrx_word' id='word_1_769' title='bbox 1976 5032 2105 5103; x_wconf 87' lang='lat' dir='ltr'><strong>Spi-</strong></span> 
     </span>
    </p>
   </div>
   <div class='ocr_carea' id='block_1_100' title="bbox 415 5121 2108 5191">
    <p class='ocr_par' dir='ltr' id='par_1_100' title="bbox 415 5121 2108 5191">
     <span class='ocr_line' id='line_1_100' title="bbox 415 5121 2108 5191; baseline -0.004 -11"><span class='ocrx_word' id='word_1_770' title='bbox 415 5128 588 5182; x_wconf 91' lang='lat' dir='ltr'><strong>ritum</strong></span> <span class='ocrx_word' id='word_1_771' title='bbox 648 5133 904 5181; x_wconf 83' lang='lat' dir='ltr'><strong>sanctum</strong></span> <span class='ocrx_word' id='word_1_772' title='bbox 957 5125 1226 5179; x_wconf 81' lang='lat' dir='ltr'><strong>divinitas</strong></span> <span class='ocrx_word' id='word_1_773' title='bbox 1275 5123 1401 5177; x_wconf 89' lang='lat' dir='ltr'><strong>Filii</strong></span> <span class='ocrx_word' id='word_1_774' title='bbox 1471 5121 1749 5190; x_wconf 85' lang='lat' dir='ltr'><strong>accipere,</strong></span> <span class='ocrx_word' id='word_1_775' title='bbox 1796 5136 1927 5173; x_wconf 91' lang='lat' dir='ltr'><strong>cum</strong></span> <span class='ocrx_word' id='word_1_776' title='bbox 1987 5121 2108 5191; x_wconf 90' lang='lat' dir='ltr'><strong>ipse</strong></span> 
     </span>
    </p>
   </div>
   <div class='ocr_carea' id='block_1_101' title="bbox 414 5207 2107 5285">
    <p class='ocr_par' dir='ltr' id='par_1_101' title="bbox 414 5207 2107 5285">
     <span class='ocr_line' id='line_1_101' title="bbox 414 5207 2107 5285; baseline -0.005 -16"><span class='ocrx_word' id='word_1_777' title='bbox 414 5216 661 5285; x_wconf 90' lang='lat' dir='ltr'><strong>Spiritus</strong></span> <span class='ocrx_word' id='word_1_778' title='bbox 718 5219 945 5268; x_wconf 89' lang='lat' dir='ltr'><strong>sanctus</strong></span> <span class='ocrx_word' id='word_1_779' title='bbox 1005 5213 1082 5266; x_wconf 91' lang='lat' dir='ltr'><strong>sic</strong></span> <span class='ocrx_word' id='word_1_780' title='bbox 1144 5209 1472 5280; x_wconf 87' lang='lat' dir='ltr'><strong>procedata</strong></span> <span class='ocrx_word' id='word_1_781' title='bbox 1522 5209 1684 5273; x_wconf 90' lang='lat' dir='ltr'><strong>Filio,</strong></span> <span class='ocrx_word' id='word_1_782' title='bbox 1734 5207 1877 5260; x_wconf 91' lang='lat' dir='ltr'><strong>sicut</strong></span> <span class='ocrx_word' id='word_1_783' title='bbox 1905 5223 2107 5276; x_wconf 89' lang='lat' dir='ltr'><strong>proce-</strong></span> 
     </span>
    </p>
   </div>
   <div class='ocr_carea' id='block_1_102' title="bbox 415 5297 2107 5368">
    <p class='ocr_par' dir='ltr' id='par_1_102' title="bbox 415 5297 2107 5368">
     <span class='ocr_line' id='line_1_102' title="bbox 415 5297 2107 5368; baseline -0.005 -12"><span class='ocrx_word' id='word_1_784' title='bbox 415 5305 500 5357; x_wconf 89' lang='lat' dir='ltr'><strong>dit</strong></span> <span class='ocrx_word' id='word_1_785' title='bbox 529 5321 558 5356; x_wconf 91' lang='lat' dir='ltr'><strong>a</strong></span> <span class='ocrx_word' id='word_1_786' title='bbox 592 5305 794 5368; x_wconf 88' lang='lat' dir='ltr'><strong>Patre;</strong></span> <span class='ocrx_word' id='word_1_787' title='bbox 837 5307 892 5356; x_wconf 90' lang='lat' dir='ltr'><strong>et</strong></span> <span class='ocrx_word' id='word_1_788' title='bbox 922 5302 1002 5354; x_wconf 85' lang='lat' dir='ltr'><strong>sic</strong></span> <span class='ocrx_word' id='word_1_789' title='bbox 1059 5301 1230 5354; x_wconf 91' lang='lat' dir='ltr'><strong>detur</strong></span> <span class='ocrx_word' id='word_1_790' title='bbox 1264 5315 1297 5350; x_wconf 93' lang='lat' dir='ltr'><strong>a</strong></span> <span class='ocrx_word' id='word_1_791' title='bbox 1347 5297 1509 5356; x_wconf 83' lang='lat' dir='ltr'><strong>Filio,</strong></span> <span class='ocrx_word' id='word_1_792' title='bbox 1567 5297 1712 5349; x_wconf 89' lang='lat' dir='ltr'><strong>sicut</strong></span> <span class='ocrx_word' id='word_1_793' title='bbox 1742 5297 1909 5350; x_wconf 88' lang='lat' dir='ltr'><strong>datur</strong></span> <span class='ocrx_word' id='word_1_794' title='bbox 1937 5312 1972 5348; x_wconf 91' lang='lat' dir='ltr'><strong>a</strong></span> <span class='ocrx_word' id='word_1_795' title='bbox 2001 5297 2107 5349; x_wconf 89' lang='lat' dir='ltr'><strong>Pa-</strong></span> 
     </span>
    </p>
   </div>
   <div class='ocr_carea' id='block_1_103' title="bbox 414 5384 2109 5455">
    <p class='ocr_par' dir='ltr' id='par_1_103' title="bbox 414 5384 2109 5455">
     <span class='ocr_line' id='line_1_103' title="bbox 414 5384 2109 5455; baseline -0.003 -12"><span class='ocrx_word' id='word_1_796' title='bbox 414 5395 519 5445; x_wconf 91' lang='lat' dir='ltr'><strong>tre.</strong></span> <span class='ocrx_word' id='word_1_797' title='bbox 561 5393 671 5445; x_wconf 82' lang='lat' dir='ltr'><strong>Nec</strong></span> <span class='ocrx_word' id='word_1_798' title='bbox 722 5393 818 5445; x_wconf 89' lang='lat' dir='ltr'><strong>illa</strong></span> <span class='ocrx_word' id='word_1_799' title='bbox 873 5396 1095 5454; x_wconf 88' lang='lat' dir='ltr'><strong>natura,</strong></span> <span class='ocrx_word' id='word_1_800' title='bbox 1149 5387 1300 5440; x_wconf 90' lang='lat' dir='ltr'><strong>unde</strong></span> <span class='ocrx_word' id='word_1_801' title='bbox 1354 5385 1600 5455; x_wconf 89' lang='lat' dir='ltr'><strong>Spiritus</strong></span> <span class='ocrx_word' id='word_1_802' title='bbox 1651 5389 1878 5438; x_wconf 90' lang='lat' dir='ltr'><strong>sanctus</strong></span> <span class='ocrx_word' id='word_1_803' title='bbox 1935 5384 2109 5438; x_wconf 86' lang='lat' dir='ltr'><strong>habet</strong></span> 
     </span>
    </p>
   </div>
   <div class='ocr_carea' id='block_1_104' title="bbox 413 5472 2106 5550">
    <p class='ocr_par' dir='ltr' id='par_1_104' title="bbox 413 5472 2106 5550">
     <span class='ocr_line' id='line_1_104' title="bbox 413 5472 2106 5550; baseline -0.004 -19"><span class='ocrx_word' id='word_1_804' title='bbox 413 5479 717 5549; x_wconf 86' lang='lat' dir='ltr'><strong>originem,</strong></span> <span class='ocrx_word' id='word_1_805' title='bbox 759 5479 949 5550; x_wconf 90' lang='lat' dir='ltr'><strong>potuit</strong></span> <span class='ocrx_word' id='word_1_806' title='bbox 982 5477 1066 5532; x_wconf 86' lang='lat' dir='ltr'><strong>vel</strong></span> <span class='ocrx_word' id='word_1_807' title='bbox 1103 5477 1425 5547; x_wconf 84' lang='lat' dir='ltr'><strong>exspectare</strong></span> <span class='ocrx_word' id='word_1_808' title='bbox 1472 5473 1558 5526; x_wconf 87' lang='lat' dir='ltr'><strong>vel</strong></span> <span class='ocrx_word' id='word_1_809' title='bbox 1589 5473 1842 5542; x_wconf 89' lang='lat' dir='ltr'><strong>accipere</strong></span> <span class='ocrx_word' id='word_1_810' title='bbox 1873 5472 2106 5542; x_wconf 86' lang='lat' dir='ltr'><strong>largita-</strong></span> 
     </span>
    </p>
   </div>
   <div class='ocr_carea' id='block_1_105' title="bbox 412 5561 2102 5638">
    <p class='ocr_par' dir='ltr' id='par_1_105' title="bbox 412 5561 2102 5638">
     <span class='ocr_line' id='line_1_105' title="bbox 412 5561 2102 5638; baseline -0.005 -18"><span class='ocrx_word' id='word_1_811' title='bbox 412 5571 550 5621; x_wconf 91' lang='lat' dir='ltr'><strong>tem.</strong></span> <span class='ocrx_word' id='word_1_812' title='bbox 591 5568 835 5638; x_wconf 90' lang='lat' dir='ltr'><strong>Spiritus</strong></span> <span class='ocrx_word' id='word_1_813' title='bbox 882 5567 978 5621; x_wconf 89' lang='lat' dir='ltr'><strong>ille</strong></span> <span class='ocrx_word' id='word_1_814' title='bbox 1020 5570 1173 5620; x_wconf 89' lang='lat' dir='ltr'><strong>totus</strong></span> <span class='ocrx_word' id='word_1_815' title='bbox 1219 5569 1304 5618; x_wconf 90' lang='lat' dir='ltr'><strong>est</strong></span> <span class='ocrx_word' id='word_1_816' title='bbox 1351 5562 1552 5626; x_wconf 89' lang='lat' dir='ltr'><strong>Patris,</strong></span> <span class='ocrx_word' id='word_1_817' title='bbox 1604 5567 1756 5615; x_wconf 86' lang='lat' dir='ltr'><strong>totus</strong></span> <span class='ocrx_word' id='word_1_818' title='bbox 1797 5566 1882 5614; x_wconf 87' lang='lat' dir='ltr'><strong>est</strong></span> <span class='ocrx_word' id='word_1_819' title='bbox 1930 5561 2051 5614; x_wconf 90' lang='lat' dir='ltr'><strong>Filii</strong></span> <span class='ocrx_word' id='word_1_820' title='bbox 2089 5578 2102 5626; x_wconf 90' lang='lat'><strong>;</strong></span> 
     </span>
    </p>
   </div>
   <div class='ocr_carea' id='block_1_106' title="bbox 2219 4414 3926 4486">
    <p class='ocr_par' dir='ltr' id='par_1_106' title="bbox 2219 4414 3926 4486">
     <span class='ocr_line' id='line_1_106' title="bbox 2219 4414 3926 4486; baseline 0.004 -20"><span class='ocrx_word' id='word_1_821' title='bbox 2219 4431 2282 4467; x_wconf 88' lang='lat' dir='ltr'><strong>ac</strong></span> <span class='ocrx_word' id='word_1_822' title='bbox 2313 4415 2452 4468; x_wconf 88' lang='lat' dir='ltr'><strong>Filio</strong></span> <span class='ocrx_word' id='word_1_823' title='bbox 2483 4414 2906 4485; x_wconf 89' lang='lat' dir='ltr'><strong>plenitudinem</strong></span> <span class='ocrx_word' id='word_1_824' title='bbox 2954 4417 3208 4484; x_wconf 88' lang='lat' dir='ltr'><strong>unitatis,</strong></span> <span class='ocrx_word' id='word_1_825' title='bbox 3258 4424 3309 4471; x_wconf 91' lang='lat' dir='ltr'><strong>et</strong></span> <span class='ocrx_word' id='word_1_826' title='bbox 3346 4419 3622 4472; x_wconf 88' lang='lat' dir='ltr'><strong>unitatem</strong></span> <span class='ocrx_word' id='word_1_827' title='bbox 3655 4419 3926 4486; x_wconf 89' lang='lat' dir='ltr'><strong>plenitu-</strong></span> 
     </span>
    </p>
   </div>
   <div class='ocr_carea' id='block_1_107' title="bbox 2219 4503 3926 4571">
    <p class='ocr_par' dir='ltr' id='par_1_107' title="bbox 2219 4503 3926 4571">
     <span class='ocr_line' id='line_1_107' title="bbox 2219 4503 3926 4571; baseline 0.004 -16"><span class='ocrx_word' id='word_1_828' title='bbox 2219 4503 2387 4569; x_wconf 89' lang='lat' dir='ltr'><strong>dinis,</strong></span> <span class='ocrx_word' id='word_1_829' title='bbox 2417 4508 2473 4557; x_wconf 89' lang='lat' dir='ltr'><strong>et</strong></span> <span class='ocrx_word' id='word_1_830' title='bbox 2517 4507 2670 4557; x_wconf 88' lang='lat' dir='ltr'><strong>totus</strong></span> <span class='ocrx_word' id='word_1_831' title='bbox 2720 4504 2962 4558; x_wconf 88' lang='lat' dir='ltr'><strong>habetur</strong></span> <span class='ocrx_word' id='word_1_832' title='bbox 2991 4522 3022 4558; x_wconf 90' lang='lat' dir='ltr'><strong>a</strong></span> <span class='ocrx_word' id='word_1_833' title='bbox 3071 4508 3256 4571; x_wconf 89' lang='lat' dir='ltr'><strong>Patre,</strong></span> <span class='ocrx_word' id='word_1_834' title='bbox 3300 4512 3354 4558; x_wconf 91' lang='lat' dir='ltr'><strong>et</strong></span> <span class='ocrx_word' id='word_1_835' title='bbox 3399 4513 3554 4560; x_wconf 91' lang='lat' dir='ltr'><strong>totus</strong></span> <span class='ocrx_word' id='word_1_836' title='bbox 3600 4507 3854 4561; x_wconf 86' lang='lat' dir='ltr'><strong>habetur</strong></span> <span class='ocrx_word' id='word_1_837' title='bbox 3887 4525 3926 4561; x_wconf 85' lang='lat' dir='ltr'><strong>a</strong></span> 
     </span>
    </p>
   </div>
   <div class='ocr_carea' id='block_1_108' title="bbox 2218 4591 3926 4665">
    <p class='ocr_par' dir='ltr' id='par_1_108' title="bbox 2218 4591 3926 4665">
     <span class='ocr_line' id='line_1_108' title="bbox 2218 4591 3926 4665; baseline 0.002 -19"><span class='ocrx_word' id='word_1_838' title='bbox 2218 4591 2378 4646; x_wconf 88' lang='lat' dir='ltr'><strong>Filio.</strong></span> <span class='ocrx_word' id='word_1_839' title='bbox 2419 4593 2542 4646; x_wconf 82' lang='lat' dir='ltr'><strong>Non</strong></span> <span class='ocrx_word' id='word_1_840' title='bbox 2604 4609 2738 4664; x_wconf 86' lang='lat' dir='ltr'><strong>ergo</strong></span> <span class='ocrx_word' id='word_1_841' title='bbox 2797 4593 3062 4647; x_wconf 90' lang='lat' dir='ltr'><strong>divinitas</strong></span> <span class='ocrx_word' id='word_1_842' title='bbox 3131 4595 3256 4648; x_wconf 88' lang='lat' dir='ltr'><strong>Filii</strong></span> <span class='ocrx_word' id='word_1_843' title='bbox 3312 4595 3587 4665; x_wconf 90' lang='lat' dir='ltr'><strong>Spiritum</strong></span> <span class='ocrx_word' id='word_1_844' title='bbox 3645 4601 3926 4650; x_wconf 84' lang='lat' dir='ltr'><strong>sanctum</strong></span> 
     </span>
    </p>
   </div>
   <div class='ocr_carea' id='block_1_109' title="bbox 2216 4681 3928 4753">
    <p class='ocr_par' dir='ltr' id='par_1_109' title="bbox 2216 4681 3928 4753">
     <span class='ocr_line' id='line_1_109' title="bbox 2216 4681 3928 4753; baseline 0.003 -19"><span class='ocrx_word' id='word_1_845' title='bbox 2216 4681 2452 4752; x_wconf 87' lang='lat' dir='ltr'><strong>accepit,</strong></span> <span class='ocrx_word' id='word_1_846' title='bbox 2502 4697 2673 4751; x_wconf 88' lang='lat' dir='ltr'><strong>quem</strong></span> <span class='ocrx_word' id='word_1_847' title='bbox 2732 4681 2892 4752; x_wconf 87' lang='lat' dir='ltr'><strong>prius</strong></span> <span class='ocrx_word' id='word_1_848' title='bbox 2932 4699 3045 4736; x_wconf 90' lang='lat' dir='ltr'><strong>non</strong></span> <span class='ocrx_word' id='word_1_849' title='bbox 3095 4683 3315 4749; x_wconf 86' lang='lat' dir='ltr'><strong>habuit,</strong></span> <span class='ocrx_word' id='word_1_850' title='bbox 3369 4700 3500 4736; x_wconf 91' lang='lat' dir='ltr'><strong>cum</strong></span> <span class='ocrx_word' id='word_1_851' title='bbox 3553 4685 3624 4736; x_wconf 86' lang='lat' dir='ltr'><strong>sit</strong></span> <span class='ocrx_word' id='word_1_852' title='bbox 3664 4685 3928 4753; x_wconf 85' lang='lat' dir='ltr'><strong>Spiritus</strong></span> 
     </span>
    </p>
   </div>
   <div class='ocr_carea' id='block_1_110' title="bbox 2217 4770 3929 4842">
    <p class='ocr_par' dir='ltr' id='par_1_110' title="bbox 2217 4770 3929 4842">
     <span class='ocr_line' id='line_1_110' title="bbox 2217 4770 3929 4842; baseline 0.005 -22"><span class='ocrx_word' id='word_1_853' title='bbox 2217 4775 2445 4823; x_wconf 90' lang='lat' dir='ltr'><strong>sanctus</strong></span> <span class='ocrx_word' id='word_1_854' title='bbox 2485 4770 2735 4838; x_wconf 86' lang='lat' dir='ltr'><strong>ejusdem</strong></span> <span class='ocrx_word' id='word_1_855' title='bbox 2784 4775 3003 4824; x_wconf 75' lang='lat' dir='ltr'><strong>naturae</strong></span> <span class='ocrx_word' id='word_1_856' title='bbox 3047 4773 3209 4840; x_wconf 89' lang='lat' dir='ltr'><strong>cujus</strong></span> <span class='ocrx_word' id='word_1_857' title='bbox 3253 4777 3334 4824; x_wconf 90' lang='lat' dir='ltr'><strong>est</strong></span> <span class='ocrx_word' id='word_1_858' title='bbox 3377 4772 3564 4836; x_wconf 85' lang='lat' dir='ltr'><strong>Filius,</strong></span> <span class='ocrx_word' id='word_1_859' title='bbox 3603 4779 3802 4842; x_wconf 91' lang='lat' dir='ltr'><strong>utpote</strong></span> <span class='ocrx_word' id='word_1_860' title='bbox 3845 4775 3929 4828; x_wconf 88' lang='lat' dir='ltr'><strong>de</strong></span> 
     </span>
    </p>
   </div>
   <div class='ocr_carea' id='block_1_111' title="bbox 2217 4857 3934 4930">
    <p class='ocr_par' dir='ltr' id='par_1_111' title="bbox 2217 4857 3934 4930">
     <span class='ocr_line' id='line_1_111' title="bbox 2217 4857 3934 4930; baseline 0.002 -20"><span class='ocrx_word' id='word_1_861' title='bbox 2217 4872 2332 4926; x_wconf 91' lang='lat' dir='ltr'><strong>quo</strong></span> <span class='ocrx_word' id='word_1_862' title='bbox 2383 4857 2600 4926; x_wconf 92' lang='lat' dir='ltr'><strong>accepit</strong></span> <span class='ocrx_word' id='word_1_863' title='bbox 2643 4857 2922 4926; x_wconf 89' lang='lat' dir='ltr'><strong>quidquid</strong></span> <span class='ocrx_word' id='word_1_864' title='bbox 2974 4859 3162 4926; x_wconf 89' lang='lat' dir='ltr'><strong>habet,</strong></span> <span class='ocrx_word' id='word_1_865' title='bbox 3227 4859 3342 4912; x_wconf 89' lang='lat' dir='ltr'><strong>imo</strong></span> <span class='ocrx_word' id='word_1_866' title='bbox 3391 4861 3459 4913; x_wconf 90' lang='lat' dir='ltr'><strong>de</strong></span> <span class='ocrx_word' id='word_1_867' title='bbox 3508 4877 3620 4930; x_wconf 91' lang='lat' dir='ltr'><strong>quo</strong></span> <span class='ocrx_word' id='word_1_868' title='bbox 3667 4867 3754 4913; x_wconf 88' lang='lat' dir='ltr'><strong>est</strong></span> <span class='ocrx_word' id='word_1_869' title='bbox 3802 4861 3934 4914; x_wconf 85' lang='lat' dir='ltr'><strong>hoc</strong></span> 
     </span>
    </p>
   </div>
   <div class='ocr_carea' id='block_1_112' title="bbox 2217 4944 3939 5015">
    <p class='ocr_par' dir='ltr' id='par_1_112' title="bbox 2217 4944 3939 5015">
     <span class='ocr_line' id='line_1_112' title="bbox 2217 4944 3939 5015; baseline 0.003 -17"><span class='ocrx_word' id='word_1_870' title='bbox 2217 4944 2370 5015; x_wconf 92' lang='lat' dir='ltr'><strong>quod</strong></span> <span class='ocrx_word' id='word_1_871' title='bbox 2401 4951 2521 5007; x_wconf 90' lang='lat' dir='ltr'><strong>est;</strong></span> <span class='ocrx_word' id='word_1_872' title='bbox 2555 4946 2830 5015; x_wconf 90' lang='lat' dir='ltr'><strong>quoniam</strong></span> <span class='ocrx_word' id='word_1_873' title='bbox 2875 4947 3326 5001; x_wconf 90' lang='lat' dir='ltr'><strong>substantialiter</strong></span> <span class='ocrx_word' id='word_1_874' title='bbox 3355 4949 3424 5001; x_wconf 91' lang='lat' dir='ltr'><strong>de</strong></span> <span class='ocrx_word' id='word_1_875' title='bbox 3457 4948 3752 5002; x_wconf 88' lang='lat' dir='ltr'><strong>divinitate</strong></span> <span class='ocrx_word' id='word_1_876' title='bbox 3785 4950 3939 5004; x_wconf 91' lang='lat' dir='ltr'><strong>Filii</strong></span> 
     </span>
    </p>
   </div>
   <div class='ocr_carea' id='block_1_113' title="bbox 2215 5033 3939 5105">
    <p class='ocr_par' dir='ltr' id='par_1_113' title="bbox 2215 5033 3939 5105">
     <span class='ocr_line' id='line_1_113' title="bbox 2215 5033 3939 5105; baseline 0.003 -19"><span class='ocrx_word' id='word_1_877' title='bbox 2215 5037 2317 5086; x_wconf 89' lang='lat' dir='ltr'><strong>est.</strong></span> <span class='ocrx_word' id='word_1_878' title='bbox 2367 5033 2584 5096; x_wconf 88' lang='lat' dir='ltr'><strong>Quibus</strong></span> <span class='ocrx_word' id='word_1_879' title='bbox 2633 5034 2902 5088; x_wconf 89' lang='lat' dir='ltr'><strong>omnibus</strong></span> <span class='ocrx_word' id='word_1_880' title='bbox 2946 5035 3239 5089; x_wconf 86' lang='lat' dir='ltr'><strong>evidenter</strong></span> <span class='ocrx_word' id='word_1_881' title='bbox 3294 5036 3618 5090; x_wconf 89' lang='lat' dir='ltr'><strong>ostenditur</strong></span> <span class='ocrx_word' id='word_1_882' title='bbox 3663 5037 3939 5105; x_wconf 86' lang='lat' dir='ltr'><strong>Spiritus</strong></span> 
     </span>
    </p>
   </div>
   <div class='ocr_carea' id='block_1_114' title="bbox 2217 5120 3942 5193">
    <p class='ocr_par' dir='ltr' id='par_1_114' title="bbox 2217 5120 3942 5193">
     <span class='ocr_line' id='line_1_114' title="bbox 2217 5120 3942 5193; baseline 0.004 -19"><span class='ocrx_word' id='word_1_883' title='bbox 2217 5120 2392 5174; x_wconf 88' lang='lat' dir='ltr'><strong>sancti</strong></span> <span class='ocrx_word' id='word_1_884' title='bbox 2434 5121 2718 5190; x_wconf 90' lang='lat' dir='ltr'><strong>processio</strong></span> <span class='ocrx_word' id='word_1_885' title='bbox 2768 5137 2884 5175; x_wconf 91' lang='lat' dir='ltr'><strong>non</strong></span> <span class='ocrx_word' id='word_1_886' title='bbox 2933 5122 3125 5176; x_wconf 89' lang='lat' dir='ltr'><strong>minus</strong></span> <span class='ocrx_word' id='word_1_887' title='bbox 3169 5139 3289 5176; x_wconf 87' lang='lat' dir='ltr'><strong>esse</strong></span> <span class='ocrx_word' id='word_1_888' title='bbox 3322 5125 3389 5178; x_wconf 89' lang='lat' dir='ltr'><strong>de</strong></span> <span class='ocrx_word' id='word_1_889' title='bbox 3441 5124 3582 5177; x_wconf 89' lang='lat' dir='ltr'><strong>Filio</strong></span> <span class='ocrx_word' id='word_1_890' title='bbox 3623 5140 3801 5193; x_wconf 90' lang='lat' dir='ltr'><strong>quam</strong></span> <span class='ocrx_word' id='word_1_891' title='bbox 3856 5127 3942 5180; x_wconf 83' lang='lat' dir='ltr'><strong>de</strong></span> 
     </span>
    </p>
   </div>
   <div class='ocr_carea' id='block_1_115' title="bbox 2215 5209 3946 5282">
    <p class='ocr_par' dir='ltr' id='par_1_115' title="bbox 2215 5209 3946 5282">
     <span class='ocr_line' id='line_1_115' title="bbox 2215 5209 3946 5282; baseline 0.003 -20"><span class='ocrx_word' id='word_1_892' title='bbox 2215 5209 2415 5262; x_wconf 89' lang='lat' dir='ltr'><strong>Patre:</strong></span> <span class='ocrx_word' id='word_1_893' title='bbox 2478 5209 2632 5280; x_wconf 91' lang='lat' dir='ltr'><strong>quod</strong></span> <span class='ocrx_word' id='word_1_894' title='bbox 2677 5210 2939 5281; x_wconf 90' lang='lat' dir='ltr'><strong>quisquis</strong></span> <span class='ocrx_word' id='word_1_895' title='bbox 3007 5226 3217 5281; x_wconf 88' lang='lat' dir='ltr'><strong>negare</strong></span> <span class='ocrx_word' id='word_1_896' title='bbox 3280 5212 3610 5278; x_wconf 90' lang='lat' dir='ltr'><strong>intenderit,</strong></span> <span class='ocrx_word' id='word_1_897' title='bbox 3677 5214 3946 5282; x_wconf 86' lang='lat' dir='ltr'><strong>negabit</strong></span> 
     </span>
    </p>
   </div>
   <div class='ocr_carea' id='block_1_116' title="bbox 2214 5295 3943 5371">
    <p class='ocr_par' dir='ltr' id='par_1_116' title="bbox 2214 5295 3943 5371">
     <span class='ocr_line' id='line_1_116' title="bbox 2214 5295 3943 5371; baseline 0.006 -24"><span class='ocrx_word' id='word_1_898' title='bbox 2214 5295 2432 5366; x_wconf 89' lang='lat' dir='ltr'><strong>pariter</strong></span> <span class='ocrx_word' id='word_1_899' title='bbox 2473 5297 2720 5366; x_wconf 91' lang='lat' dir='ltr'><strong>Spiritus</strong></span> <span class='ocrx_word' id='word_1_900' title='bbox 2749 5298 2927 5351; x_wconf 91' lang='lat' dir='ltr'><strong>sancti</strong></span> <span class='ocrx_word' id='word_1_901' title='bbox 2968 5299 3434 5354; x_wconf 89' lang='lat' dir='ltr'><strong>subsistentiam:</strong></span> <span class='ocrx_word' id='word_1_902' title='bbox 3487 5301 3763 5371; x_wconf 84' lang='lat' dir='ltr'><strong>quoniam</strong></span> <span class='ocrx_word' id='word_1_903' title='bbox 3797 5319 3943 5358; x_wconf 88' lang='lat' dir='ltr'><strong>non</strong></span> 
     </span>
    </p>
   </div>
   <div class='ocr_carea' id='block_1_117' title="bbox 2214 5385 3941 5459">
    <p class='ocr_par' dir='ltr' id='par_1_117' title="bbox 2214 5385 3941 5459">
     <span class='ocr_line' id='line_1_117' title="bbox 2214 5385 3941 5459; baseline 0.005 -22"><span class='ocrx_word' id='word_1_904' title='bbox 2214 5389 2402 5454; x_wconf 90' lang='lat' dir='ltr'><strong>potest</strong></span> <span class='ocrx_word' id='word_1_905' title='bbox 2440 5385 2770 5453; x_wconf 90' lang='lat' dir='ltr'><strong>subsistere,</strong></span> <span class='ocrx_word' id='word_1_906' title='bbox 2799 5387 2907 5440; x_wconf 89' lang='lat' dir='ltr'><strong>nisi</strong></span> <span class='ocrx_word' id='word_1_907' title='bbox 2956 5389 3263 5442; x_wconf 84' lang='lat' dir='ltr'><strong>essentiam</strong></span> <span class='ocrx_word' id='word_1_908' title='bbox 3312 5390 3552 5459; x_wconf 80' lang='lat' dir='ltr'><strong>accipiat</strong></span> <span class='ocrx_word' id='word_1_909' title='bbox 3598 5388 3668 5442; x_wconf 89' lang='lat' dir='ltr'><strong>ab</strong></span> <span class='ocrx_word' id='word_1_910' title='bbox 3710 5390 3814 5444; x_wconf 90' lang='lat' dir='ltr'><strong>illo</strong></span> <span class='ocrx_word' id='word_1_911' title='bbox 3854 5392 3941 5446; x_wconf 86' lang='lat' dir='ltr'><strong>de</strong></span> 
     </span>
    </p>
   </div>
   <div class='ocr_carea' id='block_1_118' title="bbox 2216 5475 3942 5548">
    <p class='ocr_par' dir='ltr' id='par_1_118' title="bbox 2216 5475 3942 5548">
     <span class='ocr_line' id='line_1_118' title="bbox 2216 5475 3942 5548; baseline 0.005 -22"><span class='ocrx_word' id='word_1_912' title='bbox 2216 5490 2330 5544; x_wconf 92' lang='lat' dir='ltr'><strong>quo</strong></span> <span class='ocrx_word' id='word_1_913' title='bbox 2392 5475 2755 5544; x_wconf 87' lang='lat' dir='ltr'><strong>procedendo</strong></span> <span class='ocrx_word' id='word_1_914' title='bbox 2823 5476 3097 5530; x_wconf 83' lang='lat' dir='ltr'><strong>subsistit.</strong></span> <span class='ocrx_word' id='word_1_915' title='bbox 3141 5479 3252 5531; x_wconf 86' lang='lat' dir='ltr'><strong>Hoc</strong></span> <span class='ocrx_word' id='word_1_916' title='bbox 3301 5484 3528 5532; x_wconf 88' lang='lat' dir='ltr'><strong>sanctus</strong></span> <span class='ocrx_word' id='word_1_917' title='bbox 3575 5479 3942 5548; x_wconf 85' lang='lat' dir='ltr'><strong>Fulgentius</strong></span> 
     </span>
    </p>
   </div>
   <div class='ocr_carea' id='block_1_119' title="bbox 2215 5562 3942 5636">
    <p class='ocr_par' dir='ltr' id='par_1_119' title="bbox 2215 5562 3942 5636">
     <span class='ocr_line' id='line_1_119' title="bbox 2215 5562 3942 5636; baseline 0.005 -22"><span class='ocrx_word' id='word_1_918' title='bbox 2215 5562 2486 5616; x_wconf 84' lang='lat' dir='ltr'><strong>ad\ersus</strong></span> <span class='ocrx_word' id='word_1_919' title='bbox 2529 5563 2796 5616; x_wconf 80' lang='lat' dir='ltr'><strong>Arianam</strong></span> <span class='ocrx_word' id='word_1_920' title='bbox 2848 5565 3147 5634; x_wconf 70' lang='lat' dir='ltr'><strong>perfidiam</strong></span> <span class='ocrx_word' id='word_1_921' title='bbox 3197 5568 3494 5636; x_wconf 71' lang='lat' dir='ltr'><strong>disputans</strong></span> <span class='ocrx_word' id='word_1_922' title='bbox 3547 5567 3615 5619; x_wconf 91' lang='lat' dir='ltr'><strong>de</strong></span> <span class='ocrx_word' id='word_1_923' title='bbox 3660 5567 3942 5636; x_wconf 85' lang='lat' dir='ltr'><strong>Spiritus</strong></span> 
     </span>
    </p>
   </div>
  </div>
