  <div class='ocr_page' id='page_1' title='image "/cluster/home/n/w/nwhite01/storage/ocr_20150623/121/hvd.32044054759832/154.png"; bbox 0 0 4130 6184; ppageno 0'>
   <div class='ocr_carea' id='block_1_1' title="bbox 229 279 336 333">
    <p class='ocr_par' dir='ltr' id='par_1_1' title="bbox 229 279 336 333">
     <span class='ocr_line' id='line_1_1' title="bbox 229 279 336 333; baseline -0.019 0"><span class='ocrx_word' id='word_1_1' title='bbox 229 279 336 333; x_wconf 83' lang='lat'>‘297</span> 
     </span>
    </p>
   </div>
   <div class='ocr_carea' id='block_1_2' title="bbox 1251 265 2734 336">
    <p class='ocr_par' dir='ltr' id='par_1_2' title="bbox 1251 265 2734 336">
     <span class='ocr_line' id='line_1_2' title="bbox 1251 265 2734 336; baseline 0.003 -4"><span class='ocrx_word' id='word_1_2' title='bbox 1251 275 1521 334; x_wconf 81' lang='lat' dir='ltr'>CONTRA</span> <span class='ocrx_word' id='word_1_3' title='bbox 1558 265 1952 335; x_wconf 56' lang='lat' dir='ltr'>caaconun</span> <span class='ocrx_word' id='word_1_4' title='bbox 1989 276 2348 335; x_wconf 76' lang='lat' dir='ltr'>OPPOSITA.</span> <span class='ocrx_word' id='word_1_5' title='bbox 2381 309 2450 320; x_wconf 86' lang='grc'><strong><em>-</em></strong></span> <span class='ocrx_word' id='word_1_6' title='bbox 2479 281 2603 336; x_wconf 84' lang='lat' dir='ltr'>LIB.</span> <span class='ocrx_word' id='word_1_7' title='bbox 2643 279 2734 336; x_wconf 95' lang='grc' dir='ltr'>ιιι.</span> 
     </span>
    </p>
   </div>
   <div class='ocr_carea' id='block_1_3' title="bbox 3632 280 3734 343">
    <p class='ocr_par' dir='ltr' id='par_1_3' title="bbox 3632 280 3734 343">
     <span class='ocr_line' id='line_1_3' title="bbox 3632 280 3734 343; baseline 0 -1"><span class='ocrx_word' id='word_1_8' title='bbox 3632 280 3734 343; x_wconf 80' lang='lat'>298</span> 
     </span>
    </p>
   </div>
   <div class='ocr_carea' id='block_1_4' title="bbox 229 415 3733 496">
    <p class='ocr_par' dir='ltr' id='par_1_4' title="bbox 229 415 3733 496">
     <span class='ocr_line' id='line_1_4' title="bbox 229 415 3733 496; baseline 0.004 -29"><span class='ocrx_word' id='word_1_9' title='bbox 229 415 413 468; x_wconf 85' lang='lat' dir='ltr'>sancti</span> <span class='ocrx_word' id='word_1_10' title='bbox 460 415 819 484; x_wconf 85' lang='lat' dir='ltr'>processione</span> <span class='ocrx_word' id='word_1_11' title='bbox 859 415 1078 469; x_wconf 90' lang='lat' dir='ltr'>locutus</span> <span class='ocrx_word' id='word_1_12' title='bbox 1117 421 1221 482; x_wconf 91' lang='lat' dir='ltr'>est,</span> <span class='ocrx_word' id='word_1_13' title='bbox 1268 417 1594 486; x_wconf 87' lang='lat' dir='ltr'>approbans</span> <span class='ocrx_word' id='word_1_14' title='bbox 1641 415 1931 470; x_wconf 80' lang='lat' dir='ltr'>verissime</span> <span class='ocrx_word' id='word_1_15' title='bbox 1971 415 2251 496; x_wconf 84' lang='lat' dir='ltr'>Adeitate</span> <span class='ocrx_word' id='word_1_16' title='bbox 2307 418 2489 472; x_wconf 80' lang='lat' dir='ltr'>Patris</span> <span class='ocrx_word' id='word_1_17' title='bbox 2536 424 2590 472; x_wconf 88' lang='lat' dir='ltr'>et</span> <span class='ocrx_word' id='word_1_18' title='bbox 2639 419 2808 475; x_wconf 88' lang='lat' dir='ltr'>Filii:</span> <span class='ocrx_word' id='word_1_19' title='bbox 2852 422 3005 492; x_wconf 90' lang='lat' dir='ltr'>quod</span> <span class='ocrx_word' id='word_1_20' title='bbox 3043 423 3254 490; x_wconf 88' lang='lat' dir='ltr'>dicens,</span> <span class='ocrx_word' id='word_1_21' title='bbox 3303 424 3521 496; x_wconf 91' lang='lat' dir='ltr'>liquido</span> <span class='ocrx_word' id='word_1_22' title='bbox 3577 444 3733 482; x_wconf 87' lang='lat' dir='ltr'>mon-</span> 
     </span>
    </p>
   </div>
   <div class='ocr_carea' id='block_1_5' title="bbox 228 503 1930 576">
    <p class='ocr_par' dir='ltr' id='par_1_5' title="bbox 228 503 1930 576">
     <span class='ocr_line' id='line_1_5' title="bbox 228 503 1930 576; baseline 0.002 -21"><span class='ocrx_word' id='word_1_23' title='bbox 228 503 365 556; x_wconf 91' lang='lat' dir='ltr'>dicti</span> <span class='ocrx_word' id='word_1_24' title='bbox 403 509 518 556; x_wconf 87' lang='lat' dir='ltr'>tam</span> <span class='ocrx_word' id='word_1_25' title='bbox 567 521 599 556; x_wconf 86' lang='lat' dir='ltr'>a</span> <span class='ocrx_word' id='word_1_26' title='bbox 642 506 806 557; x_wconf 89' lang='lat' dir='ltr'>Patre</span> <span class='ocrx_word' id='word_1_27' title='bbox 843 521 1014 574; x_wconf 89' lang='lat' dir='ltr'>quam</span> <span class='ocrx_word' id='word_1_28' title='bbox 1057 522 1086 557; x_wconf 92' lang='lat' dir='ltr'>a</span> <span class='ocrx_word' id='word_1_29' title='bbox 1125 505 1265 558; x_wconf 91' lang='lat' dir='ltr'>Filio</span> <span class='ocrx_word' id='word_1_30' title='bbox 1309 506 1616 574; x_wconf 79' lang='lat' dir='ltr'>procedere</span> <span class='ocrx_word' id='word_1_31' title='bbox 1654 505 1930 576; x_wconf 76' lang='lat' dir='ltr'>Spiritum</span> 
     </span>
    </p>
   </div>
   <div class='ocr_carea' id='block_1_6' title="bbox 231 592 1929 664">
    <p class='ocr_par' dir='ltr' id='par_1_6' title="bbox 231 592 1929 664">
     <span class='ocr_line' id='line_1_6' title="bbox 231 592 1929 664; baseline 0.002 -21"><span class='ocrx_word' id='word_1_32' title='bbox 231 597 516 658; x_wconf 80' lang='lat' dir='ltr'>sanctum,</span> <span class='ocrx_word' id='word_1_33' title='bbox 553 593 826 662; x_wconf 90' lang='lat' dir='ltr'>quoniam</span> <span class='ocrx_word' id='word_1_34' title='bbox 874 593 945 644; x_wconf 92' lang='lat' dir='ltr'>sit</span> <span class='ocrx_word' id='word_1_35' title='bbox 978 593 1272 664; x_wconf 83' lang='lat' dir='ltr'>utriusque</span> <span class='ocrx_word' id='word_1_36' title='bbox 1318 592 1583 662; x_wconf 79' lang='lat' dir='ltr'>Spiritus,</span> <span class='ocrx_word' id='word_1_37' title='bbox 1625 594 1929 647; x_wconf 78' lang='lat' dir='ltr'>essentiam</span> 
     </span>
    </p>
   </div>
   <div class='ocr_carea' id='block_1_7' title="bbox 230 680 1936 750">
    <p class='ocr_par' dir='ltr' id='par_1_7' title="bbox 230 680 1936 750">
     <span class='ocr_line' id='line_1_7' title="bbox 230 680 1936 750; baseline 0.001 -18"><span class='ocrx_word' id='word_1_38' title='bbox 230 680 517 750; x_wconf 91' lang='lat' dir='ltr'>accipiens</span> <span class='ocrx_word' id='word_1_39' title='bbox 567 681 637 733; x_wconf 88' lang='lat' dir='ltr'>ab</span> <span class='ocrx_word' id='word_1_40' title='bbox 682 688 959 750; x_wconf 89' lang='lat' dir='ltr'>utroque;</span> <span class='ocrx_word' id='word_1_41' title='bbox 1007 681 1158 750; x_wconf 92' lang='lat' dir='ltr'>quod</span> <span class='ocrx_word' id='word_1_42' title='bbox 1203 681 1301 750; x_wconf 90' lang='lat' dir='ltr'>qui</span> <span class='ocrx_word' id='word_1_43' title='bbox 1349 688 1538 750; x_wconf 85' lang='lat' dir='ltr'>negat,</span> <span class='ocrx_word' id='word_1_44' title='bbox 1584 688 1936 734; x_wconf 75' lang='lat' dir='ltr'>monstratur</span> 
     </span>
    </p>
   </div>
   <div class='ocr_carea' id='block_1_8' title="bbox 230 769 1236 839">
    <p class='ocr_par' dir='ltr' id='par_1_8' title="bbox 230 769 1236 839">
     <span class='ocr_line' id='line_1_8' title="bbox 230 769 1236 839; baseline 0 -17"><span class='ocrx_word' id='word_1_45' title='bbox 230 769 459 822; x_wconf 64' lang='lat' dir='ltr'>Arianae</span> <span class='ocrx_word' id='word_1_46' title='bbox 494 769 750 839; x_wconf 68' lang='lat' dir='ltr'>perﬁdiae</span> <span class='ocrx_word' id='word_1_47' title='bbox 785 769 1064 824; x_wconf 85' lang='lat' dir='ltr'>obnoxius</span> <span class='ocrx_word' id='word_1_48' title='bbox 1098 785 1236 823; x_wconf 87' lang='lat' dir='ltr'>esse.</span> 
     </span>
    </p>
   </div>
   <div class='ocr_carea' id='block_1_9' title="bbox 903 894 1256 948">
    <p class='ocr_par' dir='ltr' id='par_1_9' title="bbox 903 894 1256 948">
     <span class='ocr_line' id='line_1_9' title="bbox 903 894 1256 948; baseline 0 -2"><span class='ocrx_word' id='word_1_49' title='bbox 903 894 1130 948; x_wconf 76' lang='lat' dir='ltr'>CAPUT</span> <span class='ocrx_word' id='word_1_50' title='bbox 1172 896 1256 948; x_wconf 80' lang='lat' dir='ltr'>VI.</span> 
     </span>
    </p>
   </div>
   <div class='ocr_carea' id='block_1_10' title="bbox 869 1000 1310 1055">
    <p class='ocr_par' dir='ltr' id='par_1_10' title="bbox 869 1000 1310 1055">
     <span class='ocr_line' id='line_1_10' title="bbox 869 1000 1310 1055; baseline -0.005 -1"><span class='ocrx_word' id='word_1_51' title='bbox 869 1004 954 1054; x_wconf 71' lang='lat' dir='ltr'>Ea:</span> <span class='ocrx_word' id='word_1_52' title='bbox 983 1000 1310 1055; x_wconf 80' lang='lat' dir='ltr'>Athanasio.</span> 
     </span>
    </p>
   </div>
   <div class='ocr_carea' id='block_1_11' title="bbox 308 1123 1931 1194">
    <p class='ocr_par' dir='ltr' id='par_1_11' title="bbox 308 1123 1931 1194">
     <span class='ocr_line' id='line_1_11' title="bbox 308 1123 1931 1194; baseline -0.001 -17"><span class='ocrx_word' id='word_1_53' title='bbox 308 1125 417 1178; x_wconf 85' lang='lat' dir='ltr'>Sed</span> <span class='ocrx_word' id='word_1_54' title='bbox 474 1124 546 1177; x_wconf 85' lang='lat' dir='ltr'>ad</span> <span class='ocrx_word' id='word_1_55' title='bbox 604 1123 1002 1190; x_wconf 81' lang='lat' dir='ltr'>Athanasium,</span> <span class='ocrx_word' id='word_1_56' title='bbox 1066 1123 1515 1176; x_wconf 82' lang='lat' dir='ltr'>Alexandrinum</span> <span class='ocrx_word' id='word_1_57' title='bbox 1577 1123 1931 1194; x_wconf 86' lang='lat' dir='ltr'>episcopum,</span> 
     </span>
    </p>
   </div>
   <div class='ocr_carea' id='block_1_12' title="bbox 237 1210 1931 1282">
    <p class='ocr_par' dir='ltr' id='par_1_12' title="bbox 237 1210 1931 1282">
     <span class='ocr_line' id='line_1_12' title="bbox 237 1210 1931 1282; baseline 0.001 -17"><span class='ocrx_word' id='word_1_58' title='bbox 237 1220 615 1277; x_wconf 71' lang='lat' dir='ltr'>revertamur,</span> <span class='ocrx_word' id='word_1_59' title='bbox 666 1228 835 1282; x_wconf 87' lang='lat' dir='ltr'>quem</span> <span class='ocrx_word' id='word_1_60' title='bbox 878 1212 935 1264; x_wconf 91' lang='lat' dir='ltr'>in</span> <span class='ocrx_word' id='word_1_61' title='bbox 981 1213 1211 1266; x_wconf 78' lang='lat' dir='ltr'>exordio</span> <span class='ocrx_word' id='word_1_62' title='bbox 1254 1210 1660 1265; x_wconf 87' lang='lat' dir='ltr'>catholicorum</span> <span class='ocrx_word' id='word_1_63' title='bbox 1703 1213 1931 1266; x_wconf 86' lang='lat' dir='ltr'>testium</span> 
     </span>
    </p>
   </div>
   <div class='ocr_carea' id='block_1_13' title="bbox 235 1301 1936 1370">
    <p class='ocr_par' dir='ltr' id='par_1_13' title="bbox 235 1301 1936 1370">
     <span class='ocr_line' id='line_1_13' title="bbox 235 1301 1936 1370; baseline 0.002 -20"><span class='ocrx_word' id='word_1_64' title='bbox 235 1304 493 1370; x_wconf 82' lang='lat' dir='ltr'>primum</span> <span class='ocrx_word' id='word_1_65' title='bbox 534 1302 849 1370; x_wconf 88' lang='lat' dir='ltr'>posuimus,</span> <span class='ocrx_word' id='word_1_66' title='bbox 901 1307 962 1353; x_wconf 90' lang='lat' dir='ltr'>ut</span> <span class='ocrx_word' id='word_1_67' title='bbox 1009 1301 1050 1352; x_wconf 94' lang='lat' dir='ltr'>is</span> <span class='ocrx_word' id='word_1_68' title='bbox 1097 1301 1169 1353; x_wconf 87' lang='lat' dir='ltr'>sit</span> <span class='ocrx_word' id='word_1_69' title='bbox 1219 1302 1471 1353; x_wconf 89' lang='lat' dir='ltr'>clausula</span> <span class='ocrx_word' id='word_1_70' title='bbox 1518 1301 1936 1354; x_wconf 84' lang='lat' dir='ltr'>testiﬁcationis</span> 
     </span>
    </p>
   </div>
   <div class='ocr_carea' id='block_1_14' title="bbox 237 1389 1935 1460">
    <p class='ocr_par' dir='ltr' id='par_1_14' title="bbox 237 1389 1935 1460">
     <span class='ocr_line' id='line_1_14' title="bbox 237 1389 1935 1460; baseline -0.001 -16"><span class='ocrx_word' id='word_1_71' title='bbox 237 1393 309 1444; x_wconf 88' lang='lat' dir='ltr'>de</span> <span class='ocrx_word' id='word_1_72' title='bbox 344 1389 712 1460; x_wconf 88' lang='lat' dir='ltr'>processione</span> <span class='ocrx_word' id='word_1_73' title='bbox 757 1389 935 1443; x_wconf 89' lang='lat' dir='ltr'>sancti</span> <span class='ocrx_word' id='word_1_74' title='bbox 978 1389 1224 1459; x_wconf 87' lang='lat' dir='ltr'>Spiritus</span> <span class='ocrx_word' id='word_1_75' title='bbox 1264 1407 1297 1442; x_wconf 90' lang='lat' dir='ltr'>a</span> <span class='ocrx_word' id='word_1_76' title='bbox 1343 1389 1501 1453; x_wconf 88' lang='lat' dir='ltr'>Filio,</span> <span class='ocrx_word' id='word_1_77' title='bbox 1548 1389 1646 1460; x_wconf 88' lang='lat' dir='ltr'>qui</span> <span class='ocrx_word' id='word_1_78' title='bbox 1677 1390 1780 1443; x_wconf 78' lang='lat' dir='ltr'>fuit</span> <span class='ocrx_word' id='word_1_79' title='bbox 1819 1390 1935 1443; x_wconf 90' lang='lat' dir='ltr'>ini-</span> 
     </span>
    </p>
   </div>
   <div class='ocr_carea' id='block_1_15' title="bbox 238 1478 1934 1549">
    <p class='ocr_par' dir='ltr' id='par_1_15' title="bbox 238 1478 1934 1549">
     <span class='ocr_line' id='line_1_15' title="bbox 238 1478 1934 1549; baseline -0.002 -16"><span class='ocrx_word' id='word_1_80' title='bbox 238 1481 408 1533; x_wconf 89' lang='lat' dir='ltr'>tium.</span> <span class='ocrx_word' id='word_1_81' title='bbox 451 1481 509 1532; x_wconf 89' lang='lat' dir='ltr'>In</span> <span class='ocrx_word' id='word_1_82' title='bbox 556 1478 702 1532; x_wconf 90' lang='lat' dir='ltr'>libro</span> <span class='ocrx_word' id='word_1_83' title='bbox 736 1495 985 1549; x_wconf 84' lang='lat' dir='ltr'>namque</span> <span class='ocrx_word' id='word_1_84' title='bbox 1038 1479 1290 1532; x_wconf 89' lang='lat' dir='ltr'>secundo</span> <span class='ocrx_word' id='word_1_85' title='bbox 1341 1479 1410 1532; x_wconf 89' lang='lat' dir='ltr'>de</span> <span class='ocrx_word' id='word_1_86' title='bbox 1457 1479 1701 1549; x_wconf 85' lang='lat' dir='ltr'>propriis</span> <span class='ocrx_word' id='word_1_87' title='bbox 1737 1481 1934 1532; x_wconf 88' lang='lat' dir='ltr'>Perso-</span> 
     </span>
    </p>
   </div>
   <div class='ocr_carea' id='block_1_16' title="bbox 235 1567 1938 1633">
    <p class='ocr_par' dir='ltr' id='par_1_16' title="bbox 235 1567 1938 1633">
     <span class='ocr_line' id='line_1_16' title="bbox 235 1567 1938 1633; baseline -0.001 -12"><span class='ocrx_word' id='word_1_88' title='bbox 235 1569 348 1633; x_wconf 83' lang='lat' dir='ltr'>nis,</span> <span class='ocrx_word' id='word_1_89' title='bbox 386 1572 440 1620; x_wconf 93' lang='lat' dir='ltr'>et</span> <span class='ocrx_word' id='word_1_90' title='bbox 481 1568 550 1620; x_wconf 89' lang='lat' dir='ltr'>de</span> <span class='ocrx_word' id='word_1_91' title='bbox 591 1569 751 1620; x_wconf 91' lang='lat' dir='ltr'>unito</span> <span class='ocrx_word' id='word_1_92' title='bbox 796 1567 1030 1620; x_wconf 87' lang='lat' dir='ltr'>nomine</span> <span class='ocrx_word' id='word_1_93' title='bbox 1061 1567 1372 1620; x_wconf 82' lang='lat' dir='ltr'>divinitatis</span> <span class='ocrx_word' id='word_1_94' title='bbox 1406 1567 1673 1620; x_wconf 85' lang='lat' dir='ltr'>adversus</span> <span class='ocrx_word' id='word_1_95' title='bbox 1697 1567 1938 1619; x_wconf 84' lang='lat' dir='ltr'>Ariauos</span> 
     </span>
    </p>
   </div>
   <div class='ocr_carea' id='block_1_17' title="bbox 235 1655 1937 1724">
    <p class='ocr_par' dir='ltr' id='par_1_17' title="bbox 235 1655 1937 1724">
     <span class='ocr_line' id='line_1_17' title="bbox 235 1655 1937 1724; baseline -0.001 -16"><span class='ocrx_word' id='word_1_96' title='bbox 235 1657 319 1708; x_wconf 91' lang='lat' dir='ltr'>sic</span> <span class='ocrx_word' id='word_1_97' title='bbox 360 1657 437 1708; x_wconf 88' lang='lat' dir='ltr'>ait</span> <span class='ocrx_word' id='word_1_98' title='bbox 484 1673 497 1708; x_wconf 88' lang='lat'>:</span> <span class='ocrx_word' id='word_1_99' title='bbox 536 1677 557 1703; x_wconf 75' lang='grc' dir='ltr'>ι</span> <span class='ocrx_word' id='word_1_100' title='bbox 597 1657 656 1708; x_wconf 87' lang='lat' dir='ltr'>In</span> <span class='ocrx_word' id='word_1_101' title='bbox 701 1655 808 1708; x_wconf 88' lang='lat' dir='ltr'>hoc</span> <span class='ocrx_word' id='word_1_102' title='bbox 850 1671 984 1708; x_wconf 87' lang='lat' dir='ltr'>sane</span> <span class='ocrx_word' id='word_1_103' title='bbox 1027 1655 1166 1708; x_wconf 87' lang='lat' dir='ltr'>alias</span> <span class='ocrx_word' id='word_1_104' title='bbox 1209 1661 1296 1708; x_wconf 88' lang='lat' dir='ltr'>est</span> <span class='ocrx_word' id='word_1_105' title='bbox 1347 1657 1510 1708; x_wconf 86' lang='lat' dir='ltr'>Pater</span> <span class='ocrx_word' id='word_1_106' title='bbox 1560 1655 1616 1707; x_wconf 91' lang='lat' dir='ltr'>in</span> <span class='ocrx_word' id='word_1_107' title='bbox 1668 1671 1937 1724; x_wconf 80' lang='lat' dir='ltr'>persona,</span> 
     </span>
    </p>
   </div>
   <div class='ocr_carea' id='block_1_18' title="bbox 2041 495 3736 581">
    <p class='ocr_par' dir='ltr' id='par_1_18' title="bbox 2041 495 3736 581">
     <span class='ocr_line' id='line_1_18' title="bbox 2041 495 3736 581; baseline 0.007 -25"><span class='ocrx_word' id='word_1_108' title='bbox 2041 495 2361 576; x_wconf 26' lang='lat' dir='ltr'>stratiquod</span> <span class='ocrx_word' id='word_1_109' title='bbox 2399 507 2667 576; x_wconf 85' lang='lat' dir='ltr'>procedat</span> <span class='ocrx_word' id='word_1_110' title='bbox 2695 509 2765 561; x_wconf 85' lang='lat' dir='ltr'>ab</span> <span class='ocrx_word' id='word_1_111' title='bbox 2797 514 3040 581; x_wconf 79' lang='lat' dir='ltr'>utroque</span> <span class='ocrx_word' id='word_1_112' title='bbox 3067 529 3077 564; x_wconf 92' lang='lat'>:</span> <span class='ocrx_word' id='word_1_113' title='bbox 3109 529 3236 566; x_wconf 90' lang='lat' dir='ltr'>cum</span> <span class='ocrx_word' id='word_1_114' title='bbox 3269 495 3422 568; x_wconf 83' lang='lat' dir='ltr'>enim</span> <span class='ocrx_word' id='word_1_115' title='bbox 3454 515 3526 569; x_wconf 85' lang='lat' dir='ltr'>sit</span> <span class='ocrx_word' id='word_1_116' title='bbox 3557 517 3736 570; x_wconf 89' lang='lat' dir='ltr'>deitas</span> 
     </span>
    </p>
   </div>
   <div class='ocr_carea' id='block_1_19' title="bbox 2041 595 3734 663">
    <p class='ocr_par' dir='ltr' id='par_1_19' title="bbox 2041 595 3734 663">
     <span class='ocr_line' id='line_1_19' title="bbox 2041 595 3734 663; baseline 0.007 -16"><span class='ocrx_word' id='word_1_117' title='bbox 2041 595 2220 648; x_wconf 77' lang='lat' dir='ltr'>Patris</span> <span class='ocrx_word' id='word_1_118' title='bbox 2268 601 2324 649; x_wconf 87' lang='lat' dir='ltr'>et</span> <span class='ocrx_word' id='word_1_119' title='bbox 2363 596 2487 650; x_wconf 86' lang='lat' dir='ltr'>Filii</span> <span class='ocrx_word' id='word_1_120' title='bbox 2529 597 2607 649; x_wconf 91' lang='lat' dir='ltr'>sic</span> <span class='ocrx_word' id='word_1_121' title='bbox 2649 597 2825 663; x_wconf 90' lang='lat' dir='ltr'>unita,</span> <span class='ocrx_word' id='word_1_122' title='bbox 2873 603 2932 651; x_wconf 91' lang='lat' dir='ltr'>ut</span> <span class='ocrx_word' id='word_1_123' title='bbox 2970 602 3184 654; x_wconf 89' lang='lat' dir='ltr'>nullam</span> <span class='ocrx_word' id='word_1_124' title='bbox 3225 602 3604 658; x_wconf 78' lang='lat' dir='ltr'>ditt&#39;erentiam</span> <span class='ocrx_word' id='word_1_125' title='bbox 3641 621 3734 659; x_wconf 88' lang='lat' dir='ltr'>re-</span> 
     </span>
    </p>
   </div>
   <div class='ocr_carea' id='block_1_20' title="bbox 2041 684 3735 759">
    <p class='ocr_par' dir='ltr' id='par_1_20' title="bbox 2041 684 3735 759">
     <span class='ocr_line' id='line_1_20' title="bbox 2041 684 3735 759; baseline 0.007 -23"><span class='ocrx_word' id='word_1_126' title='bbox 2041 684 2230 752; x_wconf 89' lang='lat' dir='ltr'>cipere</span> <span class='ocrx_word' id='word_1_127' title='bbox 2265 685 2464 754; x_wconf 87' lang='lat' dir='ltr'>possit,</span> <span class='ocrx_word' id='word_1_128' title='bbox 2497 702 2609 738; x_wconf 90' lang='lat' dir='ltr'>non</span> <span class='ocrx_word' id='word_1_129' title='bbox 2639 691 2823 755; x_wconf 79' lang='lat' dir='ltr'>potest</span> <span class='ocrx_word' id='word_1_130' title='bbox 2847 688 3148 757; x_wconf 88' lang='lat' dir='ltr'>procedere</span> <span class='ocrx_word' id='word_1_131' title='bbox 3170 691 3414 759; x_wconf 90' lang='lat' dir='ltr'>Spiritus</span> <span class='ocrx_word' id='word_1_132' title='bbox 3434 693 3504 745; x_wconf 90' lang='lat' dir='ltr'>de</span> <span class='ocrx_word' id='word_1_133' title='bbox 3527 694 3735 748; x_wconf 89' lang='lat' dir='ltr'>deitate</span> 
     </span>
    </p>
   </div>
   <div class='ocr_carea' id='block_1_21' title="bbox 2043 773 3736 844">
    <p class='ocr_par' dir='ltr' id='par_1_21' title="bbox 2043 773 3736 844">
     <span class='ocr_line' id='line_1_21' title="bbox 2043 773 3736 844; baseline 0.006 -18"><span class='ocrx_word' id='word_1_134' title='bbox 2043 773 2244 837; x_wconf 84' lang='lat' dir='ltr'>Patris,</span> <span class='ocrx_word' id='word_1_135' title='bbox 2279 773 2387 825; x_wconf 88' lang='lat' dir='ltr'>nisi</span> <span class='ocrx_word' id='word_1_136' title='bbox 2419 774 2688 844; x_wconf 86' lang='lat' dir='ltr'>procedat</span> <span class='ocrx_word' id='word_1_137' title='bbox 2727 779 2781 828; x_wconf 91' lang='lat' dir='ltr'>et</span> <span class='ocrx_word' id='word_1_138' title='bbox 2820 775 2889 828; x_wconf 92' lang='lat' dir='ltr'>de</span> <span class='ocrx_word' id='word_1_139' title='bbox 2925 776 3071 829; x_wconf 81' lang='lat' dir='ltr'>Filii.</span> <span class='ocrx_word' id='word_1_140' title='bbox 3109 778 3601 840; x_wconf 87' lang='lat' dir='ltr'>Quemadmodum</span> <span class='ocrx_word' id='word_1_141' title='bbox 3633 799 3736 836; x_wconf 89' lang='lat' dir='ltr'>nec</span> 
     </span>
    </p>
   </div>
   <div class='ocr_carea' id='block_1_22' title="bbox 2043 861 3736 936">
    <p class='ocr_par' dir='ltr' id='par_1_22' title="bbox 2043 861 3736 936">
     <span class='ocr_line' id='line_1_22' title="bbox 2043 861 3736 936; baseline 0.006 -22"><span class='ocrx_word' id='word_1_142' title='bbox 2043 861 2112 914; x_wconf 90' lang='lat' dir='ltr'>de</span> <span class='ocrx_word' id='word_1_143' title='bbox 2154 862 2280 914; x_wconf 85' lang='lat' dir='ltr'>Filii</span> <span class='ocrx_word' id='word_1_144' title='bbox 2321 862 2551 928; x_wconf 89' lang='lat' dir='ltr'>deitate,</span> <span class='ocrx_word' id='word_1_145' title='bbox 2584 862 2694 915; x_wconf 88' lang='lat' dir='ltr'>nisi</span> <span class='ocrx_word' id='word_1_146' title='bbox 2725 864 2996 932; x_wconf 83' lang='lat' dir='ltr'>procedat</span> <span class='ocrx_word' id='word_1_147' title='bbox 3034 865 3203 918; x_wconf 84' lang='lat' dir='ltr'>etiam</span> <span class='ocrx_word' id='word_1_148' title='bbox 3239 865 3307 920; x_wconf 91' lang='lat' dir='ltr'>de</span> <span class='ocrx_word' id='word_1_149' title='bbox 3335 869 3543 936; x_wconf 83' lang='lat' dir='ltr'>Patris;</span> <span class='ocrx_word' id='word_1_150' title='bbox 3589 871 3736 924; x_wconf 88' lang='lat' dir='ltr'>alio-</span> 
     </span>
    </p>
   </div>
   <div class='ocr_carea' id='block_1_23' title="bbox 2044 949 3738 1022">
    <p class='ocr_par' dir='ltr' id='par_1_23' title="bbox 2044 949 3738 1022">
     <span class='ocr_line' id='line_1_23' title="bbox 2044 949 3738 1022; baseline 0.005 -20"><span class='ocrx_word' id='word_1_151' title='bbox 2044 950 2182 1020; x_wconf 91' lang='lat' dir='ltr'>quin</span> <span class='ocrx_word' id='word_1_152' title='bbox 2216 949 2374 1002; x_wconf 89' lang='lat' dir='ltr'>unita</span> <span class='ocrx_word' id='word_1_153' title='bbox 2403 950 2582 1002; x_wconf 89' lang='lat' dir='ltr'>deitas</span> <span class='ocrx_word' id='word_1_154' title='bbox 2615 950 2795 1003; x_wconf 89' lang='lat' dir='ltr'>Patris</span> <span class='ocrx_word' id='word_1_155' title='bbox 2831 956 2886 1004; x_wconf 91' lang='lat' dir='ltr'>et</span> <span class='ocrx_word' id='word_1_156' title='bbox 2918 951 3046 1004; x_wconf 89' lang='lat' dir='ltr'>Filii</span> <span class='ocrx_word' id='word_1_157' title='bbox 3075 968 3188 1005; x_wconf 93' lang='lat' dir='ltr'>non</span> <span class='ocrx_word' id='word_1_158' title='bbox 3223 953 3330 1007; x_wconf 89' lang='lat' dir='ltr'>erit</span> <span class='ocrx_word' id='word_1_159' title='bbox 3363 955 3482 1022; x_wconf 86' lang='lat' dir='ltr'>jam</span> <span class='ocrx_word' id='word_1_160' title='bbox 3519 957 3738 1012; x_wconf 79' lang='lat' dir='ltr'>indilt&#39;e-</span> 
     </span>
    </p>
   </div>
   <div class='ocr_carea' id='block_1_24' title="bbox 2044 1037 3738 1110">
    <p class='ocr_par' dir='ltr' id='par_1_24' title="bbox 2044 1037 3738 1110">
     <span class='ocr_line' id='line_1_24' title="bbox 2044 1037 3738 1110; baseline 0.006 -21"><span class='ocrx_word' id='word_1_161' title='bbox 2044 1053 2196 1102; x_wconf 90' lang='lat' dir='ltr'>rens,</span> <span class='ocrx_word' id='word_1_162' title='bbox 2239 1037 2287 1090; x_wconf 89' lang='lat' dir='ltr'>si</span> <span class='ocrx_word' id='word_1_163' title='bbox 2329 1041 2597 1107; x_wconf 88' lang='lat' dir='ltr'>procedat</span> <span class='ocrx_word' id='word_1_164' title='bbox 2636 1038 2880 1106; x_wconf 88' lang='lat' dir='ltr'>Spiritus</span> <span class='ocrx_word' id='word_1_165' title='bbox 2923 1039 2992 1093; x_wconf 93' lang='lat' dir='ltr'>de</span> <span class='ocrx_word' id='word_1_166' title='bbox 3034 1039 3247 1094; x_wconf 89' lang='lat' dir='ltr'>deitate</span> <span class='ocrx_word' id='word_1_167' title='bbox 3291 1042 3491 1110; x_wconf 77' lang='lat' dir='ltr'>Patris,</span> <span class='ocrx_word' id='word_1_168' title='bbox 3531 1050 3587 1098; x_wconf 88' lang='lat' dir='ltr'>et</span> <span class='ocrx_word' id='word_1_169' title='bbox 3621 1062 3738 1100; x_wconf 91' lang='lat' dir='ltr'>non</span> 
     </span>
    </p>
   </div>
   <div class='ocr_carea' id='block_1_25' title="bbox 2044 1126 3739 1202">
    <p class='ocr_par' dir='ltr' id='par_1_25' title="bbox 2044 1126 3739 1202">
     <span class='ocr_line' id='line_1_25' title="bbox 2044 1126 3739 1202; baseline 0.006 -24"><span class='ocrx_word' id='word_1_170' title='bbox 2044 1126 2259 1196; x_wconf 88' lang='lat' dir='ltr'>pariter</span> <span class='ocrx_word' id='word_1_171' title='bbox 2309 1127 2579 1195; x_wconf 88' lang='lat' dir='ltr'>procedat</span> <span class='ocrx_word' id='word_1_172' title='bbox 2625 1128 2693 1180; x_wconf 89' lang='lat' dir='ltr'>de</span> <span class='ocrx_word' id='word_1_173' title='bbox 2740 1127 2952 1181; x_wconf 88' lang='lat' dir='ltr'>deitate</span> <span class='ocrx_word' id='word_1_174' title='bbox 2998 1129 3174 1182; x_wconf 88' lang='lat' dir='ltr'>Filii:</span> <span class='ocrx_word' id='word_1_175' title='bbox 3218 1146 3282 1184; x_wconf 91' lang='lat' dir='ltr'>ac</span> <span class='ocrx_word' id='word_1_176' title='bbox 3321 1147 3423 1200; x_wconf 91' lang='lat' dir='ltr'>per</span> <span class='ocrx_word' id='word_1_177' title='bbox 3468 1132 3575 1186; x_wconf 89' lang='lat' dir='ltr'>hoc</span> <span class='ocrx_word' id='word_1_178' title='bbox 3617 1134 3739 1202; x_wconf 88' lang='lat' dir='ltr'>jam</span> 
     </span>
    </p>
   </div>
   <div class='ocr_carea' id='block_1_26' title="bbox 2045 1215 3740 1287">
    <p class='ocr_par' dir='ltr' id='par_1_26' title="bbox 2045 1215 3740 1287">
     <span class='ocr_line' id='line_1_26' title="bbox 2045 1215 3740 1287; baseline 0.005 -20"><span class='ocrx_word' id='word_1_179' title='bbox 2045 1231 2162 1268; x_wconf 88' lang='lat' dir='ltr'>non</span> <span class='ocrx_word' id='word_1_180' title='bbox 2189 1215 2297 1268; x_wconf 90' lang='lat' dir='ltr'>erit</span> <span class='ocrx_word' id='word_1_181' title='bbox 2328 1215 2524 1269; x_wconf 89' lang='lat' dir='ltr'>unita:</span> <span class='ocrx_word' id='word_1_182' title='bbox 2563 1216 2715 1285; x_wconf 88' lang='lat' dir='ltr'>quod</span> <span class='ocrx_word' id='word_1_183' title='bbox 2753 1221 2837 1269; x_wconf 92' lang='lat' dir='ltr'>est</span> <span class='ocrx_word' id='word_1_184' title='bbox 2866 1216 3108 1287; x_wconf 91' lang='lat' dir='ltr'>impium</span> <span class='ocrx_word' id='word_1_185' title='bbox 3152 1223 3210 1271; x_wconf 90' lang='lat' dir='ltr'>et</span> <span class='ocrx_word' id='word_1_186' title='bbox 3243 1219 3539 1274; x_wconf 85' lang='lat' dir='ltr'>Arianum.</span> <span class='ocrx_word' id='word_1_187' title='bbox 3586 1223 3740 1275; x_wconf 89' lang='lat' dir='ltr'>Dica-</span> 
     </span>
    </p>
   </div>
   <div class='ocr_carea' id='block_1_27' title="bbox 2045 1304 3741 1378">
    <p class='ocr_par' dir='ltr' id='par_1_27' title="bbox 2045 1304 3741 1378">
     <span class='ocr_line' id='line_1_27' title="bbox 2045 1304 3741 1378; baseline 0.004 -22"><span class='ocrx_word' id='word_1_188' title='bbox 2045 1309 2134 1356; x_wconf 86' lang='lat' dir='ltr'>tur</span> <span class='ocrx_word' id='word_1_189' title='bbox 2169 1319 2326 1372; x_wconf 90' lang='lat' dir='ltr'>ergo,</span> <span class='ocrx_word' id='word_1_190' title='bbox 2370 1304 2687 1357; x_wconf 90' lang='lat' dir='ltr'>secundum</span> <span class='ocrx_word' id='word_1_191' title='bbox 2727 1304 2900 1358; x_wconf 87' lang='lat' dir='ltr'>tidem</span> <span class='ocrx_word' id='word_1_192' title='bbox 2943 1305 3304 1374; x_wconf 87' lang='lat' dir='ltr'>catholicam,</span> <span class='ocrx_word' id='word_1_193' title='bbox 3347 1310 3501 1378; x_wconf 89' lang='lat' dir='ltr'>quod</span> <span class='ocrx_word' id='word_1_194' title='bbox 3545 1309 3741 1364; x_wconf 87' lang='lat' dir='ltr'>beatus</span> 
     </span>
    </p>
   </div>
   <div class='ocr_carea' id='block_1_28' title="bbox 2043 1390 3744 1462">
    <p class='ocr_par' dir='ltr' id='par_1_28' title="bbox 2043 1390 3744 1462">
     <span class='ocr_line' id='line_1_28' title="bbox 2043 1390 3744 1462; baseline 0.004 -18"><span class='ocrx_word' id='word_1_195' title='bbox 2043 1390 2384 1444; x_wconf 84' lang='lat' dir='ltr'>Athanasius</span> <span class='ocrx_word' id='word_1_196' title='bbox 2427 1391 2752 1458; x_wconf 82' lang='lat' dir='ltr'>conﬁtetur,</span> <span class='ocrx_word' id='word_1_197' title='bbox 2803 1393 3081 1462; x_wconf 87' lang='lat' dir='ltr'>Spiritum</span> <span class='ocrx_word' id='word_1_198' title='bbox 3141 1401 3396 1449; x_wconf 92' lang='lat' dir='ltr'>sanctum</span> <span class='ocrx_word' id='word_1_199' title='bbox 3457 1397 3526 1450; x_wconf 90' lang='lat' dir='ltr'>de</span> <span class='ocrx_word' id='word_1_200' title='bbox 3584 1399 3744 1452; x_wconf 83' lang='lat' dir='ltr'>unita</span> 
     </span>
    </p>
   </div>
   <div class='ocr_carea' id='block_1_29' title="bbox 2044 1479 3746 1554">
    <p class='ocr_par' dir='ltr' id='par_1_29' title="bbox 2044 1479 3746 1554">
     <span class='ocr_line' id='line_1_29' title="bbox 2044 1479 3746 1554; baseline 0.005 -23"><span class='ocrx_word' id='word_1_201' title='bbox 2044 1479 2250 1532; x_wconf 87' lang='lat' dir='ltr'>deitate</span> <span class='ocrx_word' id='word_1_202' title='bbox 2283 1480 2460 1532; x_wconf 86' lang='lat' dir='ltr'>Patris</span> <span class='ocrx_word' id='word_1_203' title='bbox 2492 1486 2546 1533; x_wconf 91' lang='lat' dir='ltr'>et</span> <span class='ocrx_word' id='word_1_204' title='bbox 2574 1480 2698 1533; x_wconf 89' lang='lat' dir='ltr'>Filii</span> <span class='ocrx_word' id='word_1_205' title='bbox 2729 1497 2868 1534; x_wconf 91' lang='lat' dir='ltr'>esse.</span> <span class='ocrx_word' id='word_1_206' title='bbox 2915 1483 3054 1535; x_wconf 90' lang='lat' dir='ltr'>Item</span> <span class='ocrx_word' id='word_1_207' title='bbox 3085 1487 3326 1537; x_wconf 86' lang='lat' dir='ltr'>testatur</span> <span class='ocrx_word' id='word_1_208' title='bbox 3369 1485 3523 1554; x_wconf 90' lang='lat' dir='ltr'>quod</span> <span class='ocrx_word' id='word_1_209' title='bbox 3562 1502 3746 1540; x_wconf 84' lang='lat' dir='ltr'>unum</span> 
     </span>
    </p>
   </div>
   <div class='ocr_carea' id='block_1_30' title="bbox 2046 1568 3740 1641">
    <p class='ocr_par' dir='ltr' id='par_1_30' title="bbox 2046 1568 3740 1641">
     <span class='ocr_line' id='line_1_30' title="bbox 2046 1568 3740 1641; baseline 0.004 -20"><span class='ocrx_word' id='word_1_210' title='bbox 2046 1568 2322 1638; x_wconf 87' lang='lat' dir='ltr'>Spiritum</span> <span class='ocrx_word' id='word_1_211' title='bbox 2368 1570 2774 1639; x_wconf 82' lang='lat' dir='ltr'>potaverimus.</span> <span class='ocrx_word' id='word_1_212' title='bbox 2827 1570 2990 1634; x_wconf 86' lang='lat' dir='ltr'>Quod</span> <span class='ocrx_word' id='word_1_213' title='bbox 3043 1571 3258 1635; x_wconf 90' lang='lat' dir='ltr'>dicens,</span> <span class='ocrx_word' id='word_1_214' title='bbox 3289 1574 3568 1641; x_wconf 88' lang='lat' dir='ltr'>approbat</span> <span class='ocrx_word' id='word_1_215' title='bbox 3627 1591 3740 1628; x_wconf 91' lang='lat' dir='ltr'>non</span> 
     </span>
    </p>
   </div>
   <div class='ocr_carea' id='block_1_31' title="bbox 2045 1657 3741 1733">
    <p class='ocr_par' dir='ltr' id='par_1_31' title="bbox 2045 1657 3741 1733">
     <span class='ocr_line' id='line_1_31' title="bbox 2045 1657 3741 1733; baseline 0.005 -26"><span class='ocrx_word' id='word_1_216' title='bbox 2045 1657 2221 1709; x_wconf 89' lang='lat' dir='ltr'>alium</span> <span class='ocrx_word' id='word_1_217' title='bbox 2255 1672 2373 1708; x_wconf 83' lang='lat' dir='ltr'>esse</span> <span class='ocrx_word' id='word_1_218' title='bbox 2425 1658 2602 1709; x_wconf 87' lang='lat' dir='ltr'>Patris</span> <span class='ocrx_word' id='word_1_219' title='bbox 2649 1657 2948 1726; x_wconf 85' lang='lat' dir='ltr'>Spiritum,</span> <span class='ocrx_word' id='word_1_220' title='bbox 2999 1663 3054 1711; x_wconf 88' lang='lat' dir='ltr'>et</span> <span class='ocrx_word' id='word_1_221' title='bbox 3079 1660 3274 1728; x_wconf 64' lang='lat' dir='ltr'>jalium</span> <span class='ocrx_word' id='word_1_222' title='bbox 3323 1661 3467 1726; x_wconf 81' lang='lat' dir='ltr'>Filii,</span> <span class='ocrx_word' id='word_1_223' title='bbox 3515 1663 3611 1716; x_wconf 89' lang='lat' dir='ltr'>sed</span> <span class='ocrx_word' id='word_1_224' title='bbox 3643 1663 3741 1733; x_wconf 89' lang='lat' dir='ltr'>qui</span> 
     </span>
    </p>
   </div>
   <div class='ocr_carea' id='block_1_32' title="bbox 238 1729 3743 1816">
    <p class='ocr_par' dir='ltr' id='par_1_32' title="bbox 238 1729 3743 1816">
     <span class='ocr_line' id='line_1_32' title="bbox 238 1729 3743 1816; baseline 0.002 -19"><span class='ocrx_word' id='word_1_225' title='bbox 238 1745 376 1814; x_wconf 86' lang='lat' dir='ltr'>quia</span> <span class='ocrx_word' id='word_1_226' title='bbox 407 1760 537 1797; x_wconf 80' lang='lat' dir='ltr'>vere</span> <span class='ocrx_word' id='word_1_227' title='bbox 567 1745 796 1813; x_wconf 84' lang='lat' dir='ltr'>genuit;</span> <span class='ocrx_word' id='word_1_228' title='bbox 828 1749 882 1796; x_wconf 91' lang='lat' dir='ltr'>et</span> <span class='ocrx_word' id='word_1_229' title='bbox 928 1744 988 1796; x_wconf 91' lang='lat' dir='ltr'>in</span> <span class='ocrx_word' id='word_1_230' title='bbox 1032 1743 1140 1796; x_wconf 85' lang='lat' dir='ltr'>hoc</span> <span class='ocrx_word' id='word_1_231' title='bbox 1178 1750 1261 1796; x_wconf 88' lang='lat' dir='ltr'>est</span> <span class='ocrx_word' id='word_1_232' title='bbox 1303 1743 1454 1796; x_wconf 85' lang='lat' dir='ltr'>aliud</span> <span class='ocrx_word' id='word_1_233' title='bbox 1498 1744 1670 1796; x_wconf 89' lang='lat' dir='ltr'>Filius</span> <span class='ocrx_word' id='word_1_234' title='bbox 1702 1761 1734 1796; x_wconf 88' lang='lat' dir='ltr'>a</span> <span class='ocrx_word' id='word_1_235' title='bbox 1776 1745 1936 1796; x_wconf 88' lang='lat' dir='ltr'>Patre</span> <span class='ocrx_word' id='word_1_236' title='bbox 1977 1729 2018 1783; x_wconf 84' lang='grc' dir='ltr'><strong>Β</strong></span> <span class='ocrx_word' id='word_1_237' title='bbox 2048 1745 2118 1798; x_wconf 87' lang='lat' dir='ltr'>sit</span> <span class='ocrx_word' id='word_1_238' title='bbox 2151 1744 2294 1804; x_wconf 85' lang='lat' dir='ltr'>Filii.</span> <span class='ocrx_word' id='word_1_239' title='bbox 2331 1743 2402 1797; x_wconf 88' lang='lat' dir='ltr'>sit</span> <span class='ocrx_word' id='word_1_240' title='bbox 2440 1745 2611 1797; x_wconf 85' lang='lat' dir='ltr'>etiam</span> <span class='ocrx_word' id='word_1_241' title='bbox 2651 1745 2850 1810; x_wconf 90' lang='lat' dir='ltr'>Patris,</span> <span class='ocrx_word' id='word_1_242' title='bbox 2898 1747 3139 1816; x_wconf 83' lang='lat' dir='ltr'>ipseque</span> <span class='ocrx_word' id='word_1_243' title='bbox 3188 1752 3272 1800; x_wconf 86' lang='lat' dir='ltr'>est</span> <span class='ocrx_word' id='word_1_244' title='bbox 3316 1748 3386 1801; x_wconf 90' lang='lat' dir='ltr'>de</span> <span class='ocrx_word' id='word_1_245' title='bbox 3421 1752 3577 1802; x_wconf 85' lang='lat' dir='ltr'>unita</span> <span class='ocrx_word' id='word_1_246' title='bbox 3610 1729 3743 1803; x_wconf 77' lang='lat' dir='ltr'>vera</span> 
     </span>
    </p>
   </div>
   <div class='ocr_carea' id='block_1_33' title="bbox 233 1831 1934 1902">
    <p class='ocr_par' dir='ltr' id='par_1_33' title="bbox 233 1831 1934 1902">
     <span class='ocr_line' id='line_1_33' title="bbox 233 1831 1934 1902; baseline -0.001 -17"><span class='ocrx_word' id='word_1_247' title='bbox 233 1833 301 1885; x_wconf 89' lang='lat' dir='ltr'>in</span> <span class='ocrx_word' id='word_1_248' title='bbox 353 1848 620 1902; x_wconf 85' lang='lat' dir='ltr'>persona,</span> <span class='ocrx_word' id='word_1_249' title='bbox 678 1831 813 1901; x_wconf 90' lang='lat' dir='ltr'>quia</span> <span class='ocrx_word' id='word_1_250' title='bbox 861 1848 988 1884; x_wconf 91' lang='lat' dir='ltr'>vere</span> <span class='ocrx_word' id='word_1_251' title='bbox 1046 1831 1115 1885; x_wconf 84' lang='lat' dir='ltr'>ab</span> <span class='ocrx_word' id='word_1_252' title='bbox 1163 1849 1228 1884; x_wconf 92' lang='lat' dir='ltr'>eo</span> <span class='ocrx_word' id='word_1_253' title='bbox 1295 1833 1520 1899; x_wconf 82' lang='lat' dir='ltr'>genitus</span> <span class='ocrx_word' id='word_1_254' title='bbox 1567 1837 1670 1884; x_wconf 91' lang='lat' dir='ltr'>est.</span> <span class='ocrx_word' id='word_1_255' title='bbox 1722 1831 1830 1885; x_wconf 87' lang='lat' dir='ltr'>Sed</span> <span class='ocrx_word' id='word_1_256' title='bbox 1878 1831 1934 1884; x_wconf 88' lang='lat' dir='ltr'>in</span> 
     </span>
    </p>
   </div>
   <div class='ocr_carea' id='block_1_34' title="bbox 235 1919 1937 1991">
    <p class='ocr_par' dir='ltr' id='par_1_34' title="bbox 235 1919 1937 1991">
     <span class='ocr_line' id='line_1_34' title="bbox 235 1919 1937 1991; baseline -0.002 -16"><span class='ocrx_word' id='word_1_257' title='bbox 235 1923 346 1975; x_wconf 86' lang='lat' dir='ltr'>hoc</span> <span class='ocrx_word' id='word_1_258' title='bbox 401 1921 548 1974; x_wconf 90' lang='lat' dir='ltr'>alius</span> <span class='ocrx_word' id='word_1_259' title='bbox 608 1927 691 1974; x_wconf 88' lang='lat' dir='ltr'>est</span> <span class='ocrx_word' id='word_1_260' title='bbox 735 1922 793 1973; x_wconf 90' lang='lat' dir='ltr'>in</span> <span class='ocrx_word' id='word_1_261' title='bbox 853 1937 1095 1991; x_wconf 87' lang='lat' dir='ltr'>persona</span> <span class='ocrx_word' id='word_1_262' title='bbox 1153 1920 1398 1990; x_wconf 88' lang='lat' dir='ltr'>Spiritus</span> <span class='ocrx_word' id='word_1_263' title='bbox 1454 1920 1546 1973; x_wconf 86' lang='lat' dir='ltr'>hic</span> <span class='ocrx_word' id='word_1_264' title='bbox 1604 1919 1937 1988; x_wconf 85' lang='lat' dir='ltr'>principalis</span> 
     </span>
    </p>
   </div>
   <div class='ocr_carea' id='block_1_35' title="bbox 231 2007 1934 2078">
    <p class='ocr_par' dir='ltr' id='par_1_35' title="bbox 231 2007 1934 2078">
     <span class='ocr_line' id='line_1_35' title="bbox 231 2007 1934 2078; baseline -0.001 -18"><span class='ocrx_word' id='word_1_265' title='bbox 231 2008 549 2078; x_wconf 87' lang='lat' dir='ltr'>paraclitus</span> <span class='ocrx_word' id='word_1_266' title='bbox 599 2026 631 2060; x_wconf 91' lang='lat' dir='ltr'>a</span> <span class='ocrx_word' id='word_1_267' title='bbox 683 2010 849 2061; x_wconf 74' lang='lat' dir='ltr'>Patre</span> <span class='ocrx_word' id='word_1_268' title='bbox 911 2014 966 2060; x_wconf 89' lang='lat' dir='ltr'>et</span> <span class='ocrx_word' id='word_1_269' title='bbox 1013 2007 1173 2073; x_wconf 87' lang='lat' dir='ltr'>Filio,</span> <span class='ocrx_word' id='word_1_270' title='bbox 1236 2007 1333 2076; x_wconf 89' lang='lat' dir='ltr'>qui</span> <span class='ocrx_word' id='word_1_271' title='bbox 1373 2007 1432 2059; x_wconf 90' lang='lat' dir='ltr'>in</span> <span class='ocrx_word' id='word_1_272' title='bbox 1493 2009 1817 2060; x_wconf 83' lang='lat' dir='ltr'>Pentecoste</span> <span class='ocrx_word' id='word_1_273' title='bbox 1876 2007 1934 2058; x_wconf 89' lang='lat' dir='ltr'>in</span> 
     </span>
    </p>
   </div>
   <div class='ocr_carea' id='block_1_36' title="bbox 232 2093 1935 2166">
    <p class='ocr_par' dir='ltr' id='par_1_36' title="bbox 232 2093 1935 2166">
     <span class='ocr_line' id='line_1_36' title="bbox 232 2093 1935 2166; baseline -0.002 -17"><span class='ocrx_word' id='word_1_274' title='bbox 232 2097 528 2166; x_wconf 83' lang='lat' dir='ltr'>apostolos</span> <span class='ocrx_word' id='word_1_275' title='bbox 568 2095 779 2148; x_wconf 71' lang='lat' dir='ltr'>etl‘usus</span> <span class='ocrx_word' id='word_1_276' title='bbox 819 2101 920 2160; x_wconf 89' lang='lat' dir='ltr'>est,</span> <span class='ocrx_word' id='word_1_277' title='bbox 968 2095 1102 2164; x_wconf 87' lang='lat' dir='ltr'>quia</span> <span class='ocrx_word' id='word_1_278' title='bbox 1149 2111 1278 2147; x_wconf 88' lang='lat' dir='ltr'>vere</span> <span class='ocrx_word' id='word_1_279' title='bbox 1319 2095 1386 2148; x_wconf 89' lang='lat' dir='ltr'>de</span> <span class='ocrx_word' id='word_1_280' title='bbox 1431 2095 1592 2147; x_wconf 87' lang='lat' dir='ltr'>unita</span> <span class='ocrx_word' id='word_1_281' title='bbox 1641 2093 1935 2147; x_wconf 89' lang='lat' dir='ltr'>divinitate</span> 
     </span>
    </p>
   </div>
   <div class='ocr_carea' id='block_1_37' title="bbox 234 2183 1932 2254">
    <p class='ocr_par' dir='ltr' id='par_1_37' title="bbox 234 2183 1932 2254">
     <span class='ocr_line' id='line_1_37' title="bbox 234 2183 1932 2254; baseline -0.001 -17"><span class='ocrx_word' id='word_1_282' title='bbox 234 2185 426 2238; x_wconf 88' lang='lat' dir='ltr'>Patris</span> <span class='ocrx_word' id='word_1_283' title='bbox 484 2189 542 2237; x_wconf 89' lang='lat' dir='ltr'>et</span> <span class='ocrx_word' id='word_1_284' title='bbox 588 2184 710 2236; x_wconf 87' lang='lat' dir='ltr'>Filii</span> <span class='ocrx_word' id='word_1_285' title='bbox 770 2183 1047 2254; x_wconf 86' lang='lat' dir='ltr'>procedit.</span> <span class='ocrx_word' id='word_1_286' title='bbox 1104 2203 1130 2233; x_wconf 75' lang='grc' dir='ltr'>ι)</span> <span class='ocrx_word' id='word_1_287' title='bbox 1177 2183 1278 2237; x_wconf 90' lang='lat' dir='ltr'>Hic</span> <span class='ocrx_word' id='word_1_288' title='bbox 1322 2188 1521 2236; x_wconf 88' lang='lat' dir='ltr'>auctor</span> <span class='ocrx_word' id='word_1_289' title='bbox 1575 2183 1932 2253; x_wconf 91' lang='lat' dir='ltr'>singularum</span> 
     </span>
    </p>
   </div>
   <div class='ocr_carea' id='block_1_38' title="bbox 231 2272 1930 2344">
    <p class='ocr_par' dir='ltr' id='par_1_38' title="bbox 231 2272 1930 2344">
     <span class='ocr_line' id='line_1_38' title="bbox 231 2272 1930 2344; baseline -0.002 -18"><span class='ocrx_word' id='word_1_290' title='bbox 231 2274 654 2344; x_wconf 86' lang='lat' dir='ltr'>proprietatem</span> <span class='ocrx_word' id='word_1_291' title='bbox 713 2289 1090 2342; x_wconf 86' lang='lat' dir='ltr'>personarum</span> <span class='ocrx_word' id='word_1_292' title='bbox 1150 2273 1530 2342; x_wconf 82' lang='lat' dir='ltr'>distinguens,</span> <span class='ocrx_word' id='word_1_293' title='bbox 1600 2278 1656 2325; x_wconf 90' lang='lat' dir='ltr'>et</span> <span class='ocrx_word' id='word_1_294' title='bbox 1710 2272 1930 2324; x_wconf 86' lang='lat' dir='ltr'>unitate</span> 
     </span>
    </p>
   </div>
   <div class='ocr_carea' id='block_1_39' title="bbox 231 2360 1936 2430">
    <p class='ocr_par' dir='ltr' id='par_1_39' title="bbox 231 2360 1936 2430">
     <span class='ocr_line' id='line_1_39' title="bbox 231 2360 1936 2430; baseline -0.002 -14"><span class='ocrx_word' id='word_1_295' title='bbox 231 2361 556 2416; x_wconf 72' lang='lat' dir='ltr'>divinitatis</span> <span class='ocrx_word' id='word_1_296' title='bbox 623 2361 994 2430; x_wconf 88' lang='lat' dir='ltr'>conjungens,</span> <span class='ocrx_word' id='word_1_297' title='bbox 1060 2361 1309 2413; x_wconf 86' lang='lat' dir='ltr'>ostendit</span> <span class='ocrx_word' id='word_1_298' title='bbox 1369 2361 1504 2430; x_wconf 88' lang='lat' dir='ltr'>quid</span> <span class='ocrx_word' id='word_1_299' title='bbox 1568 2360 1806 2430; x_wconf 85' lang='lat' dir='ltr'>singulis</span> <span class='ocrx_word' id='word_1_300' title='bbox 1865 2361 1936 2413; x_wconf 88' lang='lat' dir='ltr'>sit</span> 
     </span>
    </p>
   </div>
   <div class='ocr_carea' id='block_1_40' title="bbox 233 2450 1934 2521">
    <p class='ocr_par' dir='ltr' id='par_1_40' title="bbox 233 2450 1934 2521">
     <span class='ocr_line' id='line_1_40' title="bbox 233 2450 1934 2521; baseline -0.001 -18"><span class='ocrx_word' id='word_1_301' title='bbox 233 2450 566 2520; x_wconf 85' lang='lat' dir='ltr'>prOprium,</span> <span class='ocrx_word' id='word_1_302' title='bbox 628 2450 766 2521; x_wconf 86' lang='lat' dir='ltr'>quid</span> <span class='ocrx_word' id='word_1_303' title='bbox 824 2466 1149 2503; x_wconf 89' lang='lat' dir='ltr'>commune.</span> <span class='ocrx_word' id='word_1_304' title='bbox 1213 2451 1514 2520; x_wconf 91' lang='lat' dir='ltr'>Proprium</span> <span class='ocrx_word' id='word_1_305' title='bbox 1579 2450 1759 2503; x_wconf 86' lang='lat' dir='ltr'>Patris</span> <span class='ocrx_word' id='word_1_306' title='bbox 1815 2467 1934 2502; x_wconf 89' lang='lat' dir='ltr'>esse</span> 
     </span>
    </p>
   </div>
   <div class='ocr_carea' id='block_1_41' title="bbox 233 2538 1934 2609">
    <p class='ocr_par' dir='ltr' id='par_1_41' title="bbox 233 2538 1934 2609">
     <span class='ocr_line' id='line_1_41' title="bbox 233 2538 1934 2609; baseline -0.001 -17"><span class='ocrx_word' id='word_1_307' title='bbox 233 2540 459 2603; x_wconf 89' lang='lat' dir='ltr'>dicens,</span> <span class='ocrx_word' id='word_1_308' title='bbox 509 2539 666 2608; x_wconf 89' lang='lat' dir='ltr'>quod</span> <span class='ocrx_word' id='word_1_309' title='bbox 706 2539 936 2609; x_wconf 82' lang='lat' dir='ltr'>genuit;</span> <span class='ocrx_word' id='word_1_310' title='bbox 971 2538 1029 2591; x_wconf 91' lang='lat' dir='ltr'>in</span> <span class='ocrx_word' id='word_1_311' title='bbox 1069 2554 1183 2609; x_wconf 92' lang='lat' dir='ltr'>quo</span> <span class='ocrx_word' id='word_1_312' title='bbox 1226 2555 1329 2591; x_wconf 93' lang='lat' dir='ltr'>nec</span> <span class='ocrx_word' id='word_1_313' title='bbox 1381 2538 1520 2591; x_wconf 87' lang='lat' dir='ltr'>Filio</span> <span class='ocrx_word' id='word_1_314' title='bbox 1559 2554 1663 2592; x_wconf 88' lang='lat' dir='ltr'>nec</span> <span class='ocrx_word' id='word_1_315' title='bbox 1697 2538 1934 2608; x_wconf 90' lang='lat' dir='ltr'>Spiritui</span> 
     </span>
    </p>
   </div>
   <div class='ocr_carea' id='block_1_42' title="bbox 228 2627 1932 2698">
    <p class='ocr_par' dir='ltr' id='par_1_42' title="bbox 228 2627 1932 2698">
     <span class='ocr_line' id='line_1_42' title="bbox 228 2627 1932 2698; baseline -0.001 -16"><span class='ocrx_word' id='word_1_316' title='bbox 228 2635 436 2682; x_wconf 82' lang='lat' dir='ltr'>sancto</span> <span class='ocrx_word' id='word_1_317' title='bbox 479 2627 873 2698; x_wconf 86' lang='lat' dir='ltr'>participatur,</span> <span class='ocrx_word' id='word_1_318' title='bbox 913 2627 1172 2696; x_wconf 89' lang='lat' dir='ltr'>alioquin</span> <span class='ocrx_word' id='word_1_319' title='bbox 1207 2643 1323 2680; x_wconf 90' lang='lat' dir='ltr'>non</span> <span class='ocrx_word' id='word_1_320' title='bbox 1364 2627 1417 2681; x_wconf 90' lang='lat' dir='ltr'>ei</span> <span class='ocrx_word' id='word_1_321' title='bbox 1457 2631 1604 2680; x_wconf 91' lang='lat' dir='ltr'>esset</span> <span class='ocrx_word' id='word_1_322' title='bbox 1637 2627 1932 2697; x_wconf 89' lang='lat' dir='ltr'>proprium</span> 
     </span>
    </p>
   </div>
   <div class='ocr_carea' id='block_1_43' title="bbox 231 2715 1934 2772">
    <p class='ocr_par' dir='ltr' id='par_1_43' title="bbox 231 2715 1934 2772">
     <span class='ocr_line' id='line_1_43' title="bbox 231 2715 1934 2772; baseline 0 -1"><span class='ocrx_word' id='word_1_323' title='bbox 231 2718 422 2772; x_wconf 89' lang='lat' dir='ltr'>Patris</span> <span class='ocrx_word' id='word_1_324' title='bbox 480 2717 867 2769; x_wconf 81' lang='lat' dir='ltr'>vocabulum:</span> <span class='ocrx_word' id='word_1_325' title='bbox 918 2721 970 2770; x_wconf 88' lang='lat' dir='ltr'>et</span> <span class='ocrx_word' id='word_1_326' title='bbox 1023 2716 1198 2769; x_wconf 79' lang='lat' dir='ltr'>Filius</span> <span class='ocrx_word' id='word_1_327' title='bbox 1245 2715 1303 2769; x_wconf 89' lang='lat' dir='ltr'>in</span> <span class='ocrx_word' id='word_1_328' title='bbox 1356 2718 1462 2770; x_wconf 87' lang='lat' dir='ltr'>hoc</span> <span class='ocrx_word' id='word_1_329' title='bbox 1510 2716 1854 2770; x_wconf 89' lang='lat' dir='ltr'>discernitur</span> <span class='ocrx_word' id='word_1_330' title='bbox 1903 2735 1934 2770; x_wconf 87' lang='lat' dir='ltr'>a</span> 
     </span>
    </p>
   </div>
   <div class='ocr_carea' id='block_1_44' title="bbox 225 2804 1930 2876">
    <p class='ocr_par' dir='ltr' id='par_1_44' title="bbox 225 2804 1930 2876">
     <span class='ocr_line' id='line_1_44' title="bbox 225 2804 1930 2876; baseline 0 -17"><span class='ocrx_word' id='word_1_331' title='bbox 225 2809 401 2860; x_wconf 88' lang='lat' dir='ltr'>Patre</span> <span class='ocrx_word' id='word_1_332' title='bbox 433 2804 584 2874; x_wconf 90' lang='lat' dir='ltr'>quod</span> <span class='ocrx_word' id='word_1_333' title='bbox 610 2805 837 2874; x_wconf 88' lang='lat' dir='ltr'>genitus</span> <span class='ocrx_word' id='word_1_334' title='bbox 867 2804 958 2870; x_wconf 88' lang='lat' dir='ltr'>sit,</span> <span class='ocrx_word' id='word_1_335' title='bbox 991 2804 1086 2857; x_wconf 89' lang='lat' dir='ltr'>ille</span> <span class='ocrx_word' id='word_1_336' title='bbox 1123 2804 1423 2873; x_wconf 85' lang='lat' dir='ltr'>genuerit;</span> <span class='ocrx_word' id='word_1_337' title='bbox 1467 2805 1562 2858; x_wconf 91' lang='lat' dir='ltr'>sed</span> <span class='ocrx_word' id='word_1_338' title='bbox 1609 2821 1712 2858; x_wconf 88' lang='lat' dir='ltr'>nec</span> <span class='ocrx_word' id='word_1_339' title='bbox 1742 2805 1800 2858; x_wconf 91' lang='lat' dir='ltr'>in</span> <span class='ocrx_word' id='word_1_340' title='bbox 1834 2823 1930 2876; x_wconf 86' lang='lat' dir='ltr'>ge-</span> 
     </span>
    </p>
   </div>
   <div class='ocr_carea' id='block_1_45' title="bbox 227 2893 1932 2964">
    <p class='ocr_par' dir='ltr' id='par_1_45' title="bbox 227 2893 1932 2964">
     <span class='ocr_line' id='line_1_45' title="bbox 227 2893 1932 2964; baseline -0.001 -16"><span class='ocrx_word' id='word_1_341' title='bbox 227 2893 556 2949; x_wconf 88' lang='lat' dir='ltr'>nerationis</span> <span class='ocrx_word' id='word_1_342' title='bbox 586 2893 938 2964; x_wconf 86' lang='lat' dir='ltr'>proprietate</span> <span class='ocrx_word' id='word_1_343' title='bbox 972 2893 1218 2963; x_wconf 88' lang='lat' dir='ltr'>Spiritus</span> <span class='ocrx_word' id='word_1_344' title='bbox 1249 2894 1426 2946; x_wconf 89' lang='lat' dir='ltr'>sancti</span> <span class='ocrx_word' id='word_1_345' title='bbox 1466 2894 1932 2947; x_wconf 89' lang='lat' dir='ltr'>communionem</span> 
     </span>
    </p>
   </div>
   <div class='ocr_carea' id='block_1_46' title="bbox 2044 1832 3739 1905">
    <p class='ocr_par' dir='ltr' id='par_1_46' title="bbox 2044 1832 3739 1905">
     <span class='ocr_line' id='line_1_46' title="bbox 2044 1832 3739 1905; baseline 0.002 -18"><span class='ocrx_word' id='word_1_346' title='bbox 2044 1832 2266 1887; x_wconf 89' lang='lat' dir='ltr'>deitatis</span> <span class='ocrx_word' id='word_1_347' title='bbox 2317 1838 2540 1893; x_wconf 86' lang='lat' dir='ltr'>natura,</span> <span class='ocrx_word' id='word_1_348' title='bbox 2593 1833 2650 1885; x_wconf 89' lang='lat' dir='ltr'>id</span> <span class='ocrx_word' id='word_1_349' title='bbox 2704 1841 2804 1896; x_wconf 90' lang='lat' dir='ltr'>est,</span> <span class='ocrx_word' id='word_1_350' title='bbox 2865 1834 3048 1887; x_wconf 88' lang='lat' dir='ltr'>Patris</span> <span class='ocrx_word' id='word_1_351' title='bbox 3101 1835 3343 1905; x_wconf 88' lang='lat' dir='ltr'>Filiique</span> <span class='ocrx_word' id='word_1_352' title='bbox 3401 1837 3739 1903; x_wconf 86' lang='lat' dir='ltr'>substantia,</span> 
     </span>
    </p>
   </div>
   <div class='ocr_carea' id='block_1_47' title="bbox 2047 1920 3742 1994">
    <p class='ocr_par' dir='ltr' id='par_1_47' title="bbox 2047 1920 3742 1994">
     <span class='ocr_line' id='line_1_47' title="bbox 2047 1920 3742 1994; baseline 0.003 -20"><span class='ocrx_word' id='word_1_353' title='bbox 2047 1937 2171 1991; x_wconf 69' lang='lat' dir='ltr'>quae</span> <span class='ocrx_word' id='word_1_354' title='bbox 2217 1925 2374 1974; x_wconf 89' lang='lat' dir='ltr'>tanta</span> <span class='ocrx_word' id='word_1_355' title='bbox 2432 1920 2649 1975; x_wconf 87' lang='lat' dir='ltr'>unitate</span> <span class='ocrx_word' id='word_1_356' title='bbox 2702 1923 2979 1985; x_wconf 86' lang='lat' dir='ltr'>consistit,</span> <span class='ocrx_word' id='word_1_357' title='bbox 3039 1928 3103 1976; x_wconf 89' lang='lat' dir='ltr'>ut</span> <span class='ocrx_word' id='word_1_358' title='bbox 3170 1925 3329 1976; x_wconf 89' lang='lat' dir='ltr'>nulla</span> <span class='ocrx_word' id='word_1_359' title='bbox 3379 1925 3742 1994; x_wconf 88' lang='lat' dir='ltr'>separatione</span> 
     </span>
    </p>
   </div>
   <div class='ocr_carea' id='block_1_48' title="bbox 2044 2009 3744 2082">
    <p class='ocr_par' dir='ltr' id='par_1_48' title="bbox 2044 2009 3744 2082">
     <span class='ocr_line' id='line_1_48' title="bbox 2044 2009 3744 2082; baseline 0.002 -19"><span class='ocrx_word' id='word_1_360' title='bbox 2044 2010 2362 2075; x_wconf 85' lang='lat' dir='ltr'>dividatur;</span> <span class='ocrx_word' id='word_1_361' title='bbox 2413 2009 2573 2077; x_wconf 90' lang='lat' dir='ltr'>cujus</span> <span class='ocrx_word' id='word_1_362' title='bbox 2624 2010 2954 2064; x_wconf 65' lang='lat' dir='ltr'>substantiae</span> <span class='ocrx_word' id='word_1_363' title='bbox 3009 2012 3145 2064; x_wconf 90' lang='lat' dir='ltr'>dum</span> <span class='ocrx_word' id='word_1_364' title='bbox 3214 2012 3463 2082; x_wconf 91' lang='lat' dir='ltr'>Spiritus</span> <span class='ocrx_word' id='word_1_365' title='bbox 3517 2021 3744 2068; x_wconf 89' lang='lat' dir='ltr'>sanctus</span> 
     </span>
    </p>
   </div>
   <div class='ocr_carea' id='block_1_49' title="bbox 2045 2098 3736 2168">
    <p class='ocr_par' dir='ltr' id='par_1_49' title="bbox 2045 2098 3736 2168">
     <span class='ocr_line' id='line_1_49' title="bbox 2045 2098 3736 2168; baseline 0.004 -19"><span class='ocrx_word' id='word_1_366' title='bbox 2045 2098 2118 2151; x_wconf 87' lang='lat' dir='ltr'>sit</span> <span class='ocrx_word' id='word_1_367' title='bbox 2159 2114 2386 2168; x_wconf 90' lang='lat' dir='ltr'>quoque</span> <span class='ocrx_word' id='word_1_368' title='bbox 2415 2114 2580 2162; x_wconf 89' lang='lat' dir='ltr'>unus,</span> <span class='ocrx_word' id='word_1_369' title='bbox 2627 2099 2980 2168; x_wconf 86' lang='lat' dir='ltr'>approbatur</span> <span class='ocrx_word' id='word_1_370' title='bbox 3026 2100 3315 2153; x_wconf 85' lang='lat' dir='ltr'>evidenter</span> <span class='ocrx_word' id='word_1_371' title='bbox 3359 2118 3390 2154; x_wconf 88' lang='lat' dir='ltr'>a</span> <span class='ocrx_word' id='word_1_372' title='bbox 3438 2103 3600 2154; x_wconf 84' lang='lat' dir='ltr'>Patre</span> <span class='ocrx_word' id='word_1_373' title='bbox 3655 2104 3736 2156; x_wconf 89' lang='lat' dir='ltr'>Fi-</span> 
     </span>
    </p>
   </div>
   <div class='ocr_carea' id='block_1_50' title="bbox 2045 2186 3737 2256">
    <p class='ocr_par' dir='ltr' id='par_1_50' title="bbox 2045 2186 3737 2256">
     <span class='ocr_line' id='line_1_50' title="bbox 2045 2186 3737 2256; baseline 0.002 -17"><span class='ocrx_word' id='word_1_374' title='bbox 2045 2187 2237 2256; x_wconf 90' lang='lat' dir='ltr'>lioque</span> <span class='ocrx_word' id='word_1_375' title='bbox 2293 2186 2621 2256; x_wconf 83' lang='lat' dir='ltr'>procedere,</span> <span class='ocrx_word' id='word_1_376' title='bbox 2671 2187 2879 2256; x_wconf 86' lang='lat' dir='ltr'>quibus</span> <span class='ocrx_word' id='word_1_377' title='bbox 2938 2188 2995 2240; x_wconf 89' lang='lat' dir='ltr'>in</span> <span class='ocrx_word' id='word_1_378' title='bbox 3041 2188 3203 2241; x_wconf 89' lang='lat' dir='ltr'>unita</span> <span class='ocrx_word' id='word_1_379' title='bbox 3259 2193 3464 2242; x_wconf 86' lang='lat' dir='ltr'>natura</span> <span class='ocrx_word' id='word_1_380' title='bbox 3511 2190 3737 2245; x_wconf 84' lang='lat' dir='ltr'>deitatis</span> 
     </span>
    </p>
   </div>
   <div class='ocr_carea' id='block_1_51' title="bbox 2043 2273 2433 2343">
    <p class='ocr_par' dir='ltr' id='par_1_51' title="bbox 2043 2273 2433 2343">
     <span class='ocr_line' id='line_1_51' title="bbox 2043 2273 2433 2343; baseline 0.003 -16"><span class='ocrx_word' id='word_1_381' title='bbox 2043 2273 2433 2343; x_wconf 84' lang='lat' dir='ltr'>conjungitur.</span> 
     </span>
    </p>
   </div>
   <div class='ocr_carea' id='block_1_52' title="bbox 2115 2361 3735 2436">
    <p class='ocr_par' dir='ltr' id='par_1_52' title="bbox 2115 2361 3735 2436">
     <span class='ocr_line' id='line_1_52' title="bbox 2115 2361 3735 2436; baseline 0.004 -23"><span class='ocrx_word' id='word_1_382' title='bbox 2115 2361 2258 2413; x_wconf 87' lang='lat' dir='ltr'>Item</span> <span class='ocrx_word' id='word_1_383' title='bbox 2290 2361 2435 2414; x_wconf 84' lang='lat' dir='ltr'>infra</span> <span class='ocrx_word' id='word_1_384' title='bbox 2470 2377 2482 2415; x_wconf 91' lang='lat'>:</span> <span class='ocrx_word' id='word_1_385' title='bbox 2515 2381 2542 2411; x_wconf 80' lang='grc' dir='ltr'>(ι</span> <span class='ocrx_word' id='word_1_386' title='bbox 2575 2371 2598 2394; x_wconf 72' lang='grc'>⁸</span> <span class='ocrx_word' id='word_1_387' title='bbox 2629 2363 2966 2432; x_wconf 70' lang='lat' dir='ltr'>Hypocritze,</span> <span class='ocrx_word' id='word_1_388' title='bbox 2992 2365 3476 2434; x_wconf 88' lang='lat' dir='ltr'>quemadmodum</span> <span class='ocrx_word' id='word_1_389' title='bbox 3498 2367 3735 2436; x_wconf 89' lang='lat' dir='ltr'>suscipi-</span> 
     </span>
    </p>
   </div>
   <div class='ocr_carea' id='block_1_53' title="bbox 2043 2449 3732 2522">
    <p class='ocr_par' dir='ltr' id='par_1_53' title="bbox 2043 2449 3732 2522">
     <span class='ocr_line' id='line_1_53' title="bbox 2043 2449 3732 2522; baseline 0.004 -20"><span class='ocrx_word' id='word_1_390' title='bbox 2043 2449 2115 2502; x_wconf 89' lang='lat' dir='ltr'>tis</span> <span class='ocrx_word' id='word_1_391' title='bbox 2144 2465 2156 2501; x_wconf 87' lang='lat'>:</span> <span class='ocrx_word' id='word_1_392' title='bbox 2191 2451 2310 2502; x_wconf 58' lang='lat' dir='ltr'>Hac</span> <span class='ocrx_word' id='word_1_393' title='bbox 2362 2453 2544 2503; x_wconf 83' lang='lat' dir='ltr'>omnia</span> <span class='ocrx_word' id='word_1_394' title='bbox 2582 2458 2839 2519; x_wconf 78' lang='lat' dir='ltr'>operatur</span> <span class='ocrx_word' id='word_1_395' title='bbox 2868 2459 3031 2519; x_wconf 83' lang='lat' dir='ltr'>atque</span> <span class='ocrx_word' id='word_1_396' title='bbox 3061 2453 3203 2506; x_wconf 85' lang='lat' dir='ltr'>idem</span> <span class='ocrx_word' id='word_1_397' title='bbox 3265 2455 3526 2522; x_wconf 78' lang='lat' dir='ltr'>Spiritus,</span> <span class='ocrx_word' id='word_1_398' title='bbox 3581 2456 3732 2508; x_wconf 80' lang='lat' dir='ltr'>divi-</span> 
     </span>
    </p>
   </div>
   <div class='ocr_carea' id='block_1_54' title="bbox 2043 2537 3735 2609">
    <p class='ocr_par' dir='ltr' id='par_1_54' title="bbox 2043 2537 3735 2609">
     <span class='ocr_line' id='line_1_54' title="bbox 2043 2537 3735 2609; baseline 0.004 -19"><span class='ocrx_word' id='word_1_399' title='bbox 2043 2537 2173 2590; x_wconf 83' lang='lat' dir='ltr'>dens</span> <span class='ocrx_word' id='word_1_400' title='bbox 2195 2537 2490 2605; x_wconf 78' lang='lat' dir='ltr'>unicuique</span> <span class='ocrx_word' id='word_1_401' title='bbox 2524 2541 2663 2592; x_wconf 89' lang='lat' dir='ltr'>sicut</span> <span class='ocrx_word' id='word_1_402' title='bbox 2708 2541 2823 2592; x_wconf 59' lang='lat' dir='ltr'>&quot;vult</span> <span class='ocrx_word' id='word_1_403' title='bbox 2850 2539 2904 2609; x_wconf 90' lang='grc' dir='ltr'>(Ι</span> <span class='ocrx_word' id='word_1_404' title='bbox 2929 2541 3047 2594; x_wconf 82' lang='lat' dir='ltr'>Cor.</span> <span class='ocrx_word' id='word_1_405' title='bbox 3093 2558 3190 2607; x_wconf 82' lang='lat' dir='ltr'>xu,</span> <span class='ocrx_word' id='word_1_406' title='bbox 3246 2545 3355 2606; x_wconf 78' lang='lat' dir='ltr'>lt),</span> <span class='ocrx_word' id='word_1_407' title='bbox 3399 2543 3442 2594; x_wconf 91' lang='lat' dir='ltr'>si</span> <span class='ocrx_word' id='word_1_408' title='bbox 3485 2559 3617 2596; x_wconf 88' lang='lat' dir='ltr'>eum</span> <span class='ocrx_word' id='word_1_409' title='bbox 3666 2543 3735 2596; x_wconf 87' lang='lat' dir='ltr'>de</span> 
     </span>
    </p>
   </div>
   <div class='ocr_carea' id='block_1_55' title="bbox 2045 2625 3735 2695">
    <p class='ocr_par' dir='ltr' id='par_1_55' title="bbox 2045 2625 3735 2695">
     <span class='ocr_line' id='line_1_55' title="bbox 2045 2625 3735 2695; baseline 0.004 -17"><span class='ocrx_word' id='word_1_410' title='bbox 2045 2625 2205 2678; x_wconf 90' lang='lat' dir='ltr'>unita</span> <span class='ocrx_word' id='word_1_411' title='bbox 2259 2626 2485 2679; x_wconf 87' lang='lat' dir='ltr'>deitatis</span> <span class='ocrx_word' id='word_1_412' title='bbox 2540 2628 2875 2695; x_wconf 91' lang='lat' dir='ltr'>operatione</span> <span class='ocrx_word' id='word_1_413' title='bbox 2929 2629 3259 2682; x_wconf 83' lang='lat' dir='ltr'>secernitis?</span> <span class='ocrx_word' id='word_1_414' title='bbox 3328 2630 3492 2683; x_wconf 82' lang='lat' dir='ltr'>Unita</span> <span class='ocrx_word' id='word_1_415' title='bbox 3551 2631 3735 2684; x_wconf 88' lang='lat' dir='ltr'>deitas</span> 
     </span>
    </p>
   </div>
   <div class='ocr_carea' id='block_1_56' title="bbox 2045 2714 3737 2788">
    <p class='ocr_par' dir='ltr' id='par_1_56' title="bbox 2045 2714 3737 2788">
     <span class='ocr_line' id='line_1_56' title="bbox 2045 2714 3737 2788; baseline 0.004 -20"><span class='ocrx_word' id='word_1_416' title='bbox 2045 2714 2216 2768; x_wconf 90' lang='lat' dir='ltr'>totius</span> <span class='ocrx_word' id='word_1_417' title='bbox 2245 2719 2327 2767; x_wconf 90' lang='lat' dir='ltr'>est</span> <span class='ocrx_word' id='word_1_418' title='bbox 2361 2720 2567 2768; x_wconf 76' lang='lat' dir='ltr'>sanctae</span> <span class='ocrx_word' id='word_1_419' title='bbox 2609 2715 2922 2782; x_wconf 87' lang='lat' dir='ltr'>Trinitatis,</span> <span class='ocrx_word' id='word_1_420' title='bbox 2958 2717 3015 2770; x_wconf 89' lang='lat' dir='ltr'>in</span> <span class='ocrx_word' id='word_1_421' title='bbox 3067 2734 3180 2787; x_wconf 89' lang='lat' dir='ltr'>qua</span> <span class='ocrx_word' id='word_1_422' title='bbox 3223 2718 3434 2788; x_wconf 89' lang='lat' dir='ltr'>pariter</span> <span class='ocrx_word' id='word_1_423' title='bbox 3482 2719 3737 2774; x_wconf 84' lang='lat' dir='ltr'>consistit</span> 
     </span>
    </p>
   </div>
   <div class='ocr_carea' id='block_1_57' title="bbox 2044 2802 3736 2876">
    <p class='ocr_par' dir='ltr' id='par_1_57' title="bbox 2044 2802 3736 2876">
     <span class='ocr_line' id='line_1_57' title="bbox 2044 2802 3736 2876; baseline 0.003 -21"><span class='ocrx_word' id='word_1_424' title='bbox 2044 2808 2098 2856; x_wconf 92' lang='lat' dir='ltr'>et</span> <span class='ocrx_word' id='word_1_425' title='bbox 2143 2819 2389 2873; x_wconf 88' lang='lat' dir='ltr'>persona</span> <span class='ocrx_word' id='word_1_426' title='bbox 2442 2802 2685 2872; x_wconf 89' lang='lat' dir='ltr'>Spiritus</span> <span class='ocrx_word' id='word_1_427' title='bbox 2743 2804 2945 2871; x_wconf 88' lang='lat' dir='ltr'>sancti,</span> <span class='ocrx_word' id='word_1_428' title='bbox 3003 2805 3122 2859; x_wconf 90' lang='lat' dir='ltr'>sine</span> <span class='ocrx_word' id='word_1_429' title='bbox 3169 2823 3282 2876; x_wconf 88' lang='lat' dir='ltr'>qua</span> <span class='ocrx_word' id='word_1_430' title='bbox 3339 2823 3444 2860; x_wconf 89' lang='lat' dir='ltr'>nec</span> <span class='ocrx_word' id='word_1_431' title='bbox 3493 2807 3736 2862; x_wconf 86' lang='lat' dir='ltr'>Trinitas</span> 
     </span>
    </p>
   </div>
   <div class='ocr_carea' id='block_1_58' title="bbox 2045 2891 3731 2965">
    <p class='ocr_par' dir='ltr' id='par_1_58' title="bbox 2045 2891 3731 2965">
     <span class='ocr_line' id='line_1_58' title="bbox 2045 2891 3731 2965; baseline 0.004 -21"><span class='ocrx_word' id='word_1_432' title='bbox 2045 2891 2168 2945; x_wconf 89' lang='lat' dir='ltr'>erit.</span> <span class='ocrx_word' id='word_1_433' title='bbox 2203 2912 2230 2940; x_wconf 84' lang='lat'>»</span> <span class='ocrx_word' id='word_1_434' title='bbox 2273 2893 2417 2961; x_wconf 85' lang='lat' dir='ltr'>Ergo</span> <span class='ocrx_word' id='word_1_435' title='bbox 2449 2891 2644 2946; x_wconf 89' lang='lat' dir='ltr'>dicens</span> <span class='ocrx_word' id='word_1_436' title='bbox 2682 2891 2952 2946; x_wconf 88' lang='lat' dir='ltr'>deitatem</span> <span class='ocrx_word' id='word_1_437' title='bbox 3004 2894 3166 2947; x_wconf 91' lang='lat' dir='ltr'>unita</span> <span class='ocrx_word' id='word_1_438' title='bbox 3226 2896 3553 2965; x_wconf 87' lang='lat' dir='ltr'>operatione</span> <span class='ocrx_word' id='word_1_439' title='bbox 3601 2912 3731 2950; x_wconf 91' lang='lat' dir='ltr'>con-</span> 
     </span>
    </p>
   </div>
   <div class='ocr_carea' id='block_1_59' title="bbox 226 2979 3734 3055">
    <p class='ocr_par' dir='ltr' id='par_1_59' title="bbox 226 2979 3734 3055">
     <span class='ocr_line' id='line_1_59' title="bbox 226 2979 3734 3055; baseline 0 -18"><span class='ocrx_word' id='word_1_440' title='bbox 226 2983 446 3052; x_wconf 89' lang='lat' dir='ltr'>recipit</span> <span class='ocrx_word' id='word_1_441' title='bbox 491 2983 689 3040; x_wconf 89' lang='lat' dir='ltr'>ullam.</span> <span class='ocrx_word' id='word_1_442' title='bbox 749 2981 1022 3052; x_wconf 88' lang='lat' dir='ltr'>quoniam</span> <span class='ocrx_word' id='word_1_443' title='bbox 1084 2998 1213 3034; x_wconf 91' lang='lat' dir='ltr'>cum</span> <span class='ocrx_word' id='word_1_444' title='bbox 1265 2982 1356 3035; x_wconf 91' lang='lat' dir='ltr'>hic</span> <span class='ocrx_word' id='word_1_445' title='bbox 1405 2982 1476 3035; x_wconf 89' lang='lat' dir='ltr'>sit</span> <span class='ocrx_word' id='word_1_446' title='bbox 1532 2983 1779 3052; x_wconf 89' lang='lat' dir='ltr'>genitus,</span> <span class='ocrx_word' id='word_1_447' title='bbox 1833 2983 1931 3037; x_wconf 88' lang='lat' dir='ltr'>illo</span> <span class='ocrx_word' id='word_1_448' title='bbox 1975 2979 2226 3055; x_wconf 56' lang='lat' dir='ltr'>“jungi,</span> <span class='ocrx_word' id='word_1_449' title='bbox 2287 2985 2528 3033; x_wconf 88' lang='lat' dir='ltr'>testatur</span> <span class='ocrx_word' id='word_1_450' title='bbox 2588 2980 2825 3050; x_wconf 86' lang='lat' dir='ltr'>Spiritui</span> <span class='ocrx_word' id='word_1_451' title='bbox 2879 2987 3071 3034; x_wconf 89' lang='lat' dir='ltr'>sancto</span> <span class='ocrx_word' id='word_1_452' title='bbox 3129 2983 3353 3036; x_wconf 85' lang='lat' dir='ltr'>Patrem</span> <span class='ocrx_word' id='word_1_453' title='bbox 3414 2983 3734 3055; x_wconf 86' lang='lat' dir='ltr'>Filiumque</span> 
     </span>
    </p>
   </div>
   <div class='ocr_carea' id='block_1_60' title="bbox 225 3069 1930 3140">
    <p class='ocr_par' dir='ltr' id='par_1_60' title="bbox 225 3069 1930 3140">
     <span class='ocr_line' id='line_1_60' title="bbox 225 3069 1930 3140; baseline -0.002 -13"><span class='ocrx_word' id='word_1_454' title='bbox 225 3089 356 3127; x_wconf 88' lang='lat' dir='ltr'>non</span> <span class='ocrx_word' id='word_1_455' title='bbox 407 3087 527 3124; x_wconf 90' lang='lat' dir='ltr'>esse</span> <span class='ocrx_word' id='word_1_456' title='bbox 577 3071 805 3140; x_wconf 89' lang='lat' dir='ltr'>genitus</span> <span class='ocrx_word' id='word_1_457' title='bbox 848 3069 1223 3140; x_wconf 79' lang='lat' dir='ltr'>approbatur.</span> <span class='ocrx_word' id='word_1_458' title='bbox 1273 3070 1522 3140; x_wconf 89' lang='lat' dir='ltr'>Spiritus</span> <span class='ocrx_word' id='word_1_459' title='bbox 1567 3077 1759 3125; x_wconf 88' lang='lat' dir='ltr'>autem</span> <span class='ocrx_word' id='word_1_460' title='bbox 1804 3089 1930 3125; x_wconf 86' lang='lat' dir='ltr'>san-</span> 
     </span>
    </p>
   </div>
   <div class='ocr_carea' id='block_1_61' title="bbox 222 3158 1932 3229">
    <p class='ocr_par' dir='ltr' id='par_1_61' title="bbox 222 3158 1932 3229">
     <span class='ocr_line' id='line_1_61' title="bbox 222 3158 1932 3229; baseline -0.001 -15"><span class='ocrx_word' id='word_1_461' title='bbox 222 3168 365 3214; x_wconf 84' lang='lat' dir='ltr'>ctus</span> <span class='ocrx_word' id='word_1_462' title='bbox 411 3160 518 3213; x_wconf 89' lang='lat' dir='ltr'>hoc</span> <span class='ocrx_word' id='word_1_463' title='bbox 561 3175 759 3212; x_wconf 88' lang='lat' dir='ltr'>rursus</span> <span class='ocrx_word' id='word_1_464' title='bbox 799 3158 973 3213; x_wconf 89' lang='lat' dir='ltr'>habet</span> <span class='ocrx_word' id='word_1_465' title='bbox 1010 3159 1330 3229; x_wconf 88' lang='lat' dir='ltr'>proprium,</span> <span class='ocrx_word' id='word_1_466' title='bbox 1377 3164 1442 3212; x_wconf 90' lang='lat' dir='ltr'>ut</span> <span class='ocrx_word' id='word_1_467' title='bbox 1489 3175 1592 3212; x_wconf 90' lang='lat' dir='ltr'>nec</span> <span class='ocrx_word' id='word_1_468' title='bbox 1647 3161 1932 3229; x_wconf 86' lang='lat' dir='ltr'>genuerit,</span> 
     </span>
    </p>
   </div>
   <div class='ocr_carea' id='block_1_62' title="bbox 222 3247 1934 3320">
    <p class='ocr_par' dir='ltr' id='par_1_62' title="bbox 222 3247 1934 3320">
     <span class='ocr_line' id='line_1_62' title="bbox 222 3247 1934 3320; baseline -0.002 -17"><span class='ocrx_word' id='word_1_469' title='bbox 222 3265 345 3304; x_wconf 85' lang='lat' dir='ltr'>nec</span> <span class='ocrx_word' id='word_1_470' title='bbox 375 3248 603 3320; x_wconf 86' lang='lat' dir='ltr'>genitus</span> <span class='ocrx_word' id='word_1_471' title='bbox 632 3247 722 3315; x_wconf 88' lang='lat' dir='ltr'>sit,</span> <span class='ocrx_word' id='word_1_472' title='bbox 765 3247 860 3301; x_wconf 91' lang='lat' dir='ltr'>sed</span> <span class='ocrx_word' id='word_1_473' title='bbox 894 3247 962 3300; x_wconf 92' lang='lat' dir='ltr'>de</span> <span class='ocrx_word' id='word_1_474' title='bbox 993 3247 1158 3301; x_wconf 89' lang='lat' dir='ltr'>unita</span> <span class='ocrx_word' id='word_1_475' title='bbox 1185 3247 1365 3300; x_wconf 86' lang='lat' dir='ltr'>Patris</span> <span class='ocrx_word' id='word_1_476' title='bbox 1392 3255 1446 3302; x_wconf 84' lang='lat' dir='ltr'>et</span> <span class='ocrx_word' id='word_1_477' title='bbox 1485 3247 1610 3301; x_wconf 90' lang='lat' dir='ltr'>Filii</span> <span class='ocrx_word' id='word_1_478' title='bbox 1641 3247 1934 3302; x_wconf 86' lang='lat' dir='ltr'>divinitate</span> 
     </span>
    </p>
   </div>
   <div class='ocr_carea' id='block_1_63' title="bbox 222 3335 1932 3408">
    <p class='ocr_par' dir='ltr' id='par_1_63' title="bbox 222 3335 1932 3408">
     <span class='ocr_line' id='line_1_63' title="bbox 222 3335 1932 3408; baseline 0.001 -21"><span class='ocrx_word' id='word_1_479' title='bbox 222 3337 543 3408; x_wconf 78' lang='lat' dir='ltr'>procedat;</span> <span class='ocrx_word' id='word_1_480' title='bbox 594 3335 655 3389; x_wconf 91' lang='lat' dir='ltr'>in</span> <span class='ocrx_word' id='word_1_481' title='bbox 696 3352 810 3406; x_wconf 90' lang='lat' dir='ltr'>quo</span> <span class='ocrx_word' id='word_1_482' title='bbox 853 3352 957 3389; x_wconf 89' lang='lat' dir='ltr'>nec</span> <span class='ocrx_word' id='word_1_483' title='bbox 1006 3336 1159 3389; x_wconf 89' lang='lat' dir='ltr'>Patri</span> <span class='ocrx_word' id='word_1_484' title='bbox 1211 3352 1314 3389; x_wconf 88' lang='lat' dir='ltr'>nec</span> <span class='ocrx_word' id='word_1_485' title='bbox 1351 3335 1490 3388; x_wconf 88' lang='lat' dir='ltr'>Filio</span> <span class='ocrx_word' id='word_1_486' title='bbox 1531 3337 1932 3390; x_wconf 90' lang='lat' dir='ltr'>communicat.</span> 
     </span>
    </p>
   </div>
   <div class='ocr_carea' id='block_1_64' title="bbox 226 3423 1936 3494">
    <p class='ocr_par' dir='ltr' id='par_1_64' title="bbox 226 3423 1936 3494">
     <span class='ocr_line' id='line_1_64' title="bbox 226 3423 1936 3494; baseline -0.003 -14"><span class='ocrx_word' id='word_1_487' title='bbox 226 3429 412 3480; x_wconf 84' lang='lat' dir='ltr'>Pater</span> <span class='ocrx_word' id='word_1_488' title='bbox 439 3423 594 3478; x_wconf 91' lang='lat' dir='ltr'>enim</span> <span class='ocrx_word' id='word_1_489' title='bbox 639 3425 708 3477; x_wconf 90' lang='lat' dir='ltr'>de</span> <span class='ocrx_word' id='word_1_490' title='bbox 757 3425 936 3490; x_wconf 88' lang='lat' dir='ltr'>nullo,</span> <span class='ocrx_word' id='word_1_491' title='bbox 983 3424 1158 3478; x_wconf 91' lang='lat' dir='ltr'>Filius</span> <span class='ocrx_word' id='word_1_492' title='bbox 1201 3425 1270 3477; x_wconf 91' lang='lat' dir='ltr'>de</span> <span class='ocrx_word' id='word_1_493' title='bbox 1313 3425 1434 3477; x_wconf 90' lang='lat' dir='ltr'>solo</span> <span class='ocrx_word' id='word_1_494' title='bbox 1476 3426 1658 3490; x_wconf 87' lang='lat' dir='ltr'>Patre,</span> <span class='ocrx_word' id='word_1_495' title='bbox 1697 3424 1936 3494; x_wconf 78' lang='lat' dir='ltr'>Spiritus</span> 
     </span>
    </p>
   </div>
   <div class='ocr_carea' id='block_1_65' title="bbox 223 3512 1935 3583">
    <p class='ocr_par' dir='ltr' id='par_1_65' title="bbox 223 3512 1935 3583">
     <span class='ocr_line' id='line_1_65' title="bbox 223 3512 1935 3583; baseline -0.001 -16"><span class='ocrx_word' id='word_1_496' title='bbox 223 3520 437 3567; x_wconf 86' lang='lat' dir='ltr'>autem</span> <span class='ocrx_word' id='word_1_497' title='bbox 482 3518 705 3566; x_wconf 89' lang='lat' dir='ltr'>sanctus</span> <span class='ocrx_word' id='word_1_498' title='bbox 757 3513 825 3567; x_wconf 89' lang='lat' dir='ltr'>de</span> <span class='ocrx_word' id='word_1_499' title='bbox 866 3513 1027 3567; x_wconf 87' lang='lat' dir='ltr'>Patre</span> <span class='ocrx_word' id='word_1_500' title='bbox 1067 3513 1346 3582; x_wconf 86' lang='lat' dir='ltr'>Filioque.</span> <span class='ocrx_word' id='word_1_501' title='bbox 1385 3512 1546 3575; x_wconf 89' lang='lat' dir='ltr'>Quod</span> <span class='ocrx_word' id='word_1_502' title='bbox 1589 3513 1691 3583; x_wconf 86' lang='lat' dir='ltr'>qui</span> <span class='ocrx_word' id='word_1_503' title='bbox 1728 3530 1935 3582; x_wconf 83' lang='lat' dir='ltr'>negare</span> 
     </span>
    </p>
   </div>
   <div class='ocr_carea' id='block_1_66' title="bbox 221 3601 1933 3671">
    <p class='ocr_par' dir='ltr' id='par_1_66' title="bbox 221 3601 1933 3671">
     <span class='ocr_line' id='line_1_66' title="bbox 221 3601 1933 3671; baseline -0.001 -15"><span class='ocrx_word' id='word_1_504' title='bbox 221 3601 554 3667; x_wconf 88' lang='lat' dir='ltr'>contendit,</span> <span class='ocrx_word' id='word_1_505' title='bbox 586 3601 848 3654; x_wconf 89' lang='lat' dir='ltr'>ostendat</span> <span class='ocrx_word' id='word_1_506' title='bbox 873 3602 1023 3655; x_wconf 89' lang='lat' dir='ltr'>unde</span> <span class='ocrx_word' id='word_1_507' title='bbox 1056 3601 1301 3671; x_wconf 87' lang='lat' dir='ltr'>Spiritus</span> <span class='ocrx_word' id='word_1_508' title='bbox 1330 3601 1506 3654; x_wconf 90' lang='lat' dir='ltr'>sancti</span> <span class='ocrx_word' id='word_1_509' title='bbox 1539 3618 1783 3670; x_wconf 87' lang='lat' dir='ltr'>persona</span> <span class='ocrx_word' id='word_1_510' title='bbox 1823 3601 1933 3655; x_wconf 88' lang='lat' dir='ltr'>dis-</span> 
     </span>
    </p>
   </div>
   <div class='ocr_carea' id='block_1_67' title="bbox 221 3689 1938 3760">
    <p class='ocr_par' dir='ltr' id='par_1_67' title="bbox 221 3689 1938 3760">
     <span class='ocr_line' id='line_1_67' title="bbox 221 3689 1938 3760; baseline 0 -16"><span class='ocrx_word' id='word_1_511' title='bbox 221 3692 546 3760; x_wconf 83' lang='lat' dir='ltr'>tinguatur</span> <span class='ocrx_word' id='word_1_512' title='bbox 592 3706 623 3742; x_wconf 88' lang='lat' dir='ltr'>a</span> <span class='ocrx_word' id='word_1_513' title='bbox 664 3690 848 3743; x_wconf 89' lang='lat' dir='ltr'>Patris</span> <span class='ocrx_word' id='word_1_514' title='bbox 894 3689 1134 3759; x_wconf 85' lang='lat' dir='ltr'>Filiique</span> <span class='ocrx_word' id='word_1_515' title='bbox 1166 3690 1534 3760; x_wconf 87' lang='lat' dir='ltr'>proprietate.</span> <span class='ocrx_word' id='word_1_516' title='bbox 1587 3692 1653 3744; x_wconf 88' lang='lat' dir='ltr'>Et</span> <span class='ocrx_word' id='word_1_517' title='bbox 1697 3691 1786 3744; x_wconf 69' lang='lat' dir='ltr'>ha:</span> <span class='ocrx_word' id='word_1_518' title='bbox 1825 3695 1938 3744; x_wconf 87' lang='lat' dir='ltr'>tres</span> 
     </span>
    </p>
   </div>
   <div class='ocr_carea' id='block_1_68' title="bbox 221 3777 1935 3850">
    <p class='ocr_par' dir='ltr' id='par_1_68' title="bbox 221 3777 1935 3850">
     <span class='ocr_line' id='line_1_68' title="bbox 221 3777 1935 3850; baseline 0 -18"><span class='ocrx_word' id='word_1_519' title='bbox 221 3794 510 3850; x_wconf 64' lang='lat' dir='ltr'>personae</span> <span class='ocrx_word' id='word_1_520' title='bbox 553 3783 754 3831; x_wconf 82' lang='lat' dir='ltr'>sanctae</span> <span class='ocrx_word' id='word_1_521' title='bbox 820 3777 1110 3831; x_wconf 87' lang='lat' dir='ltr'>Trinitatis</span> <span class='ocrx_word' id='word_1_522' title='bbox 1157 3779 1272 3832; x_wconf 90' lang='lat' dir='ltr'>suis</span> <span class='ocrx_word' id='word_1_523' title='bbox 1320 3778 1766 3850; x_wconf 90' lang='lat' dir='ltr'>pr0prietatibus</span> <span class='ocrx_word' id='word_1_524' title='bbox 1808 3795 1935 3832; x_wconf 89' lang='lat' dir='ltr'>cum</span> 
     </span>
    </p>
   </div>
   <div class='ocr_carea' id='block_1_69' title="bbox 220 3867 1937 3938">
    <p class='ocr_par' dir='ltr' id='par_1_69' title="bbox 220 3867 1937 3938">
     <span class='ocr_line' id='line_1_69' title="bbox 220 3867 1937 3938; baseline -0.001 -16"><span class='ocrx_word' id='word_1_525' title='bbox 220 3867 679 3938; x_wconf 80' lang='lat' dir='ltr'>distinguantur</span> <span class='ocrx_word' id='word_1_526' title='bbox 717 3883 750 3919; x_wconf 88' lang='lat' dir='ltr'>a</span> <span class='ocrx_word' id='word_1_527' title='bbox 798 3867 1062 3936; x_wconf 86' lang='lat' dir='ltr'>singulis,</span> <span class='ocrx_word' id='word_1_528' title='bbox 1105 3868 1417 3922; x_wconf 88' lang='lat' dir='ltr'>divinitatis</span> <span class='ocrx_word' id='word_1_529' title='bbox 1461 3867 1676 3922; x_wconf 88' lang='lat' dir='ltr'>unitate</span> <span class='ocrx_word' id='word_1_530' title='bbox 1718 3867 1937 3921; x_wconf 89' lang='lat' dir='ltr'>socian-</span> 
     </span>
    </p>
   </div>
   <div class='ocr_carea' id='block_1_70' title="bbox 219 3955 1939 4018">
    <p class='ocr_par' dir='ltr' id='par_1_70' title="bbox 219 3955 1939 4018">
     <span class='ocr_line' id='line_1_70' title="bbox 219 3955 1939 4018; baseline -0.001 -8"><span class='ocrx_word' id='word_1_531' title='bbox 219 3964 359 4018; x_wconf 86' lang='lat' dir='ltr'>tur,</span> <span class='ocrx_word' id='word_1_532' title='bbox 396 3961 456 4008; x_wconf 90' lang='lat' dir='ltr'>ut</span> <span class='ocrx_word' id='word_1_533' title='bbox 486 3956 700 4008; x_wconf 88' lang='lat' dir='ltr'>nullam</span> <span class='ocrx_word' id='word_1_534' title='bbox 731 3955 1061 4009; x_wconf 88' lang='lat' dir='ltr'>contineant</span> <span class='ocrx_word' id='word_1_535' title='bbox 1089 3956 1148 4008; x_wconf 92' lang='lat' dir='ltr'>in</span> <span class='ocrx_word' id='word_1_536' title='bbox 1187 3955 1499 4010; x_wconf 87' lang='lat' dir='ltr'>divinitatis</span> <span class='ocrx_word' id='word_1_537' title='bbox 1534 3956 1939 4010; x_wconf 88' lang='lat' dir='ltr'>communione</span> 
     </span>
    </p>
   </div>
   <div class='ocr_carea' id='block_1_71' title="bbox 221 4043 1936 4114">
    <p class='ocr_par' dir='ltr' id='par_1_71' title="bbox 221 4043 1936 4114">
     <span class='ocr_line' id='line_1_71' title="bbox 221 4043 1936 4114; baseline -0.001 -16"><span class='ocrx_word' id='word_1_538' title='bbox 221 4043 651 4104; x_wconf 77' lang='lat' dir='ltr'>differentiam,</span> <span class='ocrx_word' id='word_1_539' title='bbox 696 4043 793 4097; x_wconf 91' lang='lat' dir='ltr'>sed</span> <span class='ocrx_word' id='word_1_540' title='bbox 825 4043 896 4097; x_wconf 86' lang='lat' dir='ltr'>sit</span> <span class='ocrx_word' id='word_1_541' title='bbox 928 4045 986 4096; x_wconf 88' lang='lat' dir='ltr'>in</span> <span class='ocrx_word' id='word_1_542' title='bbox 1036 4044 1298 4114; x_wconf 89' lang='lat' dir='ltr'>personis</span> <span class='ocrx_word' id='word_1_543' title='bbox 1332 4043 1672 4114; x_wconf 89' lang='lat' dir='ltr'>proprietas,</span> <span class='ocrx_word' id='word_1_544' title='bbox 1707 4045 1765 4097; x_wconf 92' lang='lat' dir='ltr'>in</span> <span class='ocrx_word' id='word_1_545' title='bbox 1797 4043 1936 4097; x_wconf 91' lang='lat' dir='ltr'>divi-</span> 
     </span>
    </p>
   </div>
   <div class='ocr_carea' id='block_1_72' title="bbox 223 4130 1014 4188">
    <p class='ocr_par' dir='ltr' id='par_1_72' title="bbox 223 4130 1014 4188">
     <span class='ocr_line' id='line_1_72' title="bbox 223 4130 1014 4188; baseline -0.003 0"><span class='ocrx_word' id='word_1_546' title='bbox 223 4134 427 4188; x_wconf 85' lang='lat' dir='ltr'>nitate</span> <span class='ocrx_word' id='word_1_547' title='bbox 455 4130 784 4184; x_wconf 79' lang='lat' dir='ltr'>indiﬁ&#39;erens</span> <span class='ocrx_word' id='word_1_548' title='bbox 808 4132 1014 4186; x_wconf 89' lang='lat' dir='ltr'>unitas.</span> 
     </span>
    </p>
   </div>
   <div class='ocr_carea' id='block_1_73' title="bbox 307 4219 1944 4290">
    <p class='ocr_par' dir='ltr' id='par_1_73' title="bbox 307 4219 1944 4290">
     <span class='ocr_line' id='line_1_73' title="bbox 307 4219 1944 4290; baseline -0.001 -16"><span class='ocrx_word' id='word_1_549' title='bbox 307 4222 466 4274; x_wconf 85' lang='lat' dir='ltr'>Item</span> <span class='ocrx_word' id='word_1_550' title='bbox 511 4219 568 4272; x_wconf 91' lang='lat' dir='ltr'>in</span> <span class='ocrx_word' id='word_1_551' title='bbox 615 4220 761 4272; x_wconf 91' lang='lat' dir='ltr'>libro</span> <span class='ocrx_word' id='word_1_552' title='bbox 788 4220 1030 4290; x_wconf 89' lang='lat' dir='ltr'>septimo</span> <span class='ocrx_word' id='word_1_553' title='bbox 1064 4236 1077 4273; x_wconf 91' lang='lat'>:</span> <span class='ocrx_word' id='word_1_554' title='bbox 1115 4242 1139 4267; x_wconf 85' lang='grc'>‹‹</span> <span class='ocrx_word' id='word_1_555' title='bbox 1173 4221 1284 4274; x_wconf 87' lang='lat' dir='ltr'>Cur</span> <span class='ocrx_word' id='word_1_556' title='bbox 1325 4223 1422 4289; x_wconf 87' lang='lat' dir='ltr'>qui</span> <span class='ocrx_word' id='word_1_557' title='bbox 1461 4235 1542 4274; x_wconf 89' lang='lat' dir='ltr'>me</span> <span class='ocrx_word' id='word_1_558' title='bbox 1579 4219 1746 4283; x_wconf 81' lang='lat' dir='ltr'>videt,</span> <span class='ocrx_word' id='word_1_559' title='bbox 1796 4219 1944 4272; x_wconf 81' lang='lat' dir='ltr'>videt</span> 
     </span>
    </p>
   </div>
   <div class='ocr_carea' id='block_1_74' title="bbox 2043 3068 3733 3140">
    <p class='ocr_par' dir='ltr' id='par_1_74' title="bbox 2043 3068 3733 3140">
     <span class='ocr_line' id='line_1_74' title="bbox 2043 3068 3733 3140; baseline 0.002 -20"><span class='ocrx_word' id='word_1_560' title='bbox 2043 3068 2364 3137; x_wconf 87' lang='lat' dir='ltr'>cooperari;</span> <span class='ocrx_word' id='word_1_561' title='bbox 2422 3084 2527 3121; x_wconf 90' lang='lat' dir='ltr'>nec</span> <span class='ocrx_word' id='word_1_562' title='bbox 2594 3085 2760 3136; x_wconf 91' lang='lat' dir='ltr'>posse</span> <span class='ocrx_word' id='word_1_563' title='bbox 2824 3075 3031 3122; x_wconf 88' lang='lat' dir='ltr'>natura</span> <span class='ocrx_word' id='word_1_564' title='bbox 3087 3071 3306 3123; x_wconf 89' lang='lat' dir='ltr'>secerni</span> <span class='ocrx_word' id='word_1_565' title='bbox 3347 3088 3489 3140; x_wconf 91' lang='lat' dir='ltr'>quos</span> <span class='ocrx_word' id='word_1_566' title='bbox 3533 3073 3733 3125; x_wconf 88' lang='lat' dir='ltr'>eadem</span> 
     </span>
    </p>
   </div>
   <div class='ocr_carea' id='block_1_75' title="bbox 2043 3155 3731 3226">
    <p class='ocr_par' dir='ltr' id='par_1_75' title="bbox 2043 3155 3731 3226">
     <span class='ocr_line' id='line_1_75' title="bbox 2043 3155 3731 3226; baseline 0.002 -18"><span class='ocrx_word' id='word_1_567' title='bbox 2043 3156 2300 3224; x_wconf 90' lang='lat' dir='ltr'>operatio</span> <span class='ocrx_word' id='word_1_568' title='bbox 2332 3155 2645 3224; x_wconf 85' lang='lat' dir='ltr'>conjungit.</span> <span class='ocrx_word' id='word_1_569' title='bbox 2680 3156 3110 3226; x_wconf 89' lang='lat' dir='ltr'>Consequenter</span> <span class='ocrx_word' id='word_1_570' title='bbox 3141 3174 3278 3226; x_wconf 88' lang='lat' dir='ltr'>ergo</span> <span class='ocrx_word' id='word_1_571' title='bbox 3308 3158 3376 3210; x_wconf 91' lang='lat' dir='ltr'>de</span> <span class='ocrx_word' id='word_1_572' title='bbox 3406 3159 3568 3211; x_wconf 91' lang='lat' dir='ltr'>unita</span> <span class='ocrx_word' id='word_1_573' title='bbox 3597 3175 3731 3211; x_wconf 89' lang='lat' dir='ltr'>con-</span> 
     </span>
    </p>
   </div>
   <div class='ocr_carea' id='block_1_76' title="bbox 2045 3244 3734 3315">
    <p class='ocr_par' dir='ltr' id='par_1_76' title="bbox 2045 3244 3734 3315">
     <span class='ocr_line' id='line_1_76' title="bbox 2045 3244 3734 3315; baseline 0.002 -19"><span class='ocrx_word' id='word_1_574' title='bbox 2045 3249 2154 3298; x_wconf 89' lang='lat' dir='ltr'>stat</span> <span class='ocrx_word' id='word_1_575' title='bbox 2184 3249 2388 3297; x_wconf 88' lang='lat' dir='ltr'>natura</span> <span class='ocrx_word' id='word_1_576' title='bbox 2438 3244 2617 3297; x_wconf 86' lang='lat' dir='ltr'>Patris</span> <span class='ocrx_word' id='word_1_577' title='bbox 2653 3245 2890 3314; x_wconf 87' lang='lat' dir='ltr'>Filiique</span> <span class='ocrx_word' id='word_1_578' title='bbox 2933 3245 3201 3314; x_wconf 83' lang='lat' dir='ltr'>Spiritus,</span> <span class='ocrx_word' id='word_1_579' title='bbox 3237 3245 3446 3315; x_wconf 87' lang='lat' dir='ltr'>quibus</span> <span class='ocrx_word' id='word_1_580' title='bbox 3498 3252 3552 3299; x_wconf 91' lang='lat' dir='ltr'>et</span> <span class='ocrx_word' id='word_1_581' title='bbox 3600 3247 3734 3300; x_wconf 91' lang='lat' dir='ltr'>sub-</span> 
     </span>
    </p>
   </div>
   <div class='ocr_carea' id='block_1_77' title="bbox 2045 3332 3732 3404">
    <p class='ocr_par' dir='ltr' id='par_1_77' title="bbox 2045 3332 3732 3404">
     <span class='ocr_line' id='line_1_77' title="bbox 2045 3332 3732 3404; baseline 0.001 -18"><span class='ocrx_word' id='word_1_582' title='bbox 2045 3332 2251 3386; x_wconf 88' lang='lat' dir='ltr'>stantia</span> <span class='ocrx_word' id='word_1_583' title='bbox 2298 3332 2562 3402; x_wconf 88' lang='lat' dir='ltr'>jungitur</span> <span class='ocrx_word' id='word_1_584' title='bbox 2611 3339 2667 3386; x_wconf 92' lang='lat' dir='ltr'>et</span> <span class='ocrx_word' id='word_1_585' title='bbox 2715 3333 3066 3402; x_wconf 89' lang='lat' dir='ltr'>operatione.</span> <span class='ocrx_word' id='word_1_586' title='bbox 3123 3335 3262 3386; x_wconf 92' lang='lat' dir='ltr'>ltem</span> <span class='ocrx_word' id='word_1_587' title='bbox 3292 3350 3303 3386; x_wconf 95' lang='lat'>:</span> <span class='ocrx_word' id='word_1_588' title='bbox 3333 3356 3355 3382; x_wconf 77' lang='grc' dir='ltr'>ι</span> <span class='ocrx_word' id='word_1_589' title='bbox 3395 3335 3732 3404; x_wconf 73' lang='lat' dir='ltr'>Hypocritae,</span> 
     </span>
    </p>
   </div>
   <div class='ocr_carea' id='block_1_78' title="bbox 2046 3421 3734 3492">
    <p class='ocr_par' dir='ltr' id='par_1_78' title="bbox 2046 3421 3734 3492">
     <span class='ocr_line' id='line_1_78' title="bbox 2046 3421 3734 3492; baseline 0.002 -19"><span class='ocrx_word' id='word_1_590' title='bbox 2046 3421 2335 3492; x_wconf 90' lang='lat' dir='ltr'>quomodo</span> <span class='ocrx_word' id='word_1_591' title='bbox 2401 3421 2654 3490; x_wconf 89' lang='lat' dir='ltr'>accipitis</span> <span class='ocrx_word' id='word_1_592' title='bbox 2697 3421 2910 3474; x_wconf 90' lang='lat' dir='ltr'>dictum</span> <span class='ocrx_word' id='word_1_593' title='bbox 2971 3422 3189 3476; x_wconf 84' lang='lat' dir='ltr'>fuisse:</span> <span class='ocrx_word' id='word_1_594' title='bbox 3256 3422 3405 3476; x_wconf 86' lang='lat' dir='ltr'>Idem</span> <span class='ocrx_word' id='word_1_595' title='bbox 3469 3424 3734 3492; x_wconf 81' lang='lat' dir='ltr'>Spiritus,</span> 
     </span>
    </p>
   </div>
   <div class='ocr_carea' id='block_1_79' title="bbox 2045 3510 3737 3580">
    <p class='ocr_par' dir='ltr' id='par_1_79' title="bbox 2045 3510 3737 3580">
     <span class='ocr_line' id='line_1_79' title="bbox 2045 3510 3737 3580; baseline 0.001 -18"><span class='ocrx_word' id='word_1_596' title='bbox 2045 3511 2188 3563; x_wconf 77' lang='lat' dir='ltr'>idem</span> <span class='ocrx_word' id='word_1_597' title='bbox 2256 3514 2305 3562; x_wconf 85' lang='lat' dir='ltr'>et</span> <span class='ocrx_word' id='word_1_598' title='bbox 2347 3512 2621 3572; x_wconf 84' lang='lat' dir='ltr'>Dominus,</span> <span class='ocrx_word' id='word_1_599' title='bbox 2675 3510 2816 3563; x_wconf 83' lang='lat' dir='ltr'>idem</span> <span class='ocrx_word' id='word_1_600' title='bbox 2869 3516 2918 3563; x_wconf 84' lang='lat' dir='ltr'>et</span> <span class='ocrx_word' id='word_1_601' title='bbox 2964 3514 3103 3564; x_wconf 85' lang='lat' dir='ltr'>Deus</span> <span class='ocrx_word' id='word_1_602' title='bbox 3154 3511 3343 3579; x_wconf 83' lang='lat' dir='ltr'>(Ibid.,</span> <span class='ocrx_word' id='word_1_603' title='bbox 3411 3513 3466 3578; x_wconf 82' lang='grc'>4,</span> <span class='ocrx_word' id='word_1_604' title='bbox 3527 3514 3623 3580; x_wconf 87' lang='grc'>6);</span> <span class='ocrx_word' id='word_1_605' title='bbox 3693 3512 3737 3564; x_wconf 89' lang='lat' dir='ltr'>si</span> 
     </span>
    </p>
   </div>
   <div class='ocr_carea' id='block_1_80' title="bbox 2046 3599 3741 3665">
    <p class='ocr_par' dir='ltr' id='par_1_80' title="bbox 2046 3599 3741 3665">
     <span class='ocr_line' id='line_1_80' title="bbox 2046 3599 3741 3665; baseline 0.001 -14"><span class='ocrx_word' id='word_1_606' title='bbox 2046 3615 2178 3651; x_wconf 90' lang='lat' dir='ltr'>eum</span> <span class='ocrx_word' id='word_1_607' title='bbox 2227 3615 2322 3650; x_wconf 91' lang='lat' dir='ltr'>vos</span> <span class='ocrx_word' id='word_1_608' title='bbox 2369 3614 2566 3650; x_wconf 85' lang='lat' dir='ltr'>verum</span> <span class='ocrx_word' id='word_1_609' title='bbox 2601 3599 2778 3651; x_wconf 91' lang='lat' dir='ltr'>Deum</span> <span class='ocrx_word' id='word_1_610' title='bbox 2815 3599 2884 3652; x_wconf 87' lang='lat' dir='ltr'>de</span> <span class='ocrx_word' id='word_1_611' title='bbox 2936 3615 3066 3652; x_wconf 89' lang='lat' dir='ltr'>vera</span> <span class='ocrx_word' id='word_1_612' title='bbox 3111 3604 3334 3665; x_wconf 90' lang='lat' dir='ltr'>natura,</span> <span class='ocrx_word' id='word_1_613' title='bbox 3365 3599 3424 3653; x_wconf 91' lang='lat' dir='ltr'>in</span> <span class='ocrx_word' id='word_1_614' title='bbox 3475 3600 3741 3654; x_wconf 89' lang='lat' dir='ltr'>omnibus</span> 
     </span>
    </p>
   </div>
   <div class='ocr_carea' id='block_1_81' title="bbox 2049 3685 3743 3757">
    <p class='ocr_par' dir='ltr' id='par_1_81' title="bbox 2049 3685 3743 3757">
     <span class='ocr_line' id='line_1_81' title="bbox 2049 3685 3743 3757; baseline 0.001 -18"><span class='ocrx_word' id='word_1_615' title='bbox 2049 3685 2332 3740; x_wconf 88' lang='lat' dir='ltr'>mirabilia</span> <span class='ocrx_word' id='word_1_616' title='bbox 2384 3691 2718 3755; x_wconf 88' lang='lat' dir='ltr'>operantem</span> <span class='ocrx_word' id='word_1_617' title='bbox 2773 3701 2885 3738; x_wconf 92' lang='lat' dir='ltr'>non</span> <span class='ocrx_word' id='word_1_618' title='bbox 2925 3686 3249 3756; x_wconf 86' lang='lat' dir='ltr'>suscipitis?</span> <span class='ocrx_word' id='word_1_619' title='bbox 3279 3707 3307 3735; x_wconf 85' lang='lat'>»</span> <span class='ocrx_word' id='word_1_620' title='bbox 3360 3687 3635 3757; x_wconf 90' lang='lat' dir='ltr'>Spiritum</span> <span class='ocrx_word' id='word_1_621' title='bbox 3686 3693 3743 3742; x_wconf 89' lang='lat' dir='ltr'>et</span> 
     </span>
    </p>
   </div>
   <div class='ocr_carea' id='block_1_82' title="bbox 2050 3773 3742 3845">
    <p class='ocr_par' dir='ltr' id='par_1_82' title="bbox 2050 3773 3742 3845">
     <span class='ocr_line' id='line_1_82' title="bbox 2050 3773 3742 3845; baseline 0.001 -17"><span class='ocrx_word' id='word_1_622' title='bbox 2050 3773 2353 3828; x_wconf 88' lang='lat' dir='ltr'>Dominum</span> <span class='ocrx_word' id='word_1_623' title='bbox 2403 3774 2538 3827; x_wconf 89' lang='lat' dir='ltr'>dicit</span> <span class='ocrx_word' id='word_1_624' title='bbox 2591 3778 2646 3826; x_wconf 91' lang='lat' dir='ltr'>et</span> <span class='ocrx_word' id='word_1_625' title='bbox 2678 3775 2853 3826; x_wconf 90' lang='lat' dir='ltr'>Deum</span> <span class='ocrx_word' id='word_1_626' title='bbox 2891 3791 2904 3828; x_wconf 90' lang='lat'>:</span> <span class='ocrx_word' id='word_1_627' title='bbox 2938 3781 2994 3827; x_wconf 90' lang='lat' dir='ltr'>et</span> <span class='ocrx_word' id='word_1_628' title='bbox 3044 3792 3241 3828; x_wconf 89' lang='lat' dir='ltr'>verum</span> <span class='ocrx_word' id='word_1_629' title='bbox 3282 3777 3515 3845; x_wconf 89' lang='lat' dir='ltr'>quidem</span> <span class='ocrx_word' id='word_1_630' title='bbox 3563 3779 3742 3830; x_wconf 87' lang='lat' dir='ltr'>Deum</span> 
     </span>
    </p>
   </div>
   <div class='ocr_carea' id='block_1_83' title="bbox 2049 3861 3745 3936">
    <p class='ocr_par' dir='ltr' id='par_1_83' title="bbox 2049 3861 3745 3936">
     <span class='ocr_line' id='line_1_83' title="bbox 2049 3861 3745 3936; baseline 0.001 -20"><span class='ocrx_word' id='word_1_631' title='bbox 2049 3863 2118 3916; x_wconf 88' lang='lat' dir='ltr'>de</span> <span class='ocrx_word' id='word_1_632' title='bbox 2149 3878 2279 3915; x_wconf 89' lang='lat' dir='ltr'>vera</span> <span class='ocrx_word' id='word_1_633' title='bbox 2305 3867 2528 3914; x_wconf 88' lang='lat' dir='ltr'>natura.</span> <span class='ocrx_word' id='word_1_634' title='bbox 2569 3863 2712 3936; x_wconf 75' lang='lat' dir='ltr'>llum</span> <span class='ocrx_word' id='word_1_635' title='bbox 2739 3861 2874 3915; x_wconf 88' lang='lat' dir='ltr'>dicit</span> <span class='ocrx_word' id='word_1_636' title='bbox 2903 3862 2972 3914; x_wconf 90' lang='lat' dir='ltr'>de</span> <span class='ocrx_word' id='word_1_637' title='bbox 3003 3879 3132 3915; x_wconf 90' lang='lat' dir='ltr'>vera</span> <span class='ocrx_word' id='word_1_638' title='bbox 3180 3869 3404 3929; x_wconf 88' lang='lat' dir='ltr'>natura,</span> <span class='ocrx_word' id='word_1_639' title='bbox 3438 3866 3745 3918; x_wconf 90' lang='lat' dir='ltr'>contitetur</span> 
     </span>
    </p>
   </div>
   <div class='ocr_carea' id='block_1_84' title="bbox 2055 3949 3744 4019">
    <p class='ocr_par' dir='ltr' id='par_1_84' title="bbox 2055 3949 3744 4019">
     <span class='ocr_line' id='line_1_84' title="bbox 2055 3949 3744 4019; baseline 0.001 -15"><span class='ocrx_word' id='word_1_640' title='bbox 2055 3968 2168 4005; x_wconf 93' lang='lat' dir='ltr'>non</span> <span class='ocrx_word' id='word_1_641' title='bbox 2201 3969 2230 4003; x_wconf 90' lang='lat' dir='ltr'>a</span> <span class='ocrx_word' id='word_1_642' title='bbox 2263 3967 2320 4003; x_wconf 91' lang='lat' dir='ltr'>se</span> <span class='ocrx_word' id='word_1_643' title='bbox 2364 3950 2486 4003; x_wconf 87' lang='lat' dir='ltr'>fore</span> <span class='ocrx_word' id='word_1_644' title='bbox 2515 3949 2794 4019; x_wconf 87' lang='lat' dir='ltr'>Spiritum</span> <span class='ocrx_word' id='word_1_645' title='bbox 2823 3955 3102 4012; x_wconf 87' lang='lat' dir='ltr'>sanctum,</span> <span class='ocrx_word' id='word_1_646' title='bbox 3140 3951 3238 4004; x_wconf 90' lang='lat' dir='ltr'>sed</span> <span class='ocrx_word' id='word_1_647' title='bbox 3267 3952 3337 4005; x_wconf 88' lang='lat' dir='ltr'>de</span> <span class='ocrx_word' id='word_1_648' title='bbox 3376 3968 3507 4004; x_wconf 89' lang='lat' dir='ltr'>vera</span> <span class='ocrx_word' id='word_1_649' title='bbox 3541 3958 3744 4006; x_wconf 87' lang='lat' dir='ltr'>natura</span> 
     </span>
    </p>
   </div>
   <div class='ocr_carea' id='block_1_85' title="bbox 2052 4037 3746 4109">
    <p class='ocr_par' dir='ltr' id='par_1_85' title="bbox 2052 4037 3746 4109">
     <span class='ocr_line' id='line_1_85' title="bbox 2052 4037 3746 4109; baseline -0.001 -15"><span class='ocrx_word' id='word_1_650' title='bbox 2052 4040 2230 4095; x_wconf 87' lang='lat' dir='ltr'>Patris</span> <span class='ocrx_word' id='word_1_651' title='bbox 2263 4038 2519 4109; x_wconf 85' lang='lat' dir='ltr'>Filiique.</span> <span class='ocrx_word' id='word_1_652' title='bbox 2558 4037 2713 4091; x_wconf 89' lang='lat' dir='ltr'>Sicut</span> <span class='ocrx_word' id='word_1_653' title='bbox 2742 4039 2898 4092; x_wconf 88' lang='lat' dir='ltr'>enim</span> <span class='ocrx_word' id='word_1_654' title='bbox 2940 4045 3162 4094; x_wconf 69' lang='lat' dir='ltr'>naturae</span> <span class='ocrx_word' id='word_1_655' title='bbox 3208 4039 3446 4094; x_wconf 89' lang='lat' dir='ltr'>veritate</span> <span class='ocrx_word' id='word_1_656' title='bbox 3479 4042 3647 4094; x_wconf 89' lang='lat' dir='ltr'>Pater</span> <span class='ocrx_word' id='word_1_657' title='bbox 3689 4045 3746 4094; x_wconf 89' lang='lat' dir='ltr'>et</span> 
     </span>
    </p>
   </div>
   <div class='ocr_carea' id='block_1_86' title="bbox 2051 4128 3746 4199">
    <p class='ocr_par' dir='ltr' id='par_1_86' title="bbox 2051 4128 3746 4199">
     <span class='ocr_line' id='line_1_86' title="bbox 2051 4128 3746 4199; baseline 0 -17"><span class='ocrx_word' id='word_1_658' title='bbox 2051 4128 2226 4183; x_wconf 90' lang='lat' dir='ltr'>Filius</span> <span class='ocrx_word' id='word_1_659' title='bbox 2292 4145 2406 4180; x_wconf 91' lang='lat' dir='ltr'>non</span> <span class='ocrx_word' id='word_1_660' title='bbox 2483 4132 2842 4197; x_wconf 87' lang='lat' dir='ltr'>separantur,</span> <span class='ocrx_word' id='word_1_661' title='bbox 2930 4129 3008 4182; x_wconf 80' lang='lat' dir='ltr'>sic</span> <span class='ocrx_word' id='word_1_662' title='bbox 3072 4128 3316 4199; x_wconf 88' lang='lat' dir='ltr'>Spiritus</span> <span class='ocrx_word' id='word_1_663' title='bbox 3381 4134 3610 4183; x_wconf 90' lang='lat' dir='ltr'>sanctus</span> <span class='ocrx_word' id='word_1_664' title='bbox 3675 4128 3746 4182; x_wconf 91' lang='lat' dir='ltr'>de</span> 
     </span>
    </p>
   </div>
   <div class='ocr_carea' id='block_1_87' title="bbox 2050 4215 3749 4288">
    <p class='ocr_par' dir='ltr' id='par_1_87' title="bbox 2050 4215 3749 4288">
     <span class='ocr_line' id='line_1_87' title="bbox 2050 4215 3749 4288; baseline -0.002 -16"><span class='ocrx_word' id='word_1_665' title='bbox 2050 4217 2351 4288; x_wconf 88' lang='lat' dir='ltr'>utriusque</span> <span class='ocrx_word' id='word_1_666' title='bbox 2376 4215 2631 4269; x_wconf 88' lang='lat' dir='ltr'>subsistit</span> <span class='ocrx_word' id='word_1_667' title='bbox 2661 4232 2792 4270; x_wconf 90' lang='lat' dir='ltr'>vera</span> <span class='ocrx_word' id='word_1_668' title='bbox 2825 4222 3028 4270; x_wconf 88' lang='lat' dir='ltr'>natura</span> <span class='ocrx_word' id='word_1_669' title='bbox 3062 4234 3076 4283; x_wconf 90' lang='lat'>;</span> <span class='ocrx_word' id='word_1_670' title='bbox 3113 4218 3384 4287; x_wconf 80' lang='lat' dir='ltr'>quoniam</span> <span class='ocrx_word' id='word_1_671' title='bbox 3416 4233 3532 4270; x_wconf 90' lang='lat' dir='ltr'>non</span> <span class='ocrx_word' id='word_1_672' title='bbox 3563 4220 3749 4286; x_wconf 85' lang='lat' dir='ltr'>potest</span> 
     </span>
    </p>
   </div>
   <div class='ocr_carea' id='block_1_88' title="bbox 221 4305 3749 4380">
    <p class='ocr_par' dir='ltr' id='par_1_88' title="bbox 221 4305 3749 4380">
     <span class='ocr_line' id='line_1_88' title="bbox 221 4305 3749 4380; baseline -0.001 -16"><span class='ocrx_word' id='word_1_673' title='bbox 221 4317 280 4364; x_wconf 78' lang='lat' dir='ltr'>et</span> <span class='ocrx_word' id='word_1_674' title='bbox 310 4311 541 4364; x_wconf 82' lang='lat' dir='ltr'>Patrem</span> <span class='ocrx_word' id='word_1_675' title='bbox 568 4324 740 4362; x_wconf 84' lang='lat' dir='ltr'>meum</span> <span class='ocrx_word' id='word_1_676' title='bbox 773 4309 951 4375; x_wconf 76' lang='lat' dir='ltr'>(Joan.</span> <span class='ocrx_word' id='word_1_677' title='bbox 995 4325 1102 4369; x_wconf 70' lang='lat' dir='ltr'>xxv,</span> <span class='ocrx_word' id='word_1_678' title='bbox 1149 4311 1222 4378; x_wconf 86' lang='lat'>9),</span> <span class='ocrx_word' id='word_1_679' title='bbox 1251 4309 1482 4374; x_wconf 89' lang='lat' dir='ltr'>indicat,</span> <span class='ocrx_word' id='word_1_680' title='bbox 1528 4309 1572 4362; x_wconf 90' lang='lat' dir='ltr'>si</span> <span class='ocrx_word' id='word_1_681' title='bbox 1615 4325 1726 4361; x_wconf 90' lang='lat' dir='ltr'>non</span> <span class='ocrx_word' id='word_1_682' title='bbox 1765 4312 1849 4362; x_wconf 89' lang='lat' dir='ltr'>est</span> <span class='ocrx_word' id='word_1_683' title='bbox 1883 4308 1939 4360; x_wconf 92' lang='lat' dir='ltr'>in</span> <span class='ocrx_word' id='word_1_684' title='bbox 1985 4327 2024 4380; x_wconf 72' lang='grc' dir='ltr'>ι)</span> <span class='ocrx_word' id='word_1_685' title='bbox 2058 4307 2363 4378; x_wconf 89' lang='lat' dir='ltr'>procedere</span> <span class='ocrx_word' id='word_1_686' title='bbox 2409 4305 2477 4360; x_wconf 89' lang='lat' dir='ltr'>de</span> <span class='ocrx_word' id='word_1_687' title='bbox 2527 4310 2730 4359; x_wconf 87' lang='lat' dir='ltr'>natura</span> <span class='ocrx_word' id='word_1_688' title='bbox 2779 4306 2980 4370; x_wconf 89' lang='lat' dir='ltr'>Patris,</span> <span class='ocrx_word' id='word_1_689' title='bbox 3014 4306 3060 4358; x_wconf 92' lang='lat' dir='ltr'>si</span> <span class='ocrx_word' id='word_1_690' title='bbox 3112 4322 3223 4358; x_wconf 90' lang='lat' dir='ltr'>non</span> <span class='ocrx_word' id='word_1_691' title='bbox 3269 4305 3440 4359; x_wconf 88' lang='lat' dir='ltr'>etiam</span> <span class='ocrx_word' id='word_1_692' title='bbox 3479 4305 3749 4376; x_wconf 87' lang='lat' dir='ltr'>procedat</span> 
     </span>
    </p>
   </div>
   <div class='ocr_carea' id='block_1_89' title="bbox 224 4396 1944 4466">
    <p class='ocr_par' dir='ltr' id='par_1_89' title="bbox 224 4396 1944 4466">
     <span class='ocr_line' id='line_1_89' title="bbox 224 4396 1944 4466; baseline -0.003 -13"><span class='ocrx_word' id='word_1_693' title='bbox 224 4401 328 4453; x_wconf 82' lang='lat' dir='ltr'>his</span> <span class='ocrx_word' id='word_1_694' title='bbox 368 4414 486 4450; x_wconf 90' lang='lat' dir='ltr'>una</span> <span class='ocrx_word' id='word_1_695' title='bbox 519 4397 812 4451; x_wconf 90' lang='lat' dir='ltr'>invisibilis</span> <span class='ocrx_word' id='word_1_696' title='bbox 848 4399 1040 4466; x_wconf 84' lang='lat' dir='ltr'>imago</span> <span class='ocrx_word' id='word_1_697' title='bbox 1081 4403 1302 4451; x_wconf 60' lang='lat' dir='ltr'>natura;</span> <span class='ocrx_word' id='word_1_698' title='bbox 1342 4397 1636 4452; x_wconf 80' lang='lat' dir='ltr'>veritatis?</span> <span class='ocrx_word' id='word_1_699' title='bbox 1667 4399 1778 4452; x_wconf 85' lang='lat' dir='ltr'>Cur</span> <span class='ocrx_word' id='word_1_700' title='bbox 1809 4396 1944 4466; x_wconf 88' lang='lat' dir='ltr'>legi-</span> 
     </span>
    </p>
   </div>
   <div class='ocr_carea' id='block_1_90' title="bbox 221 4486 1941 4555">
    <p class='ocr_par' dir='ltr' id='par_1_90' title="bbox 221 4486 1941 4555">
     <span class='ocr_line' id='line_1_90' title="bbox 221 4486 1941 4555; baseline -0.003 -14"><span class='ocrx_word' id='word_1_701' title='bbox 221 4489 328 4554; x_wconf 88' lang='lat' dir='ltr'>tis,</span> <span class='ocrx_word' id='word_1_702' title='bbox 372 4489 585 4538; x_wconf 80' lang='lat' dir='ltr'>servari</span> <span class='ocrx_word' id='word_1_703' title='bbox 613 4489 890 4540; x_wconf 81' lang='lat' dir='ltr'>veritatem</span> <span class='ocrx_word' id='word_1_704' title='bbox 932 4487 1178 4555; x_wconf 82' lang='lat' dir='ltr'>Spiritus</span> <span class='ocrx_word' id='word_1_705' title='bbox 1213 4489 1270 4540; x_wconf 89' lang='lat' dir='ltr'>in</span> <span class='ocrx_word' id='word_1_706' title='bbox 1301 4488 1511 4540; x_wconf 79' lang='lat' dir='ltr'>vinculo</span> <span class='ocrx_word' id='word_1_707' title='bbox 1546 4489 1697 4554; x_wconf 84' lang='lat' dir='ltr'>pacis</span> <span class='ocrx_word' id='word_1_708' title='bbox 1725 4486 1941 4555; x_wconf 78' lang='lat' dir='ltr'>(Ephes.</span> 
     </span>
    </p>
   </div>
   <div class='ocr_carea' id='block_1_91' title="bbox 226 4572 1946 4644">
    <p class='ocr_par' dir='ltr' id='par_1_91' title="bbox 226 4572 1946 4644">
     <span class='ocr_line' id='line_1_91' title="bbox 226 4572 1946 4644; baseline -0.004 -13"><span class='ocrx_word' id='word_1_709' title='bbox 226 4594 310 4636; x_wconf 79' lang='grc' dir='ltr'>ιν.</span> <span class='ocrx_word' id='word_1_710' title='bbox 346 4575 430 4638; x_wconf 84' lang='lat'>3),</span> <span class='ocrx_word' id='word_1_711' title='bbox 465 4573 510 4627; x_wconf 90' lang='lat' dir='ltr'>si</span> <span class='ocrx_word' id='word_1_712' title='bbox 541 4591 670 4627; x_wconf 91' lang='lat' dir='ltr'>eum</span> <span class='ocrx_word' id='word_1_713' title='bbox 705 4575 775 4628; x_wconf 92' lang='lat' dir='ltr'>de</span> <span class='ocrx_word' id='word_1_714' title='bbox 807 4575 930 4644; x_wconf 89' lang='lat' dir='ltr'>ipsa</span> <span class='ocrx_word' id='word_1_715' title='bbox 971 4574 1131 4629; x_wconf 89' lang='lat' dir='ltr'>unita</span> <span class='ocrx_word' id='word_1_716' title='bbox 1161 4575 1458 4628; x_wconf 87' lang='lat' dir='ltr'>divinitate</span> <span class='ocrx_word' id='word_1_717' title='bbox 1500 4574 1703 4639; x_wconf 89' lang='lat' dir='ltr'>Patris,</span> <span class='ocrx_word' id='word_1_718' title='bbox 1737 4578 1790 4626; x_wconf 91' lang='lat' dir='ltr'>et</span> <span class='ocrx_word' id='word_1_719' title='bbox 1824 4572 1946 4625; x_wconf 87' lang='lat' dir='ltr'>Filii</span> 
     </span>
    </p>
   </div>
   <div class='ocr_carea' id='block_1_92' title="bbox 223 4661 1943 4733">
    <p class='ocr_par' dir='ltr' id='par_1_92' title="bbox 223 4661 1943 4733">
     <span class='ocr_line' id='line_1_92' title="bbox 223 4661 1943 4733; baseline -0.004 -13"><span class='ocrx_word' id='word_1_720' title='bbox 223 4683 370 4720; x_wconf 82' lang='lat' dir='ltr'>esse</span> <span class='ocrx_word' id='word_1_721' title='bbox 403 4680 516 4716; x_wconf 89' lang='lat' dir='ltr'>non</span> <span class='ocrx_word' id='word_1_722' title='bbox 547 4664 833 4733; x_wconf 81' lang='lat' dir='ltr'>accipitis?</span> <span class='ocrx_word' id='word_1_723' title='bbox 875 4664 986 4717; x_wconf 89' lang='lat' dir='ltr'>Cur</span> <span class='ocrx_word' id='word_1_724' title='bbox 1022 4664 1206 4733; x_wconf 87' lang='lat' dir='ltr'>legitis</span> <span class='ocrx_word' id='word_1_725' title='bbox 1245 4680 1338 4715; x_wconf 90' lang='lat' dir='ltr'>vas</span> <span class='ocrx_word' id='word_1_726' title='bbox 1371 4663 1663 4715; x_wconf 88' lang='lat' dir='ltr'>electionis</span> <span class='ocrx_word' id='word_1_727' title='bbox 1695 4661 1900 4715; x_wconf 72' lang='lat' dir='ltr'>dixisse</span> <span class='ocrx_word' id='word_1_728' title='bbox 1932 4677 1943 4713; x_wconf 90' lang='lat'><strong>:</strong></span> 
     </span>
    </p>
   </div>
   <div class='ocr_carea' id='block_1_93' title="bbox 221 4749 1946 4820">
    <p class='ocr_par' dir='ltr' id='par_1_93' title="bbox 221 4749 1946 4820">
     <span class='ocr_line' id='line_1_93' title="bbox 221 4749 1946 4820; baseline -0.005 -11"><span class='ocrx_word' id='word_1_729' title='bbox 221 4757 442 4812; x_wconf 82' lang='lat' dir='ltr'>Omnes</span> <span class='ocrx_word' id='word_1_730' title='bbox 486 4767 648 4804; x_wconf 79' lang='lat' dir='ltr'>unum</span> <span class='ocrx_word' id='word_1_731' title='bbox 685 4753 954 4820; x_wconf 85' lang='lat' dir='ltr'>Spiritum</span> <span class='ocrx_word' id='word_1_732' title='bbox 999 4754 1310 4820; x_wconf 84' lang='lat' dir='ltr'>potavimus</span> <span class='ocrx_word' id='word_1_733' title='bbox 1348 4753 1398 4817; x_wconf 82' lang='lat'>(1</span> <span class='ocrx_word' id='word_1_734' title='bbox 1439 4753 1560 4806; x_wconf 83' lang='lat' dir='ltr'>Cor.</span> <span class='ocrx_word' id='word_1_735' title='bbox 1603 4767 1700 4814; x_wconf 81' lang='lat' dir='ltr'>xu,</span> <span class='ocrx_word' id='word_1_736' title='bbox 1754 4751 1859 4818; x_wconf 91' lang='lat' dir='ltr'>l8),</span> <span class='ocrx_word' id='word_1_737' title='bbox 1903 4749 1946 4800; x_wconf 92' lang='lat' dir='ltr'>si</span> 
     </span>
    </p>
   </div>
   <div class='ocr_carea' id='block_1_94' title="bbox 222 4837 1946 4898">
    <p class='ocr_par' dir='ltr' id='par_1_94' title="bbox 222 4837 1946 4898">
     <span class='ocr_line' id='line_1_94' title="bbox 222 4837 1946 4898; baseline -0.003 0"><span class='ocrx_word' id='word_1_738' title='bbox 222 4858 381 4898; x_wconf 86' lang='lat' dir='ltr'>eum</span> <span class='ocrx_word' id='word_1_739' title='bbox 418 4856 515 4892; x_wconf 85' lang='lat' dir='ltr'>vos</span> <span class='ocrx_word' id='word_1_740' title='bbox 543 4839 610 4893; x_wconf 90' lang='lat' dir='ltr'>de</span> <span class='ocrx_word' id='word_1_741' title='bbox 647 4841 808 4893; x_wconf 88' lang='lat' dir='ltr'>unita</span> <span class='ocrx_word' id='word_1_742' title='bbox 850 4857 980 4893; x_wconf 89' lang='lat' dir='ltr'>vera</span> <span class='ocrx_word' id='word_1_743' title='bbox 1017 4839 1245 4893; x_wconf 88' lang='lat' dir='ltr'>deitatis</span> <span class='ocrx_word' id='word_1_744' title='bbox 1289 4845 1492 4892; x_wconf 90' lang='lat' dir='ltr'>natura</span> <span class='ocrx_word' id='word_1_745' title='bbox 1524 4837 1888 4893; x_wconf 86' lang='lat' dir='ltr'>discernitis?</span> <span class='ocrx_word' id='word_1_746' title='bbox 1922 4864 1946 4884; x_wconf 86' lang='grc'>››</span> 
     </span>
    </p>
   </div>
   <div class='ocr_carea' id='block_1_95' title="bbox 223 4927 1954 4997">
    <p class='ocr_par' dir='ltr' id='par_1_95' title="bbox 223 4927 1954 4997">
     <span class='ocr_line' id='line_1_95' title="bbox 223 4927 1954 4997; baseline -0.005 -10"><span class='ocrx_word' id='word_1_747' title='bbox 223 4933 516 4988; x_wconf 82' lang='lat' dir='ltr'>Testatur</span> <span class='ocrx_word' id='word_1_748' title='bbox 583 4928 787 4981; x_wconf 87' lang='lat' dir='ltr'>Filium</span> <span class='ocrx_word' id='word_1_749' title='bbox 856 4928 1118 4997; x_wconf 85' lang='lat' dir='ltr'>ejusdem</span> <span class='ocrx_word' id='word_1_750' title='bbox 1182 4932 1402 4981; x_wconf 67' lang='lat' dir='ltr'>naturae.</span> <span class='ocrx_word' id='word_1_751' title='bbox 1470 4943 1589 4980; x_wconf 88' lang='lat' dir='ltr'>esse</span> <span class='ocrx_word' id='word_1_752' title='bbox 1652 4927 1812 4997; x_wconf 88' lang='lat' dir='ltr'>cujus</span> <span class='ocrx_word' id='word_1_753' title='bbox 1882 4927 1954 4979; x_wconf 89' lang='lat' dir='ltr'>sit</span> 
     </span>
    </p>
   </div>
   <div class='ocr_carea' id='block_1_96' title="bbox 225 5013 1953 5086">
    <p class='ocr_par' dir='ltr' id='par_1_96' title="bbox 225 5013 1953 5086">
     <span class='ocr_line' id='line_1_96' title="bbox 225 5013 1953 5086; baseline -0.005 -10"><span class='ocrx_word' id='word_1_754' title='bbox 225 5023 443 5080; x_wconf 86' lang='lat' dir='ltr'>Pater,</span> <span class='ocrx_word' id='word_1_755' title='bbox 477 5017 628 5086; x_wconf 75' lang='lat' dir='ltr'>quod</span> <span class='ocrx_word' id='word_1_756' title='bbox 673 5017 961 5085; x_wconf 88' lang='lat' dir='ltr'>negabant</span> <span class='ocrx_word' id='word_1_757' title='bbox 1002 5016 1218 5080; x_wconf 86' lang='lat' dir='ltr'>Ariani,</span> <span class='ocrx_word' id='word_1_758' title='bbox 1265 5015 1538 5086; x_wconf 88' lang='lat' dir='ltr'>quoniam</span> <span class='ocrx_word' id='word_1_759' title='bbox 1584 5015 1656 5068; x_wconf 90' lang='lat' dir='ltr'>sit</span> <span class='ocrx_word' id='word_1_760' title='bbox 1698 5013 1758 5068; x_wconf 90' lang='lat' dir='ltr'>in</span> <span class='ocrx_word' id='word_1_761' title='bbox 1789 5016 1953 5068; x_wconf 91' lang='lat' dir='ltr'>Patre</span> 
     </span>
    </p>
   </div>
   <div class='ocr_carea' id='block_1_97' title="bbox 226 5103 1950 5174">
    <p class='ocr_par' dir='ltr' id='par_1_97' title="bbox 226 5103 1950 5174">
     <span class='ocr_line' id='line_1_97' title="bbox 226 5103 1950 5174; baseline -0.004 -10"><span class='ocrx_word' id='word_1_762' title='bbox 226 5110 514 5174; x_wconf 84' lang='lat' dir='ltr'>Filioque</span> <span class='ocrx_word' id='word_1_763' title='bbox 579 5120 692 5156; x_wconf 90' lang='lat' dir='ltr'>una</span> <span class='ocrx_word' id='word_1_764' title='bbox 755 5103 1058 5157; x_wconf 90' lang='lat' dir='ltr'>invisibilis</span> <span class='ocrx_word' id='word_1_765' title='bbox 1127 5105 1322 5174; x_wconf 81' lang='lat' dir='ltr'>imago</span> <span class='ocrx_word' id='word_1_766' title='bbox 1394 5110 1618 5157; x_wconf 60' lang='lat' dir='ltr'>natura!</span> <span class='ocrx_word' id='word_1_767' title='bbox 1683 5103 1950 5157; x_wconf 89' lang='lat' dir='ltr'>veritatis.</span> 
     </span>
    </p>
   </div>
   <div class='ocr_carea' id='block_1_98' title="bbox 225 5191 1954 5262">
    <p class='ocr_par' dir='ltr' id='par_1_98' title="bbox 225 5191 1954 5262">
     <span class='ocr_line' id='line_1_98' title="bbox 225 5191 1954 5262; baseline -0.005 -9"><span class='ocrx_word' id='word_1_768' title='bbox 225 5198 525 5253; x_wconf 87' lang='lat' dir='ltr'>Testatur</span> <span class='ocrx_word' id='word_1_769' title='bbox 573 5197 627 5245; x_wconf 87' lang='lat' dir='ltr'>et</span> <span class='ocrx_word' id='word_1_770' title='bbox 671 5192 951 5262; x_wconf 88' lang='lat' dir='ltr'>Spiritum</span> <span class='ocrx_word' id='word_1_771' title='bbox 1011 5199 1274 5246; x_wconf 86' lang='lat' dir='ltr'>sanctum</span> <span class='ocrx_word' id='word_1_772' title='bbox 1317 5191 1579 5262; x_wconf 87' lang='lat' dir='ltr'>ejusdem</span> <span class='ocrx_word' id='word_1_773' title='bbox 1627 5191 1954 5245; x_wconf 64' lang='lat' dir='ltr'>substantiae</span> 
     </span>
    </p>
   </div>
   <div class='ocr_carea' id='block_1_99' title="bbox 227 5274 1956 5346">
    <p class='ocr_par' dir='ltr' id='par_1_99' title="bbox 227 5274 1956 5346">
     <span class='ocr_line' id='line_1_99' title="bbox 227 5274 1956 5346; baseline -0.005 -10"><span class='ocrx_word' id='word_1_774' title='bbox 227 5284 369 5337; x_wconf 82' lang='lat' dir='ltr'>fore</span> <span class='ocrx_word' id='word_1_775' title='bbox 427 5277 587 5346; x_wconf 85' lang='lat' dir='ltr'>cujus</span> <span class='ocrx_word' id='word_1_776' title='bbox 639 5277 713 5329; x_wconf 88' lang='lat' dir='ltr'>sit</span> <span class='ocrx_word' id='word_1_777' title='bbox 761 5280 817 5329; x_wconf 89' lang='lat' dir='ltr'>et</span> <span class='ocrx_word' id='word_1_778' title='bbox 864 5275 1057 5341; x_wconf 88' lang='lat' dir='ltr'>Filius,</span> <span class='ocrx_word' id='word_1_779' title='bbox 1113 5275 1387 5345; x_wconf 89' lang='lat' dir='ltr'>quoniam</span> <span class='ocrx_word' id='word_1_780' title='bbox 1435 5275 1637 5328; x_wconf 86' lang='lat' dir='ltr'>existat</span> <span class='ocrx_word' id='word_1_781' title='bbox 1682 5274 1749 5328; x_wconf 92' lang='lat' dir='ltr'>de</span> <span class='ocrx_word' id='word_1_782' title='bbox 1793 5275 1956 5328; x_wconf 89' lang='lat' dir='ltr'>unita</span> 
     </span>
    </p>
   </div>
   <div class='ocr_carea' id='block_1_100' title="bbox 308 5398 1957 5470">
    <p class='ocr_par' dir='ltr' id='par_1_100' title="bbox 308 5398 1957 5470">
     <span class='ocr_line' id='line_1_100' title="bbox 308 5398 1957 5470; baseline -0.002 -14"><span class='ocrx_word' id='word_1_783' title='bbox 308 5432 338 5458; x_wconf 74' lang='grc' dir='ltr'>ι</span> <span class='ocrx_word' id='word_1_784' title='bbox 379 5402 711 5468; x_wconf 76' lang='lat' dir='ltr'>Hypocritae,</span> <span class='ocrx_word' id='word_1_785' title='bbox 755 5405 859 5452; x_wconf 88' lang='lat' dir='ltr'>etc.</span> <span class='ocrx_word' id='word_1_786' title='bbox 913 5401 1042 5454; x_wconf 67' lang='lat' dir='ltr'>Haec</span> <span class='ocrx_word' id='word_1_787' title='bbox 1074 5406 1131 5453; x_wconf 88' lang='lat' dir='ltr'>et</span> <span class='ocrx_word' id='word_1_788' title='bbox 1160 5415 1290 5470; x_wconf 71' lang='lat' dir='ltr'>quas</span> <span class='ocrx_word' id='word_1_789' title='bbox 1331 5404 1653 5469; x_wconf 88' lang='lat' dir='ltr'>sequuntur</span> <span class='ocrx_word' id='word_1_790' title='bbox 1690 5398 1749 5452; x_wconf 92' lang='lat' dir='ltr'>in</span> <span class='ocrx_word' id='word_1_791' title='bbox 1790 5398 1957 5452; x_wconf 83' lang='lat' dir='ltr'>Atha-</span> 
     </span>
    </p>
   </div>
   <div class='ocr_carea' id='block_1_101' title="bbox 231 5470 1954 5539">
    <p class='ocr_par' dir='ltr' id='par_1_101' title="bbox 231 5470 1954 5539">
     <span class='ocr_line' id='line_1_101' title="bbox 231 5470 1954 5539; baseline -0.005 -9"><span class='ocrx_word' id='word_1_792' title='bbox 231 5475 400 5530; x_wconf 83' lang='lat' dir='ltr'>nasii</span> <span class='ocrx_word' id='word_1_793' title='bbox 461 5471 620 5524; x_wconf 85' lang='lat' dir='ltr'>libris</span> <span class='ocrx_word' id='word_1_794' title='bbox 657 5470 728 5522; x_wconf 90' lang='lat' dir='ltr'>de</span> <span class='ocrx_word' id='word_1_795' title='bbox 770 5471 1020 5539; x_wconf 88' lang='lat' dir='ltr'>pr0priis</span> <span class='ocrx_word' id='word_1_796' title='bbox 1065 5470 1325 5524; x_wconf 90' lang='lat' dir='ltr'>Personis</span> <span class='ocrx_word' id='word_1_797' title='bbox 1367 5486 1479 5523; x_wconf 89' lang='lat' dir='ltr'>non</span> <span class='ocrx_word' id='word_1_798' title='bbox 1523 5474 1777 5534; x_wconf 84' lang='lat' dir='ltr'>exstant;</span> <span class='ocrx_word' id='word_1_799' title='bbox 1817 5470 1954 5538; x_wconf 91' lang='lat' dir='ltr'>quin</span> 
     </span>
    </p>
   </div>
   <div class='ocr_carea' id='block_1_102' title="bbox 233 5539 1958 5611">
    <p class='ocr_par' dir='ltr' id='par_1_102' title="bbox 233 5539 1958 5611">
     <span class='ocr_line' id='line_1_102' title="bbox 233 5539 1958 5611; baseline -0.006 -9"><span class='ocrx_word' id='word_1_800' title='bbox 233 5557 454 5601; x_wconf 84' lang='lat' dir='ltr'>tamen</span> <span class='ocrx_word' id='word_1_801' title='bbox 494 5541 567 5593; x_wconf 87' lang='lat' dir='ltr'>ab</span> <span class='ocrx_word' id='word_1_802' title='bbox 612 5539 921 5611; x_wconf 80' lang='lat' dir='ltr'>Athanasio</span> <span class='ocrx_word' id='word_1_803' title='bbox 974 5541 1181 5611; x_wconf 88' lang='lat' dir='ltr'>scripta</span> <span class='ocrx_word' id='word_1_804' title='bbox 1239 5543 1374 5609; x_wconf 88' lang='lat' dir='ltr'>sint,</span> <span class='ocrx_word' id='word_1_805' title='bbox 1429 5541 1706 5611; x_wconf 12' lang='lat' dir='ltr'>dubitare,</span> <span class='ocrx_word' id='word_1_806' title='bbox 1752 5539 1958 5610; x_wconf 88' lang='lat' dir='ltr'>religio</span> 
     </span>
    </p>
   </div>
   <div class='ocr_carea' id='block_1_103' title="bbox 235 5609 1958 5684">
    <p class='ocr_par' dir='ltr' id='par_1_103' title="bbox 235 5609 1958 5684">
     <span class='ocr_line' id='line_1_103' title="bbox 235 5609 1958 5684; baseline -0.002 -16"><span class='ocrx_word' id='word_1_807' title='bbox 235 5624 366 5684; x_wconf 72' lang='lat' dir='ltr'>est;</span> <span class='ocrx_word' id='word_1_808' title='bbox 429 5628 560 5667; x_wconf 88' lang='lat' dir='ltr'>cum</span> <span class='ocrx_word' id='word_1_809' title='bbox 618 5610 772 5664; x_wconf 89' lang='lat' dir='ltr'>enim</span> <span class='ocrx_word' id='word_1_810' title='bbox 814 5611 1049 5665; x_wconf 86' lang='lat' dir='ltr'>aliunde</span> <span class='ocrx_word' id='word_1_811' title='bbox 1088 5609 1424 5666; x_wconf 79' lang='lat' dir='ltr'>noverimus</span> <span class='ocrx_word' id='word_1_812' title='bbox 1473 5612 1597 5680; x_wconf 86' lang='lat' dir='ltr'>ejus</span> <span class='ocrx_word' id='word_1_813' title='bbox 1657 5609 1830 5663; x_wconf 86' lang='lat' dir='ltr'>libros</span> <span class='ocrx_word' id='word_1_814' title='bbox 1869 5609 1958 5664; x_wconf 19' lang='lat' dir='ltr'>fab</span> 
     </span>
    </p>
   </div>
   <div class='ocr_carea' id='block_1_104' title="bbox 618 5709 1161 5776">
    <p class='ocr_par' dir='ltr' id='par_1_104' title="bbox 618 5709 1161 5776">
     <span class='ocr_line' id='line_1_104' title="bbox 618 5709 1161 5776; baseline -0.007 0"><span class='ocrx_word' id='word_1_815' title='bbox 618 5709 896 5776; x_wconf 63' lang='lat' dir='ltr'>Parnm.</span> <span class='ocrx_word' id='word_1_816' title='bbox 950 5709 1161 5774; x_wconf 84' lang='lat' dir='ltr'>CXXI.</span> 
     </span>
    </p>
   </div>
   <div class='ocr_carea' id='block_1_105' title="bbox 2054 4393 3750 4462">
    <p class='ocr_par' dir='ltr' id='par_1_105' title="bbox 2054 4393 3750 4462">
     <span class='ocr_line' id='line_1_105' title="bbox 2054 4393 3750 4462; baseline -0.001 -14"><span class='ocrx_word' id='word_1_817' title='bbox 2054 4395 2122 4448; x_wconf 85' lang='lat' dir='ltr'>de</span> <span class='ocrx_word' id='word_1_818' title='bbox 2179 4399 2380 4446; x_wconf 88' lang='lat' dir='ltr'>natura</span> <span class='ocrx_word' id='word_1_819' title='bbox 2428 4393 2600 4446; x_wconf 89' lang='lat' dir='ltr'>Filii:</span> <span class='ocrx_word' id='word_1_820' title='bbox 2649 4393 2928 4462; x_wconf 89' lang='lat' dir='ltr'>quoniam</span> <span class='ocrx_word' id='word_1_821' title='bbox 2977 4409 3107 4462; x_wconf 66' lang='lat' dir='ltr'>quae</span> <span class='ocrx_word' id='word_1_822' title='bbox 3160 4397 3366 4446; x_wconf 89' lang='lat' dir='ltr'>natura</span> <span class='ocrx_word' id='word_1_823' title='bbox 3414 4394 3594 4447; x_wconf 87' lang='lat' dir='ltr'>Patris</span> <span class='ocrx_word' id='word_1_824' title='bbox 3645 4397 3750 4459; x_wconf 87' lang='lat' dir='ltr'>est,</span> 
     </span>
    </p>
   </div>
   <div class='ocr_carea' id='block_1_106' title="bbox 2055 4479 3750 4536">
    <p class='ocr_par' dir='ltr' id='par_1_106' title="bbox 2055 4479 3750 4536">
     <span class='ocr_line' id='line_1_106' title="bbox 2055 4479 3750 4536; baseline 0.001 -2"><span class='ocrx_word' id='word_1_825' title='bbox 2055 4482 2257 4534; x_wconf 87' lang='lat' dir='ltr'>eadem</span> <span class='ocrx_word' id='word_1_826' title='bbox 2310 4486 2394 4533; x_wconf 86' lang='lat' dir='ltr'>est.</span> <span class='ocrx_word' id='word_1_827' title='bbox 2451 4486 2508 4532; x_wconf 82' lang='lat' dir='ltr'>et</span> <span class='ocrx_word' id='word_1_828' title='bbox 2565 4479 2710 4532; x_wconf 87' lang='lat' dir='ltr'>Filii.</span> <span class='ocrx_word' id='word_1_829' title='bbox 2766 4481 2828 4533; x_wconf 83' lang='lat' dir='ltr'>Et</span> <span class='ocrx_word' id='word_1_830' title='bbox 2875 4480 3116 4534; x_wconf 88' lang='lat' dir='ltr'>dicendo</span> <span class='ocrx_word' id='word_1_831' title='bbox 3159 4481 3360 4534; x_wconf 87' lang='lat' dir='ltr'>beatus</span> <span class='ocrx_word' id='word_1_832' title='bbox 3406 4482 3750 4536; x_wconf 82' lang='lat' dir='ltr'>Athanasius</span> 
     </span>
    </p>
   </div>
   <div class='ocr_carea' id='block_1_107' title="bbox 2056 4569 3750 4638">
    <p class='ocr_par' dir='ltr' id='par_1_107' title="bbox 2056 4569 3750 4638">
     <span class='ocr_line' id='line_1_107' title="bbox 2056 4569 3750 4638; baseline 0.001 -14"><span class='ocrx_word' id='word_1_833' title='bbox 2056 4569 2333 4638; x_wconf 89' lang='lat' dir='ltr'>Spiritum</span> <span class='ocrx_word' id='word_1_834' title='bbox 2367 4573 2624 4620; x_wconf 88' lang='lat' dir='ltr'>sanctum</span> <span class='ocrx_word' id='word_1_835' title='bbox 2658 4584 2854 4620; x_wconf 87' lang='lat' dir='ltr'>verum</span> <span class='ocrx_word' id='word_1_836' title='bbox 2894 4569 3070 4621; x_wconf 85' lang='lat' dir='ltr'>Deum</span> <span class='ocrx_word' id='word_1_837' title='bbox 3104 4569 3172 4622; x_wconf 92' lang='lat' dir='ltr'>de</span> <span class='ocrx_word' id='word_1_838' title='bbox 3203 4586 3334 4622; x_wconf 88' lang='lat' dir='ltr'>vera</span> <span class='ocrx_word' id='word_1_839' title='bbox 3375 4576 3599 4635; x_wconf 88' lang='lat' dir='ltr'>natura,</span> <span class='ocrx_word' id='word_1_840' title='bbox 3649 4587 3750 4625; x_wconf 89' lang='lat' dir='ltr'>nec</span> 
     </span>
    </p>
   </div>
   <div class='ocr_carea' id='block_1_108' title="bbox 2059 4654 3752 4729">
    <p class='ocr_par' dir='ltr' id='par_1_108' title="bbox 2059 4654 3752 4729">
     <span class='ocr_line' id='line_1_108' title="bbox 2059 4654 3752 4729; baseline 0.002 -19"><span class='ocrx_word' id='word_1_841' title='bbox 2059 4657 2322 4711; x_wconf 88' lang='lat' dir='ltr'>addendo</span> <span class='ocrx_word' id='word_1_842' title='bbox 2376 4654 2559 4709; x_wconf 89' lang='lat' dir='ltr'>Patris</span> <span class='ocrx_word' id='word_1_843' title='bbox 2602 4655 2688 4708; x_wconf 86' lang='lat' dir='ltr'>vel</span> <span class='ocrx_word' id='word_1_844' title='bbox 2737 4655 2886 4721; x_wconf 86' lang='lat' dir='ltr'>Filii,</span> <span class='ocrx_word' id='word_1_845' title='bbox 2942 4656 3197 4726; x_wconf 82' lang='lat' dir='ltr'>profecto</span> <span class='ocrx_word' id='word_1_846' title='bbox 3243 4657 3338 4711; x_wconf 91' lang='lat' dir='ltr'>dat</span> <span class='ocrx_word' id='word_1_847' title='bbox 3386 4659 3631 4729; x_wconf 89' lang='lat' dir='ltr'>intelligi</span> <span class='ocrx_word' id='word_1_848' title='bbox 3684 4661 3752 4714; x_wconf 91' lang='lat' dir='ltr'>de</span> 
     </span>
    </p>
   </div>
   <div class='ocr_carea' id='block_1_109' title="bbox 2059 4745 3747 4815">
    <p class='ocr_par' dir='ltr' id='par_1_109' title="bbox 2059 4745 3747 4815">
     <span class='ocr_line' id='line_1_109' title="bbox 2059 4745 3747 4815; baseline 0.001 -16"><span class='ocrx_word' id='word_1_849' title='bbox 2059 4745 2358 4814; x_wconf 88' lang='lat' dir='ltr'>utriusque</span> <span class='ocrx_word' id='word_1_850' title='bbox 2406 4759 2537 4796; x_wconf 89' lang='lat' dir='ltr'>vera</span> <span class='ocrx_word' id='word_1_851' title='bbox 2586 4748 2790 4796; x_wconf 89' lang='lat' dir='ltr'>natura</span> <span class='ocrx_word' id='word_1_852' title='bbox 2839 4760 3034 4796; x_wconf 87' lang='lat' dir='ltr'>verum</span> <span class='ocrx_word' id='word_1_853' title='bbox 3088 4745 3268 4798; x_wconf 90' lang='lat' dir='ltr'>Deum</span> <span class='ocrx_word' id='word_1_854' title='bbox 3316 4746 3590 4815; x_wconf 89' lang='lat' dir='ltr'>Spiritum</span> <span class='ocrx_word' id='word_1_855' title='bbox 3629 4764 3747 4801; x_wconf 89' lang='lat' dir='ltr'>san-</span> 
     </span>
    </p>
   </div>
   <div class='ocr_carea' id='block_1_110' title="bbox 2061 4831 3470 4903">
    <p class='ocr_par' dir='ltr' id='par_1_110' title="bbox 2061 4831 3470 4903">
     <span class='ocr_line' id='line_1_110' title="bbox 2061 4831 3470 4903; baseline 0.001 -16"><span class='ocrx_word' id='word_1_856' title='bbox 2061 4839 2213 4887; x_wconf 91' lang='lat' dir='ltr'>ctum</span> <span class='ocrx_word' id='word_1_857' title='bbox 2247 4849 2389 4896; x_wconf 88' lang='lat' dir='ltr'>esse,</span> <span class='ocrx_word' id='word_1_858' title='bbox 2422 4831 2478 4884; x_wconf 90' lang='lat' dir='ltr'>in</span> <span class='ocrx_word' id='word_1_859' title='bbox 2514 4832 2777 4885; x_wconf 90' lang='lat' dir='ltr'>omnibus</span> <span class='ocrx_word' id='word_1_860' title='bbox 2799 4832 3084 4886; x_wconf 88' lang='lat' dir='ltr'>mirabilia</span> <span class='ocrx_word' id='word_1_861' title='bbox 3115 4841 3470 4903; x_wconf 88' lang='lat' dir='ltr'>operantem.</span> 
     </span>
    </p>
   </div>
   <div class='ocr_carea' id='block_1_111' title="bbox 2135 4921 3759 4993">
    <p class='ocr_par' dir='ltr' id='par_1_111' title="bbox 2135 4921 3759 4993">
     <span class='ocr_line' id='line_1_111' title="bbox 2135 4921 3759 4993; baseline -0.001 -19"><span class='ocrx_word' id='word_1_862' title='bbox 2135 4923 2274 4975; x_wconf 85' lang='lat' dir='ltr'>item</span> <span class='ocrx_word' id='word_1_863' title='bbox 2328 4937 2339 4972; x_wconf 91' lang='lat'>:</span> <span class='ocrx_word' id='word_1_864' title='bbox 2396 4938 2423 4970; x_wconf 76' lang='grc' dir='ltr'>(ι</span> <span class='ocrx_word' id='word_1_865' title='bbox 2481 4921 2817 4989; x_wconf 72' lang='lat' dir='ltr'>llypocritze,</span> <span class='ocrx_word' id='word_1_866' title='bbox 2901 4938 3003 4991; x_wconf 89' lang='lat' dir='ltr'>per</span> <span class='ocrx_word' id='word_1_867' title='bbox 3065 4938 3238 4993; x_wconf 89' lang='lat' dir='ltr'>quem</span> <span class='ocrx_word' id='word_1_868' title='bbox 3296 4923 3759 4976; x_wconf 87' lang='lat' dir='ltr'>subministratur</span> 
     </span>
    </p>
   </div>
   <div class='ocr_carea' id='block_1_112' title="bbox 2063 5009 3755 5078">
    <p class='ocr_par' dir='ltr' id='par_1_112' title="bbox 2063 5009 3755 5078">
     <span class='ocr_line' id='line_1_112' title="bbox 2063 5009 3755 5078; baseline -0.001 -14"><span class='ocrx_word' id='word_1_869' title='bbox 2063 5026 2252 5064; x_wconf 88' lang='lat' dir='ltr'>sermo</span> <span class='ocrx_word' id='word_1_870' title='bbox 2285 5009 2600 5078; x_wconf 67' lang='lat' dir='ltr'>sapientiae,</span> <span class='ocrx_word' id='word_1_871' title='bbox 2657 5011 2771 5062; x_wconf 88' lang='lat' dir='ltr'>sive</span> <span class='ocrx_word' id='word_1_872' title='bbox 2823 5011 3057 5065; x_wconf 88' lang='lat' dir='ltr'>verbum</span> <span class='ocrx_word' id='word_1_873' title='bbox 3109 5012 3380 5078; x_wconf 73' lang='lat' dir='ltr'>scientiae,</span> <span class='ocrx_word' id='word_1_874' title='bbox 3437 5012 3554 5064; x_wconf 82' lang='lat' dir='ltr'>sive</span> <span class='ocrx_word' id='word_1_875' title='bbox 3593 5010 3755 5074; x_wconf 83' lang='lat' dir='ltr'>ﬁdes,</span> 
     </span>
    </p>
   </div>
   <div class='ocr_carea' id='block_1_113' title="bbox 2064 5097 3759 5170">
    <p class='ocr_par' dir='ltr' id='par_1_113' title="bbox 2064 5097 3759 5170">
     <span class='ocr_line' id='line_1_113' title="bbox 2064 5097 3759 5170; baseline 0 -18"><span class='ocrx_word' id='word_1_876' title='bbox 2064 5099 2181 5152; x_wconf 86' lang='lat' dir='ltr'>sive</span> <span class='ocrx_word' id='word_1_877' title='bbox 2240 5097 2425 5167; x_wconf 89' lang='lat' dir='ltr'>gratia</span> <span class='ocrx_word' id='word_1_878' title='bbox 2476 5097 2755 5163; x_wconf 84' lang='lat' dir='ltr'>sanitatis,</span> <span class='ocrx_word' id='word_1_879' title='bbox 2802 5099 2920 5152; x_wconf 79' lang='lat' dir='ltr'>sive</span> <span class='ocrx_word' id='word_1_880' title='bbox 2972 5101 3230 5170; x_wconf 91' lang='lat' dir='ltr'>operatio</span> <span class='ocrx_word' id='word_1_881' title='bbox 3282 5101 3581 5163; x_wconf 90' lang='lat' dir='ltr'>virtutum,</span> <span class='ocrx_word' id='word_1_882' title='bbox 3643 5097 3759 5152; x_wconf 87' lang='lat' dir='ltr'>sive</span> 
     </span>
    </p>
   </div>
   <div class='ocr_carea' id='block_1_114' title="bbox 2064 5185 3759 5258">
    <p class='ocr_par' dir='ltr' id='par_1_114' title="bbox 2064 5185 3759 5258">
     <span class='ocr_line' id='line_1_114' title="bbox 2064 5185 3759 5258; baseline 0 -19"><span class='ocrx_word' id='word_1_883' title='bbox 2064 5186 2390 5257; x_wconf 87' lang='lat' dir='ltr'>prophetia,</span> <span class='ocrx_word' id='word_1_884' title='bbox 2442 5186 2555 5239; x_wconf 87' lang='lat' dir='ltr'>sive</span> <span class='ocrx_word' id='word_1_885' title='bbox 2599 5189 2877 5258; x_wconf 88' lang='lat' dir='ltr'>separatio</span> <span class='ocrx_word' id='word_1_886' title='bbox 2929 5189 3272 5258; x_wconf 81' lang='lat' dir='ltr'>Spirituum,</span> <span class='ocrx_word' id='word_1_887' title='bbox 3323 5188 3435 5240; x_wconf 90' lang='lat' dir='ltr'>nisi</span> <span class='ocrx_word' id='word_1_888' title='bbox 3485 5185 3759 5256; x_wconf 89' lang='lat' dir='ltr'>quoniam</span> 
     </span>
    </p>
   </div>
   <div class='ocr_carea' id='block_1_115' title="bbox 2066 5273 3760 5345">
    <p class='ocr_par' dir='ltr' id='par_1_115' title="bbox 2066 5273 3760 5345">
     <span class='ocr_line' id='line_1_115' title="bbox 2066 5273 3760 5345; baseline 0.001 -17"><span class='ocrx_word' id='word_1_889' title='bbox 2066 5275 2134 5328; x_wconf 89' lang='lat' dir='ltr'>de</span> <span class='ocrx_word' id='word_1_890' title='bbox 2163 5274 2324 5328; x_wconf 90' lang='lat' dir='ltr'>unita</span> <span class='ocrx_word' id='word_1_891' title='bbox 2350 5273 2706 5344; x_wconf 89' lang='lat' dir='ltr'>plenitudine</span> <span class='ocrx_word' id='word_1_892' title='bbox 2747 5276 2876 5330; x_wconf 87' lang='lat' dir='ltr'>est?</span> <span class='ocrx_word' id='word_1_893' title='bbox 2910 5296 2936 5327; x_wconf 84' lang='grc'><strong>››</strong></span> <span class='ocrx_word' id='word_1_894' title='bbox 2980 5278 3108 5330; x_wconf 68' lang='lat' dir='ltr'>Haec</span> <span class='ocrx_word' id='word_1_895' title='bbox 3143 5276 3334 5330; x_wconf 87' lang='lat' dir='ltr'>omnia</span> <span class='ocrx_word' id='word_1_896' title='bbox 3358 5292 3484 5345; x_wconf 71' lang='lat' dir='ltr'>qute</span> <span class='ocrx_word' id='word_1_897' title='bbox 3506 5291 3760 5330; x_wconf 57' lang='lat' dir='ltr'>commeo</span> 
     </span>
    </p>
   </div>
   <div class='ocr_carea' id='block_1_116' title="bbox 2067 5398 3764 5463">
    <p class='ocr_par' dir='ltr' id='par_1_116' title="bbox 2067 5398 3764 5463">
     <span class='ocr_line' id='line_1_116' title="bbox 2067 5398 3764 5463; baseline 0 -11"><span class='ocrx_word' id='word_1_898' title='bbox 2067 5399 2516 5452; x_wconf 90' lang='lat' dir='ltr'>amanuensibus</span> <span class='ocrx_word' id='word_1_899' title='bbox 2562 5399 2710 5453; x_wconf 82' lang='lat' dir='ltr'>foede</span> <span class='ocrx_word' id='word_1_900' title='bbox 2761 5416 2881 5453; x_wconf 78' lang='lat' dir='ltr'>esse</span> <span class='ocrx_word' id='word_1_901' title='bbox 2919 5404 3209 5463; x_wconf 87' lang='lat' dir='ltr'>tractatos,</span> <span class='ocrx_word' id='word_1_902' title='bbox 3260 5398 3422 5451; x_wconf 84' lang='lat' dir='ltr'>facile</span> <span class='ocrx_word' id='word_1_903' title='bbox 3480 5398 3764 5453; x_wconf 84' lang='lat' dir='ltr'>credimus</span> 
     </span>
    </p>
   </div>
   <div class='ocr_carea' id='block_1_117' title="bbox 2068 5469 3766 5540">
    <p class='ocr_par' dir='ltr' id='par_1_117' title="bbox 2068 5469 3766 5540">
     <span class='ocr_line' id='line_1_117' title="bbox 2068 5469 3766 5540; baseline 0.001 -17"><span class='ocrx_word' id='word_1_904' title='bbox 2068 5487 2134 5523; x_wconf 87' lang='lat' dir='ltr'>ea</span> <span class='ocrx_word' id='word_1_905' title='bbox 2168 5485 2294 5539; x_wconf 65' lang='lat' dir='ltr'>quia</span> <span class='ocrx_word' id='word_1_906' title='bbox 2323 5469 2533 5523; x_wconf 79' lang='lat' dir='ltr'>frustra</span> <span class='ocrx_word' id='word_1_907' title='bbox 2564 5470 2804 5540; x_wconf 76' lang='lat' dir='ltr'>qutesita</span> <span class='ocrx_word' id='word_1_908' title='bbox 2826 5477 2961 5540; x_wconf 84' lang='lat' dir='ltr'>sunt</span> <span class='ocrx_word' id='word_1_909' title='bbox 3002 5470 3076 5522; x_wconf 90' lang='lat' dir='ltr'>iis</span> <span class='ocrx_word' id='word_1_910' title='bbox 3109 5470 3246 5522; x_wconf 90' lang='lat' dir='ltr'>locis</span> <span class='ocrx_word' id='word_1_911' title='bbox 3274 5485 3402 5538; x_wconf 68' lang='lat' dir='ltr'>qua:</span> <span class='ocrx_word' id='word_1_912' title='bbox 3434 5477 3655 5524; x_wconf 82' lang='lat' dir='ltr'>veteres</span> <span class='ocrx_word' id='word_1_913' title='bbox 3685 5471 3766 5524; x_wconf 88' lang='lat' dir='ltr'>in-</span> 
     </span>
    </p>
   </div>
   <div class='ocr_carea' id='block_1_118' title="bbox 2069 5539 3765 5611">
    <p class='ocr_par' dir='ltr' id='par_1_118' title="bbox 2069 5539 3765 5611">
     <span class='ocr_line' id='line_1_118' title="bbox 2069 5539 3765 5611; baseline 0 -17"><span class='ocrx_word' id='word_1_914' title='bbox 2069 5539 2352 5611; x_wconf 88' lang='lat' dir='ltr'>dicarunt,</span> <span class='ocrx_word' id='word_1_915' title='bbox 2400 5541 2504 5611; x_wconf 90' lang='lat' dir='ltr'>sub</span> <span class='ocrx_word' id='word_1_916' title='bbox 2553 5539 2678 5594; x_wconf 87' lang='lat' dir='ltr'>aliis</span> <span class='ocrx_word' id='word_1_917' title='bbox 2722 5540 2905 5593; x_wconf 88' lang='lat' dir='ltr'>titulis</span> <span class='ocrx_word' id='word_1_918' title='bbox 2951 5539 3186 5593; x_wconf 86' lang='lat' dir='ltr'>latentia</span> <span class='ocrx_word' id='word_1_919' title='bbox 3223 5556 3390 5610; x_wconf 90' lang='lat' dir='ltr'>posse</span> <span class='ocrx_word' id='word_1_920' title='bbox 3425 5541 3684 5611; x_wconf 84' lang='lat' dir='ltr'>reperiri,</span> <span class='ocrx_word' id='word_1_921' title='bbox 3718 5541 3765 5594; x_wconf 88' lang='lat' dir='ltr'>si</span> 
     </span>
    </p>
   </div>
   <div class='ocr_carea' id='block_1_119' title="bbox 2071 5610 3719 5681">
    <p class='ocr_par' dir='ltr' id='par_1_119' title="bbox 2071 5610 3719 5681">
     <span class='ocr_line' id='line_1_119' title="bbox 2071 5610 3719 5681; baseline -0.002 -18"><span class='ocrx_word' id='word_1_922' title='bbox 2071 5611 2202 5681; x_wconf 87' lang='lat' dir='ltr'>quis</span> <span class='ocrx_word' id='word_1_923' title='bbox 2228 5610 2281 5663; x_wconf 90' lang='lat' dir='ltr'>id</span> <span class='ocrx_word' id='word_1_924' title='bbox 2325 5610 2534 5664; x_wconf 89' lang='lat' dir='ltr'>laboris</span> <span class='ocrx_word' id='word_1_925' title='bbox 2564 5610 2671 5663; x_wconf 87' lang='lat' dir='ltr'>sibi</span> <span class='ocrx_word' id='word_1_926' title='bbox 2702 5614 2970 5663; x_wconf 87' lang='lat' dir='ltr'>assumat.</span> <span class='ocrx_word' id='word_1_927' title='bbox 3490 5610 3504 5611; x_wconf 23' lang='lat'><em>7</em></span> <span class='ocrx_word' id='word_1_928' title='bbox 3711 5637 3719 5642; x_wconf 93' lang='lat'><strong>-</strong></span> 
     </span>
    </p>
   </div>
   <div class='ocr_carea' id='block_1_120' title="bbox 3374 5715 3451 5774">
    <p class='ocr_par' dir='ltr' id='par_1_120' title="bbox 3374 5715 3451 5774">
     <span class='ocr_line' id='line_1_120' title="bbox 3374 5715 3451 5774; baseline -0.026 0"><span class='ocrx_word' id='word_1_929' title='bbox 3374 5715 3451 5774; x_wconf 78' lang='grc'>10</span> 
     </span>
    </p>
   </div>
  </div>
