4130 6184
467 252 571 307 299

469 391 672 452 morat,
706 385 852 440 dona
895 382 1071 436 sancti
1102 380 1345 452 Spiritus
1383 397 1502 434 esse
1537 396 1704 434 nemo
1732 381 1991 434 fidelium
2023 396 2152 433 am-
2191 381 2236 433 A
2267 384 2480 444 sancto,

467 476 629 546 bigit.
671 474 923 530 Inferens
964 478 1158 524 autem
1207 471 1267 524 in
1317 469 1685 524 conclusione
1730 471 1851 522 haec
1884 468 2160 539 Spiritum

468 571 725 617 sanctum
775 579 961 630 posse,
1008 561 1279 630 quoniam
1325 559 1394 611 de
1437 559 1596 611 unita
1653 558 2006 628 plenitudine
2058 563 2164 621 est,

468 653 718 722 profecto
747 650 1050 703 confitetur
1088 648 1240 718 quod
1287 647 1354 699 de
1391 648 1554 698 Patre
1604 647 1856 714 Filioque
1888 645 2158 715 procedit.

469 741 634 792 Iinita
686 753 936 808 namque
1002 737 1298 805 plenitudo
1348 734 1664 787 divinitatis
1718 734 1900 786 Patris
1959 738 2042 785 est
2105 737 2162 784 ct

467 828 593 882 Filii
626 843 637 880 :
674 843 801 880 nam
856 842 984 878 cum
1029 825 1097 877 sit
1134 826 1301 894 plena
1335 822 1602 876 divinitas
1655 822 1852 886 Patris,
1905 827 1961 874 et
1993 822 2163 890 plena

464 917 725 972 divinitas
772 915 917 978 Filii,
961 914 1094 983 quia
1156 913 1422 982 perfecta,
1473 911 1609 982 quia
1661 928 1776 963 non
1818 911 2008 964 valens
2062 927 2162 962 au-

464 1005 614 1074 geri;
647 1005 721 1056 ita
767 1009 957 1056 tamen
988 1001 1170 1064 unita,
1205 1007 1268 1053 ut
1310 1017 1424 1054 non
1472 1001 1597 1052 duas
1630 998 2031 1070 plenitudines,
2065 999 2162 1051 sed

464 1109 579 1146 una
641 1092 981 1161 plenitudo;
1041 1090 1186 1142 sicut
1245 1105 1348 1142 nec
1404 1089 1531 1142 duae
1591 1089 1850 1155 deitates,
1909 1088 2001 1141 sed
2050 1104 2163 1140 una

463 1182 642 1234 deitas
671 1185 727 1232 et
775 1179 1014 1242 dicatur,
1050 1183 1106 1230 et
1133 1178 1372 1242 existat;
1419 1183 1474 1229 et
1502 1177 1570 1229 de
1616 1177 1720 1230 hac
1769 1179 1931 1229 unita
1977 1177 2160 1246 pleni-

463 1268 660 1320 tudine
694 1267 872 1320 Patris
905 1273 958 1318 et
994 1266 1118 1318 Filii
1162 1264 1439 1334 procedit,
1477 1268 1680 1332 plenus
1727 1273 1782 1316 et
1808 1264 1929 1333 ipse
1979 1263 2162 1316 consi-

464 1364 618 1410 stens
648 1359 812 1417 Deus,
847 1354 983 1425 quia
1006 1371 1117 1407 non
1153 1355 1342 1406 valens
1371 1353 1666 1421 augmenti
1702 1353 1950 1422 recipere
1982 1369 2159 1422 quan-

465 1445 706 1497 titatem.
765 1443 822 1496 Si
880 1443 1034 1494 enim
1081 1444 1244 1512 juxta
1293 1458 1497 1494 novam
1559 1443 1818 1494 haeresim
1873 1441 1940 1494 dc
1997 1442 2159 1494 Patre

464 1537 686 1584 tantum
734 1530 989 1599 procedit
1040 1529 1304 1598 Spiritus,
1340 1545 1457 1581 non
1495 1530 1564 1581 de
1597 1530 1754 1582 unita
1803 1529 2160 1598 plenitudine

465 1620 738 1689 procedit,
790 1618 1062 1687 quoniam
1123 1634 1236 1669 non
1287 1623 1370 1670 est
1424 1617 1541 1669 illic
1583 1617 1962 1670 communitas
2011 1617 2156 1682 Filii,

465 1708 832 1776 singularitas
873 1705 970 1758 ubi
1028 1711 1110 1758 est
1158 1706 1356 1758 Patris.
1419 1706 1514 1758 Est
1560 1711 1750 1758 autem
1798 1707 1907 1758 hoc
1951 1706 2155 1759 falsum

463 1802 635 1864 atque
704 1795 983 1848 haeretica!
1043 1794 1337 1862 pravitatis
1394 1795 1654 1863 plenum.
1708 1793 1939 1847 Dicatur
1985 1795 2162 1863 igitur

457 1883 616 1952 juxta
657 1883 805 1935 beati
847 1882 1144 1934 Athanasii
1191 1881 1556 1944 sententiam,
1599 1883 1669 1936 de
1714 1883 1872 1935 unita
1903 1883 2159 1952 plenitu-

463 1971 596 2022 dine
647 1971 950 2039 procedere
1000 1970 1246 2038 Spiritus
1286 1974 1532 2035 sanctus,
1575 1971 1845 2040 quoniam
1903 1971 2162 2024 consistit

464 2059 532 2109 de.
568 2075 692 2109 vera
723 2058 930 2110 dcitate
966 2063 1081 2109 tam
1113 2058 1293 2110 Patris
1326 2075 1498 2128 quam
1527 2059 1651 2111 Filii
1680 2075 1845 2111 verus
1881 2060 2047 2112 Deus.

539 2147 675 2197 ltcm
717 2145 910 2197 infra:
965 2163 993 2194 α
1061 2147 1203 2214 Ergo
1255 2147 1391 2216 quia
1447 2147 1631 2200 dixit:
1703 2148 1873 2200 Verbo
1937 2148 2160 2200 Domini

464 2235 580 2286 σαιιί
631 2235 840 2292 ﬁrmati
885 2239 1029 2300 sunt,
1063 2239 1112 2286 et
1168 2235 1383 2302 Spiritu
1431 2238 1541 2288 oris
1600 2236 1717 2304 ejus
1769 2238 1938 2289 omnis
1982 2239 2158 2290 virtus

462 2337 642 2374 eorum
684 2324 853 2389 (I’sal.
896 2339 1067 2382 xxxii,
1119 2325 1192 2392 6),
1244 2339 1522 2393 cognosce
1564 2324 1672 2377 hoc
1729 2325 1975 2377 Verbum
2016 2325 2154 2378 sub-

464 2409 770 2461 stantivum
805 2425 916 2462 non
948 2411 1175 2463 aliunde
1206 2427 1379 2481 quam
1413 2412 1480 2464 de
1516 2413 1679 2465 Patre
1724 2412 2020 2482 proprium
2054 2429 2155 2466 na-

463 2501 585 2548 tum
625 2497 831 2561 fuisse;
864 2498 957 2549 sed
991 2503 1049 2550 et
1097 2497 1375 2566 Spiritum
1409 2498 1525 2551 oris
1557 2501 1682 2569 ejus
1725 2517 1852 2552 cum
1881 2500 2156 2569 Spiritum

463 2585 623 2648 dixit,
657 2587 755 2654 qui
789 2585 856 2637 de
885 2585 1007 2654 ipsa
1040 2588 1204 2638 unita
1237 2587 1559 2639 substantia
1584 2588 1874 2656 processit.
1905 2610 1932 2636 ››
1961 2588 2156 2641 Ariani

464 2674 755 2743 negabant
786 2681 901 2726 tam
933 2675 1135 2727 Filium
1169 2691 1341 2744 quam
1376 2675 1648 2744 Spiritum
1685 2683 1940 2728 sanctum
1975 2677 2157 2730 Patris

463 2779 584 2814 esse
606 2762 1142 2820 consubstantiales.
1169 2769 1224 2815 et
1255 2763 1385 2816 ideo
1417 2779 1520 2832 per
1550 2763 1726 2816 totius
1754 2764 2156 2834 disputationis

461 2856 676 2903 textum
730 2857 1074 2919 przesentem
1124 2855 1240 2903 tam
1293 2850 1417 2903 Filii
1469 2867 1642 2920 quam
1688 2853 1865 2904 sancti
1913 2853 2155 2922 Spiritus

1612 242 1978 300 RATRAMNI
2016 241 2478 300 CORBEIENSIS
2516 240 2822 297 MONACIII

3864 242 3963 294 1³00

2555 393 2751 431 verum
2812 377 2880 429 de
2948 377 3118 430 rebus
3200 375 3596 430 materialibus
3659 377 3963 448 sumpsisse

2272 467 2685 521 similitudinem
2746 466 2868 535 ejus
2930 467 3034 532 rei,
3104 481 3230 535 qua!
3295 481 3410 518 non
3487 471 3572 518 est
3635 467 3961 530 materialis,

2271 557 2356 608 vel
2399 557 2520 608 loco
2563 554 2890 618 divisibilis;
2934 559 2989 608 et
3028 571 3142 607 non
3180 570 3243 607 ex
3283 559 3418 618 toto,
3463 555 3559 608 sed
3602 571 3704 624 pro
3760 559 3958 624 parte:

2272 661 2385 697 non
2436 644 2592 698 enim
2641 648 2897 697 creatura
2949 648 3136 712 potest
3183 659 3249 695 ex
3303 643 3460 694 omni
3506 650 3666 711 parte
3714 644 3962 695 Creatori

2271 732 2585 786 consimilis
2652 731 2918 794 inveniri,
2984 748 3097 801 qua
3163 731 3230 784 de
3289 747 3346 783 re
3410 747 3640 783 sensum
3694 731 3962 785 debemus

2273 823 2465 892 potius
2527 821 2920 892 intelligentim
2988 821 3365 890 perpendere.
3419 821 3560 874 Dicit
3616 821 3792 884 enim,
3853 838 3961 874 non

2276 911 2410 979 quia
2467 911 2712 979 Spiritus
2758 917 2984 963 sanctus
3042 911 3110 963 de
3167 911 3331 962 Patre
3391 910 3646 979 Filioque
3704 910 3961 978 procedit

2270 1003 2542 1068 tanquam
2575 999 2643 1052 de
2676 998 2899 1052 duobus
2933 998 3102 1067 lignis
3145 1014 3292 1050 unus
3320 997 3470 1066 ignis
3501 1004 3558 1050 et
3609 997 3962 1067 inseparabi-

2271 1088 2358 1153 lis,
2411 1088 2686 1156 Spiiitum
2741 1092 2999 1139 sanctum
3056 1086 3266 1138 idcirco
3315 1085 3696 1154 separabilem
3753 1087 3957 1151 videri;

2271 1177 2353 1227 vel
2388 1180 2663 1246 tanquam
2705 1175 2849 1228 duos
2887 1175 3141 1244 spiritus,
3188 1191 3366 1227 unum
3411 1174 3592 1227 Patris
3628 1182 3684 1228 et
3723 1176 3958 1228 alterum

2272 1263 2418 1328 Filii,
2449 1264 2540 1317 sed
2564 1280 2741 1316 unum
2769 1263 3152 1333 eumdemqne
3175 1264 3451 1332 Spiritum
3478 1269 3756 1325 sanctum,
3787 1281 3956 1316 unam

2270 1352 2650 1422 eamdemque
2680 1352 2909 1405 deitatis
2941 1353 3208 1404 virtutem
3240 1352 3569 1418 habentem,
3593 1368 3766 1421 quam
3797 1351 3960 1404 habet

2273 1441 2435 1493 Pater
2460 1445 2515 1494 ct
2547 1441 2740 1506 Filius,
2788 1457 2820 1493 a
2867 1441 3074 1511 quibus
3105 1441 3382 1510 procedit.
3436 1440 3545 1492 Nec
3579 1441 3685 1492 hoc
3738 1439 3824 1492 vel
3874 1440 3963 1492 im-

2268 1529 2561 1597 possibile,
2614 1530 2699 1582 vel
2741 1529 3073 1582 incredibile
3125 1529 3326 1588 videri.
3382 1529 3654 1598 quoniam
3696 1528 3753 1580 in
3795 1528 3960 1581 rebus

2271 1616 2661 1669 materialibus
2721 1617 3047 1669 inveniatur
3108 1617 3325 1686 aliquid
3395 1617 3463 1669 de
3535 1616 3760 1670 duobus
3813 1617 3960 1668 nasci

2269 1705 2422 1774 quod
2455 1705 2818 1775 singulariter
2849 1705 3136 1765 subsistat.
3172 1722 3272 1758 nec
3314 1706 3647 1758 dualitatem
3703 1705 3955 1772 recipiat.

2268 1796 2406 1847 Item
2449 1793 2508 1847 in
2540 1794 2737 1847 eodem
2781 1793 2924 1847 libro
2960 1809 2971 1846 :
3011 1815 3037 1841 ‹‹
3073 1795 3240 1847 Pater
3290 1794 3347 1846 in
3393 1794 3553 1857 Filio,
3604 1799 3660 1846 et
3702 1793 3876 1846 Filius
3909 1794 3959 1846 in

2270 1883 2474 1948 Patre;
2534 1882 2778 1952 Spiritus
2856 1889 3044 1935 autem
3088 1887 3315 1935 sanctus
3373 1882 3699 1951 conjunctio
3758 1882 3961 1935 divina!

2269 1971 2512 2031 virtutis,
2553 1977 2608 2024 et
2657 1971 2844 2023 unitas
2874 1971 3184 2024 Trinitatis.
3224 1992 3250 2018 ››
3300 1972 3428 2024 Hinc
3467 1971 3661 2023 dicens
3711 1969 3960 2022 ostendit

2266 2059 2538 2128 Spiritum
2593 2065 2850 2112 sanctum
2909 2059 3245 2112 charitatem
3279 2075 3399 2112 esse
3458 2058 3639 2112 Patris
3699 2063 3754 2110 ct
3810 2059 3956 2122 Filii,

2266 2163 2453 2216 neque
2486 2145 2638 2198 enim
2672 2145 2824 2198 aliud
2859 2152 2941 2198 est
2966 2163 3078 2216 quo
3115 2147 3404 2215 potentius
3447 2151 3502 2199 et
3531 2146 3959 2199 convenientius

2264 2236 2456 2288 unitas
2510 2240 2715 2287 sanctae
2737 2235 3027 2287 Trinitatis
3059 2235 3406 2304 perliciatur.
3463 2236 3584 2289 Non
3637 2241 3830 2288 tamen
3884 2236 3958 2287 sic

2265 2323 2660 2392 accipiendum
2709 2324 2798 2376 hic
2844 2324 3198 2388 charitatem,
3251 2340 3377 2394 qum
3425 2329 3510 2376 cst
3547 2323 3789 2392 Spiritus
3833 2339 3959 2376 san-

2264 2417 2405 2476 ctus,
2442 2417 2504 2464 ut
2537 2412 2607 2464 sit
2637 2413 2898 2481 qualitas,
2934 2418 2990 2464 et
3040 2429 3152 2464 non
3183 2413 3524 2476 substantia,
3558 2428 3687 2465 cum
3732 2428 3850 2464 una
3893 2411 3963 2463 sit

2264 2515 2508 2569 persona
2573 2505 2777 2552 sanctas
2841 2499 3150 2553 Trinitatis.
3222 2499 3694 2568 Conjunctionem
3762 2505 3955 2552 autem

2264 2588 2514 2657 appellat
2557 2587 2830 2656 Spiritum
2884 2595 3166 2652 sanctum,
3213 2592 3296 2641 vel
3352 2588 3635 2641 unitatem
3677 2589 3862 2641 Patris
3908 2595 3962 2639 et

2267 2676 2412 2742 Filii,
2447 2677 2723 2746 quoniam
2754 2677 2823 2730 de
2855 2681 3097 2746 utroque
3128 2677 3443 2747 procedens
3479 2683 3789 2747 utrumque
3817 2693 3954 2729 con-

2260 2765 2475 2835 jungit,
2511 2781 2746 2818 manens
2781 2765 2902 2835 ipse
2943 2783 3056 2818 non
3097 2766 3338 2831 divisus,
3387 2782 3504 2818 non
3547 2772 3865 2835 separatus,
3908 2769 3962 2818 et

2263 2853 2788 2921 consubstantialis,
2841 2854 3116 2924 quoniam
3186 2861 3393 2908 sanctae
3460 2854 3748 2908 Trinitatis
3818 2871 3966 2907 unus

463 2938 1006 2991 consubstantialem
1059 2938 1330 2991 deitatem
1387 2939 1537 2991 Patri
1597 2940 1890 2994 contendit
1939 2957 2152 3011 appro-
2195 2975 2235 3030 ε
2269 2942 2485 2996 existit.

465 3028 598 3080 hare
637 3043 649 3080 :
684 3027 1172 3096 quemadmodum
1224 3029 1346 3080 loco
1375 3029 1664 3096 praesenti,
1709 3028 1890 3082 Verbo
1928 3031 2153 3083 Domini

461 3116 631 3168 caelos
698 3115 952 3167 tirmatos
1007 3115 1220 3181 dicens,
1285 3116 1413 3168 Filii
1479 3116 1877 3185 divinitatem;
1939 3117 2156 3187 Spiritu

461 3218 592 3254 vero
624 3201 739 3254 oris
771 3202 894 3271 ejus
925 3217 1156 3255 omnem
1200 3201 1468 3256 virtutem
1497 3220 1716 3268 eorum,
1753 3205 1998 3274 Spiritus
2024 3222 2153 3259 san-

460 3290 532 3343 cti
564 3290 1215 3342 consubstantialitatem
1258 3291 1558 3360 signiﬁcat.
1599 3293 1670 3344 De
1723 3309 1835 3362 quo
1863 3293 2157 3362 subjungit

461 3378 658 3443 etiam,
694 3377 842 3446 quod
891 3378 959 3430 de
994 3379 1115 3446 ipsa
1157 3379 1317 3431 unita
1357 3380 1672 3431 substantia
1713 3381 2005 3449 processit.
2058 3382 2152 3434 In-

459 3465 696 3518 sinuans
742 3465 996 3533 profecto
1041 3466 1189 3534 quod
1241 3467 1309 3518 de
1359 3467 1518 3518 Patre
1565 3467 1820 3536 Filioque
1862 3469 2153 3537 procedat,

463 3567 706 3622 quorum
750 3557 834 3604 est
855 3552 1017 3603 unita
1047 3552 1384 3605 substantia.
1416 3553 1556 3605 Hinc
1585 3561 1997 3623 consequenter
2026 3556 2107 3610 ait
2137 3574 2149 3610 :

464 3657 492 3687 «
524 3639 614 3691 Sic
643 3643 830 3691 autem
866 3639 1190 3692 invenimus
1221 3655 1338 3692 non
1369 3656 1434 3692 ex
1463 3640 1573 3693 alia
1613 3647 1818 3694 natura
1859 3659 2031 3713 quam
2083 3645 2152 3698 de

459 3727 600 3796 ipsa.
636 3749 661 3774 ››
695 3727 1044 3781 Subauditur
1073 3744 1193 3782 esse
1227 3727 1503 3798 Spiritum
1556 3735 1833 3784 sanctum.
1881 3732 2148 3802 Blasphe-

461 3817 692 3868 mabant
715 3815 913 3869 Ariani
941 3816 1217 3887 Spiritum
1260 3823 1518 3870 sanctum
1549 3834 1618 3872 ex
1651 3818 1762 3872 alia
1791 3825 1997 3874 natura
2026 3821 2149 3875 fore

459 3921 630 3975 quam
682 3906 751 3957 sit
785 3906 948 3958 Pater
982 3922 993 3958 :
1026 3922 1158 3959 nam
1182 3905 1601 3959 contendebant
1653 3923 1784 3960 eum
1837 3924 1957 3961 esse
1989 3925 2146 3962 crea-

457 3999 665 4046 turam.
699 3993 850 4056 Quos
885 3994 1192 4063 explodcns
1223 3994 1422 4046 beatus
1453 3995 1811 4060 Athanasius,
1850 3995 1986 4048 dicit
2015 4013 2145 4050 eum

456 4097 568 4133 non
613 4097 678 4133 ex
718 4082 828 4133 alia
878 4086 1079 4133 natura
1131 4098 1255 4134 esse
1304 4097 1476 4152 quam
1530 4083 1715 4146 Pater,
1764 4088 1824 4135 et
1873 4083 1942 4136 de
1987 4086 2145 4137 unita

2337 3031 2478 3083 Item
2522 3030 2579 3083 in
2628 3031 2820 3084 libello
2873 3030 3029 3084 Fidei
3077 3031 3194 3100 (tib.
3249 3047 3283 3084 ιι
3341 3031 3405 3084 de
3453 3031 3583 3099 ﬁdei
3629 3033 3846 3084 unitate
3894 3032 3967 3084 ad

2270 3118 2637 3188 Theophilum)
2685 3117 2764 3170 sic
2809 3117 2934 3170 ait:
2995 3141 3014 3166 ‹
3059 3119 3224 3171 Pater
3267 3134 3434 3171 verus
3500 3117 3699 3186 genuit
3755 3117 3964 3169 Filium

2264 3219 2484 3271 verum,
2543 3206 2721 3258 Deum
2755 3205 2823 3258 de
2858 3206 2993 3270 Deo,
3041 3206 3238 3258 lumen
3287 3205 3356 3258 de
3389 3206 3626 3270 lumine,
3671 3204 3852 3257 vitam
3898 3220 3963 3256 ex

2260 3292 2389 3353 vita.
2429 3293 2746 3362 perfectum
2780 3293 2848 3347 de
2883 3293 3153 3363 perfecto,
3196 3299 3383 3347 totum
3413 3310 3444 3346 a
3476 3299 3615 3359 toto,
3652 3294 3894 3362 plenum
3925 3309 3956 3344 a

2261 3382 2472 3449 pleno;
2517 3397 2633 3434 non
2682 3387 2956 3445 creatum,
3005 3383 3102 3436 sed
3135 3383 3419 3449 genitum.
3471 3397 3586 3434 non
3633 3398 3699 3434 ex
3744 3383 3950 3446 nihilo,

2263 3468 2361 3521 sed
2402 3485 2431 3520 a
2473 3471 2654 3529 Patre.
2691 3469 2862 3523 unius
2905 3469 3238 3523 substantiae
3279 3487 3409 3523 cum
3441 3472 3645 3524 Patre:
3681 3475 3738 3524 et
3781 3471 3962 3540 Spiri-

2260 3560 2380 3609 tum
2423 3563 2683 3611 sanctum
2726 3575 2924 3613 verum
2971 3561 3168 3624 Deum,
3217 3575 3333 3612 non
3377 3559 3726 3628 ingenitum,
3774 3575 3966 3629 neque

2260 3645 2538 3712 genitum,
2589 3662 2705 3699 non
2760 3652 3034 3713 creatum,
3086 3663 3189 3700 nec
3238 3649 3472 3706 factum,
3517 3647 3614 3700 sed
3669 3648 3860 3701 Patris
3909 3653 3965 3700 et

2264 3733 2410 3798 Filii,
2467 3750 2694 3805 semper
2735 3735 2792 3788 in
2854 3737 3015 3789 Patre
3047 3739 3102 3788 et
3150 3736 3372 3788 Filio.»
3423 3737 3487 3789 Et
3535 3737 3626 3789 hic
3679 3736 3966 3806 Spiritum

2258 3827 2517 3876 sanctum
2550 3839 2654 3877 nec
2693 3825 2952 3894 genitum
2991 3825 3128 3878 dicit
3169 3840 3310 3892 esse,
3355 3841 3459 3877 nec
3498 3825 3850 3895 ingenitum,
3895 3843 3962 3879 eo

2257 3911 2409 3981 quod
2459 3913 2632 3965 Filius
2673 3913 2747 3967 sit
2784 3913 3034 3982 genitus,
3085 3913 3228 3966 sicut
3271 3913 3533 3983 superius
3576 3913 3739 3981 dixit,
3792 3916 3970 3968 Pater

2258 4005 2450 4052 autem
2483 3999 2798 4070 ingenitus,
2840 4019 2942 4055 nec
2981 4006 3173 4055 tamen
3212 4008 3518 4073 propterea
3555 4003 3643 4055 vel
3672 4010 3962 4067 creatum,

2255 4088 2338 4140 vel
2375 4087 2602 4154 factum,
2636 4105 2763 4142 cum
2797 4090 2868 4142 sit
2920 4090 3100 4143 Patris
3141 4095 3198 4144 et
3239 4090 3360 4144 Filii
3406 4090 3672 4160 Spiritus,
3721 4108 3964 4162 semper

457 4167 770 4219 substantia
816 4168 994 4219 Patris
1038 4167 1277 4236 Filiique
1322 4169 1680 4238 processisse.
1735 4173 1812 4222 Ac
1887 4186 1988 4240 per
2040 4173 2145 4226 hoc
2256 4175 2317 4226 in
2369 4176 2531 4228 Patre
2573 4183 2629 4228 et
2679 4177 2820 4229 Filio
2869 4194 3231 4246 permanens.
3287 4178 3485 4232 Dicens
3531 4185 3724 4233 autem
3775 4181 3968 4234 Patris

456 4260 696 4306 testatur
725 4255 942 4306 unitam
981 4271 1100 4307 esse
1150 4256 1332 4308 Patris
1382 4260 1438 4308 et
1485 4256 1610 4309 Filii
1654 4262 1710 4309 et
1740 4256 1981 4327 Spiritus
2017 4277 2148 4313 san-
2190 4269 2230 4320 D
2263 4262 2502 4333 Filiique
2533 4279 2653 4316 esse
2693 4264 2990 4333 Spiritum,
3031 4282 3146 4319 non
3198 4272 3389 4319 tamen
3431 4273 3709 4332 creatum,
3767 4285 3966 4340 neque

455 4343 524 4393 cti
553 4341 949 4407 substantiam,
975 4357 1146 4412 quam
1176 4343 1352 4396 Graeci
1385 4343 1583 4396 dicunt
1613 4343 1794 4395 οὐσίαν
1838 4351 1893 4398 ct
1927 4347 2145 4402 unitam
2256 4351 2489 4417 factum,
2525 4353 2776 4406 ostendit
2815 4353 2883 4407 ab
2920 4360 3161 4424 utroque
3205 4355 3632 4424 procedentem,
3675 4359 3778 4426 qui
3830 4365 3971 4412 tan-

455 4430 829 4498 ejusdemque
860 4445 982 4482 esse
1015 4430 1306 4482 Trinitatis
1335 4432 1751 4502 operationem.
2254 4455 2428 4508 quam
2458 4441 2957 4495 consubstantialis
2989 4449 3044 4495 et
3072 4449 3390 4496 cowternus
3417 4444 3473 4497 in
3507 4445 3671 4498 Patre
3703 4445 3785 4499 sit
3814 4463 3968 4500 sem-

523 4525 547 4549 ⁸
580 4517 640 4570 In
674 4517 820 4570 libro
854 4523 1049 4570 octavo
1091 4536 1104 4571 :
1141 4538 1168 4568 (ί
1203 4519 1500 4582 Quomodo
1528 4537 1662 4591 ergo
1691 4522 1802 4575 duo
1834 4521 1991 4592 ligna
2015 4539 2146 4578 con-
2253 4543 2355 4597 per
2395 4528 2534 4581 etin
2567 4529 2726 4595 Filio,
2761 4546 2874 4600 quo
2906 4536 3115 4584 sanctae
3143 4532 3434 4585 Trinitatis
3464 4533 3657 4586 unitos
3689 4549 3800 4588 nec
3836 4537 3965 4589 loco

446 4604 646 4673 juncta
677 4604 850 4657 missa
878 4606 937 4657 in
969 4606 1259 4660 fornacem
1306 4607 1478 4677 ignis,
1527 4614 1582 4661 et
1622 4608 1690 4662 de
1721 4609 1938 4663 duobus
1973 4611 2142 4682 lignis
2252 4632 2356 4670 nec
2385 4621 2644 4688 tempore
2679 4619 3010 4687 separabilis
3041 4625 3243 4674 exstat.
3287 4621 3426 4674 Item
3457 4619 3518 4674 in
3549 4621 3696 4674 libro
3727 4622 3970 4677 decimo

450 4691 710 4760 procedit
753 4693 983 4745 llamma
1013 4693 1431 4762 inseparabilis,
1477 4695 1555 4747 sic
1599 4695 1667 4749 de
1718 4697 1880 4749 Patre
1929 4703 1986 4751 et
2019 4699 2141 4752 Filii
2251 4721 2471 4773 ponens
2515 4707 2910 4759 testimonium
2957 4707 3209 4777 Apostoli
3248 4707 3532 4761 dicentis:
3571 4729 3596 4754 α
3640 4709 3776 4773 Quis
3825 4715 3976 4763 enim

450 4779 658 4832 virtute
717 4781 975 4848 procedit
1027 4780 1271 4850 Spiritus
1323 4788 1572 4847 sanctus,
1627 4783 1812 4852 ipsam
1869 4785 2140 4840 virtutem
2249 4795 2498 4858 cognovit
2526 4809 2738 4846 sensum
2769 4797 2986 4848 Domini
3026 4798 3124 4863 qui
3163 4799 3403 4849 instruat
3433 4798 3591 4849 eum?
3623 4798 3731 4850 Nos
3777 4805 3976 4852 autem

448 4867 674 4920 deitatis
740 4868 976 4921 habens.
1018 4890 1038 4915 ι»
1105 4870 1282 4922 Nemo
1345 4877 1508 4940 putet
1560 4871 1736 4923 Deum
1797 4874 2020 4926 Patrem
2085 4884 2142 4928 et
2247 4894 2461 4934 sensum
2503 4881 2711 4936 Christi
2743 4883 2998 4936 habemus
3045 4885 3100 4948 (ι
3134 4886 3262 4937 Cor.
3317 4901 3377 4950 Il,
3417 4887 3520 4950 t6).
3555 4884 3730 4948 »Quo
3770 4888 3977 4956 posito

449 4957 627 5009 Deum
660 4957 865 5010 Filium
897 4963 1172 5027 tanquam
1208 4957 1319 5011 duo
1351 4959 1505 5027 ligna
1539 4959 1707 5012 unius
1737 4962 1985 5014 flamma:
2035 4979 2139 5017 νο-
2248 4968 2545 5037 subjungit
2589 4985 2603 5022 :
2660 4970 2963 5024 «Sensum
3007 4977 3200 5026 autem
3250 4973 3379 5026 Jesu
3445 4973 3651 5026 Christi
3703 4973 3768 5027 in
3829 4977 3974 5030 sub-

445 5044 620 5098 luisse
653 5044 842 5098 dicere
890 5045 1125 5098 beatum
1158 5045 1534 5099 Athanasium
1568 5047 1853 5115 subjectos
1897 5049 2140 5118 Spiritui
2249 5057 2457 5109 stantia
2515 5056 2751 5127 propria
2805 5059 3107 5129 Apostolus
3161 5059 3436 5130 Spiritum
3507 5067 3776 5116 sanctum
3837 5080 3971 5118 esse

517 5177 540 5200 ⁸
572 5169 633 5221 In
666 5168 804 5220 litro
855 5172 1062 5222 θεῖαι-ο.
1107 5168 1166 5222 Si
1208 5169 1362 5222 edita
1412 5169 1694 5231 consulas,
1756 5171 1876 5225 haec
1921 5187 2036 5226 non
2078 5174 2138 5226 in

447 5238 592 5290 libro
641 5248 838 5290 octavo
888 5244 1158 5292 tractatus
1197 5241 1266 5292 de
1307 5241 1554 5308 propriis
1598 5243 1877 5304 Persouis,
1926 5245 2022 5297 sed
2078 5246 2138 5297 in

445 5311 663 5380 decimo
689 5310 758 5361 de
798 5309 932 5361 tidei
975 5309 1199 5362 Unitate
1230 5312 1497 5379 reperies.
1529 5315 1614 5364 Au
1639 5312 1817 5380 igitur
1843 5315 2139 5368 Athanasii

443 5378 630 5430 locum
655 5396 687 5430 a
715 5380 1022 5454 Hatramno
1056 5383 1218 5454 ma|e_
1241 5378 1553 5454 indicatum
1581 5378 1878 5437 dicemus?
1913 5385 2136 5454 Nequa-

443 5463 616 5524 quam
640 5467 655 5512 ;
677 5465 814 5524 Anam
846 5455 902 5504 et
932 5452 1154 5524 (Encas,
1189 5451 1521 5524 Parisiensis
1545 5454 1862 5522 episcopus,
1895 5451 2027 5524 cup:
2074 5459 2136 5508 15

444 5518 573 5570 libri
622 5519 891 5573 adversus
933 5523 1156 5574 Graecos
1203 5520 1372 5590 intra,
1405 5538 1436 5574 e
1469 5518 1613 5574 libro
1657 5518 1854 5578 octavo
1897 5518 1978 5578 dc.
2004 5527 2136 5581 tidei

2252 5177 2476 5231 Unitate
2518 5179 2716 5232 eadem
2774 5181 3015 5234 attexuit
3059 5181 3258 5235 iisdem
3307 5183 3510 5236 verbis.
3561 5183 3976 5246 Quamobrem

2249 5249 2513 5322 librarios
2573 5250 2897 5322 Batramno
2932 5259 2989 5304 et
3038 5254 3211 5305 Alnea
3272 5255 3616 5322 posteriores
3678 5257 3979 5312 ordinem

2247 5318 2560 5394 Iibroru_m_
2611 5321 2900 5394 Athanasii
2983 5318 3288 5376 invertisse
3349 5325 3534 5377 dicere
3622 5327 3979 5394 malumus;

2245 5396 2418 5468 atque
2464 5389 2598 5468 inde
2628 5391 2762 5468 ‘ﬁeri
2803 5398 2867 5468 ut
2907 5407 3052 5468 quia
3087 5394 3166 5468 ab_
3207 5395 3456 5468 antiquis
3514 5411 3544 5468 e
3589 5411 3818 5462 magno
3871 5389 3980 5453 illo

2246 5459 2368 5513 viro
2397 5459 2679 5530 exscripta
2706 5467 2858 5527 sunt,
2891 5459 3009 5516 non
3038 5464 3119 5518 ita
3139 5463 3305 5519 facile
3339 5459 3729 5520 inveniantur.
