  <div class='ocr_page' id='page_1' title='image "/cluster/home/n/w/nwhite01/storage/ocr_20150623/121/hvd.32044054759832/156.png"; bbox 0 0 4130 6184; ppageno 0'>
   <div class='ocr_carea' id='block_1_1' title="bbox 204 245 298 298">
    <p class='ocr_par' dir='ltr' id='par_1_1' title="bbox 204 245 298 298">
     <span class='ocr_line' id='line_1_1' title="bbox 204 245 298 298; baseline 0.011 -1"><span class='ocrx_word' id='word_1_1' title='bbox 204 245 298 298; x_wconf 73' lang='grc'><strong>301</strong></span> 
     </span>
    </p>
   </div>
   <div class='ocr_carea' id='block_1_2' title="bbox 1205 244 2716 301">
    <p class='ocr_par' dir='ltr' id='par_1_2' title="bbox 1205 244 2716 301">
     <span class='ocr_line' id='line_1_2' title="bbox 1205 244 2716 301; baseline 0.001 -2"><span class='ocrx_word' id='word_1_2' title='bbox 1205 244 1471 300; x_wconf 82' lang='lat' dir='ltr'><strong>CONTRA</strong></span> <span class='ocrx_word' id='word_1_3' title='bbox 1515 244 1912 300; x_wconf 62' lang='lat' dir='ltr'><strong>GRECORUM</strong></span> <span class='ocrx_word' id='word_1_4' title='bbox 1954 245 2309 301; x_wconf 83' lang='lat' dir='ltr'><strong>OPPOSlTA.</strong></span> <span class='ocrx_word' id='word_1_5' title='bbox 2335 276 2402 284; x_wconf 87' lang='lat'><strong>-—-</strong></span> <span class='ocrx_word' id='word_1_6' title='bbox 2436 244 2572 301; x_wconf 84' lang='lat' dir='ltr'><strong>LIB.</strong></span> <span class='ocrx_word' id='word_1_7' title='bbox 2619 245 2716 300; x_wconf 85' lang='lat' dir='ltr'><strong>Ill.</strong></span> 
     </span>
    </p>
   </div>
   <div class='ocr_carea' id='block_1_3' title="bbox 3605 253 3710 307">
    <p class='ocr_par' dir='ltr' id='par_1_3' title="bbox 3605 253 3710 307">
     <span class='ocr_line' id='line_1_3' title="bbox 3605 253 3710 307; baseline 0.01 -2"><span class='ocrx_word' id='word_1_8' title='bbox 3605 253 3710 307; x_wconf 72' lang='lat'><strong>30?.</strong></span> 
     </span>
    </p>
   </div>
   <div class='ocr_carea' id='block_1_4' title="bbox 201 376 3711 452">
    <p class='ocr_par' dir='ltr' id='par_1_4' title="bbox 201 376 3711 452">
     <span class='ocr_line' id='line_1_4' title="bbox 201 376 3711 452; baseline 0.002 -23"><span class='ocrx_word' id='word_1_9' title='bbox 201 377 496 448; x_wconf 82' lang='lat' dir='ltr'><strong>professus</strong></span> <span class='ocrx_word' id='word_1_10' title='bbox 526 382 631 448; x_wconf 75' lang='lat' dir='ltr'><strong>est.</strong></span> <span class='ocrx_word' id='word_1_11' title='bbox 686 398 713 426; x_wconf 81' lang='grc'><strong>››</strong></span> <span class='ocrx_word' id='word_1_12' title='bbox 761 376 1145 431; x_wconf 89' lang='lat' dir='ltr'><strong>Substantiam</strong></span> <span class='ocrx_word' id='word_1_13' title='bbox 1185 377 1475 448; x_wconf 84' lang='lat' dir='ltr'><strong>propriam</strong></span> <span class='ocrx_word' id='word_1_14' title='bbox 1517 377 1723 432; x_wconf 81' lang='lat' dir='ltr'><strong>Christi</strong></span> <span class='ocrx_word' id='word_1_15' title='bbox 1772 378 1898 432; x_wconf 87' lang='lat' dir='ltr'><strong>bea-</strong></span> <span class='ocrx_word' id='word_1_16' title='bbox 1935 381 1981 433; x_wconf 87' lang='lat' dir='ltr'><strong>A</strong></span> <span class='ocrx_word' id='word_1_17' title='bbox 2009 379 2274 432; x_wconf 88' lang='lat' dir='ltr'><strong>tenderet</strong></span> <span class='ocrx_word' id='word_1_18' title='bbox 2305 379 2409 432; x_wconf 93' lang='lat' dir='ltr'><strong>hoc</strong></span> <span class='ocrx_word' id='word_1_19' title='bbox 2434 395 2553 432; x_wconf 85' lang='lat' dir='ltr'><strong>esse</strong></span> <span class='ocrx_word' id='word_1_20' title='bbox 2586 395 2620 432; x_wconf 89' lang='lat' dir='ltr'><strong>a</strong></span> <span class='ocrx_word' id='word_1_21' title='bbox 2659 396 2718 433; x_wconf 92' lang='lat' dir='ltr'><strong>se</strong></span> <span class='ocrx_word' id='word_1_22' title='bbox 2763 381 3040 450; x_wconf 69' lang='lat' dir='ltr'><strong>accipere,</strong></span> <span class='ocrx_word' id='word_1_23' title='bbox 3091 381 3243 452; x_wconf 89' lang='lat' dir='ltr'><strong>quod</strong></span> <span class='ocrx_word' id='word_1_24' title='bbox 3275 385 3359 435; x_wconf 88' lang='lat' dir='ltr'><strong>est</strong></span> <span class='ocrx_word' id='word_1_25' title='bbox 3407 383 3577 437; x_wconf 89' lang='lat' dir='ltr'><strong>etiam</strong></span> <span class='ocrx_word' id='word_1_26' title='bbox 3641 387 3711 437; x_wconf 91' lang='lat' dir='ltr'><strong>de</strong></span> 
     </span>
    </p>
   </div>
   <div class='ocr_carea' id='block_1_5' title="bbox 204 463 1904 536">
    <p class='ocr_par' dir='ltr' id='par_1_5' title="bbox 204 463 1904 536">
     <span class='ocr_line' id='line_1_5' title="bbox 204 463 1904 536; baseline 0.001 -17"><span class='ocrx_word' id='word_1_27' title='bbox 204 473 292 519; x_wconf 88' lang='lat' dir='ltr'><strong>tus</strong></span> <span class='ocrx_word' id='word_1_28' title='bbox 325 463 674 520; x_wconf 78' lang='lat' dir='ltr'><strong>Athanasius</strong></span> <span class='ocrx_word' id='word_1_29' title='bbox 714 467 962 536; x_wconf 87' lang='lat' dir='ltr'><strong>appellat</strong></span> <span class='ocrx_word' id='word_1_30' title='bbox 984 465 1352 536; x_wconf 60' lang='lat' dir='ltr'><strong>[divinitatem</strong></span> <span class='ocrx_word' id='word_1_31' title='bbox 1383 468 1524 536; x_wconf 87' lang='lat' dir='ltr'><strong>ejus,</strong></span> <span class='ocrx_word' id='word_1_32' title='bbox 1570 468 1731 535; x_wconf 84' lang='lat' dir='ltr'><strong>cujus</strong></span> <span class='ocrx_word' id='word_1_33' title='bbox 1773 468 1904 520; x_wconf 88' lang='lat' dir='ltr'><strong>sub-</strong></span> 
     </span>
    </p>
   </div>
   <div class='ocr_carea' id='block_1_6' title="bbox 205 554 1902 625">
    <p class='ocr_par' dir='ltr' id='par_1_6' title="bbox 205 554 1902 625">
     <span class='ocr_line' id='line_1_6' title="bbox 205 554 1902 625; baseline 0.002 -19"><span class='ocrx_word' id='word_1_34' title='bbox 205 555 432 608; x_wconf 66' lang='lat' dir='ltr'><strong>stantiae</strong></span> <span class='ocrx_word' id='word_1_35' title='bbox 490 571 719 608; x_wconf 86' lang='lat' dir='ltr'><strong>sensum</strong></span> <span class='ocrx_word' id='word_1_36' title='bbox 770 554 1046 624; x_wconf 91' lang='lat' dir='ltr'><strong>Spiritum</strong></span> <span class='ocrx_word' id='word_1_37' title='bbox 1089 559 1347 608; x_wconf 89' lang='lat' dir='ltr'><strong>sanctum</strong></span> <span class='ocrx_word' id='word_1_38' title='bbox 1399 572 1518 609; x_wconf 90' lang='lat' dir='ltr'><strong>esse</strong></span> <span class='ocrx_word' id='word_1_39' title='bbox 1566 557 1902 625; x_wconf 76' lang='lat' dir='ltr'><strong>profitetur:</strong></span> 
     </span>
    </p>
   </div>
   <div class='ocr_carea' id='block_1_7' title="bbox 205 643 1909 698">
    <p class='ocr_par' dir='ltr' id='par_1_7' title="bbox 205 643 1909 698">
     <span class='ocr_line' id='line_1_7' title="bbox 205 643 1909 698; baseline 0.001 -3"><span class='ocrx_word' id='word_1_40' title='bbox 205 659 436 696; x_wconf 86' lang='lat' dir='ltr'><strong>sensum</strong></span> <span class='ocrx_word' id='word_1_41' title='bbox 486 650 679 696; x_wconf 85' lang='lat' dir='ltr'><strong>autem</strong></span> <span class='ocrx_word' id='word_1_42' title='bbox 729 643 788 696; x_wconf 92' lang='lat' dir='ltr'><strong>in</strong></span> <span class='ocrx_word' id='word_1_43' title='bbox 835 644 942 696; x_wconf 90' lang='lat' dir='ltr'><strong>hoc</strong></span> <span class='ocrx_word' id='word_1_44' title='bbox 990 643 1114 697; x_wconf 91' lang='lat' dir='ltr'><strong>loco</strong></span> <span class='ocrx_word' id='word_1_45' title='bbox 1155 660 1267 696; x_wconf 91' lang='lat' dir='ltr'><strong>non</strong></span> <span class='ocrx_word' id='word_1_46' title='bbox 1308 644 1619 697; x_wconf 88' lang='lat' dir='ltr'><strong>secundum</strong></span> <span class='ocrx_word' id='word_1_47' title='bbox 1667 645 1909 698; x_wconf 80' lang='lat' dir='ltr'><strong>humani</strong></span> 
     </span>
    </p>
   </div>
   <div class='ocr_carea' id='block_1_8' title="bbox 205 733 1907 802">
    <p class='ocr_par' dir='ltr' id='par_1_8' title="bbox 205 733 1907 802">
     <span class='ocr_line' id='line_1_8' title="bbox 205 733 1907 802; baseline 0.001 -16"><span class='ocrx_word' id='word_1_48' title='bbox 205 733 466 802; x_wconf 87' lang='lat' dir='ltr'><strong>corporis</strong></span> <span class='ocrx_word' id='word_1_49' title='bbox 516 733 601 784; x_wconf 78' lang='lat' dir='ltr'><strong>vel</strong></span> <span class='ocrx_word' id='word_1_50' title='bbox 657 733 937 799; x_wconf 90' lang='lat' dir='ltr'><strong>auditum,</strong></span> <span class='ocrx_word' id='word_1_51' title='bbox 987 734 1071 785; x_wconf 85' lang='lat' dir='ltr'><strong>vel</strong></span> <span class='ocrx_word' id='word_1_52' title='bbox 1121 733 1304 786; x_wconf 85' lang='lat' dir='ltr'><strong>visum</strong></span> <span class='ocrx_word' id='word_1_53' title='bbox 1369 733 1756 799; x_wconf 87' lang='lat' dir='ltr'><strong>sentiendum,</strong></span> <span class='ocrx_word' id='word_1_54' title='bbox 1809 734 1907 787; x_wconf 91' lang='lat' dir='ltr'><strong>sed</strong></span> 
     </span>
    </p>
   </div>
   <div class='ocr_carea' id='block_1_9' title="bbox 205 821 1906 892">
    <p class='ocr_par' dir='ltr' id='par_1_9' title="bbox 205 821 1906 892">
     <span class='ocr_line' id='line_1_9' title="bbox 205 821 1906 892; baseline 0.001 -18"><span class='ocrx_word' id='word_1_55' title='bbox 205 821 526 874; x_wconf 85' lang='lat' dir='ltr'><strong>secundum</strong></span> <span class='ocrx_word' id='word_1_56' title='bbox 577 821 726 891; x_wconf 91' lang='lat' dir='ltr'><strong>quod</strong></span> <span class='ocrx_word' id='word_1_57' title='bbox 783 822 1138 892; x_wconf 77' lang='lat' dir='ltr'><strong>appellamus</strong></span> <span class='ocrx_word' id='word_1_58' title='bbox 1169 838 1398 876; x_wconf 89' lang='lat' dir='ltr'><strong>sensum</strong></span> <span class='ocrx_word' id='word_1_59' title='bbox 1428 823 1646 892; x_wconf 58' lang='lat' dir='ltr'><strong>tanimh</strong></span> <span class='ocrx_word' id='word_1_60' title='bbox 1684 823 1906 876; x_wconf 89' lang='lat' dir='ltr'><strong>intelle-</strong></span> 
     </span>
    </p>
   </div>
   <div class='ocr_carea' id='block_1_10' title="bbox 205 910 1910 979">
    <p class='ocr_par' dir='ltr' id='par_1_10' title="bbox 205 910 1910 979">
     <span class='ocr_line' id='line_1_10' title="bbox 205 910 1910 979; baseline 0.002 -17"><span class='ocrx_word' id='word_1_61' title='bbox 205 916 359 963; x_wconf 90' lang='lat' dir='ltr'><strong>ctum</strong></span> <span class='ocrx_word' id='word_1_62' title='bbox 394 910 518 979; x_wconf 87' lang='lat' dir='ltr'><strong>ejus</strong></span> <span class='ocrx_word' id='word_1_63' title='bbox 572 910 890 978; x_wconf 81' lang='lat' dir='ltr'><strong>signiﬁcare</strong></span> <span class='ocrx_word' id='word_1_64' title='bbox 947 911 1219 965; x_wconf 83' lang='lat' dir='ltr'><strong>volentes.</strong></span> <span class='ocrx_word' id='word_1_65' title='bbox 1272 910 1416 964; x_wconf 84' lang='lat' dir='ltr'><strong>Dicit</strong></span> <span class='ocrx_word' id='word_1_66' title='bbox 1456 917 1644 965; x_wconf 90' lang='lat' dir='ltr'><strong>autem</strong></span> <span class='ocrx_word' id='word_1_67' title='bbox 1691 911 1910 966; x_wconf 87' lang='lat' dir='ltr'><strong>intelle-</strong></span> 
     </span>
    </p>
   </div>
   <div class='ocr_carea' id='block_1_11' title="bbox 204 998 1909 1070">
    <p class='ocr_par' dir='ltr' id='par_1_11' title="bbox 204 998 1909 1070">
     <span class='ocr_line' id='line_1_11' title="bbox 204 998 1909 1070; baseline 0.001 -19"><span class='ocrx_word' id='word_1_68' title='bbox 204 1003 361 1051; x_wconf 89' lang='lat' dir='ltr'><strong>ctum</strong></span> <span class='ocrx_word' id='word_1_69' title='bbox 391 1000 523 1051; x_wconf 87' lang='lat' dir='ltr'><strong>Jesu</strong></span> <span class='ocrx_word' id='word_1_70' title='bbox 557 998 759 1051; x_wconf 84' lang='lat' dir='ltr'><strong>Christi</strong></span> <span class='ocrx_word' id='word_1_71' title='bbox 789 999 1065 1068; x_wconf 89' lang='lat' dir='ltr'><strong>Spiritum</strong></span> <span class='ocrx_word' id='word_1_72' title='bbox 1100 1005 1379 1066; x_wconf 89' lang='lat' dir='ltr'><strong>sanctum,</strong></span> <span class='ocrx_word' id='word_1_73' title='bbox 1426 1016 1544 1053; x_wconf 89' lang='lat' dir='ltr'><strong>non</strong></span> <span class='ocrx_word' id='word_1_74' title='bbox 1593 1000 1746 1070; x_wconf 90' lang='lat' dir='ltr'><strong>quod</strong></span> <span class='ocrx_word' id='word_1_75' title='bbox 1792 1016 1909 1053; x_wconf 92' lang='lat' dir='ltr'><strong>non</strong></span> 
     </span>
    </p>
   </div>
   <div class='ocr_carea' id='block_1_12' title="bbox 203 1086 1907 1156">
    <p class='ocr_par' dir='ltr' id='par_1_12' title="bbox 203 1086 1907 1156">
     <span class='ocr_line' id='line_1_12' title="bbox 203 1086 1907 1156; baseline 0.001 -18"><span class='ocrx_word' id='word_1_76' title='bbox 203 1086 497 1155; x_wconf 83' lang='lat' dir='ltr'><strong>intelligat</strong></span> <span class='ocrx_word' id='word_1_77' title='bbox 526 1102 558 1137; x_wconf 91' lang='lat' dir='ltr'><strong>a</strong></span> <span class='ocrx_word' id='word_1_78' title='bbox 591 1103 671 1150; x_wconf 85' lang='lat' dir='ltr'><strong>se,</strong></span> <span class='ocrx_word' id='word_1_79' title='bbox 720 1091 780 1138; x_wconf 90' lang='lat' dir='ltr'><strong>ut</strong></span> <span class='ocrx_word' id='word_1_80' title='bbox 830 1086 1152 1139; x_wconf 89' lang='lat' dir='ltr'><strong>intellectus</strong></span> <span class='ocrx_word' id='word_1_81' title='bbox 1209 1087 1329 1156; x_wconf 92' lang='lat' dir='ltr'><strong>ejus</strong></span> <span class='ocrx_word' id='word_1_82' title='bbox 1385 1086 1456 1139; x_wconf 91' lang='lat' dir='ltr'><strong>sit</strong></span> <span class='ocrx_word' id='word_1_83' title='bbox 1496 1087 1742 1156; x_wconf 87' lang='lat' dir='ltr'><strong>Spiritus</strong></span> <span class='ocrx_word' id='word_1_84' title='bbox 1784 1103 1907 1140; x_wconf 87' lang='lat' dir='ltr'><strong>san-</strong></span> 
     </span>
    </p>
   </div>
   <div class='ocr_carea' id='block_1_13' title="bbox 206 1174 1910 1244">
    <p class='ocr_par' dir='ltr' id='par_1_13' title="bbox 206 1174 1910 1244">
     <span class='ocr_line' id='line_1_13' title="bbox 206 1174 1910 1244; baseline 0.001 -17"><span class='ocrx_word' id='word_1_85' title='bbox 206 1180 363 1240; x_wconf 86' lang='lat' dir='ltr'><strong>ctus;</strong></span> <span class='ocrx_word' id='word_1_86' title='bbox 427 1180 514 1227; x_wconf 83' lang='lat' dir='ltr'><strong>est</strong></span> <span class='ocrx_word' id='word_1_87' title='bbox 562 1175 715 1227; x_wconf 83' lang='lat' dir='ltr'><strong>enim</strong></span> <span class='ocrx_word' id='word_1_88' title='bbox 770 1174 1048 1244; x_wconf 82' lang='lat' dir='ltr'><strong>sapientia</strong></span> <span class='ocrx_word' id='word_1_89' title='bbox 1097 1175 1310 1229; x_wconf 85' lang='lat' dir='ltr'><strong>Patris:</strong></span> <span class='ocrx_word' id='word_1_90' title='bbox 1370 1176 1662 1242; x_wconf 81' lang='lat' dir='ltr'><strong>Attingens</strong></span> <span class='ocrx_word' id='word_1_91' title='bbox 1723 1192 1756 1229; x_wconf 87' lang='lat' dir='ltr'><strong>a</strong></span> <span class='ocrx_word' id='word_1_92' title='bbox 1806 1179 1910 1242; x_wconf 83' lang='lat' dir='ltr'><strong>ﬁne</strong></span> 
     </span>
    </p>
   </div>
   <div class='ocr_carea' id='block_1_14' title="bbox 203 1262 1911 1332">
    <p class='ocr_par' dir='ltr' id='par_1_14' title="bbox 203 1262 1911 1332">
     <span class='ocr_line' id='line_1_14' title="bbox 203 1262 1911 1332; baseline 0.002 -19"><span class='ocrx_word' id='word_1_93' title='bbox 203 1278 376 1330; x_wconf 81' lang='lat' dir='ltr'><strong>usque</strong></span> <span class='ocrx_word' id='word_1_94' title='bbox 420 1262 495 1315; x_wconf 79' lang='lat' dir='ltr'><strong>ad</strong></span> <span class='ocrx_word' id='word_1_95' title='bbox 521 1263 683 1327; x_wconf 83' lang='lat' dir='ltr'><strong>ﬁnem</strong></span> <span class='ocrx_word' id='word_1_96' title='bbox 727 1264 965 1328; x_wconf 79' lang='lat' dir='ltr'><strong>fortiter,</strong></span> <span class='ocrx_word' id='word_1_97' title='bbox 1007 1267 1057 1316; x_wconf 86' lang='lat' dir='ltr'><strong>et</strong></span> <span class='ocrx_word' id='word_1_98' title='bbox 1100 1263 1388 1332; x_wconf 78' lang='lat' dir='ltr'><strong>disponens</strong></span> <span class='ocrx_word' id='word_1_99' title='bbox 1439 1267 1618 1317; x_wconf 84' lang='lat' dir='ltr'><strong>omnia</strong></span> <span class='ocrx_word' id='word_1_100' title='bbox 1669 1267 1911 1318; x_wconf 79' lang='lat' dir='ltr'><strong>suaviter</strong></span> 
     </span>
    </p>
   </div>
   <div class='ocr_carea' id='block_1_15' title="bbox 207 1351 1908 1422">
    <p class='ocr_par' dir='ltr' id='par_1_15' title="bbox 207 1351 1908 1422">
     <span class='ocr_line' id='line_1_15' title="bbox 207 1351 1908 1422; baseline 0 -17"><span class='ocrx_word' id='word_1_101' title='bbox 207 1351 360 1420; x_wconf 75' lang='grc' dir='ltr'>(Βίῳ.</span> <span class='ocrx_word' id='word_1_102' title='bbox 397 1368 515 1412; x_wconf 76' lang='lat' dir='ltr'><strong>vni,</strong></span> <span class='ocrx_word' id='word_1_103' title='bbox 566 1351 650 1415; x_wconf 68' lang='lat' dir='ltr'><strong>ll;</strong></span> <span class='ocrx_word' id='word_1_104' title='bbox 699 1351 795 1404; x_wconf 89' lang='lat' dir='ltr'><strong>sed</strong></span> <span class='ocrx_word' id='word_1_105' title='bbox 847 1351 976 1405; x_wconf 90' lang='lat' dir='ltr'><strong>ideo</strong></span> <span class='ocrx_word' id='word_1_106' title='bbox 1028 1351 1147 1404; x_wconf 90' lang='lat' dir='ltr'><strong>vult</strong></span> <span class='ocrx_word' id='word_1_107' title='bbox 1199 1351 1408 1407; x_wconf 86' lang='lat' dir='ltr'><strong>Christi</strong></span> <span class='ocrx_word' id='word_1_108' title='bbox 1455 1369 1682 1406; x_wconf 82' lang='lat' dir='ltr'><strong>sensum</strong></span> <span class='ocrx_word' id='word_1_109' title='bbox 1730 1352 1908 1422; x_wconf 83' lang='lat' dir='ltr'><strong>accipi</strong></span> 
     </span>
    </p>
   </div>
   <div class='ocr_carea' id='block_1_16' title="bbox 205 1440 1906 1508">
    <p class='ocr_par' dir='ltr' id='par_1_16' title="bbox 205 1440 1906 1508">
     <span class='ocr_line' id='line_1_16' title="bbox 205 1440 1906 1508; baseline 0.001 -14"><span class='ocrx_word' id='word_1_110' title='bbox 205 1440 490 1508; x_wconf 88' lang='lat' dir='ltr'><strong>Spiritum</strong></span> <span class='ocrx_word' id='word_1_111' title='bbox 521 1445 799 1507; x_wconf 88' lang='lat' dir='ltr'><strong>sanctum,</strong></span> <span class='ocrx_word' id='word_1_112' title='bbox 841 1445 904 1494; x_wconf 90' lang='lat' dir='ltr'><strong>ut</strong></span> <span class='ocrx_word' id='word_1_113' title='bbox 960 1456 1066 1493; x_wconf 91' lang='lat' dir='ltr'><strong>nos</strong></span> <span class='ocrx_word' id='word_1_114' title='bbox 1104 1441 1352 1493; x_wconf 85' lang='lat' dir='ltr'><strong>instruat</strong></span> <span class='ocrx_word' id='word_1_115' title='bbox 1403 1441 1472 1495; x_wconf 90' lang='lat' dir='ltr'><strong>de</strong></span> <span class='ocrx_word' id='word_1_116' title='bbox 1514 1441 1722 1496; x_wconf 88' lang='lat' dir='ltr'><strong>Christi</strong></span> <span class='ocrx_word' id='word_1_117' title='bbox 1774 1442 1906 1496; x_wconf 88' lang='lat' dir='ltr'><strong>sub-</strong></span> 
     </span>
    </p>
   </div>
   <div class='ocr_carea' id='block_1_17' title="bbox 205 1529 1908 1598">
    <p class='ocr_par' dir='ltr' id='par_1_17' title="bbox 205 1529 1908 1598">
     <span class='ocr_line' id='line_1_17' title="bbox 205 1529 1908 1598; baseline 0.002 -18"><span class='ocrx_word' id='word_1_118' title='bbox 205 1529 419 1581; x_wconf 86' lang='lat' dir='ltr'><strong>stantia</strong></span> <span class='ocrx_word' id='word_1_119' title='bbox 478 1529 751 1598; x_wconf 85' lang='lat' dir='ltr'><strong>Spiritum</strong></span> <span class='ocrx_word' id='word_1_120' title='bbox 813 1546 934 1581; x_wconf 89' lang='lat' dir='ltr'><strong>esse</strong></span> <span class='ocrx_word' id='word_1_121' title='bbox 974 1536 1267 1583; x_wconf 88' lang='lat' dir='ltr'><strong>sanctum:</strong></span> <span class='ocrx_word' id='word_1_122' title='bbox 1322 1529 1467 1584; x_wconf 88' lang='lat' dir='ltr'><strong>sicut</strong></span> <span class='ocrx_word' id='word_1_123' title='bbox 1515 1531 1668 1583; x_wconf 91' lang='lat' dir='ltr'><strong>enim</strong></span> <span class='ocrx_word' id='word_1_124' title='bbox 1709 1547 1908 1583; x_wconf 88' lang='lat' dir='ltr'><strong>sensus</strong></span> 
     </span>
    </p>
   </div>
   <div class='ocr_carea' id='block_1_18' title="bbox 205 1617 1908 1687">
    <p class='ocr_par' dir='ltr' id='par_1_18' title="bbox 205 1617 1908 1687">
     <span class='ocr_line' id='line_1_18' title="bbox 205 1617 1908 1687; baseline 0.002 -19"><span class='ocrx_word' id='word_1_125' title='bbox 205 1617 390 1670; x_wconf 90' lang='lat' dir='ltr'><strong>animi</strong></span> <span class='ocrx_word' id='word_1_126' title='bbox 436 1634 555 1670; x_wconf 90' lang='lat' dir='ltr'><strong>non</strong></span> <span class='ocrx_word' id='word_1_127' title='bbox 586 1622 772 1687; x_wconf 84' lang='lat' dir='ltr'><strong>potest</strong></span> <span class='ocrx_word' id='word_1_128' title='bbox 827 1618 896 1670; x_wconf 88' lang='lat' dir='ltr'><strong>ab</strong></span> <span class='ocrx_word' id='word_1_129' title='bbox 945 1617 1140 1670; x_wconf 88' lang='lat' dir='ltr'><strong>animo</strong></span> <span class='ocrx_word' id='word_1_130' title='bbox 1189 1618 1458 1687; x_wconf 88' lang='lat' dir='ltr'><strong>separari,</strong></span> <span class='ocrx_word' id='word_1_131' title='bbox 1516 1635 1621 1671; x_wconf 89' lang='lat' dir='ltr'><strong>nec</strong></span> <span class='ocrx_word' id='word_1_132' title='bbox 1677 1619 1908 1672; x_wconf 87' lang='lat' dir='ltr'><strong>aliunde</strong></span> 
     </span>
    </p>
   </div>
   <div class='ocr_carea' id='block_1_19' title="bbox 205 1707 1905 1777">
    <p class='ocr_par' dir='ltr' id='par_1_19' title="bbox 205 1707 1905 1777">
     <span class='ocr_line' id='line_1_19' title="bbox 205 1707 1905 1777; baseline 0.002 -20"><span class='ocrx_word' id='word_1_133' title='bbox 205 1722 382 1776; x_wconf 88' lang='lat' dir='ltr'><strong>quam</strong></span> <span class='ocrx_word' id='word_1_134' title='bbox 419 1707 491 1760; x_wconf 90' lang='lat' dir='ltr'><strong>ab</strong></span> <span class='ocrx_word' id='word_1_135' title='bbox 538 1707 730 1759; x_wconf 89' lang='lat' dir='ltr'><strong>animo</strong></span> <span class='ocrx_word' id='word_1_136' title='bbox 776 1707 1046 1772; x_wconf 88' lang='lat' dir='ltr'><strong>nascitur,</strong></span> <span class='ocrx_word' id='word_1_137' title='bbox 1100 1707 1178 1759; x_wconf 90' lang='lat' dir='ltr'><strong>ita</strong></span> <span class='ocrx_word' id='word_1_138' title='bbox 1222 1707 1467 1777; x_wconf 87' lang='lat' dir='ltr'><strong>Spiritus</strong></span> <span class='ocrx_word' id='word_1_139' title='bbox 1519 1714 1746 1761; x_wconf 89' lang='lat' dir='ltr'><strong>sanctus</strong></span> <span class='ocrx_word' id='word_1_140' title='bbox 1777 1725 1905 1760; x_wconf 91' lang='lat' dir='ltr'><strong>cum</strong></span> 
     </span>
    </p>
   </div>
   <div class='ocr_carea' id='block_1_20' title="bbox 204 1795 1907 1864">
    <p class='ocr_par' dir='ltr' id='par_1_20' title="bbox 204 1795 1907 1864">
     <span class='ocr_line' id='line_1_20' title="bbox 204 1795 1907 1864; baseline 0.001 -18"><span class='ocrx_word' id='word_1_141' title='bbox 204 1795 432 1847; x_wconf 87' lang='lat' dir='ltr'><strong>dicatur</strong></span> <span class='ocrx_word' id='word_1_142' title='bbox 512 1795 826 1848; x_wconf 91' lang='lat' dir='ltr'><strong>secundum</strong></span> <span class='ocrx_word' id='word_1_143' title='bbox 901 1795 1233 1864; x_wconf 86' lang='lat' dir='ltr'><strong>Apostolum</strong></span> <span class='ocrx_word' id='word_1_144' title='bbox 1307 1811 1507 1848; x_wconf 87' lang='lat' dir='ltr'><strong>sensus</strong></span> <span class='ocrx_word' id='word_1_145' title='bbox 1582 1811 1700 1848; x_wconf 90' lang='lat' dir='ltr'><strong>esse</strong></span> <span class='ocrx_word' id='word_1_146' title='bbox 1776 1797 1907 1849; x_wconf 90' lang='lat' dir='ltr'><strong>Jesu</strong></span> 
     </span>
    </p>
   </div>
   <div class='ocr_carea' id='block_1_21' title="bbox 205 1883 1907 1953">
    <p class='ocr_par' dir='ltr' id='par_1_21' title="bbox 205 1883 1907 1953">
     <span class='ocr_line' id='line_1_21' title="bbox 205 1883 1907 1953; baseline 0 -17"><span class='ocrx_word' id='word_1_147' title='bbox 205 1883 439 1943; x_wconf 87' lang='lat' dir='ltr'><strong>Christi,</strong></span> <span class='ocrx_word' id='word_1_148' title='bbox 474 1899 591 1936; x_wconf 91' lang='lat' dir='ltr'><strong>non</strong></span> <span class='ocrx_word' id='word_1_149' title='bbox 638 1900 666 1936; x_wconf 91' lang='lat' dir='ltr'><strong>a</strong></span> <span class='ocrx_word' id='word_1_150' title='bbox 709 1883 1023 1936; x_wconf 85' lang='lat' dir='ltr'><strong>substantia</strong></span> <span class='ocrx_word' id='word_1_151' title='bbox 1067 1883 1378 1937; x_wconf 80' lang='lat' dir='ltr'><strong>divinitatis</strong></span> <span class='ocrx_word' id='word_1_152' title='bbox 1427 1883 1632 1938; x_wconf 86' lang='lat' dir='ltr'><strong>Christi</strong></span> <span class='ocrx_word' id='word_1_153' title='bbox 1681 1900 1907 1953; x_wconf 88' lang='lat' dir='ltr'><strong>separa-</strong></span> 
     </span>
    </p>
   </div>
   <div class='ocr_carea' id='block_1_22' title="bbox 204 1972 1907 2042">
    <p class='ocr_par' dir='ltr' id='par_1_22' title="bbox 204 1972 1907 2042">
     <span class='ocr_line' id='line_1_22' title="bbox 204 1972 1907 2042; baseline -0.001 -17"><span class='ocrx_word' id='word_1_154' title='bbox 204 1976 319 2037; x_wconf 85' lang='lat' dir='ltr'><strong>tur,</strong></span> <span class='ocrx_word' id='word_1_155' title='bbox 375 1989 482 2026; x_wconf 88' lang='lat' dir='ltr'><strong>nec</strong></span> <span class='ocrx_word' id='word_1_156' title='bbox 525 1972 754 2025; x_wconf 86' lang='lat' dir='ltr'><strong>aliunde</strong></span> <span class='ocrx_word' id='word_1_157' title='bbox 801 1988 972 2042; x_wconf 88' lang='lat' dir='ltr'><strong>quam</strong></span> <span class='ocrx_word' id='word_1_158' title='bbox 1033 1989 1099 2025; x_wconf 87' lang='lat' dir='ltr'><strong>ex</strong></span> <span class='ocrx_word' id='word_1_159' title='bbox 1156 1988 1222 2025; x_wconf 89' lang='lat' dir='ltr'><strong>ea</strong></span> <span class='ocrx_word' id='word_1_160' title='bbox 1278 1972 1577 2042; x_wconf 87' lang='lat' dir='ltr'><strong>procedit:</strong></span> <span class='ocrx_word' id='word_1_161' title='bbox 1629 1977 1714 2025; x_wconf 89' lang='lat' dir='ltr'><strong>est</strong></span> <span class='ocrx_word' id='word_1_162' title='bbox 1754 1972 1907 2025; x_wconf 90' lang='lat' dir='ltr'><strong>enim</strong></span> 
     </span>
    </p>
   </div>
   <div class='ocr_carea' id='block_1_23' title="bbox 205 2061 1909 2131">
    <p class='ocr_par' dir='ltr' id='par_1_23' title="bbox 205 2061 1909 2131">
     <span class='ocr_line' id='line_1_23' title="bbox 205 2061 1909 2131; baseline -0.001 -17"><span class='ocrx_word' id='word_1_163' title='bbox 205 2061 713 2114; x_wconf 86' lang='lat' dir='ltr'><strong>consubstantialis</strong></span> <span class='ocrx_word' id='word_1_164' title='bbox 769 2061 917 2127; x_wconf 82' lang='lat' dir='ltr'><strong>Filii,</strong></span> <span class='ocrx_word' id='word_1_165' title='bbox 987 2061 1415 2131; x_wconf 89' lang='lat' dir='ltr'><strong>processionem</strong></span> <span class='ocrx_word' id='word_1_166' title='bbox 1463 2061 1679 2114; x_wconf 88' lang='lat' dir='ltr'><strong>habens</strong></span> <span class='ocrx_word' id='word_1_167' title='bbox 1730 2061 1909 2131; x_wconf 87' lang='lat' dir='ltr'><strong>ipsius</strong></span> 
     </span>
    </p>
   </div>
   <div class='ocr_carea' id='block_1_24' title="bbox 210 2150 878 2204">
    <p class='ocr_par' dir='ltr' id='par_1_24' title="bbox 210 2150 878 2204">
     <span class='ocr_line' id='line_1_24' title="bbox 210 2150 878 2204; baseline -0.004 0"><span class='ocrx_word' id='word_1_168' title='bbox 210 2151 280 2204; x_wconf 87' lang='lat' dir='ltr'><strong>de</strong></span> <span class='ocrx_word' id='word_1_169' title='bbox 314 2151 509 2204; x_wconf 77' lang='lat' dir='ltr'><strong>divina</strong></span> <span class='ocrx_word' id='word_1_170' title='bbox 539 2150 878 2203; x_wconf 86' lang='lat' dir='ltr'><strong>substantia.</strong></span> 
     </span>
    </p>
   </div>
   <div class='ocr_carea' id='block_1_25' title="bbox 280 2238 1910 2310">
    <p class='ocr_par' dir='ltr' id='par_1_25' title="bbox 280 2238 1910 2310">
     <span class='ocr_line' id='line_1_25' title="bbox 280 2238 1910 2310; baseline -0.001 -17"><span class='ocrx_word' id='word_1_171' title='bbox 280 2240 344 2293; x_wconf 88' lang='lat' dir='ltr'><strong>Et</strong></span> <span class='ocrx_word' id='word_1_172' title='bbox 375 2240 699 2310; x_wconf 88' lang='lat' dir='ltr'><strong>posterius:</strong></span> <span class='ocrx_word' id='word_1_173' title='bbox 734 2259 760 2289; x_wconf 79' lang='grc' dir='ltr'><strong>α</strong></span> <span class='ocrx_word' id='word_1_174' title='bbox 811 2238 1123 2292; x_wconf 75' lang='lat' dir='ltr'><strong>Audientes</strong></span> <span class='ocrx_word' id='word_1_175' title='bbox 1171 2255 1308 2308; x_wconf 84' lang='lat' dir='ltr'><strong>ergo</strong></span> <span class='ocrx_word' id='word_1_176' title='bbox 1358 2243 1414 2290; x_wconf 85' lang='lat' dir='ltr'><strong>et.</strong></span> <span class='ocrx_word' id='word_1_177' title='bbox 1442 2239 1788 2291; x_wconf 79' lang='lat' dir='ltr'><strong>Salvatorem</strong></span> <span class='ocrx_word' id='word_1_178' title='bbox 1828 2239 1910 2292; x_wconf 89' lang='lat' dir='ltr'><strong>di-</strong></span> 
     </span>
    </p>
   </div>
   <div class='ocr_carea' id='block_1_26' title="bbox 207 2329 1908 2397">
    <p class='ocr_par' dir='ltr' id='par_1_26' title="bbox 207 2329 1908 2397">
     <span class='ocr_line' id='line_1_26' title="bbox 207 2329 1908 2397; baseline 0.001 -16"><span class='ocrx_word' id='word_1_179' title='bbox 207 2330 616 2394; x_wconf 86' lang='lat' dir='ltr'><strong>centem:Ego</strong></span> <span class='ocrx_word' id='word_1_180' title='bbox 667 2344 785 2382; x_wconf 87' lang='lat' dir='ltr'><strong>sum</strong></span> <span class='ocrx_word' id='word_1_181' title='bbox 834 2331 948 2380; x_wconf 72' lang='lat' dir='ltr'><strong>vita</strong></span> <span class='ocrx_word' id='word_1_182' title='bbox 1011 2329 1192 2397; x_wconf 85' lang='lat' dir='ltr'><strong>(Joan.</strong></span> <span class='ocrx_word' id='word_1_183' title='bbox 1244 2344 1356 2392; x_wconf 81' lang='lat' dir='ltr'><strong>xiv,</strong></span> <span class='ocrx_word' id='word_1_184' title='bbox 1403 2329 1493 2394; x_wconf 84' lang='lat'><strong>6);</strong></span> <span class='ocrx_word' id='word_1_185' title='bbox 1555 2334 1610 2381; x_wconf 92' lang='lat' dir='ltr'><strong>et</strong></span> <span class='ocrx_word' id='word_1_186' title='bbox 1670 2329 1908 2382; x_wconf 90' lang='lat' dir='ltr'><strong>Paulum</strong></span> 
     </span>
    </p>
   </div>
   <div class='ocr_carea' id='block_1_27' title="bbox 207 2417 1906 2483">
    <p class='ocr_par' dir='ltr' id='par_1_27' title="bbox 207 2417 1906 2483">
     <span class='ocr_line' id='line_1_27' title="bbox 207 2417 1906 2483; baseline -0.002 -13"><span class='ocrx_word' id='word_1_187' title='bbox 207 2417 597 2470; x_wconf 88' lang='lat' dir='ltr'><strong>scribentem:</strong></span> <span class='ocrx_word' id='word_1_188' title='bbox 656 2419 767 2470; x_wconf 71' lang='lat' dir='ltr'><strong>Lex</strong></span> <span class='ocrx_word' id='word_1_189' title='bbox 813 2419 954 2469; x_wconf 86' lang='lat' dir='ltr'><strong>enim</strong></span> <span class='ocrx_word' id='word_1_190' title='bbox 997 2417 1238 2483; x_wconf 79' lang='lat' dir='ltr'><strong>Spiritus</strong></span> <span class='ocrx_word' id='word_1_191' title='bbox 1289 2419 1414 2469; x_wconf 70' lang='lat' dir='ltr'><strong>vitae</strong></span> <span class='ocrx_word' id='word_1_192' title='bbox 1468 2419 1634 2482; x_wconf 89' lang='lat' dir='ltr'><strong>(Rom.</strong></span> <span class='ocrx_word' id='word_1_193' title='bbox 1677 2421 1906 2483; x_wconf 50' lang='lat' dir='ltr'><strong>vuiﬂj;</strong></span> 
     </span>
    </p>
   </div>
   <div class='ocr_carea' id='block_1_28' title="bbox 209 2505 1910 2572">
    <p class='ocr_par' dir='ltr' id='par_1_28' title="bbox 209 2505 1910 2572">
     <span class='ocr_line' id='line_1_28' title="bbox 209 2505 1910 2572; baseline 0.001 -14"><span class='ocrx_word' id='word_1_194' title='bbox 209 2511 266 2559; x_wconf 88' lang='lat' dir='ltr'><strong>et</strong></span> <span class='ocrx_word' id='word_1_195' title='bbox 305 2522 576 2560; x_wconf 89' lang='lat' dir='ltr'><strong>rursum:</strong></span> <span class='ocrx_word' id='word_1_196' title='bbox 613 2505 770 2560; x_wconf 79' lang='lat' dir='ltr'><strong>Misit</strong></span> <span class='ocrx_word' id='word_1_197' title='bbox 825 2508 966 2559; x_wconf 84' lang='lat' dir='ltr'><strong>Deus</strong></span> <span class='ocrx_word' id='word_1_198' title='bbox 1014 2505 1289 2572; x_wconf 79' lang='lat' dir='ltr'><strong>Spiritum</strong></span> <span class='ocrx_word' id='word_1_199' title='bbox 1343 2505 1481 2557; x_wconf 87' lang='lat' dir='ltr'><strong>Filii</strong></span> <span class='ocrx_word' id='word_1_200' title='bbox 1525 2507 1612 2557; x_wconf 88' lang='lat' dir='ltr'><strong>sui</strong></span> <span class='ocrx_word' id='word_1_201' title='bbox 1647 2507 1702 2558; x_wconf 84' lang='lat' dir='ltr'><strong>in</strong></span> <span class='ocrx_word' id='word_1_202' title='bbox 1748 2507 1910 2560; x_wconf 84' lang='lat' dir='ltr'><strong>corda</strong></span> 
     </span>
    </p>
   </div>
   <div class='ocr_carea' id='block_1_29' title="bbox 207 2591 1914 2663">
    <p class='ocr_par' dir='ltr' id='par_1_29' title="bbox 207 2591 1914 2663">
     <span class='ocr_line' id='line_1_29' title="bbox 207 2591 1914 2663; baseline -0.001 -17"><span class='ocrx_word' id='word_1_203' title='bbox 207 2601 397 2648; x_wconf 86' lang='lat' dir='ltr'><strong>nostra</strong></span> <span class='ocrx_word' id='word_1_204' title='bbox 426 2593 578 2663; x_wconf 82' lang='lat' dir='ltr'><strong>(Gal.</strong></span> <span class='ocrx_word' id='word_1_205' title='bbox 615 2611 686 2659; x_wconf 84' lang='lat' dir='ltr'><strong>iv,</strong></span> <span class='ocrx_word' id='word_1_206' title='bbox 733 2594 787 2663; x_wconf 88' lang='grc'>6)</span> <span class='ocrx_word' id='word_1_207' title='bbox 849 2593 1150 2659; x_wconf 77' lang='lat' dir='ltr'><strong>;videntes</strong></span> <span class='ocrx_word' id='word_1_208' title='bbox 1199 2592 1371 2644; x_wconf 89' lang='lat' dir='ltr'><strong>etiam</strong></span> <span class='ocrx_word' id='word_1_209' title='bbox 1426 2591 1792 2661; x_wconf 83' lang='lat' dir='ltr'><strong>Unigenitum</strong></span> <span class='ocrx_word' id='word_1_210' title='bbox 1853 2591 1914 2644; x_wconf 91' lang='lat' dir='ltr'><strong>in</strong></span> 
     </span>
    </p>
   </div>
   <div class='ocr_carea' id='block_1_30' title="bbox 211 2680 1910 2752">
    <p class='ocr_par' dir='ltr' id='par_1_30' title="bbox 211 2680 1910 2752">
     <span class='ocr_line' id='line_1_30' title="bbox 211 2680 1910 2752; baseline -0.001 -16"><span class='ocrx_word' id='word_1_211' title='bbox 211 2683 415 2736; x_wconf 85' lang='lat' dir='ltr'><strong>faciem</strong></span> <span class='ocrx_word' id='word_1_212' title='bbox 467 2684 858 2752; x_wconf 86' lang='lat' dir='ltr'><strong>apostolorum</strong></span> <span class='ocrx_word' id='word_1_213' title='bbox 909 2682 1305 2751; x_wconf 88' lang='lat' dir='ltr'><strong>inspirantem,</strong></span> <span class='ocrx_word' id='word_1_214' title='bbox 1357 2685 1412 2733; x_wconf 89' lang='lat' dir='ltr'><strong>et</strong></span> <span class='ocrx_word' id='word_1_215' title='bbox 1449 2680 1764 2734; x_wconf 85' lang='lat' dir='ltr'><strong>dicentem:</strong></span> <span class='ocrx_word' id='word_1_216' title='bbox 1801 2683 1910 2735; x_wconf 83' lang='lat' dir='ltr'><strong>Ac-</strong></span> 
     </span>
    </p>
   </div>
   <div class='ocr_carea' id='block_1_31' title="bbox 210 2769 1909 2841">
    <p class='ocr_par' dir='ltr' id='par_1_31' title="bbox 210 2769 1909 2841">
     <span class='ocr_line' id='line_1_31' title="bbox 210 2769 1909 2841; baseline -0.002 -16"><span class='ocrx_word' id='word_1_217' title='bbox 210 2775 378 2840; x_wconf 83' lang='lat' dir='ltr'><strong>cipite</strong></span> <span class='ocrx_word' id='word_1_218' title='bbox 418 2773 691 2840; x_wconf 81' lang='lat' dir='ltr'><strong>Spiritum</strong></span> <span class='ocrx_word' id='word_1_219' title='bbox 735 2776 980 2824; x_wconf 87' lang='lat' dir='ltr'><strong>sanctum</strong></span> <span class='ocrx_word' id='word_1_220' title='bbox 1011 2771 1206 2841; x_wconf 84' lang='lat' dir='ltr'><strong>(Joan.</strong></span> <span class='ocrx_word' id='word_1_221' title='bbox 1268 2786 1360 2834; x_wconf 90' lang='lat' dir='ltr'><strong>xx,</strong></span> <span class='ocrx_word' id='word_1_222' title='bbox 1413 2771 1543 2837; x_wconf 75' lang='lat'><strong>22):</strong></span> <span class='ocrx_word' id='word_1_223' title='bbox 1581 2769 1909 2840; x_wconf 87' lang='lat' dir='ltr'><strong>inspiratio-</strong></span> 
     </span>
    </p>
   </div>
   <div class='ocr_carea' id='block_1_32' title="bbox 211 2858 1909 2929">
    <p class='ocr_par' dir='ltr' id='par_1_32' title="bbox 211 2858 1909 2929">
     <span class='ocr_line' id='line_1_32' title="bbox 211 2858 1909 2929; baseline -0.002 -16"><span class='ocrx_word' id='word_1_224' title='bbox 211 2877 345 2913; x_wconf 89' lang='lat' dir='ltr'><strong>nem</strong></span> <span class='ocrx_word' id='word_1_225' title='bbox 405 2861 534 2913; x_wconf 81' lang='lat' dir='ltr'><strong>Filii</strong></span> <span class='ocrx_word' id='word_1_226' title='bbox 588 2860 643 2912; x_wconf 91' lang='lat' dir='ltr'><strong>in</strong></span> <span class='ocrx_word' id='word_1_227' title='bbox 679 2859 913 2929; x_wconf 89' lang='lat' dir='ltr'><strong>propria</strong></span> <span class='ocrx_word' id='word_1_228' title='bbox 943 2858 1056 2912; x_wconf 79' lang='lat' dir='ltr'><strong>vita</strong></span> <span class='ocrx_word' id='word_1_229' title='bbox 1114 2864 1171 2911; x_wconf 90' lang='lat' dir='ltr'><strong>et</strong></span> <span class='ocrx_word' id='word_1_230' title='bbox 1229 2859 1543 2911; x_wconf 74' lang='lat' dir='ltr'><strong>substantia</strong></span> <span class='ocrx_word' id='word_1_231' title='bbox 1601 2859 1909 2924; x_wconf 86' lang='lat' dir='ltr'><strong>manentis,</strong></span> 
     </span>
    </p>
   </div>
   <div class='ocr_carea' id='block_1_33' title="bbox 211 2947 1994 3034">
    <p class='ocr_par' dir='ltr' id='par_1_33' title="bbox 211 2947 1994 3034">
     <span class='ocr_line' id='line_1_33' title="bbox 211 2947 1994 3034; baseline -0.001 -32"><span class='ocrx_word' id='word_1_232' title='bbox 211 2949 492 3018; x_wconf 85' lang='lat' dir='ltr'><strong>Spiritum</strong></span> <span class='ocrx_word' id='word_1_233' title='bbox 536 2965 658 3001; x_wconf 89' lang='lat' dir='ltr'><strong>esse</strong></span> <span class='ocrx_word' id='word_1_234' title='bbox 696 2948 988 3003; x_wconf 90' lang='lat' dir='ltr'><strong>docemur.</strong></span> <span class='ocrx_word' id='word_1_235' title='bbox 1043 2948 1108 3000; x_wconf 88' lang='lat' dir='ltr'><strong>Et</strong></span> <span class='ocrx_word' id='word_1_236' title='bbox 1155 2962 1340 3017; x_wconf 90' lang='lat' dir='ltr'><strong>neque</strong></span> <span class='ocrx_word' id='word_1_237' title='bbox 1391 2947 1672 3017; x_wconf 84' lang='lat' dir='ltr'><strong>genitum,</strong></span> <span class='ocrx_word' id='word_1_238' title='bbox 1726 2964 1914 3018; x_wconf 88' lang='lat' dir='ltr'><strong>neque</strong></span> <span class='ocrx_word' id='word_1_239' title='bbox 1955 2981 1994 3034; x_wconf 66' lang='grc' dir='ltr'>Ο</span> 
     </span>
    </p>
   </div>
   <div class='ocr_carea' id='block_1_34' title="bbox 209 3035 1917 3105">
    <p class='ocr_par' dir='ltr' id='par_1_34' title="bbox 209 3035 1917 3105">
     <span class='ocr_line' id='line_1_34' title="bbox 209 3035 1917 3105; baseline -0.001 -15"><span class='ocrx_word' id='word_1_240' title='bbox 209 3042 469 3090; x_wconf 86' lang='lat' dir='ltr'><strong>creatum</strong></span> <span class='ocrx_word' id='word_1_241' title='bbox 528 3053 651 3090; x_wconf 90' lang='lat' dir='ltr'><strong>esse</strong></span> <span class='ocrx_word' id='word_1_242' title='bbox 689 3053 724 3089; x_wconf 90' lang='lat' dir='ltr'><strong>a</strong></span> <span class='ocrx_word' id='word_1_243' title='bbox 763 3036 902 3090; x_wconf 91' lang='lat' dir='ltr'><strong>Filio</strong></span> <span class='ocrx_word' id='word_1_244' title='bbox 950 3036 1256 3105; x_wconf 88' lang='lat' dir='ltr'><strong>sapiamus.</strong></span> <span class='ocrx_word' id='word_1_245' title='bbox 1309 3056 1337 3084; x_wconf 84' lang='grc'><strong>››</strong></span> <span class='ocrx_word' id='word_1_246' title='bbox 1379 3035 1594 3099; x_wconf 82' lang='lat' dir='ltr'><strong>Quibus</strong></span> <span class='ocrx_word' id='word_1_247' title='bbox 1649 3037 1917 3088; x_wconf 89' lang='lat' dir='ltr'><strong>omnibus</strong></span> 
     </span>
    </p>
   </div>
   <div class='ocr_carea' id='block_1_35' title="bbox 211 3124 1918 3195">
    <p class='ocr_par' dir='ltr' id='par_1_35' title="bbox 211 3124 1918 3195">
     <span class='ocr_line' id='line_1_35' title="bbox 211 3124 1918 3195; baseline -0.002 -16"><span class='ocrx_word' id='word_1_248' title='bbox 211 3127 557 3179; x_wconf 85' lang='lat' dir='ltr'><strong>instruimur</strong></span> <span class='ocrx_word' id='word_1_249' title='bbox 585 3125 862 3195; x_wconf 89' lang='lat' dir='ltr'><strong>Spiritum</strong></span> <span class='ocrx_word' id='word_1_250' title='bbox 910 3129 1166 3177; x_wconf 88' lang='lat' dir='ltr'><strong>sanctum</strong></span> <span class='ocrx_word' id='word_1_251' title='bbox 1198 3125 1265 3177; x_wconf 91' lang='lat' dir='ltr'><strong>de</strong></span> <span class='ocrx_word' id='word_1_252' title='bbox 1301 3124 1440 3177; x_wconf 92' lang='lat' dir='ltr'><strong>Filio</strong></span> <span class='ocrx_word' id='word_1_253' title='bbox 1482 3125 1812 3195; x_wconf 80' lang='lat' dir='ltr'><strong>procedere,</strong></span> <span class='ocrx_word' id='word_1_254' title='bbox 1863 3129 1918 3177; x_wconf 88' lang='lat' dir='ltr'><strong>et</strong></span> 
     </span>
    </p>
   </div>
   <div class='ocr_carea' id='block_1_36' title="bbox 211 3213 1915 3284">
    <p class='ocr_par' dir='ltr' id='par_1_36' title="bbox 211 3213 1915 3284">
     <span class='ocr_line' id='line_1_36' title="bbox 211 3213 1915 3284; baseline -0.001 -18"><span class='ocrx_word' id='word_1_255' title='bbox 211 3215 270 3266; x_wconf 88' lang='lat' dir='ltr'><strong>in</strong></span> <span class='ocrx_word' id='word_1_256' title='bbox 305 3215 542 3284; x_wconf 85' lang='lat' dir='ltr'><strong>propria</strong></span> <span class='ocrx_word' id='word_1_257' title='bbox 586 3214 702 3266; x_wconf 85' lang='lat' dir='ltr'><strong>vita</strong></span> <span class='ocrx_word' id='word_1_258' title='bbox 745 3214 1176 3283; x_wconf 86' lang='lat' dir='ltr'><strong>substantiaque</strong></span> <span class='ocrx_word' id='word_1_259' title='bbox 1227 3229 1478 3267; x_wconf 81' lang='lat' dir='ltr'><strong>manere.</strong></span> <span class='ocrx_word' id='word_1_260' title='bbox 1535 3215 1596 3267; x_wconf 80' lang='lat' dir='ltr'><strong>Et</strong></span> <span class='ocrx_word' id='word_1_261' title='bbox 1652 3215 1784 3266; x_wconf 85' lang='lat' dir='ltr'><strong>licet</strong></span> <span class='ocrx_word' id='word_1_262' title='bbox 1828 3213 1915 3265; x_wconf 89' lang='lat' dir='ltr'><strong>in-</strong></span> 
     </span>
    </p>
   </div>
   <div class='ocr_carea' id='block_1_37' title="bbox 210 3300 1916 3371">
    <p class='ocr_par' dir='ltr' id='par_1_37' title="bbox 210 3300 1916 3371">
     <span class='ocr_line' id='line_1_37' title="bbox 210 3300 1916 3371; baseline 0 -19"><span class='ocrx_word' id='word_1_263' title='bbox 210 3303 464 3370; x_wconf 84' lang='lat' dir='ltr'><strong>spiretur</strong></span> <span class='ocrx_word' id='word_1_264' title='bbox 493 3319 525 3353; x_wconf 88' lang='lat' dir='ltr'><strong>a</strong></span> <span class='ocrx_word' id='word_1_265' title='bbox 560 3301 722 3364; x_wconf 90' lang='lat' dir='ltr'><strong>Filio,</strong></span> <span class='ocrx_word' id='word_1_266' title='bbox 771 3300 926 3371; x_wconf 89' lang='lat' dir='ltr'><strong>quod</strong></span> <span class='ocrx_word' id='word_1_267' title='bbox 984 3306 1067 3353; x_wconf 90' lang='lat' dir='ltr'><strong>est</strong></span> <span class='ocrx_word' id='word_1_268' title='bbox 1114 3316 1244 3353; x_wconf 89' lang='lat' dir='ltr'><strong>eum</strong></span> <span class='ocrx_word' id='word_1_269' title='bbox 1293 3301 1361 3353; x_wconf 88' lang='lat' dir='ltr'><strong>de</strong></span> <span class='ocrx_word' id='word_1_270' title='bbox 1414 3301 1550 3354; x_wconf 88' lang='lat' dir='ltr'><strong>Filio</strong></span> <span class='ocrx_word' id='word_1_271' title='bbox 1585 3300 1916 3370; x_wconf 86' lang='lat' dir='ltr'><strong>procedere,</strong></span> 
     </span>
    </p>
   </div>
   <div class='ocr_carea' id='block_1_38' title="bbox 215 3388 1916 3459">
    <p class='ocr_par' dir='ltr' id='par_1_38' title="bbox 215 3388 1916 3459">
     <span class='ocr_line' id='line_1_38' title="bbox 215 3388 1916 3459; baseline -0.001 -17"><span class='ocrx_word' id='word_1_272' title='bbox 215 3408 330 3443; x_wconf 88' lang='lat' dir='ltr'><strong>non</strong></span> <span class='ocrx_word' id='word_1_273' title='bbox 355 3405 475 3442; x_wconf 88' lang='lat' dir='ltr'><strong>esse</strong></span> <span class='ocrx_word' id='word_1_274' title='bbox 523 3394 718 3442; x_wconf 88' lang='lat' dir='ltr'><strong>tamen</strong></span> <span class='ocrx_word' id='word_1_275' title='bbox 768 3405 954 3459; x_wconf 85' lang='lat' dir='ltr'><strong>neque</strong></span> <span class='ocrx_word' id='word_1_276' title='bbox 1006 3393 1284 3455; x_wconf 88' lang='lat' dir='ltr'><strong>creatum,</strong></span> <span class='ocrx_word' id='word_1_277' title='bbox 1325 3405 1512 3458; x_wconf 87' lang='lat' dir='ltr'><strong>neque</strong></span> <span class='ocrx_word' id='word_1_278' title='bbox 1543 3390 1806 3457; x_wconf 82' lang='lat' dir='ltr'><strong>genitum</strong></span> <span class='ocrx_word' id='word_1_279' title='bbox 1845 3388 1916 3440; x_wconf 86' lang='lat' dir='ltr'><strong>ab</strong></span> 
     </span>
    </p>
   </div>
   <div class='ocr_carea' id='block_1_39' title="bbox 213 3477 1920 3548">
    <p class='ocr_par' dir='ltr' id='par_1_39' title="bbox 213 3477 1920 3548">
     <span class='ocr_line' id='line_1_39' title="bbox 213 3477 1920 3548; baseline 0 -18"><span class='ocrx_word' id='word_1_280' title='bbox 213 3479 335 3530; x_wconf 90' lang='lat' dir='ltr'><strong>illo.</strong></span> <span class='ocrx_word' id='word_1_281' title='bbox 384 3479 510 3532; x_wconf 79' lang='lat' dir='ltr'><strong>Non</strong></span> <span class='ocrx_word' id='word_1_282' title='bbox 563 3483 649 3531; x_wconf 89' lang='lat' dir='ltr'><strong>est</strong></span> <span class='ocrx_word' id='word_1_283' title='bbox 703 3477 857 3531; x_wconf 89' lang='lat' dir='ltr'><strong>enim</strong></span> <span class='ocrx_word' id='word_1_284' title='bbox 914 3493 1100 3548; x_wconf 88' lang='lat' dir='ltr'><strong>neque</strong></span> <span class='ocrx_word' id='word_1_285' title='bbox 1158 3477 1352 3543; x_wconf 86' lang='lat' dir='ltr'><strong>Filius,</strong></span> <span class='ocrx_word' id='word_1_286' title='bbox 1421 3494 1601 3547; x_wconf 90' lang='lat' dir='ltr'><strong>neque</strong></span> <span class='ocrx_word' id='word_1_287' title='bbox 1659 3483 1920 3531; x_wconf 86' lang='lat' dir='ltr'><strong>creatura</strong></span> 
     </span>
    </p>
   </div>
   <div class='ocr_carea' id='block_1_40' title="bbox 214 3566 1918 3636">
    <p class='ocr_par' dir='ltr' id='par_1_40' title="bbox 214 3566 1918 3636">
     <span class='ocr_line' id='line_1_40' title="bbox 214 3566 1918 3636; baseline 0 -17"><span class='ocrx_word' id='word_1_288' title='bbox 214 3567 459 3636; x_wconf 88' lang='lat' dir='ltr'><strong>Spiritus</strong></span> <span class='ocrx_word' id='word_1_289' title='bbox 499 3573 749 3620; x_wconf 89' lang='lat' dir='ltr'><strong>sanctus.</strong></span> <span class='ocrx_word' id='word_1_290' title='bbox 803 3566 1020 3630; x_wconf 87' lang='lat' dir='ltr'><strong>Quibus</strong></span> <span class='ocrx_word' id='word_1_291' title='bbox 1065 3566 1359 3619; x_wconf 84' lang='lat' dir='ltr'><strong>evidenter</strong></span> <span class='ocrx_word' id='word_1_292' title='bbox 1397 3566 1629 3619; x_wconf 89' lang='lat' dir='ltr'><strong>instruit</strong></span> <span class='ocrx_word' id='word_1_293' title='bbox 1661 3567 1918 3636; x_wconf 84' lang='lat' dir='ltr'><strong>ejusdem</strong></span> 
     </span>
    </p>
   </div>
   <div class='ocr_carea' id='block_1_41' title="bbox 213 3654 1917 3724">
    <p class='ocr_par' dir='ltr' id='par_1_41' title="bbox 213 3654 1917 3724">
     <span class='ocr_line' id='line_1_41' title="bbox 213 3654 1917 3724; baseline -0.001 -16"><span class='ocrx_word' id='word_1_294' title='bbox 213 3656 496 3724; x_wconf 85' lang='lat' dir='ltr'><strong>Spiritum</strong></span> <span class='ocrx_word' id='word_1_295' title='bbox 526 3661 788 3708; x_wconf 87' lang='lat' dir='ltr'><strong>sanctum</strong></span> <span class='ocrx_word' id='word_1_296' title='bbox 834 3671 954 3707; x_wconf 88' lang='lat' dir='ltr'><strong>esse</strong></span> <span class='ocrx_word' id='word_1_297' title='bbox 1007 3654 1342 3707; x_wconf 64' lang='lat' dir='ltr'><strong>substantiae</strong></span> <span class='ocrx_word' id='word_1_298' title='bbox 1391 3655 1552 3723; x_wconf 87' lang='lat' dir='ltr'><strong>cujus</strong></span> <span class='ocrx_word' id='word_1_299' title='bbox 1602 3660 1685 3707; x_wconf 90' lang='lat' dir='ltr'><strong>est</strong></span> <span class='ocrx_word' id='word_1_300' title='bbox 1725 3660 1779 3708; x_wconf 91' lang='lat' dir='ltr'><strong>et</strong></span> <span class='ocrx_word' id='word_1_301' title='bbox 1829 3655 1917 3708; x_wconf 90' lang='lat' dir='ltr'><strong>Fi-</strong></span> 
     </span>
    </p>
   </div>
   <div class='ocr_carea' id='block_1_42' title="bbox 214 3743 1919 3815">
    <p class='ocr_par' dir='ltr' id='par_1_42' title="bbox 214 3743 1919 3815">
     <span class='ocr_line' id='line_1_42' title="bbox 214 3743 1919 3815; baseline -0.001 -17"><span class='ocrx_word' id='word_1_302' title='bbox 214 3743 347 3810; x_wconf 77' lang='lat' dir='ltr'><strong>lius,</strong></span> <span class='ocrx_word' id='word_1_303' title='bbox 378 3751 581 3815; x_wconf 88' lang='lat' dir='ltr'><strong>utpote</strong></span> <span class='ocrx_word' id='word_1_304' title='bbox 607 3744 924 3814; x_wconf 88' lang='lat' dir='ltr'><strong>procedens</strong></span> <span class='ocrx_word' id='word_1_305' title='bbox 966 3743 1034 3796; x_wconf 89' lang='lat' dir='ltr'><strong>ab</strong></span> <span class='ocrx_word' id='word_1_306' title='bbox 1065 3744 1162 3796; x_wconf 89' lang='lat' dir='ltr'><strong>illo</strong></span> <span class='ocrx_word' id='word_1_307' title='bbox 1193 3760 1206 3809; x_wconf 92' lang='lat'><strong>;</strong></span> <span class='ocrx_word' id='word_1_308' title='bbox 1252 3760 1354 3797; x_wconf 94' lang='lat' dir='ltr'><strong>nec</strong></span> <span class='ocrx_word' id='word_1_309' title='bbox 1411 3744 1509 3813; x_wconf 90' lang='lat' dir='ltr'><strong>qui</strong></span> <span class='ocrx_word' id='word_1_310' title='bbox 1550 3743 1622 3796; x_wconf 89' lang='lat' dir='ltr'><strong>sit</strong></span> <span class='ocrx_word' id='word_1_311' title='bbox 1671 3760 1819 3797; x_wconf 90' lang='lat' dir='ltr'><strong>unus</strong></span> <span class='ocrx_word' id='word_1_312' title='bbox 1851 3744 1919 3797; x_wconf 89' lang='lat' dir='ltr'><strong>de</strong></span> 
     </span>
    </p>
   </div>
   <div class='ocr_carea' id='block_1_43' title="bbox 216 3832 1920 3899">
    <p class='ocr_par' dir='ltr' id='par_1_43' title="bbox 216 3832 1920 3899">
     <span class='ocr_line' id='line_1_43' title="bbox 216 3832 1920 3899; baseline 0 -14"><span class='ocrx_word' id='word_1_313' title='bbox 216 3835 516 3899; x_wconf 86' lang='lat' dir='ltr'><strong>creaturis,</strong></span> <span class='ocrx_word' id='word_1_314' title='bbox 563 3834 657 3885; x_wconf 86' lang='lat' dir='ltr'><strong>sed</strong></span> <span class='ocrx_word' id='word_1_315' title='bbox 701 3839 1092 3886; x_wconf 81' lang='lat' dir='ltr'><strong>creaturarum</strong></span> <span class='ocrx_word' id='word_1_316' title='bbox 1136 3832 1531 3885; x_wconf 78' lang='lat' dir='ltr'><strong>sanctiﬁcator.</strong></span> <span class='ocrx_word' id='word_1_317' title='bbox 1583 3833 1742 3885; x_wconf 83' lang='lat' dir='ltr'><strong>Unde</strong></span> <span class='ocrx_word' id='word_1_318' title='bbox 1790 3849 1920 3885; x_wconf 89' lang='lat' dir='ltr'><strong>cum</strong></span> 
     </span>
    </p>
   </div>
   <div class='ocr_carea' id='block_1_44' title="bbox 218 3921 1917 3991">
    <p class='ocr_par' dir='ltr' id='par_1_44' title="bbox 218 3921 1917 3991">
     <span class='ocr_line' id='line_1_44' title="bbox 218 3921 1917 3991; baseline 0 -17"><span class='ocrx_word' id='word_1_319' title='bbox 218 3923 359 3974; x_wconf 86' lang='lat' dir='ltr'><strong>dicit</strong></span> <span class='ocrx_word' id='word_1_320' title='bbox 385 3939 517 3975; x_wconf 88' lang='lat' dir='ltr'><strong>eum</strong></span> <span class='ocrx_word' id='word_1_321' title='bbox 564 3923 876 3975; x_wconf 89' lang='lat' dir='ltr'><strong>secundum</strong></span> <span class='ocrx_word' id='word_1_322' title='bbox 926 3922 1260 3991; x_wconf 84' lang='lat' dir='ltr'><strong>Apostolum</strong></span> <span class='ocrx_word' id='word_1_323' title='bbox 1295 3921 1571 3990; x_wconf 88' lang='lat' dir='ltr'><strong>Spiritum</strong></span> <span class='ocrx_word' id='word_1_324' title='bbox 1622 3921 1768 3983; x_wconf 87' lang='lat' dir='ltr'><strong>Filii,</strong></span> <span class='ocrx_word' id='word_1_325' title='bbox 1805 3936 1917 3974; x_wconf 89' lang='lat' dir='ltr'><strong>non</strong></span> 
     </span>
    </p>
   </div>
   <div class='ocr_carea' id='block_1_45' title="bbox 217 4009 1917 4079">
    <p class='ocr_par' dir='ltr' id='par_1_45' title="bbox 217 4009 1917 4079">
     <span class='ocr_line' id='line_1_45' title="bbox 217 4009 1917 4079; baseline -0.001 -17"><span class='ocrx_word' id='word_1_326' title='bbox 217 4014 343 4064; x_wconf 87' lang='lat' dir='ltr'><strong>vult</strong></span> <span class='ocrx_word' id='word_1_327' title='bbox 388 4027 520 4063; x_wconf 90' lang='lat' dir='ltr'><strong>eum</strong></span> <span class='ocrx_word' id='word_1_328' title='bbox 553 4011 797 4079; x_wconf 78' lang='lat' dir='ltr'><strong>intelligi</strong></span> <span class='ocrx_word' id='word_1_329' title='bbox 843 4010 1182 4079; x_wconf 83' lang='lat' dir='ltr'><strong>subjectum,</strong></span> <span class='ocrx_word' id='word_1_330' title='bbox 1229 4009 1363 4078; x_wconf 87' lang='lat' dir='ltr'><strong>quia</strong></span> <span class='ocrx_word' id='word_1_331' title='bbox 1394 4025 1508 4061; x_wconf 89' lang='lat' dir='ltr'><strong>non</strong></span> <span class='ocrx_word' id='word_1_332' title='bbox 1543 4014 1627 4061; x_wconf 91' lang='lat' dir='ltr'><strong>est</strong></span> <span class='ocrx_word' id='word_1_333' title='bbox 1655 4015 1917 4073; x_wconf 88' lang='lat' dir='ltr'><strong>creatus;</strong></span> 
     </span>
    </p>
   </div>
   <div class='ocr_carea' id='block_1_46' title="bbox 220 4097 1920 4168">
    <p class='ocr_par' dir='ltr' id='par_1_46' title="bbox 220 4097 1920 4168">
     <span class='ocr_line' id='line_1_46' title="bbox 220 4097 1920 4168; baseline -0.002 -16"><span class='ocrx_word' id='word_1_334' title='bbox 220 4101 318 4153; x_wconf 87' lang='lat' dir='ltr'><strong>sed</strong></span> <span class='ocrx_word' id='word_1_335' title='bbox 355 4102 474 4152; x_wconf 79' lang='lat' dir='ltr'><strong>vult</strong></span> <span class='ocrx_word' id='word_1_336' title='bbox 518 4104 583 4152; x_wconf 90' lang='lat' dir='ltr'><strong>ut</strong></span> <span class='ocrx_word' id='word_1_337' title='bbox 625 4099 984 4167; x_wconf 83' lang='lat' dir='ltr'><strong>intelligatur</strong></span> <span class='ocrx_word' id='word_1_338' title='bbox 1011 4098 1348 4168; x_wconf 87' lang='lat' dir='ltr'><strong>procedens,</strong></span> <span class='ocrx_word' id='word_1_339' title='bbox 1377 4113 1491 4150; x_wconf 90' lang='lat' dir='ltr'><strong>non</strong></span> <span class='ocrx_word' id='word_1_340' title='bbox 1541 4103 1733 4149; x_wconf 88' lang='lat' dir='ltr'><strong>tamen</strong></span> <span class='ocrx_word' id='word_1_341' title='bbox 1761 4097 1920 4164; x_wconf 84' lang='lat' dir='ltr'><strong>geni-</strong></span> 
     </span>
    </p>
   </div>
   <div class='ocr_carea' id='block_1_47' title="bbox 218 4185 1922 4258">
    <p class='ocr_par' dir='ltr' id='par_1_47' title="bbox 218 4185 1922 4258">
     <span class='ocr_line' id='line_1_47' title="bbox 218 4185 1922 4258; baseline -0.003 -17"><span class='ocrx_word' id='word_1_342' title='bbox 218 4196 312 4241; x_wconf 85' lang='lat' dir='ltr'><strong>tus</strong></span> <span class='ocrx_word' id='word_1_343' title='bbox 338 4189 476 4258; x_wconf 86' lang='lat' dir='ltr'><strong>quia</strong></span> <span class='ocrx_word' id='word_1_344' title='bbox 503 4204 619 4240; x_wconf 90' lang='lat' dir='ltr'><strong>non</strong></span> <span class='ocrx_word' id='word_1_345' title='bbox 650 4193 733 4240; x_wconf 91' lang='lat' dir='ltr'><strong>est</strong></span> <span class='ocrx_word' id='word_1_346' title='bbox 783 4188 976 4240; x_wconf 85' lang='lat' dir='ltr'><strong>Filius.</strong></span> <span class='ocrx_word' id='word_1_347' title='bbox 1019 4187 1247 4256; x_wconf 82' lang='lat' dir='ltr'><strong>Accepit</strong></span> <span class='ocrx_word' id='word_1_348' title='bbox 1278 4191 1473 4238; x_wconf 89' lang='lat' dir='ltr'><strong>tamen</strong></span> <span class='ocrx_word' id='word_1_349' title='bbox 1503 4186 1572 4239; x_wconf 86' lang='lat' dir='ltr'><strong>de</strong></span> <span class='ocrx_word' id='word_1_350' title='bbox 1607 4185 1922 4238; x_wconf 85' lang='lat' dir='ltr'><strong>substantia</strong></span> 
     </span>
    </p>
   </div>
   <div class='ocr_carea' id='block_1_48' title="bbox 2017 468 3711 542">
    <p class='ocr_par' dir='ltr' id='par_1_48' title="bbox 2017 468 3711 542">
     <span class='ocr_line' id='line_1_48' title="bbox 2017 468 3711 542; baseline 0.004 -22"><span class='ocrx_word' id='word_1_351' title='bbox 2017 469 2182 521; x_wconf 86' lang='lat' dir='ltr'><strong>Patre</strong></span> <span class='ocrx_word' id='word_1_352' title='bbox 2232 469 2560 538; x_wconf 87' lang='lat' dir='ltr'><strong>sumpsisse,</strong></span> <span class='ocrx_word' id='word_1_353' title='bbox 2623 468 2743 521; x_wconf 88' lang='lat' dir='ltr'><strong>ait:</strong></span> <span class='ocrx_word' id='word_1_354' title='bbox 2803 470 2925 522; x_wconf 82' lang='lat' dir='ltr'><strong>Ideo</strong></span> <span class='ocrx_word' id='word_1_355' title='bbox 2971 471 3116 533; x_wconf 68' lang='lat' dir='ltr'><strong>dixi,</strong></span> <span class='ocrx_word' id='word_1_356' title='bbox 3173 473 3244 524; x_wconf 91' lang='lat' dir='ltr'><strong>De</strong></span> <span class='ocrx_word' id='word_1_357' title='bbox 3299 487 3411 524; x_wconf 90' lang='lat' dir='ltr'><strong>meo</strong></span> <span class='ocrx_word' id='word_1_358' title='bbox 3461 475 3711 542; x_wconf 82' lang='lat' dir='ltr'><strong>accipiet,</strong></span> 
     </span>
    </p>
   </div>
   <div class='ocr_carea' id='block_1_49' title="bbox 2017 555 3708 630">
    <p class='ocr_par' dir='ltr' id='par_1_49' title="bbox 2017 555 3708 630">
     <span class='ocr_line' id='line_1_49' title="bbox 2017 555 3708 630; baseline 0.003 -21"><span class='ocrx_word' id='word_1_359' title='bbox 2017 559 2148 624; x_wconf 84' lang='lat' dir='ltr'><strong>quia</strong></span> <span class='ocrx_word' id='word_1_360' title='bbox 2178 555 2358 610; x_wconf 79' lang='lat' dir='ltr'><strong>omnia</strong></span> <span class='ocrx_word' id='word_1_361' title='bbox 2407 573 2525 625; x_wconf 69' lang='lat' dir='ltr'><strong>qua:</strong></span> <span class='ocrx_word' id='word_1_362' title='bbox 2581 557 2736 610; x_wconf 82' lang='lat' dir='ltr'><strong>habet</strong></span> <span class='ocrx_word' id='word_1_363' title='bbox 2786 559 2964 623; x_wconf 80' lang='lat' dir='ltr'><strong>Pater,</strong></span> <span class='ocrx_word' id='word_1_364' title='bbox 3014 575 3130 612; x_wconf 83' lang='lat' dir='ltr'><strong>mea</strong></span> <span class='ocrx_word' id='word_1_365' title='bbox 3187 565 3312 612; x_wconf 84' lang='lat' dir='ltr'><strong>sunt</strong></span> <span class='ocrx_word' id='word_1_366' title='bbox 3359 560 3547 628; x_wconf 84' lang='lat' dir='ltr'><strong>(lbid.,</strong></span> <span class='ocrx_word' id='word_1_367' title='bbox 3605 562 3708 630; x_wconf 76' lang='grc'><strong>15).</strong></span> 
     </span>
    </p>
   </div>
   <div class='ocr_carea' id='block_1_50' title="bbox 2018 645 3713 716">
    <p class='ocr_par' dir='ltr' id='par_1_50' title="bbox 2018 645 3713 716">
     <span class='ocr_line' id='line_1_50' title="bbox 2018 645 3713 716; baseline 0.004 -20"><span class='ocrx_word' id='word_1_368' title='bbox 2018 646 2186 698; x_wconf 87' lang='lat' dir='ltr'><strong>Vides</strong></span> <span class='ocrx_word' id='word_1_369' title='bbox 2255 661 2392 715; x_wconf 80' lang='lat' dir='ltr'><strong>ergo</strong></span> <span class='ocrx_word' id='word_1_370' title='bbox 2460 645 2736 715; x_wconf 89' lang='lat' dir='ltr'><strong>Spiritum</strong></span> <span class='ocrx_word' id='word_1_371' title='bbox 2805 651 3060 699; x_wconf 89' lang='lat' dir='ltr'><strong>sanctum</strong></span> <span class='ocrx_word' id='word_1_372' title='bbox 3119 664 3150 699; x_wconf 93' lang='lat' dir='ltr'><strong>a</strong></span> <span class='ocrx_word' id='word_1_373' title='bbox 3206 653 3370 716; x_wconf 85' lang='lat' dir='ltr'><strong>patre</strong></span> <span class='ocrx_word' id='word_1_374' title='bbox 3446 653 3501 701; x_wconf 88' lang='lat' dir='ltr'><strong>et</strong></span> <span class='ocrx_word' id='word_1_375' title='bbox 3572 650 3713 704; x_wconf 86' lang='lat' dir='ltr'><strong>Filio</strong></span> 
     </span>
    </p>
   </div>
   <div class='ocr_carea' id='block_1_51' title="bbox 2018 734 3715 806">
    <p class='ocr_par' dir='ltr' id='par_1_51' title="bbox 2018 734 3715 806">
     <span class='ocr_line' id='line_1_51' title="bbox 2018 734 3715 806; baseline 0.002 -19"><span class='ocrx_word' id='word_1_376' title='bbox 2018 750 2135 787; x_wconf 87' lang='lat' dir='ltr'><strong>non</strong></span> <span class='ocrx_word' id='word_1_377' title='bbox 2183 751 2304 786; x_wconf 89' lang='lat' dir='ltr'><strong>esse</strong></span> <span class='ocrx_word' id='word_1_378' title='bbox 2335 734 2664 800; x_wconf 89' lang='lat' dir='ltr'><strong>discretum,</strong></span> <span class='ocrx_word' id='word_1_379' title='bbox 2717 734 2855 787; x_wconf 91' lang='lat' dir='ltr'><strong>dum</strong></span> <span class='ocrx_word' id='word_1_380' title='bbox 2898 750 2963 786; x_wconf 89' lang='lat' dir='ltr'><strong>ea</strong></span> <span class='ocrx_word' id='word_1_381' title='bbox 2995 735 3249 804; x_wconf 82' lang='lat' dir='ltr'><strong>loquitur</strong></span> <span class='ocrx_word' id='word_1_382' title='bbox 3291 753 3420 806; x_wconf 68' lang='lat' dir='ltr'><strong>qua:</strong></span> <span class='ocrx_word' id='word_1_383' title='bbox 3452 738 3632 790; x_wconf 88' lang='lat' dir='ltr'><strong>Patris</strong></span> <span class='ocrx_word' id='word_1_384' title='bbox 3659 743 3715 790; x_wconf 87' lang='lat' dir='ltr'><strong>et</strong></span> 
     </span>
    </p>
   </div>
   <div class='ocr_carea' id='block_1_52' title="bbox 2020 821 3715 890">
    <p class='ocr_par' dir='ltr' id='par_1_52' title="bbox 2020 821 3715 890">
     <span class='ocr_line' id='line_1_52' title="bbox 2020 821 3715 890; baseline 0.001 -16"><span class='ocrx_word' id='word_1_385' title='bbox 2020 821 2146 874; x_wconf 86' lang='lat' dir='ltr'><strong>Filii</strong></span> <span class='ocrx_word' id='word_1_386' title='bbox 2177 821 2412 890; x_wconf 90' lang='lat' dir='ltr'><strong>propria</strong></span> <span class='ocrx_word' id='word_1_387' title='bbox 2443 838 2562 875; x_wconf 89' lang='lat' dir='ltr'><strong>esse</strong></span> <span class='ocrx_word' id='word_1_388' title='bbox 2608 827 2946 876; x_wconf 88' lang='lat' dir='ltr'><strong>noscuntur.</strong></span> <span class='ocrx_word' id='word_1_389' title='bbox 2978 842 3005 870; x_wconf 72' lang='grc' dir='ltr'><strong>ι)</strong></span> <span class='ocrx_word' id='word_1_390' title='bbox 3039 823 3185 875; x_wconf 89' lang='lat' dir='ltr'><strong>Luce</strong></span> <span class='ocrx_word' id='word_1_391' title='bbox 3210 824 3418 878; x_wconf 88' lang='lat' dir='ltr'><strong>clarius</strong></span> <span class='ocrx_word' id='word_1_392' title='bbox 3462 825 3715 879; x_wconf 90' lang='lat' dir='ltr'><strong>ostendit</strong></span> 
     </span>
    </p>
   </div>
   <div class='ocr_carea' id='block_1_53' title="bbox 2016 909 3706 980">
    <p class='ocr_par' dir='ltr' id='par_1_53' title="bbox 2016 909 3706 980">
     <span class='ocr_line' id='line_1_53' title="bbox 2016 909 3706 980; baseline 0.001 -17"><span class='ocrx_word' id='word_1_393' title='bbox 2016 909 2291 979; x_wconf 90' lang='lat' dir='ltr'><strong>Spiritum</strong></span> <span class='ocrx_word' id='word_1_394' title='bbox 2342 915 2598 964; x_wconf 89' lang='lat' dir='ltr'><strong>sanctum</strong></span> <span class='ocrx_word' id='word_1_395' title='bbox 2629 909 2697 963; x_wconf 91' lang='lat' dir='ltr'><strong>de</strong></span> <span class='ocrx_word' id='word_1_396' title='bbox 2745 911 2910 963; x_wconf 87' lang='lat' dir='ltr'><strong>Patre</strong></span> <span class='ocrx_word' id='word_1_397' title='bbox 2971 910 3226 980; x_wconf 87' lang='lat' dir='ltr'><strong>Filioque</strong></span> <span class='ocrx_word' id='word_1_398' title='bbox 3283 913 3591 980; x_wconf 87' lang='lat' dir='ltr'><strong>procedere</strong></span> <span class='ocrx_word' id='word_1_399' title='bbox 3651 919 3706 965; x_wconf 88' lang='lat' dir='ltr'><strong>et</strong></span> 
     </span>
    </p>
   </div>
   <div class='ocr_carea' id='block_1_54' title="bbox 2017 998 3715 1056">
    <p class='ocr_par' dir='ltr' id='par_1_54' title="bbox 2017 998 3715 1056">
     <span class='ocr_line' id='line_1_54' title="bbox 2017 998 3715 1056; baseline 0.003 -5"><span class='ocrx_word' id='word_1_400' title='bbox 2017 998 2298 1052; x_wconf 88' lang='lat' dir='ltr'><strong>ambobus</strong></span> <span class='ocrx_word' id='word_1_401' title='bbox 2349 1015 2468 1052; x_wconf 91' lang='lat' dir='ltr'><strong>esse</strong></span> <span class='ocrx_word' id='word_1_402' title='bbox 2531 998 3092 1052; x_wconf 86' lang='lat' dir='ltr'><strong>consubstantialem.</strong></span> <span class='ocrx_word' id='word_1_403' title='bbox 3151 999 3247 1052; x_wconf 86' lang='lat' dir='ltr'><strong>Ait</strong></span> <span class='ocrx_word' id='word_1_404' title='bbox 3295 1000 3448 1054; x_wconf 91' lang='lat' dir='ltr'><strong>enim</strong></span> <span class='ocrx_word' id='word_1_405' title='bbox 3497 1018 3628 1055; x_wconf 90' lang='lat' dir='ltr'><strong>eum</strong></span> <span class='ocrx_word' id='word_1_406' title='bbox 3683 1021 3715 1056; x_wconf 89' lang='lat' dir='ltr'><strong>a</strong></span> 
     </span>
    </p>
   </div>
   <div class='ocr_carea' id='block_1_55' title="bbox 2017 1087 3713 1160">
    <p class='ocr_par' dir='ltr' id='par_1_55' title="bbox 2017 1087 3713 1160">
     <span class='ocr_line' id='line_1_55' title="bbox 2017 1087 3713 1160; baseline 0.003 -20"><span class='ocrx_word' id='word_1_407' title='bbox 2017 1088 2195 1140; x_wconf 85' lang='lat' dir='ltr'><strong>Patris</strong></span> <span class='ocrx_word' id='word_1_408' title='bbox 2234 1091 2289 1140; x_wconf 90' lang='lat' dir='ltr'><strong>et</strong></span> <span class='ocrx_word' id='word_1_409' title='bbox 2321 1087 2447 1140; x_wconf 84' lang='lat' dir='ltr'><strong>Filii</strong></span> <span class='ocrx_word' id='word_1_410' title='bbox 2478 1087 2794 1141; x_wconf 89' lang='lat' dir='ltr'><strong>substantia</strong></span> <span class='ocrx_word' id='word_1_411' title='bbox 2833 1104 2952 1141; x_wconf 89' lang='lat' dir='ltr'><strong>non</strong></span> <span class='ocrx_word' id='word_1_412' title='bbox 2979 1104 3098 1142; x_wconf 90' lang='lat' dir='ltr'><strong>esse</strong></span> <span class='ocrx_word' id='word_1_413' title='bbox 3131 1089 3407 1155; x_wconf 88' lang='lat' dir='ltr'><strong>alienum,</strong></span> <span class='ocrx_word' id='word_1_414' title='bbox 3440 1092 3713 1160; x_wconf 89' lang='lat' dir='ltr'><strong>quoniam</strong></span> 
     </span>
    </p>
   </div>
   <div class='ocr_carea' id='block_1_56' title="bbox 2018 1175 3711 1247">
    <p class='ocr_par' dir='ltr' id='par_1_56' title="bbox 2018 1175 3711 1247">
     <span class='ocr_line' id='line_1_56' title="bbox 2018 1175 3711 1247; baseline 0.002 -18"><span class='ocrx_word' id='word_1_415' title='bbox 2018 1192 2134 1229; x_wconf 92' lang='lat' dir='ltr'><strong>non</strong></span> <span class='ocrx_word' id='word_1_416' title='bbox 2167 1175 2241 1228; x_wconf 90' lang='lat' dir='ltr'><strong>sit</strong></span> <span class='ocrx_word' id='word_1_417' title='bbox 2279 1192 2311 1228; x_wconf 88' lang='lat' dir='ltr'><strong>a</strong></span> <span class='ocrx_word' id='word_1_418' title='bbox 2359 1176 2686 1246; x_wconf 90' lang='lat' dir='ltr'><strong>semetipso,</strong></span> <span class='ocrx_word' id='word_1_419' title='bbox 2733 1177 2830 1229; x_wconf 88' lang='lat' dir='ltr'><strong>sed</strong></span> <span class='ocrx_word' id='word_1_420' title='bbox 2877 1177 2945 1229; x_wconf 90' lang='lat' dir='ltr'><strong>ab</strong></span> <span class='ocrx_word' id='word_1_421' title='bbox 2978 1176 3059 1229; x_wconf 91' lang='lat' dir='ltr'><strong>eis</strong></span> <span class='ocrx_word' id='word_1_422' title='bbox 3107 1193 3137 1229; x_wconf 90' lang='lat' dir='ltr'><strong>a</strong></span> <span class='ocrx_word' id='word_1_423' title='bbox 3170 1177 3380 1247; x_wconf 85' lang='lat' dir='ltr'><strong>quibus</strong></span> <span class='ocrx_word' id='word_1_424' title='bbox 3423 1179 3711 1247; x_wconf 85' lang='lat' dir='ltr'><strong>procedit:</strong></span> 
     </span>
    </p>
   </div>
   <div class='ocr_carea' id='block_1_57' title="bbox 2017 1264 3718 1337">
    <p class='ocr_par' dir='ltr' id='par_1_57' title="bbox 2017 1264 3718 1337">
     <span class='ocr_line' id='line_1_57' title="bbox 2017 1264 3718 1337; baseline 0.002 -20"><span class='ocrx_word' id='word_1_425' title='bbox 2017 1269 2074 1317; x_wconf 92' lang='lat' dir='ltr'><strong>et</strong></span> <span class='ocrx_word' id='word_1_426' title='bbox 2103 1264 2376 1333; x_wconf 87' lang='lat' dir='ltr'><strong>quoniam</strong></span> <span class='ocrx_word' id='word_1_427' title='bbox 2410 1265 2482 1318; x_wconf 86' lang='lat' dir='ltr'><strong>sit</strong></span> <span class='ocrx_word' id='word_1_428' title='bbox 2507 1266 2761 1335; x_wconf 82' lang='lat' dir='ltr'><strong>ejusdem</strong></span> <span class='ocrx_word' id='word_1_429' title='bbox 2793 1271 3015 1318; x_wconf 65' lang='lat' dir='ltr'><strong>naturae</strong></span> <span class='ocrx_word' id='word_1_430' title='bbox 3063 1266 3508 1336; x_wconf 63' lang='lat' dir='ltr'><strong>substantimque</strong></span> <span class='ocrx_word' id='word_1_431' title='bbox 3555 1268 3718 1337; x_wconf 87' lang='lat' dir='ltr'><strong>cujus</strong></span> 
     </span>
    </p>
   </div>
   <div class='ocr_carea' id='block_1_58' title="bbox 2017 1353 3717 1426">
    <p class='ocr_par' dir='ltr' id='par_1_58' title="bbox 2017 1353 3717 1426">
     <span class='ocr_line' id='line_1_58' title="bbox 2017 1353 3717 1426; baseline 0.001 -20"><span class='ocrx_word' id='word_1_432' title='bbox 2017 1359 2101 1406; x_wconf 91' lang='lat' dir='ltr'><strong>est</strong></span> <span class='ocrx_word' id='word_1_433' title='bbox 2130 1355 2297 1406; x_wconf 89' lang='lat' dir='ltr'><strong>Pater</strong></span> <span class='ocrx_word' id='word_1_434' title='bbox 2329 1358 2385 1407; x_wconf 92' lang='lat' dir='ltr'><strong>et</strong></span> <span class='ocrx_word' id='word_1_435' title='bbox 2417 1355 2610 1420; x_wconf 89' lang='lat' dir='ltr'><strong>Filius,</strong></span> <span class='ocrx_word' id='word_1_436' title='bbox 2643 1370 2762 1407; x_wconf 88' lang='lat' dir='ltr'><strong>non</strong></span> <span class='ocrx_word' id='word_1_437' title='bbox 2811 1353 3069 1424; x_wconf 86' lang='lat' dir='ltr'><strong>loquitur</strong></span> <span class='ocrx_word' id='word_1_438' title='bbox 3122 1354 3356 1424; x_wconf 89' lang='lat' dir='ltr'><strong>propria</strong></span> <span class='ocrx_word' id='word_1_439' title='bbox 3377 1396 3392 1422; x_wconf 90' lang='lat'><strong>,</strong></span> <span class='ocrx_word' id='word_1_440' title='bbox 3434 1355 3529 1408; x_wconf 91' lang='lat' dir='ltr'><strong>sed</strong></span> <span class='ocrx_word' id='word_1_441' title='bbox 3588 1372 3717 1426; x_wconf 71' lang='lat' dir='ltr'><strong>quae.</strong></span> 
     </span>
    </p>
   </div>
   <div class='ocr_carea' id='block_1_59' title="bbox 2019 1442 3712 1514">
    <p class='ocr_par' dir='ltr' id='par_1_59' title="bbox 2019 1442 3712 1514">
     <span class='ocr_line' id='line_1_59' title="bbox 2019 1442 3712 1514; baseline 0.001 -18"><span class='ocrx_word' id='word_1_442' title='bbox 2019 1442 2199 1496; x_wconf 88' lang='lat' dir='ltr'><strong>Patris</strong></span> <span class='ocrx_word' id='word_1_443' title='bbox 2229 1448 2283 1495; x_wconf 91' lang='lat' dir='ltr'><strong>et</strong></span> <span class='ocrx_word' id='word_1_444' title='bbox 2307 1443 2432 1495; x_wconf 90' lang='lat' dir='ltr'><strong>Filii</strong></span> <span class='ocrx_word' id='word_1_445' title='bbox 2463 1447 2595 1496; x_wconf 90' lang='lat' dir='ltr'><strong>sunt</strong></span> <span class='ocrx_word' id='word_1_446' title='bbox 2619 1443 2964 1496; x_wconf 88' lang='lat' dir='ltr'><strong>communia.</strong></span> <span class='ocrx_word' id='word_1_447' title='bbox 2995 1444 3119 1496; x_wconf 86' lang='lat' dir='ltr'><strong>Non</strong></span> <span class='ocrx_word' id='word_1_448' title='bbox 3148 1443 3302 1496; x_wconf 90' lang='lat' dir='ltr'><strong>enim</strong></span> <span class='ocrx_word' id='word_1_449' title='bbox 3332 1449 3414 1497; x_wconf 89' lang='lat' dir='ltr'><strong>est</strong></span> <span class='ocrx_word' id='word_1_450' title='bbox 3436 1462 3465 1498; x_wconf 89' lang='lat' dir='ltr'><strong>a</strong></span> <span class='ocrx_word' id='word_1_451' title='bbox 3503 1445 3712 1514; x_wconf 88' lang='lat' dir='ltr'><strong>seipso,</strong></span> 
     </span>
    </p>
   </div>
   <div class='ocr_carea' id='block_1_60' title="bbox 2018 1531 3716 1604">
    <p class='ocr_par' dir='ltr' id='par_1_60' title="bbox 2018 1531 3716 1604">
     <span class='ocr_line' id='line_1_60' title="bbox 2018 1531 3716 1604; baseline 0.001 -20"><span class='ocrx_word' id='word_1_452' title='bbox 2018 1531 2302 1584; x_wconf 86' lang='lat' dir='ltr'><strong>etidcirco</strong></span> <span class='ocrx_word' id='word_1_453' title='bbox 2333 1548 2460 1600; x_wconf 63' lang='lat' dir='ltr'><strong>quae</strong></span> <span class='ocrx_word' id='word_1_454' title='bbox 2494 1531 2768 1602; x_wconf 73' lang='lat' dir='ltr'><strong>loquitur,</strong></span> <span class='ocrx_word' id='word_1_455' title='bbox 2803 1549 3002 1585; x_wconf 87' lang='lat' dir='ltr'><strong>eorum</strong></span> <span class='ocrx_word' id='word_1_456' title='bbox 3035 1549 3159 1586; x_wconf 89' lang='lat' dir='ltr'><strong>esse</strong></span> <span class='ocrx_word' id='word_1_457' title='bbox 3192 1538 3410 1586; x_wconf 88' lang='lat' dir='ltr'><strong>constat</strong></span> <span class='ocrx_word' id='word_1_458' title='bbox 3441 1551 3471 1586; x_wconf 90' lang='lat' dir='ltr'><strong>a</strong></span> <span class='ocrx_word' id='word_1_459' title='bbox 3508 1536 3716 1604; x_wconf 84' lang='lat' dir='ltr'><strong>quibus</strong></span> 
     </span>
    </p>
   </div>
   <div class='ocr_carea' id='block_1_61' title="bbox 2017 1621 3717 1691">
    <p class='ocr_par' dir='ltr' id='par_1_61' title="bbox 2017 1621 3717 1691">
     <span class='ocr_line' id='line_1_61' title="bbox 2017 1621 3717 1691; baseline 0.002 -18"><span class='ocrx_word' id='word_1_460' title='bbox 2017 1621 2253 1690; x_wconf 83' lang='lat' dir='ltr'><strong>accepit,</strong></span> <span class='ocrx_word' id='word_1_461' title='bbox 2287 1626 2349 1674; x_wconf 87' lang='lat' dir='ltr'><strong>ut.</strong></span> <span class='ocrx_word' id='word_1_462' title='bbox 2380 1627 2436 1674; x_wconf 88' lang='lat' dir='ltr'><strong>et</strong></span> <span class='ocrx_word' id='word_1_463' title='bbox 2459 1621 2548 1686; x_wconf 89' lang='lat' dir='ltr'><strong>sit,</strong></span> <span class='ocrx_word' id='word_1_464' title='bbox 2601 1627 2653 1673; x_wconf 90' lang='lat' dir='ltr'><strong>et</strong></span> <span class='ocrx_word' id='word_1_465' title='bbox 2700 1627 2850 1690; x_wconf 75' lang='lat' dir='ltr'><strong>agat,</strong></span> <span class='ocrx_word' id='word_1_466' title='bbox 2899 1626 2955 1674; x_wconf 87' lang='lat' dir='ltr'><strong>et</strong></span> <span class='ocrx_word' id='word_1_467' title='bbox 2991 1622 3279 1691; x_wconf 87' lang='lat' dir='ltr'><strong>loquatur.</strong></span> <span class='ocrx_word' id='word_1_468' title='bbox 3314 1623 3467 1676; x_wconf 89' lang='lat' dir='ltr'><strong>Sicut</strong></span> <span class='ocrx_word' id='word_1_469' title='bbox 3513 1639 3615 1677; x_wconf 90' lang='lat' dir='ltr'><strong>nec</strong></span> <span class='ocrx_word' id='word_1_470' title='bbox 3649 1625 3717 1677; x_wconf 92' lang='lat' dir='ltr'><strong>de</strong></span> 
     </span>
    </p>
   </div>
   <div class='ocr_carea' id='block_1_62' title="bbox 2016 1703 3772 1782">
    <p class='ocr_par' dir='ltr' id='par_1_62' title="bbox 2016 1703 3772 1782">
     <span class='ocr_line' id='line_1_62' title="bbox 2016 1703 3772 1782; baseline 0.005 -24"><span class='ocrx_word' id='word_1_471' title='bbox 2016 1708 2264 1776; x_wconf 88' lang='lat' dir='ltr'><strong>propriis</strong></span> <span class='ocrx_word' id='word_1_472' title='bbox 2297 1709 2573 1778; x_wconf 72' lang='lat' dir='ltr'><strong>loquitur,</strong></span> <span class='ocrx_word' id='word_1_473' title='bbox 2607 1709 2703 1762; x_wconf 90' lang='lat' dir='ltr'><strong>sed</strong></span> <span class='ocrx_word' id='word_1_474' title='bbox 2753 1725 2785 1760; x_wconf 88' lang='lat' dir='ltr'><strong>a</strong></span> <span class='ocrx_word' id='word_1_475' title='bbox 2817 1711 2979 1762; x_wconf 83' lang='lat' dir='ltr'><strong>Patre</strong></span> <span class='ocrx_word' id='word_1_476' title='bbox 3020 1711 3170 1780; x_wconf 89' lang='lat' dir='ltr'><strong>quod</strong></span> <span class='ocrx_word' id='word_1_477' title='bbox 3205 1711 3460 1780; x_wconf 87' lang='lat' dir='ltr'><strong>loquitur</strong></span> <span class='ocrx_word' id='word_1_478' title='bbox 3479 1715 3712 1782; x_wconf 90' lang='lat' dir='ltr'><strong>accepit.</strong></span> <span class='ocrx_word' id='word_1_479' title='bbox 3763 1703 3772 1712; x_wconf 62' lang='grc'><em>’</em></span> 
     </span>
    </p>
   </div>
   <div class='ocr_carea' id='block_1_63' title="bbox 2017 1796 3716 1869">
    <p class='ocr_par' dir='ltr' id='par_1_63' title="bbox 2017 1796 3716 1869">
     <span class='ocr_line' id='line_1_63' title="bbox 2017 1796 3716 1869; baseline 0.003 -20"><span class='ocrx_word' id='word_1_480' title='bbox 2017 1796 2201 1849; x_wconf 81' lang='lat' dir='ltr'><strong>Omnis</strong></span> <span class='ocrx_word' id='word_1_481' title='bbox 2233 1800 2330 1864; x_wconf 85' lang='lat' dir='ltr'><strong>qui</strong></span> <span class='ocrx_word' id='word_1_482' title='bbox 2379 1799 2620 1865; x_wconf 80' lang='lat' dir='ltr'><strong>loquitur</strong></span> <span class='ocrx_word' id='word_1_483' title='bbox 2680 1799 3018 1852; x_wconf 77' lang='lat' dir='ltr'><strong>mendacium</strong></span> <span class='ocrx_word' id='word_1_484' title='bbox 3072 1799 3136 1851; x_wconf 88' lang='lat' dir='ltr'><strong>de</strong></span> <span class='ocrx_word' id='word_1_485' title='bbox 3178 1802 3425 1867; x_wconf 81' lang='lat' dir='ltr'><strong>propriis</strong></span> <span class='ocrx_word' id='word_1_486' title='bbox 3475 1801 3716 1869; x_wconf 87' lang='lat' dir='ltr'><strong>loquitur</strong></span> 
     </span>
    </p>
   </div>
   <div class='ocr_carea' id='block_1_64' title="bbox 2017 1884 3715 1958">
    <p class='ocr_par' dir='ltr' id='par_1_64' title="bbox 2017 1884 3715 1958">
     <span class='ocr_line' id='line_1_64' title="bbox 2017 1884 3715 1958; baseline 0.003 -22"><span class='ocrx_word' id='word_1_487' title='bbox 2017 1884 2208 1953; x_wconf 83' lang='lat' dir='ltr'><strong>(Joan.</strong></span> <span class='ocrx_word' id='word_1_488' title='bbox 2244 1901 2356 1952; x_wconf 82' lang='lat' dir='ltr'><strong>Vin,</strong></span> <span class='ocrx_word' id='word_1_489' title='bbox 2391 1885 2478 1955; x_wconf 69' lang='grc'><strong>44)</strong></span> <span class='ocrx_word' id='word_1_490' title='bbox 2507 1903 2520 1942; x_wconf 88' lang='lat'><strong>:</strong></span> <span class='ocrx_word' id='word_1_491' title='bbox 2566 1890 2617 1939; x_wconf 89' lang='lat' dir='ltr'><strong>et</strong></span> <span class='ocrx_word' id='word_1_492' title='bbox 2651 1885 2860 1939; x_wconf 90' lang='lat' dir='ltr'><strong>idcirco</strong></span> <span class='ocrx_word' id='word_1_493' title='bbox 2910 1886 3110 1938; x_wconf 87' lang='lat' dir='ltr'><strong>beatus</strong></span> <span class='ocrx_word' id='word_1_494' title='bbox 3157 1887 3498 1940; x_wconf 78' lang='lat' dir='ltr'><strong>Athanasius</strong></span> <span class='ocrx_word' id='word_1_495' title='bbox 3529 1889 3715 1958; x_wconf 85' lang='lat' dir='ltr'><strong>Spiri-</strong></span> 
     </span>
    </p>
   </div>
   <div class='ocr_carea' id='block_1_65' title="bbox 2017 1975 3717 2046">
    <p class='ocr_par' dir='ltr' id='par_1_65' title="bbox 2017 1975 3717 2046">
     <span class='ocr_line' id='line_1_65' title="bbox 2017 1975 3717 2046; baseline 0.002 -21"><span class='ocrx_word' id='word_1_496' title='bbox 2017 1979 2140 2026; x_wconf 92' lang='lat' dir='ltr'><strong>tum</strong></span> <span class='ocrx_word' id='word_1_497' title='bbox 2173 1980 2428 2027; x_wconf 90' lang='lat' dir='ltr'><strong>sanctum</strong></span> <span class='ocrx_word' id='word_1_498' title='bbox 2471 1975 2608 2028; x_wconf 90' lang='lat' dir='ltr'><strong>dicit</strong></span> <span class='ocrx_word' id='word_1_499' title='bbox 2640 1991 2837 2028; x_wconf 77' lang='lat' dir='ltr'><strong>verum</strong></span> <span class='ocrx_word' id='word_1_500' title='bbox 2878 1975 3056 2045; x_wconf 88' lang='lat' dir='ltr'><strong>loqui,</strong></span> <span class='ocrx_word' id='word_1_501' title='bbox 3113 1975 3249 2045; x_wconf 89' lang='lat' dir='ltr'><strong>quia</strong></span> <span class='ocrx_word' id='word_1_502' title='bbox 3294 1991 3410 2028; x_wconf 88' lang='lat' dir='ltr'><strong>non</strong></span> <span class='ocrx_word' id='word_1_503' title='bbox 3461 1975 3717 2046; x_wconf 90' lang='lat' dir='ltr'><strong>loquitur</strong></span> 
     </span>
    </p>
   </div>
   <div class='ocr_carea' id='block_1_66' title="bbox 2020 2062 3718 2133">
    <p class='ocr_par' dir='ltr' id='par_1_66' title="bbox 2020 2062 3718 2133">
     <span class='ocr_line' id='line_1_66' title="bbox 2020 2062 3718 2133; baseline 0.002 -20"><span class='ocrx_word' id='word_1_504' title='bbox 2020 2062 2088 2114; x_wconf 91' lang='lat' dir='ltr'><strong>de</strong></span> <span class='ocrx_word' id='word_1_505' title='bbox 2122 2079 2250 2132; x_wconf 65' lang='lat' dir='ltr'><strong>prof</strong></span> <span class='ocrx_word' id='word_1_506' title='bbox 2273 2063 2376 2130; x_wconf 92' lang='lat' dir='ltr'><strong>rio,</strong></span> <span class='ocrx_word' id='word_1_507' title='bbox 2411 2080 2526 2116; x_wconf 93' lang='lat' dir='ltr'><strong>non</strong></span> <span class='ocrx_word' id='word_1_508' title='bbox 2577 2063 2727 2116; x_wconf 91' lang='lat' dir='ltr'><strong>enim</strong></span> <span class='ocrx_word' id='word_1_509' title='bbox 2775 2069 2862 2116; x_wconf 92' lang='lat' dir='ltr'><strong>est</strong></span> <span class='ocrx_word' id='word_1_510' title='bbox 2909 2079 2941 2115; x_wconf 88' lang='lat' dir='ltr'><strong>a</strong></span> <span class='ocrx_word' id='word_1_511' title='bbox 2984 2062 3188 2132; x_wconf 90' lang='lat' dir='ltr'><strong>seipso,</strong></span> <span class='ocrx_word' id='word_1_512' title='bbox 3215 2064 3311 2116; x_wconf 89' lang='lat' dir='ltr'><strong>sed</strong></span> <span class='ocrx_word' id='word_1_513' title='bbox 3357 2079 3422 2116; x_wconf 87' lang='lat' dir='ltr'><strong>ea</strong></span> <span class='ocrx_word' id='word_1_514' title='bbox 3463 2065 3718 2133; x_wconf 86' lang='lat' dir='ltr'><strong>loquitur</strong></span> 
     </span>
    </p>
   </div>
   <div class='ocr_carea' id='block_1_67' title="bbox 2018 2151 3720 2221">
    <p class='ocr_par' dir='ltr' id='par_1_67' title="bbox 2018 2151 3720 2221">
     <span class='ocr_line' id='line_1_67' title="bbox 2018 2151 3720 2221; baseline 0.001 -18"><span class='ocrx_word' id='word_1_515' title='bbox 2018 2168 2146 2221; x_wconf 84' lang='lat' dir='ltr'><strong>quae</strong></span> <span class='ocrx_word' id='word_1_516' title='bbox 2180 2157 2310 2204; x_wconf 89' lang='lat' dir='ltr'><strong>sunt</strong></span> <span class='ocrx_word' id='word_1_517' title='bbox 2341 2152 2520 2205; x_wconf 80' lang='lat' dir='ltr'><strong>Patris</strong></span> <span class='ocrx_word' id='word_1_518' title='bbox 2551 2158 2606 2204; x_wconf 88' lang='lat' dir='ltr'><strong>et</strong></span> <span class='ocrx_word' id='word_1_519' title='bbox 2638 2151 2794 2218; x_wconf 84' lang='lat' dir='ltr'><strong>Filii;</strong></span> <span class='ocrx_word' id='word_1_520' title='bbox 2839 2151 3112 2221; x_wconf 90' lang='lat' dir='ltr'><strong>quoniam</strong></span> <span class='ocrx_word' id='word_1_521' title='bbox 3163 2151 3309 2204; x_wconf 90' lang='lat' dir='ltr'><strong>sicut</strong></span> <span class='ocrx_word' id='word_1_522' title='bbox 3339 2153 3720 2205; x_wconf 88' lang='lat' dir='ltr'><strong>consubstan-</strong></span> 
     </span>
    </p>
   </div>
   <div class='ocr_carea' id='block_1_68' title="bbox 2019 2239 3717 2310">
    <p class='ocr_par' dir='ltr' id='par_1_68' title="bbox 2019 2239 3717 2310">
     <span class='ocr_line' id='line_1_68' title="bbox 2019 2239 3717 2310; baseline 0.001 -19"><span class='ocrx_word' id='word_1_523' title='bbox 2019 2239 2167 2291; x_wconf 89' lang='lat' dir='ltr'><strong>tialis</strong></span> <span class='ocrx_word' id='word_1_524' title='bbox 2202 2243 2283 2291; x_wconf 89' lang='lat' dir='ltr'><strong>est</strong></span> <span class='ocrx_word' id='word_1_525' title='bbox 2313 2239 2446 2304; x_wconf 90' lang='lat' dir='ltr'><strong>illis,</strong></span> <span class='ocrx_word' id='word_1_526' title='bbox 2480 2239 2557 2292; x_wconf 89' lang='lat' dir='ltr'><strong>ita</strong></span> <span class='ocrx_word' id='word_1_527' title='bbox 2587 2240 2843 2309; x_wconf 89' lang='lat' dir='ltr'><strong>percepit</strong></span> <span class='ocrx_word' id='word_1_528' title='bbox 2883 2240 2952 2292; x_wconf 90' lang='lat' dir='ltr'><strong>ab</strong></span> <span class='ocrx_word' id='word_1_529' title='bbox 2980 2239 3093 2293; x_wconf 92' lang='lat' dir='ltr'><strong>illis</strong></span> <span class='ocrx_word' id='word_1_530' title='bbox 3123 2256 3251 2310; x_wconf 75' lang='lat' dir='ltr'><strong>quae.</strong></span> <span class='ocrx_word' id='word_1_531' title='bbox 3291 2239 3564 2310; x_wconf 79' lang='lat' dir='ltr'><strong>loquitur,</strong></span> <span class='ocrx_word' id='word_1_532' title='bbox 3602 2257 3717 2294; x_wconf 87' lang='lat' dir='ltr'><strong>non</strong></span> 
     </span>
    </p>
   </div>
   <div class='ocr_carea' id='block_1_69' title="bbox 2019 2326 3711 2397">
    <p class='ocr_par' dir='ltr' id='par_1_69' title="bbox 2019 2326 3711 2397">
     <span class='ocr_line' id='line_1_69' title="bbox 2019 2326 3711 2397; baseline 0.001 -18"><span class='ocrx_word' id='word_1_533' title='bbox 2019 2327 2178 2397; x_wconf 91' lang='lat' dir='ltr'><strong>prius</strong></span> <span class='ocrx_word' id='word_1_534' title='bbox 2236 2326 2552 2395; x_wconf 80' lang='lat' dir='ltr'><strong>existcndo,</strong></span> <span class='ocrx_word' id='word_1_535' title='bbox 2609 2333 2664 2380; x_wconf 90' lang='lat' dir='ltr'><strong>et</strong></span> <span class='ocrx_word' id='word_1_536' title='bbox 2711 2332 2908 2396; x_wconf 90' lang='lat' dir='ltr'><strong>postea</strong></span> <span class='ocrx_word' id='word_1_537' title='bbox 2961 2327 3309 2396; x_wconf 88' lang='lat' dir='ltr'><strong>accipiendo,</strong></span> <span class='ocrx_word' id='word_1_538' title='bbox 3370 2328 3466 2381; x_wconf 90' lang='lat' dir='ltr'><strong>sed</strong></span> <span class='ocrx_word' id='word_1_539' title='bbox 3517 2345 3711 2397; x_wconf 89' lang='lat' dir='ltr'><strong>proce-</strong></span> 
     </span>
    </p>
   </div>
   <div class='ocr_carea' id='block_1_70' title="bbox 2021 2414 3720 2484">
    <p class='ocr_par' dir='ltr' id='par_1_70' title="bbox 2021 2414 3720 2484">
     <span class='ocr_line' id='line_1_70' title="bbox 2021 2414 3720 2484; baseline 0.002 -16"><span class='ocrx_word' id='word_1_540' title='bbox 2021 2415 2208 2468; x_wconf 90' lang='lat' dir='ltr'><strong>dendo</strong></span> <span class='ocrx_word' id='word_1_541' title='bbox 2254 2414 2557 2484; x_wconf 88' lang='lat' dir='ltr'><strong>accipiens.</strong></span> <span class='ocrx_word' id='word_1_542' title='bbox 2606 2416 2672 2467; x_wconf 85' lang='lat' dir='ltr'><strong>Et</strong></span> <span class='ocrx_word' id='word_1_543' title='bbox 2715 2415 2934 2468; x_wconf 88' lang='lat' dir='ltr'><strong>inducit</strong></span> <span class='ocrx_word' id='word_1_544' title='bbox 2993 2415 3197 2468; x_wconf 87' lang='lat' dir='ltr'><strong>Filium</strong></span> <span class='ocrx_word' id='word_1_545' title='bbox 3246 2415 3572 2469; x_wconf 89' lang='lat' dir='ltr'><strong>dicentem:</strong></span> <span class='ocrx_word' id='word_1_546' title='bbox 3645 2420 3720 2471; x_wconf 86' lang='lat' dir='ltr'><strong>De</strong></span> 
     </span>
    </p>
   </div>
   <div class='ocr_carea' id='block_1_71' title="bbox 2019 2503 3715 2574">
    <p class='ocr_par' dir='ltr' id='par_1_71' title="bbox 2019 2503 3715 2574">
     <span class='ocr_line' id='line_1_71' title="bbox 2019 2503 3715 2574; baseline 0.001 -17"><span class='ocrx_word' id='word_1_547' title='bbox 2019 2521 2150 2568; x_wconf 89' lang='lat' dir='ltr'><strong>meo,</strong></span> <span class='ocrx_word' id='word_1_548' title='bbox 2200 2503 2406 2574; x_wconf 87' lang='lat' dir='ltr'><strong>inquit,</strong></span> <span class='ocrx_word' id='word_1_549' title='bbox 2440 2505 2669 2572; x_wconf 84' lang='lat' dir='ltr'><strong>accipiet</strong></span> <span class='ocrx_word' id='word_1_550' title='bbox 2723 2509 2773 2556; x_wconf 87' lang='lat' dir='ltr'><strong>et</strong></span> <span class='ocrx_word' id='word_1_551' title='bbox 2803 2504 3148 2558; x_wconf 80' lang='lat' dir='ltr'><strong>annuntiabit</strong></span> <span class='ocrx_word' id='word_1_552' title='bbox 3175 2505 3327 2558; x_wconf 82' lang='lat' dir='ltr'><strong>vobis</strong></span> <span class='ocrx_word' id='word_1_553' title='bbox 3377 2504 3563 2573; x_wconf 81' lang='lat' dir='ltr'><strong>(.Ioan.</strong></span> <span class='ocrx_word' id='word_1_554' title='bbox 3607 2521 3715 2568; x_wconf 77' lang='lat' dir='ltr'><strong>xvr,</strong></span> 
     </span>
    </p>
   </div>
   <div class='ocr_carea' id='block_1_72' title="bbox 2024 2591 3716 2662">
    <p class='ocr_par' dir='ltr' id='par_1_72' title="bbox 2024 2591 3716 2662">
     <span class='ocr_line' id='line_1_72' title="bbox 2024 2591 3716 2662; baseline 0.001 -17"><span class='ocrx_word' id='word_1_555' title='bbox 2024 2592 2128 2660; x_wconf 71' lang='grc'><strong>14).</strong></span> <span class='ocrx_word' id='word_1_556' title='bbox 2154 2594 2215 2644; x_wconf 88' lang='lat' dir='ltr'><strong>Et</strong></span> <span class='ocrx_word' id='word_1_557' title='bbox 2235 2607 2336 2644; x_wconf 91' lang='lat' dir='ltr'><strong>cur</strong></span> <span class='ocrx_word' id='word_1_558' title='bbox 2353 2592 2457 2644; x_wconf 94' lang='lat' dir='ltr'><strong>hoc</strong></span> <span class='ocrx_word' id='word_1_559' title='bbox 2479 2591 2702 2656; x_wconf 79' lang='lat' dir='ltr'><strong>dixerit,</strong></span> <span class='ocrx_word' id='word_1_560' title='bbox 2729 2591 3102 2662; x_wconf 83' lang='lat' dir='ltr'><strong>exponitcum</strong></span> <span class='ocrx_word' id='word_1_561' title='bbox 3123 2592 3420 2662; x_wconf 78' lang='lat' dir='ltr'><strong>subjungit</strong></span> <span class='ocrx_word' id='word_1_562' title='bbox 3445 2610 3456 2646; x_wconf 92' lang='lat'><strong>:</strong></span> <span class='ocrx_word' id='word_1_563' title='bbox 3482 2595 3592 2646; x_wconf 90' lang='lat' dir='ltr'><strong>Hoc</strong></span> <span class='ocrx_word' id='word_1_564' title='bbox 3615 2599 3716 2658; x_wconf 87' lang='lat' dir='ltr'><strong>est,</strong></span> 
     </span>
    </p>
   </div>
   <div class='ocr_carea' id='block_1_73' title="bbox 2021 2679 3719 2750">
    <p class='ocr_par' dir='ltr' id='par_1_73' title="bbox 2021 2679 3719 2750">
     <span class='ocr_line' id='line_1_73' title="bbox 2021 2679 3719 2750; baseline 0.002 -18"><span class='ocrx_word' id='word_1_565' title='bbox 2021 2680 2310 2750; x_wconf 88' lang='lat' dir='ltr'><strong>inquiens,</strong></span> <span class='ocrx_word' id='word_1_566' title='bbox 2343 2679 2412 2734; x_wconf 91' lang='lat' dir='ltr'><strong>de</strong></span> <span class='ocrx_word' id='word_1_567' title='bbox 2446 2680 2585 2733; x_wconf 88' lang='lat' dir='ltr'><strong>Filio</strong></span> <span class='ocrx_word' id='word_1_568' title='bbox 2619 2680 2894 2748; x_wconf 89' lang='lat' dir='ltr'><strong>accipere,</strong></span> <span class='ocrx_word' id='word_1_569' title='bbox 2927 2680 3076 2750; x_wconf 89' lang='lat' dir='ltr'><strong>quod</strong></span> <span class='ocrx_word' id='word_1_570' title='bbox 3125 2687 3212 2735; x_wconf 90' lang='lat' dir='ltr'><strong>est</strong></span> <span class='ocrx_word' id='word_1_571' title='bbox 3241 2682 3414 2735; x_wconf 83' lang='lat' dir='ltr'><strong>etiam</strong></span> <span class='ocrx_word' id='word_1_572' title='bbox 3457 2683 3525 2736; x_wconf 90' lang='lat' dir='ltr'><strong>de</strong></span> <span class='ocrx_word' id='word_1_573' title='bbox 3554 2683 3719 2736; x_wconf 88' lang='lat' dir='ltr'><strong>Patre</strong></span> 
     </span>
    </p>
   </div>
   <div class='ocr_carea' id='block_1_74' title="bbox 2021 2768 3724 2839">
    <p class='ocr_par' dir='ltr' id='par_1_74' title="bbox 2021 2768 3724 2839">
     <span class='ocr_line' id='line_1_74' title="bbox 2021 2768 3724 2839; baseline 0.002 -18"><span class='ocrx_word' id='word_1_574' title='bbox 2021 2769 2367 2839; x_wconf 88' lang='lat' dir='ltr'><strong>sumpsisse:</strong></span> <span class='ocrx_word' id='word_1_575' title='bbox 2402 2768 2676 2838; x_wconf 87' lang='lat' dir='ltr'><strong>quoniam</strong></span> <span class='ocrx_word' id='word_1_576' title='bbox 2708 2771 2874 2822; x_wconf 86' lang='lat' dir='ltr'><strong>Pater</strong></span> <span class='ocrx_word' id='word_1_577' title='bbox 2919 2774 2974 2821; x_wconf 88' lang='lat' dir='ltr'><strong>et</strong></span> <span class='ocrx_word' id='word_1_578' title='bbox 3004 2769 3177 2823; x_wconf 89' lang='lat' dir='ltr'><strong>Filius</strong></span> <span class='ocrx_word' id='word_1_579' title='bbox 3225 2771 3368 2823; x_wconf 89' lang='lat' dir='ltr'><strong>sicut</strong></span> <span class='ocrx_word' id='word_1_580' title='bbox 3407 2771 3724 2824; x_wconf 89' lang='lat' dir='ltr'><strong>substantia</strong></span> 
     </span>
    </p>
   </div>
   <div class='ocr_carea' id='block_1_75' title="bbox 2023 2858 3723 2928">
    <p class='ocr_par' dir='ltr' id='par_1_75' title="bbox 2023 2858 3723 2928">
     <span class='ocr_line' id='line_1_75' title="bbox 2023 2858 3723 2928; baseline -0.001 -16"><span class='ocrx_word' id='word_1_581' title='bbox 2023 2874 2140 2912; x_wconf 90' lang='lat' dir='ltr'><strong>non</strong></span> <span class='ocrx_word' id='word_1_582' title='bbox 2198 2863 2552 2928; x_wconf 85' lang='lat' dir='ltr'><strong>separantur,</strong></span> <span class='ocrx_word' id='word_1_583' title='bbox 2607 2859 2685 2912; x_wconf 89' lang='lat' dir='ltr'><strong>ita</strong></span> <span class='ocrx_word' id='word_1_584' title='bbox 2745 2858 2803 2910; x_wconf 92' lang='lat' dir='ltr'><strong>in</strong></span> <span class='ocrx_word' id='word_1_585' title='bbox 2847 2859 3206 2927; x_wconf 89' lang='lat' dir='ltr'><strong>processione</strong></span> <span class='ocrx_word' id='word_1_586' title='bbox 3247 2861 3421 2911; x_wconf 87' lang='lat' dir='ltr'><strong>sancti</strong></span> <span class='ocrx_word' id='word_1_587' title='bbox 3479 2859 3723 2928; x_wconf 87' lang='lat' dir='ltr'><strong>Spiritus</strong></span> 
     </span>
    </p>
   </div>
   <div class='ocr_carea' id='block_1_76' title="bbox 2023 2945 3724 3015">
    <p class='ocr_par' dir='ltr' id='par_1_76' title="bbox 2023 2945 3724 3015">
     <span class='ocr_line' id='line_1_76' title="bbox 2023 2945 3724 3015; baseline 0.001 -17"><span class='ocrx_word' id='word_1_588' title='bbox 2023 2947 2179 2998; x_wconf 92' lang='lat' dir='ltr'><strong>nullo</strong></span> <span class='ocrx_word' id='word_1_589' title='bbox 2216 2945 2386 2998; x_wconf 90' lang='lat' dir='ltr'><strong>modo</strong></span> <span class='ocrx_word' id='word_1_590' title='bbox 2417 2946 2767 3000; x_wconf 81' lang='lat' dir='ltr'><strong>dividuntur.</strong></span> <span class='ocrx_word' id='word_1_591' title='bbox 2819 2945 3030 2998; x_wconf 90' lang='lat' dir='ltr'><strong>Idcirco</strong></span> <span class='ocrx_word' id='word_1_592' title='bbox 3061 2946 3361 3015; x_wconf 85' lang='lat' dir='ltr'><strong>subjungit</strong></span> <span class='ocrx_word' id='word_1_593' title='bbox 3400 2947 3602 2999; x_wconf 90' lang='lat' dir='ltr'><strong>Filium</strong></span> <span class='ocrx_word' id='word_1_594' title='bbox 3637 2947 3724 2999; x_wconf 88' lang='lat' dir='ltr'><strong>di-</strong></span> 
     </span>
    </p>
   </div>
   <div class='ocr_carea' id='block_1_77' title="bbox 2026 3034 3724 3104">
    <p class='ocr_par' dir='ltr' id='par_1_77' title="bbox 2026 3034 3724 3104">
     <span class='ocr_line' id='line_1_77' title="bbox 2026 3034 3724 3104; baseline -0.001 -17"><span class='ocrx_word' id='word_1_595' title='bbox 2026 3035 2173 3087; x_wconf 77' lang='lat' dir='ltr'><strong>xisse</strong></span> <span class='ocrx_word' id='word_1_596' title='bbox 2201 3051 2213 3088; x_wconf 93' lang='lat'><strong>:</strong></span> <span class='ocrx_word' id='word_1_597' title='bbox 2247 3037 2556 3102; x_wconf 83' lang='lat' dir='ltr'><strong>Propterea.</strong></span> <span class='ocrx_word' id='word_1_598' title='bbox 2585 3034 2794 3104; x_wconf 83' lang='lat' dir='ltr'><strong>inquit,</strong></span> <span class='ocrx_word' id='word_1_599' title='bbox 2826 3035 2949 3087; x_wconf 71' lang='lat' dir='ltr'><strong>dimi</strong></span> <span class='ocrx_word' id='word_1_600' title='bbox 2972 3050 2986 3086; x_wconf 89' lang='lat'><strong>:</strong></span> <span class='ocrx_word' id='word_1_601' title='bbox 3036 3035 3112 3087; x_wconf 89' lang='lat' dir='ltr'><strong>De</strong></span> <span class='ocrx_word' id='word_1_602' title='bbox 3141 3051 3261 3088; x_wconf 86' lang='lat' dir='ltr'><strong>mea</strong></span> <span class='ocrx_word' id='word_1_603' title='bbox 3301 3037 3547 3103; x_wconf 84' lang='lat' dir='ltr'><strong>accipiet,</strong></span> <span class='ocrx_word' id='word_1_604' title='bbox 3592 3037 3724 3102; x_wconf 81' lang='lat' dir='ltr'><strong>quia</strong></span> 
     </span>
    </p>
   </div>
   <div class='ocr_carea' id='block_1_78' title="bbox 2025 3123 3716 3190">
    <p class='ocr_par' dir='ltr' id='par_1_78' title="bbox 2025 3123 3716 3190">
     <span class='ocr_line' id='line_1_78' title="bbox 2025 3123 3716 3190; baseline -0.001 -13"><span class='ocrx_word' id='word_1_605' title='bbox 2025 3126 2207 3177; x_wconf 82' lang='lat' dir='ltr'><strong>omnia</strong></span> <span class='ocrx_word' id='word_1_606' title='bbox 2264 3139 2382 3190; x_wconf 72' lang='lat' dir='ltr'><strong>qua:</strong></span> <span class='ocrx_word' id='word_1_607' title='bbox 2465 3123 2623 3175; x_wconf 81' lang='lat' dir='ltr'><strong>habet</strong></span> <span class='ocrx_word' id='word_1_608' title='bbox 2692 3125 2870 3183; x_wconf 82' lang='lat' dir='ltr'><strong>Pater,</strong></span> <span class='ocrx_word' id='word_1_609' title='bbox 2951 3137 3074 3176; x_wconf 85' lang='lat' dir='ltr'><strong>mea</strong></span> <span class='ocrx_word' id='word_1_610' title='bbox 3130 3129 3256 3175; x_wconf 88' lang='lat' dir='ltr'><strong>sunt</strong></span> <span class='ocrx_word' id='word_1_611' title='bbox 3332 3124 3527 3189; x_wconf 85' lang='lat' dir='ltr'><strong>(Ibid.,</strong></span> <span class='ocrx_word' id='word_1_612' title='bbox 3611 3125 3716 3190; x_wconf 72' lang='lat' dir='ltr'><strong>t5).</strong></span> 
     </span>
    </p>
   </div>
   <div class='ocr_carea' id='block_1_79' title="bbox 2026 3210 3719 3280">
    <p class='ocr_par' dir='ltr' id='par_1_79' title="bbox 2026 3210 3719 3280">
     <span class='ocr_line' id='line_1_79' title="bbox 2026 3210 3719 3280; baseline 0 -16"><span class='ocrx_word' id='word_1_613' title='bbox 2026 3210 2344 3264; x_wconf 85' lang='lat' dir='ltr'><strong>Ostendens</strong></span> <span class='ocrx_word' id='word_1_614' title='bbox 2385 3211 2660 3280; x_wconf 87' lang='lat' dir='ltr'><strong>Spiritum</strong></span> <span class='ocrx_word' id='word_1_615' title='bbox 2700 3216 2957 3263; x_wconf 89' lang='lat' dir='ltr'><strong>sanctum</strong></span> <span class='ocrx_word' id='word_1_616' title='bbox 2995 3227 3125 3263; x_wconf 90' lang='lat' dir='ltr'><strong>cum</strong></span> <span class='ocrx_word' id='word_1_617' title='bbox 3167 3212 3423 3280; x_wconf 87' lang='lat' dir='ltr'><strong>procedit</strong></span> <span class='ocrx_word' id='word_1_618' title='bbox 3456 3229 3486 3263; x_wconf 90' lang='lat' dir='ltr'><strong>a</strong></span> <span class='ocrx_word' id='word_1_619' title='bbox 3532 3214 3719 3275; x_wconf 88' lang='lat' dir='ltr'><strong>Patre,</strong></span> 
     </span>
    </p>
   </div>
   <div class='ocr_carea' id='block_1_80' title="bbox 2027 3299 3723 3369">
    <p class='ocr_par' dir='ltr' id='par_1_80' title="bbox 2027 3299 3723 3369">
     <span class='ocr_line' id='line_1_80' title="bbox 2027 3299 3723 3369; baseline 0.002 -20"><span class='ocrx_word' id='word_1_620' title='bbox 2027 3300 2298 3369; x_wconf 86' lang='lat' dir='ltr'><strong>procedat</strong></span> <span class='ocrx_word' id='word_1_621' title='bbox 2320 3305 2377 3352; x_wconf 91' lang='lat' dir='ltr'><strong>et</strong></span> <span class='ocrx_word' id='word_1_622' title='bbox 2406 3316 2436 3351; x_wconf 90' lang='lat' dir='ltr'><strong>a</strong></span> <span class='ocrx_word' id='word_1_623' title='bbox 2464 3299 2600 3352; x_wconf 87' lang='lat' dir='ltr'><strong>Filio</strong></span> <span class='ocrx_word' id='word_1_624' title='bbox 2638 3318 2652 3364; x_wconf 89' lang='lat'><strong>;</strong></span> <span class='ocrx_word' id='word_1_625' title='bbox 2680 3304 2737 3352; x_wconf 91' lang='lat' dir='ltr'><strong>et</strong></span> <span class='ocrx_word' id='word_1_626' title='bbox 2761 3315 2889 3351; x_wconf 89' lang='lat' dir='ltr'><strong>cum</strong></span> <span class='ocrx_word' id='word_1_627' title='bbox 2921 3299 3178 3369; x_wconf 89' lang='lat' dir='ltr'><strong>procedit</strong></span> <span class='ocrx_word' id='word_1_628' title='bbox 3199 3316 3231 3351; x_wconf 89' lang='lat' dir='ltr'><strong>a</strong></span> <span class='ocrx_word' id='word_1_629' title='bbox 3265 3299 3426 3364; x_wconf 84' lang='lat' dir='ltr'><strong>Filio,</strong></span> <span class='ocrx_word' id='word_1_630' title='bbox 3455 3300 3723 3369; x_wconf 81' lang='lat' dir='ltr'><strong>procedat</strong></span> 
     </span>
    </p>
   </div>
   <div class='ocr_carea' id='block_1_81' title="bbox 2027 3386 3719 3456">
    <p class='ocr_par' dir='ltr' id='par_1_81' title="bbox 2027 3386 3719 3456">
     <span class='ocr_line' id='line_1_81' title="bbox 2027 3386 3719 3456; baseline 0 -16"><span class='ocrx_word' id='word_1_631' title='bbox 2027 3390 2198 3441; x_wconf 89' lang='lat' dir='ltr'><strong>etiam</strong></span> <span class='ocrx_word' id='word_1_632' title='bbox 2222 3404 2253 3439; x_wconf 82' lang='lat' dir='ltr'><strong>a</strong></span> <span class='ocrx_word' id='word_1_633' title='bbox 2283 3389 2468 3440; x_wconf 87' lang='lat' dir='ltr'><strong>Patre.</strong></span> <span class='ocrx_word' id='word_1_634' title='bbox 2501 3387 2655 3440; x_wconf 91' lang='lat' dir='ltr'><strong>Unde</strong></span> <span class='ocrx_word' id='word_1_635' title='bbox 2686 3387 2745 3439; x_wconf 91' lang='lat' dir='ltr'><strong>in</strong></span> <span class='ocrx_word' id='word_1_636' title='bbox 2779 3386 2892 3439; x_wconf 78' lang='lat' dir='ltr'><strong>ﬁne</strong></span> <span class='ocrx_word' id='word_1_637' title='bbox 2931 3387 3280 3440; x_wconf 88' lang='lat' dir='ltr'><strong>concludens</strong></span> <span class='ocrx_word' id='word_1_638' title='bbox 3301 3387 3401 3450; x_wconf 88' lang='lat' dir='ltr'><strong>ait,</strong></span> <span class='ocrx_word' id='word_1_639' title='bbox 3447 3388 3719 3456; x_wconf 88' lang='lat' dir='ltr'><strong>Spiritum</strong></span> 
     </span>
    </p>
   </div>
   <div class='ocr_carea' id='block_1_82' title="bbox 2029 3475 3726 3546">
    <p class='ocr_par' dir='ltr' id='par_1_82' title="bbox 2029 3475 3726 3546">
     <span class='ocr_line' id='line_1_82' title="bbox 2029 3475 3726 3546; baseline -0.001 -17"><span class='ocrx_word' id='word_1_640' title='bbox 2029 3483 2284 3529; x_wconf 89' lang='lat' dir='ltr'><strong>sanctum</strong></span> <span class='ocrx_word' id='word_1_641' title='bbox 2309 3492 2342 3528; x_wconf 90' lang='lat' dir='ltr'><strong>a</strong></span> <span class='ocrx_word' id='word_1_642' title='bbox 2375 3477 2539 3528; x_wconf 89' lang='lat' dir='ltr'><strong>Patre</strong></span> <span class='ocrx_word' id='word_1_643' title='bbox 2569 3475 2824 3545; x_wconf 89' lang='lat' dir='ltr'><strong>Filioque</strong></span> <span class='ocrx_word' id='word_1_644' title='bbox 2866 3492 2982 3529; x_wconf 89' lang='lat' dir='ltr'><strong>non</strong></span> <span class='ocrx_word' id='word_1_645' title='bbox 3010 3492 3130 3528; x_wconf 88' lang='lat' dir='ltr'><strong>esse</strong></span> <span class='ocrx_word' id='word_1_646' title='bbox 3153 3476 3486 3542; x_wconf 89' lang='lat' dir='ltr'><strong>discretum,</strong></span> <span class='ocrx_word' id='word_1_647' title='bbox 3515 3476 3726 3546; x_wconf 84' lang='lat' dir='ltr'><strong>quibus</strong></span> 
     </span>
    </p>
   </div>
   <div class='ocr_carea' id='block_1_83' title="bbox 2028 3563 3727 3635">
    <p class='ocr_par' dir='ltr' id='par_1_83' title="bbox 2028 3563 3727 3635">
     <span class='ocr_line' id='line_1_83' title="bbox 2028 3563 3727 3635; baseline 0.001 -19"><span class='ocrx_word' id='word_1_648' title='bbox 2028 3570 2082 3616; x_wconf 88' lang='lat' dir='ltr'><strong>et</strong></span> <span class='ocrx_word' id='word_1_649' title='bbox 2114 3569 2316 3617; x_wconf 89' lang='lat' dir='ltr'><strong>natura</strong></span> <span class='ocrx_word' id='word_1_650' title='bbox 2358 3563 2624 3633; x_wconf 84' lang='lat' dir='ltr'><strong>jungitur</strong></span> <span class='ocrx_word' id='word_1_651' title='bbox 2681 3569 2738 3618; x_wconf 90' lang='lat' dir='ltr'><strong>et</strong></span> <span class='ocrx_word' id='word_1_652' title='bbox 2766 3565 3118 3634; x_wconf 89' lang='lat' dir='ltr'><strong>operatione.</strong></span> <span class='ocrx_word' id='word_1_653' title='bbox 3180 3565 3319 3617; x_wconf 72' lang='lat' dir='ltr'><strong>Nam</strong></span> <span class='ocrx_word' id='word_1_654' title='bbox 3353 3581 3420 3616; x_wconf 88' lang='lat' dir='ltr'><strong>ea</strong></span> <span class='ocrx_word' id='word_1_655' title='bbox 3471 3564 3727 3635; x_wconf 90' lang='lat' dir='ltr'><strong>loquitur</strong></span> 
     </span>
    </p>
   </div>
   <div class='ocr_carea' id='block_1_84' title="bbox 2030 3652 3727 3723">
    <p class='ocr_par' dir='ltr' id='par_1_84' title="bbox 2030 3652 3727 3723">
     <span class='ocr_line' id='line_1_84' title="bbox 2030 3652 3727 3723; baseline -0.002 -17"><span class='ocrx_word' id='word_1_656' title='bbox 2030 3659 2087 3706; x_wconf 87' lang='lat' dir='ltr'><strong>et</strong></span> <span class='ocrx_word' id='word_1_657' title='bbox 2126 3653 2205 3706; x_wconf 89' lang='lat' dir='ltr'><strong>ait</strong></span> <span class='ocrx_word' id='word_1_658' title='bbox 2235 3669 2363 3723; x_wconf 77' lang='lat' dir='ltr'><strong>quae</strong></span> <span class='ocrx_word' id='word_1_659' title='bbox 2396 3652 2580 3706; x_wconf 81' lang='lat' dir='ltr'><strong>Patris</strong></span> <span class='ocrx_word' id='word_1_660' title='bbox 2613 3659 2670 3706; x_wconf 89' lang='lat' dir='ltr'><strong>et</strong></span> <span class='ocrx_word' id='word_1_661' title='bbox 2711 3654 2833 3706; x_wconf 90' lang='lat' dir='ltr'><strong>Filii</strong></span> <span class='ocrx_word' id='word_1_662' title='bbox 2867 3653 3102 3722; x_wconf 85' lang='lat' dir='ltr'><strong>propria</strong></span> <span class='ocrx_word' id='word_1_663' title='bbox 3136 3669 3255 3705; x_wconf 91' lang='lat' dir='ltr'><strong>esse</strong></span> <span class='ocrx_word' id='word_1_664' title='bbox 3285 3657 3621 3718; x_wconf 88' lang='lat' dir='ltr'><strong>noscuntur,</strong></span> <span class='ocrx_word' id='word_1_665' title='bbox 3655 3653 3727 3704; x_wconf 88' lang='lat' dir='ltr'><strong>ab</strong></span> 
     </span>
    </p>
   </div>
   <div class='ocr_carea' id='block_1_85' title="bbox 2029 3741 3728 3811">
    <p class='ocr_par' dir='ltr' id='par_1_85' title="bbox 2029 3741 3728 3811">
     <span class='ocr_line' id='line_1_85' title="bbox 2029 3741 3728 3811; baseline -0.002 -16"><span class='ocrx_word' id='word_1_666' title='bbox 2029 3747 2273 3811; x_wconf 88' lang='lat' dir='ltr'><strong>utroque</strong></span> <span class='ocrx_word' id='word_1_667' title='bbox 2321 3742 2657 3811; x_wconf 77' lang='lat' dir='ltr'><strong>procudens,</strong></span> <span class='ocrx_word' id='word_1_668' title='bbox 2694 3741 2762 3794; x_wconf 87' lang='lat' dir='ltr'><strong>ab</strong></span> <span class='ocrx_word' id='word_1_669' title='bbox 2806 3749 3050 3811; x_wconf 90' lang='lat' dir='ltr'><strong>utroque</strong></span> <span class='ocrx_word' id='word_1_670' title='bbox 3089 3742 3411 3811; x_wconf 86' lang='lat' dir='ltr'><strong>percipiens</strong></span> <span class='ocrx_word' id='word_1_671' title='bbox 3442 3742 3590 3794; x_wconf 90' lang='lat' dir='ltr'><strong>sicut</strong></span> <span class='ocrx_word' id='word_1_672' title='bbox 3633 3759 3728 3793; x_wconf 82' lang='lat' dir='ltr'><strong>es-</strong></span> 
     </span>
    </p>
   </div>
   <div class='ocr_carea' id='block_1_86' title="bbox 2028 3828 3726 3897">
    <p class='ocr_par' dir='ltr' id='par_1_86' title="bbox 2028 3828 3726 3897">
     <span class='ocr_line' id='line_1_86' title="bbox 2028 3828 3726 3897; baseline -0.002 -13"><span class='ocrx_word' id='word_1_673' title='bbox 2028 3832 2295 3896; x_wconf 87' lang='lat' dir='ltr'><strong>sentiam,</strong></span> <span class='ocrx_word' id='word_1_674' title='bbox 2327 3830 2406 3882; x_wconf 89' lang='lat' dir='ltr'><strong>sic</strong></span> <span class='ocrx_word' id='word_1_675' title='bbox 2453 3829 2869 3897; x_wconf 90' lang='lat' dir='ltr'><strong>operationem,</strong></span> <span class='ocrx_word' id='word_1_676' title='bbox 2916 3828 3194 3882; x_wconf 89' lang='lat' dir='ltr'><strong>indivisus</strong></span> <span class='ocrx_word' id='word_1_677' title='bbox 3225 3829 3294 3880; x_wconf 86' lang='lat' dir='ltr'><strong>ab</strong></span> <span class='ocrx_word' id='word_1_678' title='bbox 3326 3828 3408 3881; x_wconf 89' lang='lat' dir='ltr'><strong>eis</strong></span> <span class='ocrx_word' id='word_1_679' title='bbox 3459 3834 3577 3881; x_wconf 87' lang='lat' dir='ltr'><strong>tam</strong></span> <span class='ocrx_word' id='word_1_680' title='bbox 3631 3844 3726 3880; x_wconf 84' lang='lat' dir='ltr'><strong>vo-</strong></span> 
     </span>
    </p>
   </div>
   <div class='ocr_carea' id='block_1_87' title="bbox 2030 3915 3726 3987">
    <p class='ocr_par' dir='ltr' id='par_1_87' title="bbox 2030 3915 3726 3987">
     <span class='ocr_line' id='line_1_87' title="bbox 2030 3915 3726 3987; baseline -0.003 -18"><span class='ocrx_word' id='word_1_681' title='bbox 2030 3919 2247 3970; x_wconf 90' lang='lat' dir='ltr'><strong>luntate</strong></span> <span class='ocrx_word' id='word_1_682' title='bbox 2279 3932 2449 3987; x_wconf 89' lang='lat' dir='ltr'><strong>quam</strong></span> <span class='ocrx_word' id='word_1_683' title='bbox 2475 3917 2702 3980; x_wconf 83' lang='lat' dir='ltr'><strong>virtute,</strong></span> <span class='ocrx_word' id='word_1_684' title='bbox 2738 3920 2934 3985; x_wconf 90' lang='lat' dir='ltr'><strong>utpote</strong></span> <span class='ocrx_word' id='word_1_685' title='bbox 2964 3931 3112 3968; x_wconf 88' lang='lat' dir='ltr'><strong>unus</strong></span> <span class='ocrx_word' id='word_1_686' title='bbox 3142 3915 3320 3983; x_wconf 89' lang='lat' dir='ltr'><strong>ipsius</strong></span> <span class='ocrx_word' id='word_1_687' title='bbox 3353 3915 3726 3983; x_wconf 86' lang='lat' dir='ltr'><strong>ejusdemque</strong></span> 
     </span>
    </p>
   </div>
   <div class='ocr_carea' id='block_1_88' title="bbox 2031 4002 3724 4058">
    <p class='ocr_par' dir='ltr' id='par_1_88' title="bbox 2031 4002 3724 4058">
     <span class='ocr_line' id='line_1_88' title="bbox 2031 4002 3724 4058; baseline -0.004 0"><span class='ocrx_word' id='word_1_688' title='bbox 2031 4011 2233 4058; x_wconf 65' lang='lat' dir='ltr'><strong>sanctae</strong></span> <span class='ocrx_word' id='word_1_689' title='bbox 2282 4004 2572 4057; x_wconf 87' lang='lat' dir='ltr'><strong>Trinitatis</strong></span> <span class='ocrx_word' id='word_1_690' title='bbox 2619 4005 2884 4056; x_wconf 81' lang='lat' dir='ltr'><strong>existens.</strong></span> <span class='ocrx_word' id='word_1_691' title='bbox 2942 4004 3066 4055; x_wconf 70' lang='lat' dir='ltr'><strong>Haec</strong></span> <span class='ocrx_word' id='word_1_692' title='bbox 3120 4002 3322 4055; x_wconf 86' lang='lat' dir='ltr'><strong>beatus</strong></span> <span class='ocrx_word' id='word_1_693' title='bbox 3375 4003 3724 4056; x_wconf 78' lang='lat' dir='ltr'><strong>Athanasius</strong></span> 
     </span>
    </p>
   </div>
   <div class='ocr_carea' id='block_1_89' title="bbox 2029 4090 3732 4163">
    <p class='ocr_par' dir='ltr' id='par_1_89' title="bbox 2029 4090 3732 4163">
     <span class='ocr_line' id='line_1_89' title="bbox 2029 4090 3732 4163; baseline -0.002 -16"><span class='ocrx_word' id='word_1_694' title='bbox 2029 4095 2098 4147; x_wconf 86' lang='lat' dir='ltr'><strong>de</strong></span> <span class='ocrx_word' id='word_1_695' title='bbox 2129 4095 2488 4163; x_wconf 91' lang='lat' dir='ltr'><strong>processione</strong></span> <span class='ocrx_word' id='word_1_696' title='bbox 2520 4093 2699 4146; x_wconf 89' lang='lat' dir='ltr'><strong>sancti</strong></span> <span class='ocrx_word' id='word_1_697' title='bbox 2731 4093 2977 4161; x_wconf 89' lang='lat' dir='ltr'><strong>Spiritus</strong></span> <span class='ocrx_word' id='word_1_698' title='bbox 3006 4092 3417 4162; x_wconf 83' lang='lat' dir='ltr'><strong>dogmatizans,</strong></span> <span class='ocrx_word' id='word_1_699' title='bbox 3451 4090 3732 4160; x_wconf 87' lang='lat' dir='ltr'><strong>approbat</strong></span> 
     </span>
    </p>
   </div>
   <div class='ocr_carea' id='block_1_90' title="bbox 2031 4179 3731 4252">
    <p class='ocr_par' dir='ltr' id='par_1_90' title="bbox 2031 4179 3731 4252">
     <span class='ocr_line' id='line_1_90' title="bbox 2031 4179 3731 4252; baseline -0.002 -17"><span class='ocrx_word' id='word_1_700' title='bbox 2031 4199 2162 4236; x_wconf 89' lang='lat' dir='ltr'><strong>eum</strong></span> <span class='ocrx_word' id='word_1_701' title='bbox 2215 4184 2520 4252; x_wconf 89' lang='lat' dir='ltr'><strong>procedere</strong></span> <span class='ocrx_word' id='word_1_702' title='bbox 2568 4186 2683 4234; x_wconf 90' lang='lat' dir='ltr'><strong>tam</strong></span> <span class='ocrx_word' id='word_1_703' title='bbox 2739 4182 2807 4235; x_wconf 91' lang='lat' dir='ltr'><strong>de</strong></span> <span class='ocrx_word' id='word_1_704' title='bbox 2854 4183 3017 4234; x_wconf 89' lang='lat' dir='ltr'><strong>Patre</strong></span> <span class='ocrx_word' id='word_1_705' title='bbox 3067 4197 3241 4251; x_wconf 91' lang='lat' dir='ltr'><strong>quam</strong></span> <span class='ocrx_word' id='word_1_706' title='bbox 3297 4181 3366 4234; x_wconf 91' lang='lat' dir='ltr'><strong>de</strong></span> <span class='ocrx_word' id='word_1_707' title='bbox 3417 4180 3579 4233; x_wconf 91' lang='lat' dir='ltr'><strong>Filio.</strong></span> <span class='ocrx_word' id='word_1_708' title='bbox 3629 4179 3731 4233; x_wconf 91' lang='lat' dir='ltr'><strong>Cui</strong></span> 
     </span>
    </p>
   </div>
   <div class='ocr_carea' id='block_1_91' title="bbox 220 4269 3734 4346">
    <p class='ocr_par' dir='ltr' id='par_1_91' title="bbox 220 4269 3734 4346">
     <span class='ocr_line' id='line_1_91' title="bbox 220 4269 3734 4346; baseline -0.003 -16"><span class='ocrx_word' id='word_1_709' title='bbox 220 4278 357 4331; x_wconf 80' lang='lat' dir='ltr'><strong>Filii</strong></span> <span class='ocrx_word' id='word_1_710' title='bbox 390 4277 680 4346; x_wconf 88' lang='lat' dir='ltr'><strong>propriam</strong></span> <span class='ocrx_word' id='word_1_711' title='bbox 711 4276 1093 4341; x_wconf 80' lang='lat' dir='ltr'><strong>existentiam,</strong></span> <span class='ocrx_word' id='word_1_712' title='bbox 1126 4275 1402 4345; x_wconf 88' lang='lat' dir='ltr'><strong>quoniam</strong></span> <span class='ocrx_word' id='word_1_713' title='bbox 1447 4280 1532 4327; x_wconf 82' lang='lat' dir='ltr'><strong>est</strong></span> <span class='ocrx_word' id='word_1_714' title='bbox 1563 4289 1679 4327; x_wconf 89' lang='lat' dir='ltr'><strong>una</strong></span> <span class='ocrx_word' id='word_1_715' title='bbox 1709 4278 1919 4326; x_wconf 72' lang='lat' dir='ltr'><strong>sanctae</strong></span> <span class='ocrx_word' id='word_1_716' title='bbox 1961 4273 2000 4326; x_wconf 91' lang='lat' dir='ltr'>D</span> <span class='ocrx_word' id='word_1_717' title='bbox 2029 4273 2350 4325; x_wconf 66' lang='lat' dir='ltr'><strong>Graecorum</strong></span> <span class='ocrx_word' id='word_1_718' title='bbox 2410 4271 2780 4340; x_wconf 70' lang='lat' dir='ltr'><strong>imperatores</strong></span> <span class='ocrx_word' id='word_1_719' title='bbox 2837 4270 2885 4322; x_wconf 89' lang='lat' dir='ltr'><strong>si</strong></span> <span class='ocrx_word' id='word_1_720' title='bbox 2945 4269 3122 4322; x_wconf 81' lang='lat' dir='ltr'><strong>velint</strong></span> <span class='ocrx_word' id='word_1_721' title='bbox 3175 4269 3578 4333; x_wconf 88' lang='lat' dir='ltr'><strong>contradicere,</strong></span> <span class='ocrx_word' id='word_1_722' title='bbox 3644 4269 3734 4320; x_wconf 89' lang='lat' dir='ltr'><strong>vi-</strong></span> 
     </span>
    </p>
   </div>
   <div class='ocr_carea' id='block_1_92' title="bbox 218 4367 813 4433">
    <p class='ocr_par' dir='ltr' id='par_1_92' title="bbox 218 4367 813 4433">
     <span class='ocr_line' id='line_1_92' title="bbox 218 4367 813 4433; baseline -0.002 -14"><span class='ocrx_word' id='word_1_723' title='bbox 218 4367 518 4420; x_wconf 88' lang='lat' dir='ltr'><strong>Trinitatis</strong></span> <span class='ocrx_word' id='word_1_724' title='bbox 548 4381 813 4433; x_wconf 79' lang='lat' dir='ltr'><strong>persona.</strong></span> 
     </span>
    </p>
   </div>
   <div class='ocr_carea' id='block_1_93' title="bbox 294 4449 1924 4523">
    <p class='ocr_par' dir='ltr' id='par_1_93' title="bbox 294 4449 1924 4523">
     <span class='ocr_line' id='line_1_93' title="bbox 294 4449 1924 4523; baseline -0.004 -15"><span class='ocrx_word' id='word_1_725' title='bbox 294 4457 441 4508; x_wconf 85' lang='lat' dir='ltr'><strong>Item</strong></span> <span class='ocrx_word' id='word_1_726' title='bbox 465 4455 521 4506; x_wconf 91' lang='lat' dir='ltr'><strong>in</strong></span> <span class='ocrx_word' id='word_1_727' title='bbox 545 4455 692 4508; x_wconf 89' lang='lat' dir='ltr'><strong>libro</strong></span> <span class='ocrx_word' id='word_1_728' title='bbox 723 4452 1133 4523; x_wconf 89' lang='lat' dir='ltr'><strong>Disputationis</strong></span> <span class='ocrx_word' id='word_1_729' title='bbox 1163 4453 1431 4505; x_wconf 88' lang='lat' dir='ltr'><strong>adversus</strong></span> <span class='ocrx_word' id='word_1_730' title='bbox 1459 4449 1696 4504; x_wconf 82' lang='lat' dir='ltr'><strong>Arium:</strong></span> <span class='ocrx_word' id='word_1_731' title='bbox 1749 4470 1776 4497; x_wconf 85' lang='lat'><strong><em>«</em></strong></span> <span class='ocrx_word' id='word_1_732' title='bbox 1806 4451 1924 4518; x_wconf 86' lang='lat' dir='ltr'><strong>Ap-</strong></span> 
     </span>
    </p>
   </div>
   <div class='ocr_carea' id='block_1_94' title="bbox 219 4535 1926 4616">
    <p class='ocr_par' dir='ltr' id='par_1_94' title="bbox 219 4535 1926 4616">
     <span class='ocr_line' id='line_1_94' title="bbox 219 4535 1926 4616; baseline -0.004 -20"><span class='ocrx_word' id='word_1_733' title='bbox 219 4548 393 4616; x_wconf 89' lang='lat' dir='ltr'><strong>paret</strong></span> <span class='ocrx_word' id='word_1_734' title='bbox 428 4543 703 4612; x_wconf 87' lang='lat' dir='ltr'><strong>Spiritum</strong></span> <span class='ocrx_word' id='word_1_735' title='bbox 743 4547 1002 4594; x_wconf 89' lang='lat' dir='ltr'><strong>sanctum</strong></span> <span class='ocrx_word' id='word_1_736' title='bbox 1048 4557 1081 4593; x_wconf 87' lang='lat' dir='ltr'><strong>a</strong></span> <span class='ocrx_word' id='word_1_737' title='bbox 1121 4539 1303 4594; x_wconf 88' lang='lat' dir='ltr'><strong>Patris</strong></span> <span class='ocrx_word' id='word_1_738' title='bbox 1344 4545 1400 4592; x_wconf 92' lang='lat' dir='ltr'><strong>et</strong></span> <span class='ocrx_word' id='word_1_739' title='bbox 1441 4537 1566 4592; x_wconf 84' lang='lat' dir='ltr'><strong>Filii</strong></span> <span class='ocrx_word' id='word_1_740' title='bbox 1607 4535 1926 4591; x_wconf 86' lang='lat' dir='ltr'><strong>substantia</strong></span> 
     </span>
    </p>
   </div>
   <div class='ocr_carea' id='block_1_95' title="bbox 220 4625 1924 4698">
    <p class='ocr_par' dir='ltr' id='par_1_95' title="bbox 220 4625 1924 4698">
     <span class='ocr_line' id='line_1_95' title="bbox 220 4625 1924 4698; baseline -0.006 -11"><span class='ocrx_word' id='word_1_741' title='bbox 220 4649 346 4687; x_wconf 86' lang='lat' dir='ltr'><strong>non</strong></span> <span class='ocrx_word' id='word_1_742' title='bbox 391 4648 509 4684; x_wconf 83' lang='lat' dir='ltr'><strong>esse</strong></span> <span class='ocrx_word' id='word_1_743' title='bbox 540 4632 812 4695; x_wconf 76' lang='lat' dir='ltr'><strong>alienum,</strong></span> <span class='ocrx_word' id='word_1_744' title='bbox 854 4630 991 4684; x_wconf 89' lang='lat' dir='ltr'><strong>dum</strong></span> <span class='ocrx_word' id='word_1_745' title='bbox 1022 4645 1136 4681; x_wconf 91' lang='lat' dir='ltr'><strong>non</strong></span> <span class='ocrx_word' id='word_1_746' title='bbox 1168 4646 1199 4681; x_wconf 86' lang='lat' dir='ltr'><strong>a</strong></span> <span class='ocrx_word' id='word_1_747' title='bbox 1234 4628 1419 4698; x_wconf 86' lang='lat' dir='ltr'><strong>seipso</strong></span> <span class='ocrx_word' id='word_1_748' title='bbox 1463 4633 1732 4696; x_wconf 87' lang='lat' dir='ltr'><strong>tanquam</strong></span> <span class='ocrx_word' id='word_1_749' title='bbox 1784 4625 1924 4677; x_wconf 84' lang='lat' dir='ltr'><strong>alie-</strong></span> 
     </span>
    </p>
   </div>
   <div class='ocr_carea' id='block_1_96' title="bbox 219 4716 1926 4788">
    <p class='ocr_par' dir='ltr' id='par_1_96' title="bbox 219 4716 1926 4788">
     <span class='ocr_line' id='line_1_96' title="bbox 219 4716 1926 4788; baseline -0.005 -14"><span class='ocrx_word' id='word_1_750' title='bbox 219 4738 338 4776; x_wconf 87' lang='lat' dir='ltr'><strong>nus</strong></span> <span class='ocrx_word' id='word_1_751' title='bbox 371 4726 428 4773; x_wconf 89' lang='lat' dir='ltr'><strong>et</strong></span> <span class='ocrx_word' id='word_1_752' title='bbox 474 4725 794 4783; x_wconf 83' lang='lat' dir='ltr'><strong>extraneas,</strong></span> <span class='ocrx_word' id='word_1_753' title='bbox 841 4719 935 4772; x_wconf 91' lang='lat' dir='ltr'><strong>sed</strong></span> <span class='ocrx_word' id='word_1_754' title='bbox 973 4722 1165 4788; x_wconf 90' lang='lat' dir='ltr'><strong>utpote</strong></span> <span class='ocrx_word' id='word_1_755' title='bbox 1207 4719 1377 4770; x_wconf 88' lang='lat' dir='ltr'><strong>unius</strong></span> <span class='ocrx_word' id='word_1_756' title='bbox 1415 4716 1786 4785; x_wconf 89' lang='lat' dir='ltr'><strong>ejusdemque</strong></span> <span class='ocrx_word' id='word_1_757' title='bbox 1827 4730 1926 4766; x_wconf 86' lang='lat' dir='ltr'><strong>na-</strong></span> 
     </span>
    </p>
   </div>
   <div class='ocr_carea' id='block_1_97' title="bbox 219 4800 1932 4878">
    <p class='ocr_par' dir='ltr' id='par_1_97' title="bbox 219 4800 1932 4878">
     <span class='ocr_line' id='line_1_97' title="bbox 219 4800 1932 4878; baseline -0.006 -14"><span class='ocrx_word' id='word_1_758' title='bbox 219 4817 381 4864; x_wconf 64' lang='lat' dir='ltr'><strong>turae</strong></span> <span class='ocrx_word' id='word_1_759' title='bbox 418 4809 621 4870; x_wconf 79' lang='lat' dir='ltr'><strong>socius,</strong></span> <span class='ocrx_word' id='word_1_760' title='bbox 657 4825 786 4878; x_wconf 48' lang='lat' dir='ltr'><strong>qua)</strong></span> <span class='ocrx_word' id='word_1_761' title='bbox 832 4806 1014 4861; x_wconf 89' lang='lat' dir='ltr'><strong>Patris</strong></span> <span class='ocrx_word' id='word_1_762' title='bbox 1044 4812 1099 4859; x_wconf 93' lang='lat' dir='ltr'><strong>et</strong></span> <span class='ocrx_word' id='word_1_763' title='bbox 1131 4805 1257 4859; x_wconf 90' lang='lat' dir='ltr'><strong>Filii</strong></span> <span class='ocrx_word' id='word_1_764' title='bbox 1287 4804 1615 4857; x_wconf 84' lang='lat' dir='ltr'><strong>communia</strong></span> <span class='ocrx_word' id='word_1_765' title='bbox 1654 4806 1784 4854; x_wconf 89' lang='lat' dir='ltr'><strong>sunt</strong></span> <span class='ocrx_word' id='word_1_766' title='bbox 1814 4800 1932 4870; x_wconf 84' lang='lat' dir='ltr'><strong>agit</strong></span> 
     </span>
    </p>
   </div>
   <div class='ocr_carea' id='block_1_98' title="bbox 220 4893 1928 4967">
    <p class='ocr_par' dir='ltr' id='par_1_98' title="bbox 220 4893 1928 4967">
     <span class='ocr_line' id='line_1_98' title="bbox 220 4893 1928 4967; baseline -0.006 -15"><span class='ocrx_word' id='word_1_767' title='bbox 220 4905 281 4952; x_wconf 89' lang='lat' dir='ltr'><strong>et</strong></span> <span class='ocrx_word' id='word_1_768' title='bbox 315 4897 614 4967; x_wconf 85' lang='lat' dir='ltr'><strong>loquitur;</strong></span> <span class='ocrx_word' id='word_1_769' title='bbox 649 4913 783 4949; x_wconf 87' lang='lat' dir='ltr'><strong>nam</strong></span> <span class='ocrx_word' id='word_1_770' title='bbox 815 4896 860 4948; x_wconf 90' lang='lat' dir='ltr'><strong>si</strong></span> <span class='ocrx_word' id='word_1_771' title='bbox 916 4897 985 4949; x_wconf 90' lang='lat' dir='ltr'><strong>de</strong></span> <span class='ocrx_word' id='word_1_772' title='bbox 1025 4893 1276 4964; x_wconf 90' lang='lat' dir='ltr'><strong>propriis</strong></span> <span class='ocrx_word' id='word_1_773' title='bbox 1306 4894 1659 4962; x_wconf 89' lang='lat' dir='ltr'><strong>loqueretur,</strong></span> <span class='ocrx_word' id='word_1_774' title='bbox 1694 4906 1808 4943; x_wconf 92' lang='lat' dir='ltr'><strong>non</strong></span> <span class='ocrx_word' id='word_1_775' title='bbox 1840 4906 1928 4942; x_wconf 87' lang='lat' dir='ltr'><strong>so-</strong></span> 
     </span>
    </p>
   </div>
   <div class='ocr_carea' id='block_1_99' title="bbox 222 4978 1930 5053">
    <p class='ocr_par' dir='ltr' id='par_1_99' title="bbox 222 4978 1930 5053">
     <span class='ocr_line' id='line_1_99' title="bbox 222 4978 1930 5053; baseline -0.007 -12"><span class='ocrx_word' id='word_1_776' title='bbox 222 4990 350 5041; x_wconf 91' lang='lat' dir='ltr'><strong>lum</strong></span> <span class='ocrx_word' id='word_1_777' title='bbox 389 5003 417 5038; x_wconf 90' lang='lat' dir='ltr'><strong>a</strong></span> <span class='ocrx_word' id='word_1_778' title='bbox 453 4987 615 5039; x_wconf 84' lang='lat' dir='ltr'><strong>Patre</strong></span> <span class='ocrx_word' id='word_1_779' title='bbox 642 4986 885 5053; x_wconf 83' lang='lat' dir='ltr'><strong>alienus,</strong></span> <span class='ocrx_word' id='word_1_780' title='bbox 935 4983 1033 5037; x_wconf 90' lang='lat' dir='ltr'><strong>sed</strong></span> <span class='ocrx_word' id='word_1_781' title='bbox 1061 4988 1114 5036; x_wconf 91' lang='lat' dir='ltr'><strong>et</strong></span> <span class='ocrx_word' id='word_1_782' title='bbox 1147 4983 1315 5036; x_wconf 83' lang='lat' dir='ltr'><strong>fallax</strong></span> <span class='ocrx_word' id='word_1_783' title='bbox 1347 4988 1403 5034; x_wconf 89' lang='lat' dir='ltr'><strong>et</strong></span> <span class='ocrx_word' id='word_1_784' title='bbox 1432 4981 1704 5050; x_wconf 84' lang='lat' dir='ltr'><strong>deceptor</strong></span> <span class='ocrx_word' id='word_1_785' title='bbox 1735 4978 1930 5047; x_wconf 91' lang='lat' dir='ltr'><strong>procul</strong></span> 
     </span>
    </p>
   </div>
   <div class='ocr_carea' id='block_1_100' title="bbox 218 5068 1937 5135">
    <p class='ocr_par' dir='ltr' id='par_1_100' title="bbox 218 5068 1937 5135">
     <span class='ocr_line' id='line_1_100' title="bbox 218 5068 1937 5135; baseline -0.007 -5"><span class='ocrx_word' id='word_1_786' title='bbox 218 5075 414 5130; x_wconf 89' lang='lat' dir='ltr'><strong>dubio</strong></span> <span class='ocrx_word' id='word_1_787' title='bbox 465 5074 792 5126; x_wconf 87' lang='lat' dir='ltr'><strong>haberetur.</strong></span> <span class='ocrx_word' id='word_1_788' title='bbox 825 5072 1129 5135; x_wconf 87' lang='lat' dir='ltr'><strong>Quoniam,</strong></span> <span class='ocrx_word' id='word_1_789' title='bbox 1161 5074 1224 5122; x_wconf 91' lang='lat' dir='ltr'><strong>ut</strong></span> <span class='ocrx_word' id='word_1_790' title='bbox 1254 5070 1334 5121; x_wconf 89' lang='lat' dir='ltr'><strong>ait</strong></span> <span class='ocrx_word' id='word_1_791' title='bbox 1378 5069 1578 5122; x_wconf 84' lang='lat' dir='ltr'><strong>Filius:</strong></span> <span class='ocrx_word' id='word_1_792' title='bbox 1625 5068 1808 5122; x_wconf 86' lang='lat' dir='ltr'><strong>Omnis</strong></span> <span class='ocrx_word' id='word_1_793' title='bbox 1840 5068 1937 5134; x_wconf 85' lang='lat' dir='ltr'><strong>qui</strong></span> 
     </span>
    </p>
   </div>
   <div class='ocr_carea' id='block_1_101' title="bbox 221 5157 1932 5232">
    <p class='ocr_par' dir='ltr' id='par_1_101' title="bbox 221 5157 1932 5232">
     <span class='ocr_line' id='line_1_101' title="bbox 221 5157 1932 5232; baseline -0.006 -14"><span class='ocrx_word' id='word_1_794' title='bbox 221 5165 481 5232; x_wconf 76' lang='lat' dir='ltr'><strong>loquitur</strong></span> <span class='ocrx_word' id='word_1_795' title='bbox 525 5161 885 5223; x_wconf 81' lang='lat' dir='ltr'><strong>mendacium,</strong></span> <span class='ocrx_word' id='word_1_796' title='bbox 929 5160 995 5212; x_wconf 84' lang='lat' dir='ltr'><strong>de</strong></span> <span class='ocrx_word' id='word_1_797' title='bbox 1020 5162 1264 5228; x_wconf 85' lang='lat' dir='ltr'><strong>propriis</strong></span> <span class='ocrx_word' id='word_1_798' title='bbox 1296 5159 1539 5226; x_wconf 85' lang='lat' dir='ltr'><strong>loquitur</strong></span> <span class='ocrx_word' id='word_1_799' title='bbox 1581 5157 1769 5220; x_wconf 86' lang='lat' dir='ltr'><strong>(Joan.</strong></span> <span class='ocrx_word' id='word_1_800' title='bbox 1813 5170 1932 5219; x_wconf 86' lang='lat' dir='ltr'><strong>vui,</strong></span> 
     </span>
    </p>
   </div>
   <div class='ocr_carea' id='block_1_102' title="bbox 217 5245 1938 5321">
    <p class='ocr_par' dir='ltr' id='par_1_102' title="bbox 217 5245 1938 5321">
     <span class='ocr_line' id='line_1_102' title="bbox 217 5245 1938 5321; baseline -0.007 -13"><span class='ocrx_word' id='word_1_801' title='bbox 217 5256 340 5321; x_wconf 62' lang='lat' dir='ltr'><strong>lii},</strong></span> <span class='ocrx_word' id='word_1_802' title='bbox 373 5258 429 5306; x_wconf 88' lang='lat' dir='ltr'><strong>et</strong></span> <span class='ocrx_word' id='word_1_803' title='bbox 474 5253 602 5304; x_wconf 90' lang='lat' dir='ltr'><strong>ideo</strong></span> <span class='ocrx_word' id='word_1_804' title='bbox 649 5251 742 5303; x_wconf 90' lang='lat' dir='ltr'><strong>hic</strong></span> <span class='ocrx_word' id='word_1_805' title='bbox 783 5266 980 5303; x_wconf 85' lang='lat' dir='ltr'><strong>verum</strong></span> <span class='ocrx_word' id='word_1_806' title='bbox 1030 5248 1305 5318; x_wconf 87' lang='lat' dir='ltr'><strong>loquitur,</strong></span> <span class='ocrx_word' id='word_1_807' title='bbox 1361 5247 1497 5316; x_wconf 88' lang='lat' dir='ltr'><strong>quia</strong></span> <span class='ocrx_word' id='word_1_808' title='bbox 1538 5261 1653 5298; x_wconf 91' lang='lat' dir='ltr'><strong>non</strong></span> <span class='ocrx_word' id='word_1_809' title='bbox 1692 5245 1762 5298; x_wconf 90' lang='lat' dir='ltr'><strong>de</strong></span> <span class='ocrx_word' id='word_1_810' title='bbox 1811 5261 1938 5314; x_wconf 86' lang='lat' dir='ltr'><strong>pro-</strong></span> 
     </span>
    </p>
   </div>
   <div class='ocr_carea' id='block_1_103' title="bbox 221 5331 1936 5413">
    <p class='ocr_par' dir='ltr' id='par_1_103' title="bbox 221 5331 1936 5413">
     <span class='ocr_line' id='line_1_103' title="bbox 221 5331 1936 5413; baseline -0.007 -17"><span class='ocrx_word' id='word_1_811' title='bbox 221 5343 386 5413; x_wconf 87' lang='lat' dir='ltr'><strong>prio,</strong></span> <span class='ocrx_word' id='word_1_812' title='bbox 414 5341 468 5393; x_wconf 89' lang='lat' dir='ltr'><strong>id</strong></span> <span class='ocrx_word' id='word_1_813' title='bbox 503 5344 607 5403; x_wconf 89' lang='lat' dir='ltr'><strong>est,</strong></span> <span class='ocrx_word' id='word_1_814' title='bbox 641 5354 756 5391; x_wconf 92' lang='lat' dir='ltr'><strong>non</strong></span> <span class='ocrx_word' id='word_1_815' title='bbox 781 5353 813 5389; x_wconf 91' lang='lat' dir='ltr'><strong>a</strong></span> <span class='ocrx_word' id='word_1_816' title='bbox 837 5338 1168 5405; x_wconf 80' lang='lat' dir='ltr'><strong>semetipso,</strong></span> <span class='ocrx_word' id='word_1_817' title='bbox 1203 5336 1300 5389; x_wconf 87' lang='lat' dir='ltr'><strong>sed</strong></span> <span class='ocrx_word' id='word_1_818' title='bbox 1337 5334 1515 5388; x_wconf 83' lang='lat' dir='ltr'><strong>Patris</strong></span> <span class='ocrx_word' id='word_1_819' title='bbox 1538 5337 1593 5385; x_wconf 93' lang='lat' dir='ltr'><strong>et</strong></span> <span class='ocrx_word' id='word_1_820' title='bbox 1629 5331 1773 5386; x_wconf 87' lang='lat' dir='ltr'><strong>Fillii</strong></span> <span class='ocrx_word' id='word_1_821' title='bbox 1809 5347 1936 5401; x_wconf 61' lang='lat' dir='ltr'><strong>qua!</strong></span> 
     </span>
    </p>
   </div>
   <div class='ocr_carea' id='block_1_104' title="bbox 225 5421 1939 5502">
    <p class='ocr_par' dir='ltr' id='par_1_104' title="bbox 225 5421 1939 5502">
     <span class='ocr_line' id='line_1_104' title="bbox 225 5421 1939 5502; baseline -0.008 -18"><span class='ocrx_word' id='word_1_822' title='bbox 225 5429 528 5502; x_wconf 87' lang='lat' dir='ltr'><strong>loquenda</strong></span> <span class='ocrx_word' id='word_1_823' title='bbox 548 5433 684 5480; x_wconf 90' lang='lat' dir='ltr'><strong>sunt</strong></span> <span class='ocrx_word' id='word_1_824' title='bbox 733 5427 1019 5496; x_wconf 87' lang='lat' dir='ltr'><strong>loquitur:</strong></span> <span class='ocrx_word' id='word_1_825' title='bbox 1052 5429 1124 5478; x_wconf 89' lang='lat' dir='ltr'><strong>De</strong></span> <span class='ocrx_word' id='word_1_826' title='bbox 1168 5440 1301 5489; x_wconf 88' lang='lat' dir='ltr'><strong>meo,</strong></span> <span class='ocrx_word' id='word_1_827' title='bbox 1339 5422 1529 5493; x_wconf 88' lang='lat' dir='ltr'><strong>inquit</strong></span> <span class='ocrx_word' id='word_1_828' title='bbox 1569 5421 1762 5484; x_wconf 89' lang='lat' dir='ltr'><strong>Filius,</strong></span> <span class='ocrx_word' id='word_1_829' title='bbox 1803 5421 1939 5472; x_wconf 84' lang='lat' dir='ltr'><strong>acci-</strong></span> 
     </span>
    </p>
   </div>
   <div class='ocr_carea' id='block_1_105' title="bbox 221 5510 1937 5593">
    <p class='ocr_par' dir='ltr' id='par_1_105' title="bbox 221 5510 1937 5593">
     <span class='ocr_line' id='line_1_105' title="bbox 221 5510 1937 5593; baseline -0.009 -18"><span class='ocrx_word' id='word_1_830' title='bbox 221 5524 367 5593; x_wconf 74' lang='lat' dir='ltr'><strong>piet,</strong></span> <span class='ocrx_word' id='word_1_831' title='bbox 421 5524 471 5572; x_wconf 84' lang='lat' dir='ltr'><strong>et</strong></span> <span class='ocrx_word' id='word_1_832' title='bbox 516 5516 865 5570; x_wconf 64' lang='lat' dir='ltr'><strong>annuntiabat</strong></span> <span class='ocrx_word' id='word_1_833' title='bbox 910 5515 1059 5568; x_wconf 82' lang='lat' dir='ltr'><strong>vobis</strong></span> <span class='ocrx_word' id='word_1_834' title='bbox 1113 5514 1285 5584; x_wconf 82' lang='lat' dir='ltr'><strong>(Joan.</strong></span> <span class='ocrx_word' id='word_1_835' title='bbox 1343 5527 1455 5573; x_wconf 76' lang='lat' dir='ltr'><strong>XVI,</strong></span> <span class='ocrx_word' id='word_1_836' title='bbox 1501 5510 1606 5579; x_wconf 71' lang='grc'><strong>14).</strong></span> <span class='ocrx_word' id='word_1_837' title='bbox 1658 5510 1721 5562; x_wconf 85' lang='lat' dir='ltr'><strong>Et</strong></span> <span class='ocrx_word' id='word_1_838' title='bbox 1753 5512 1817 5561; x_wconf 91' lang='lat' dir='ltr'><strong>ut</strong></span> <span class='ocrx_word' id='word_1_839' title='bbox 1848 5524 1937 5561; x_wconf 90' lang='lat' dir='ltr'><strong>os-</strong></span> 
     </span>
    </p>
   </div>
   <div class='ocr_carea' id='block_1_106' title="bbox 2032 4359 3732 4429">
    <p class='ocr_par' dir='ltr' id='par_1_106' title="bbox 2032 4359 3732 4429">
     <span class='ocr_line' id='line_1_106' title="bbox 2032 4359 3732 4429; baseline -0.001 -17"><span class='ocrx_word' id='word_1_840' title='bbox 2032 4361 2206 4413; x_wconf 90' lang='lat' dir='ltr'><strong>deant</strong></span> <span class='ocrx_word' id='word_1_841' title='bbox 2244 4360 2301 4412; x_wconf 90' lang='lat' dir='ltr'><strong>in</strong></span> <span class='ocrx_word' id='word_1_842' title='bbox 2333 4359 2685 4428; x_wconf 81' lang='lat' dir='ltr'><strong>professione</strong></span> <span class='ocrx_word' id='word_1_843' title='bbox 2721 4364 2928 4411; x_wconf 72' lang='lat' dir='ltr'><strong>sancta:</strong></span> <span class='ocrx_word' id='word_1_844' title='bbox 2955 4359 3247 4411; x_wconf 79' lang='lat' dir='ltr'><strong>Trinitatis</strong></span> <span class='ocrx_word' id='word_1_845' title='bbox 3300 4375 3444 4429; x_wconf 89' lang='lat' dir='ltr'><strong>quos</strong></span> <span class='ocrx_word' id='word_1_846' title='bbox 3486 4373 3732 4428; x_wconf 90' lang='lat' dir='ltr'><strong>sequan-</strong></span> 
     </span>
    </p>
   </div>
   <div class='ocr_carea' id='block_1_107' title="bbox 2031 4445 3735 4514">
    <p class='ocr_par' dir='ltr' id='par_1_107' title="bbox 2031 4445 3735 4514">
     <span class='ocr_line' id='line_1_107' title="bbox 2031 4445 3735 4514; baseline -0.002 -13"><span class='ocrx_word' id='word_1_847' title='bbox 2031 4453 2126 4501; x_wconf 92' lang='lat' dir='ltr'><strong>tur</strong></span> <span class='ocrx_word' id='word_1_848' title='bbox 2155 4453 2433 4500; x_wconf 90' lang='lat' dir='ltr'><strong>auctores.</strong></span> <span class='ocrx_word' id='word_1_849' title='bbox 2470 4448 2606 4500; x_wconf 80' lang='lat' dir='ltr'><strong>Nam</strong></span> <span class='ocrx_word' id='word_1_850' title='bbox 2638 4447 2802 4499; x_wconf 88' lang='lat' dir='ltr'><strong>istius</strong></span> <span class='ocrx_word' id='word_1_851' title='bbox 2846 4446 3158 4500; x_wconf 89' lang='lat' dir='ltr'><strong>beatissimi</strong></span> <span class='ocrx_word' id='word_1_852' title='bbox 3193 4445 3735 4514; x_wconf 88' lang='lat' dir='ltr'><strong>catholicissimique</strong></span> 
     </span>
    </p>
   </div>
   <div class='ocr_carea' id='block_1_108' title="bbox 2034 4534 3733 4603">
    <p class='ocr_par' dir='ltr' id='par_1_108' title="bbox 2034 4534 3733 4603">
     <span class='ocr_line' id='line_1_108' title="bbox 2034 4534 3733 4603; baseline -0.001 -17"><span class='ocrx_word' id='word_1_853' title='bbox 2034 4537 2140 4590; x_wconf 83' lang='lat' dir='ltr'><strong>viri</strong></span> <span class='ocrx_word' id='word_1_854' title='bbox 2191 4536 2586 4589; x_wconf 86' lang='lat' dir='ltr'><strong>auctoritatem</strong></span> <span class='ocrx_word' id='word_1_855' title='bbox 2641 4535 2826 4588; x_wconf 92' lang='lat' dir='ltr'><strong>omnis</strong></span> <span class='ocrx_word' id='word_1_856' title='bbox 2874 4535 3152 4588; x_wconf 89' lang='lat' dir='ltr'><strong>catholica</strong></span> <span class='ocrx_word' id='word_1_857' title='bbox 3199 4534 3407 4589; x_wconf 87' lang='lat' dir='ltr'><strong>Christi</strong></span> <span class='ocrx_word' id='word_1_858' title='bbox 3439 4534 3733 4603; x_wconf 82' lang='lat' dir='ltr'><strong>amplecti-</strong></span> 
     </span>
    </p>
   </div>
   <div class='ocr_carea' id='block_1_109' title="bbox 2035 4623 3146 4689">
    <p class='ocr_par' dir='ltr' id='par_1_109' title="bbox 2035 4623 3146 4689">
     <span class='ocr_line' id='line_1_109' title="bbox 2035 4623 3146 4689; baseline -0.004 -11"><span class='ocrx_word' id='word_1_859' title='bbox 2035 4631 2128 4678; x_wconf 87' lang='lat' dir='ltr'><strong>tur</strong></span> <span class='ocrx_word' id='word_1_860' title='bbox 2164 4624 2427 4689; x_wconf 87' lang='lat' dir='ltr'><strong>Ecclesia,</strong></span> <span class='ocrx_word' id='word_1_861' title='bbox 2455 4629 2758 4676; x_wconf 84' lang='lat' dir='ltr'><strong>veneratur</strong></span> <span class='ocrx_word' id='word_1_862' title='bbox 2797 4629 2854 4675; x_wconf 92' lang='lat' dir='ltr'><strong>et</strong></span> <span class='ocrx_word' id='word_1_863' title='bbox 2874 4623 3146 4676; x_wconf 87' lang='lat' dir='ltr'><strong>defendit.</strong></span> 
     </span>
    </p>
   </div>
   <div class='ocr_carea' id='block_1_110' title="bbox 2108 4710 3734 4779">
    <p class='ocr_par' dir='ltr' id='par_1_110' title="bbox 2108 4710 3734 4779">
     <span class='ocr_line' id='line_1_110' title="bbox 2108 4710 3734 4779; baseline -0.003 -13"><span class='ocrx_word' id='word_1_864' title='bbox 2108 4712 2404 4767; x_wconf 83' lang='lat' dir='ltr'><strong>Sufﬁciant</strong></span> <span class='ocrx_word' id='word_1_865' title='bbox 2431 4712 2537 4764; x_wconf 89' lang='lat' dir='ltr'><strong>ista</strong></span> <span class='ocrx_word' id='word_1_866' title='bbox 2573 4727 2676 4765; x_wconf 90' lang='lat' dir='ltr'><strong>nos</strong></span> <span class='ocrx_word' id='word_1_867' title='bbox 2700 4710 2906 4764; x_wconf 86' lang='lat' dir='ltr'><strong>dixisse</strong></span> <span class='ocrx_word' id='word_1_868' title='bbox 2931 4711 3000 4764; x_wconf 88' lang='lat' dir='ltr'><strong>de</strong></span> <span class='ocrx_word' id='word_1_869' title='bbox 3039 4710 3256 4779; x_wconf 89' lang='lat' dir='ltr'><strong>Spiritu</strong></span> <span class='ocrx_word' id='word_1_870' title='bbox 3289 4714 3506 4774; x_wconf 87' lang='lat' dir='ltr'><strong>sancto,</strong></span> <span class='ocrx_word' id='word_1_871' title='bbox 3538 4715 3734 4762; x_wconf 83' lang='lat' dir='ltr'><strong>aucto-</strong></span> 
     </span>
    </p>
   </div>
   <div class='ocr_carea' id='block_1_111' title="bbox 2039 4798 3737 4868">
    <p class='ocr_par' dir='ltr' id='par_1_111' title="bbox 2039 4798 3737 4868">
     <span class='ocr_line' id='line_1_111' title="bbox 2039 4798 3737 4868; baseline -0.003 -14"><span class='ocrx_word' id='word_1_872' title='bbox 2039 4804 2264 4855; x_wconf 88' lang='lat' dir='ltr'><strong>ritatem</strong></span> <span class='ocrx_word' id='word_1_873' title='bbox 2297 4800 2579 4868; x_wconf 86' lang='lat' dir='ltr'><strong>majorum</strong></span> <span class='ocrx_word' id='word_1_874' title='bbox 2629 4803 2950 4868; x_wconf 90' lang='lat' dir='ltr'><strong>sequentes,</strong></span> <span class='ocrx_word' id='word_1_875' title='bbox 2996 4804 3434 4868; x_wconf 85' lang='lat' dir='ltr'><strong>sanctarumque</strong></span> <span class='ocrx_word' id='word_1_876' title='bbox 3477 4798 3737 4866; x_wconf 89' lang='lat' dir='ltr'><strong>Scriptu-</strong></span> 
     </span>
    </p>
   </div>
   <div class='ocr_carea' id='block_1_112' title="bbox 2040 4887 3737 4958">
    <p class='ocr_par' dir='ltr' id='par_1_112' title="bbox 2040 4887 3737 4958">
     <span class='ocr_line' id='line_1_112' title="bbox 2040 4887 3737 4958; baseline -0.004 -14"><span class='ocrx_word' id='word_1_877' title='bbox 2040 4905 2233 4944; x_wconf 87' lang='lat' dir='ltr'><strong>rarum</strong></span> <span class='ocrx_word' id='word_1_878' title='bbox 2280 4887 2673 4957; x_wconf 85' lang='lat' dir='ltr'><strong>magisterium</strong></span> <span class='ocrx_word' id='word_1_879' title='bbox 2722 4887 3030 4953; x_wconf 90' lang='lat' dir='ltr'><strong>imitantes,</strong></span> <span class='ocrx_word' id='word_1_880' title='bbox 3085 4904 3185 4941; x_wconf 90' lang='lat' dir='ltr'><strong>nos</strong></span> <span class='ocrx_word' id='word_1_881' title='bbox 3240 4889 3472 4958; x_wconf 90' lang='lat' dir='ltr'><strong>quidem</strong></span> <span class='ocrx_word' id='word_1_882' title='bbox 3523 4902 3737 4956; x_wconf 80' lang='lat' dir='ltr'><strong>appro-</strong></span> 
     </span>
    </p>
   </div>
   <div class='ocr_carea' id='block_1_113' title="bbox 2040 4971 3734 5046">
    <p class='ocr_par' dir='ltr' id='par_1_113' title="bbox 2040 4971 3734 5046">
     <span class='ocr_line' id='line_1_113' title="bbox 2040 4971 3734 5046; baseline -0.004 -16"><span class='ocrx_word' id='word_1_883' title='bbox 2040 4978 2176 5030; x_wconf 87' lang='lat' dir='ltr'><strong>bare</strong></span> <span class='ocrx_word' id='word_1_884' title='bbox 2207 4977 2458 5029; x_wconf 87' lang='lat' dir='ltr'><strong>volentes</strong></span> <span class='ocrx_word' id='word_1_885' title='bbox 2489 4976 2642 5046; x_wconf 87' lang='lat' dir='ltr'><strong>quod</strong></span> <span class='ocrx_word' id='word_1_886' title='bbox 2677 4977 2823 5030; x_wconf 89' lang='lat' dir='ltr'><strong>Deus</strong></span> <span class='ocrx_word' id='word_1_887' title='bbox 2849 4977 2919 5029; x_wconf 90' lang='lat' dir='ltr'><strong>sit</strong></span> <span class='ocrx_word' id='word_1_888' title='bbox 2947 4983 3004 5030; x_wconf 87' lang='lat' dir='ltr'><strong>et</strong></span> <span class='ocrx_word' id='word_1_889' title='bbox 3038 4975 3538 5029; x_wconf 88' lang='lat' dir='ltr'><strong>consubstantialis</strong></span> <span class='ocrx_word' id='word_1_890' title='bbox 3587 4971 3734 5026; x_wconf 85' lang='lat' dir='ltr'><strong>Patri</strong></span> 
     </span>
    </p>
   </div>
   <div class='ocr_carea' id='block_1_114' title="bbox 2045 5060 3734 5134">
    <p class='ocr_par' dir='ltr' id='par_1_114' title="bbox 2045 5060 3734 5134">
     <span class='ocr_line' id='line_1_114' title="bbox 2045 5060 3734 5134; baseline -0.002 -16"><span class='ocrx_word' id='word_1_891' title='bbox 2045 5065 2300 5134; x_wconf 89' lang='lat' dir='ltr'><strong>Filioque</strong></span> <span class='ocrx_word' id='word_1_892' title='bbox 2347 5069 2680 5128; x_wconf 71' lang='lat' dir='ltr'><strong>coieternus,</strong></span> <span class='ocrx_word' id='word_1_893' title='bbox 2717 5068 2771 5117; x_wconf 90' lang='lat' dir='ltr'><strong>et</strong></span> <span class='ocrx_word' id='word_1_894' title='bbox 2819 5080 2921 5134; x_wconf 87' lang='lat' dir='ltr'><strong>per</strong></span> <span class='ocrx_word' id='word_1_895' title='bbox 2950 5064 3144 5118; x_wconf 88' lang='lat' dir='ltr'><strong>omnia</strong></span> <span class='ocrx_word' id='word_1_896' title='bbox 3193 5063 3395 5116; x_wconf 91' lang='lat' dir='ltr'><strong>similis</strong></span> <span class='ocrx_word' id='word_1_897' title='bbox 3440 5060 3734 5130; x_wconf 68' lang='lat' dir='ltr'><strong>potentiae.</strong></span> 
     </span>
    </p>
   </div>
   <div class='ocr_carea' id='block_1_115' title="bbox 2045 5148 3740 5223">
    <p class='ocr_par' dir='ltr' id='par_1_115' title="bbox 2045 5148 3740 5223">
     <span class='ocr_line' id='line_1_115' title="bbox 2045 5148 3740 5223; baseline -0.004 -16"><span class='ocrx_word' id='word_1_898' title='bbox 2045 5154 2247 5207; x_wconf 90' lang='lat' dir='ltr'><strong>similis</strong></span> <span class='ocrx_word' id='word_1_899' title='bbox 2292 5153 2537 5213; x_wconf 89' lang='lat' dir='ltr'><strong>virtutis,</strong></span> <span class='ocrx_word' id='word_1_900' title='bbox 2581 5153 2750 5206; x_wconf 90' lang='lat' dir='ltr'><strong>unius</strong></span> <span class='ocrx_word' id='word_1_901' title='bbox 2793 5153 3171 5223; x_wconf 87' lang='lat' dir='ltr'><strong>ejusdemque</strong></span> <span class='ocrx_word' id='word_1_902' title='bbox 3223 5149 3549 5220; x_wconf 86' lang='lat' dir='ltr'><strong>majestatis.</strong></span> <span class='ocrx_word' id='word_1_903' title='bbox 3605 5148 3740 5202; x_wconf 67' lang='lat' dir='ltr'><strong>Haec</strong></span> 
     </span>
    </p>
   </div>
   <div class='ocr_carea' id='block_1_116' title="bbox 2045 5238 3737 5312">
    <p class='ocr_par' dir='ltr' id='par_1_116' title="bbox 2045 5238 3737 5312">
     <span class='ocr_line' id='line_1_116' title="bbox 2045 5238 3737 5312; baseline -0.005 -16"><span class='ocrx_word' id='word_1_904' title='bbox 2045 5257 2296 5311; x_wconf 84' lang='lat' dir='ltr'><strong>namque</strong></span> <span class='ocrx_word' id='word_1_905' title='bbox 2358 5242 2600 5312; x_wconf 61' lang='lat' dir='ltr'><strong>quaestio</strong></span> <span class='ocrx_word' id='word_1_906' title='bbox 2675 5247 2998 5295; x_wconf 89' lang='lat' dir='ltr'><strong>sanctorum</strong></span> <span class='ocrx_word' id='word_1_907' title='bbox 3057 5238 3443 5309; x_wconf 89' lang='lat' dir='ltr'><strong>disputatione</strong></span> <span class='ocrx_word' id='word_1_908' title='bbox 3507 5238 3737 5289; x_wconf 88' lang='lat' dir='ltr'><strong>Patrum</strong></span> 
     </span>
    </p>
   </div>
   <div class='ocr_carea' id='block_1_117' title="bbox 2047 5325 3738 5400">
    <p class='ocr_par' dir='ltr' id='par_1_117' title="bbox 2047 5325 3738 5400">
     <span class='ocr_line' id='line_1_117' title="bbox 2047 5325 3738 5400; baseline -0.003 -18"><span class='ocrx_word' id='word_1_909' title='bbox 2047 5331 2319 5384; x_wconf 81' lang='lat' dir='ltr'><strong>ventilata</strong></span> <span class='ocrx_word' id='word_1_910' title='bbox 2351 5335 2518 5400; x_wconf 87' lang='lat' dir='ltr'><strong>atque</strong></span> <span class='ocrx_word' id='word_1_911' title='bbox 2553 5330 2935 5383; x_wconf 85' lang='lat' dir='ltr'><strong>determinata</strong></span> <span class='ocrx_word' id='word_1_912' title='bbox 2981 5334 3084 5394; x_wconf 88' lang='lat' dir='ltr'><strong>est,</strong></span> <span class='ocrx_word' id='word_1_913' title='bbox 3115 5325 3568 5398; x_wconf 80' lang='lat' dir='ltr'><strong>expugnantium</strong></span> <span class='ocrx_word' id='word_1_914' title='bbox 3610 5341 3738 5395; x_wconf 90' lang='lat' dir='ltr'><strong>per-</strong></span> 
     </span>
    </p>
   </div>
   <div class='ocr_carea' id='block_1_118' title="bbox 2046 5415 3740 5488">
    <p class='ocr_par' dir='ltr' id='par_1_118' title="bbox 2046 5415 3740 5488">
     <span class='ocr_line' id='line_1_118' title="bbox 2046 5415 3740 5488; baseline -0.003 -15"><span class='ocrx_word' id='word_1_915' title='bbox 2046 5419 2240 5473; x_wconf 79' lang='lat' dir='ltr'><strong>ﬁdiam</strong></span> <span class='ocrx_word' id='word_1_916' title='bbox 2273 5418 2696 5484; x_wconf 42' lang='lat' dir='ltr'><strong>haereticorum,</strong></span> <span class='ocrx_word' id='word_1_917' title='bbox 2730 5418 2828 5488; x_wconf 92' lang='lat' dir='ltr'><strong>qui</strong></span> <span class='ocrx_word' id='word_1_918' title='bbox 2855 5419 2923 5470; x_wconf 88' lang='lat' dir='ltr'><strong>de</strong></span> <span class='ocrx_word' id='word_1_919' title='bbox 2948 5416 3162 5486; x_wconf 88' lang='lat' dir='ltr'><strong>Spiritu</strong></span> <span class='ocrx_word' id='word_1_920' title='bbox 3197 5418 3389 5466; x_wconf 90' lang='lat' dir='ltr'><strong>sancto</strong></span> <span class='ocrx_word' id='word_1_921' title='bbox 3423 5415 3571 5468; x_wconf 88' lang='lat' dir='ltr'><strong>male</strong></span> <span class='ocrx_word' id='word_1_922' title='bbox 3611 5431 3740 5468; x_wconf 88' lang='lat' dir='ltr'><strong>sen-</strong></span> 
     </span>
    </p>
   </div>
   <div class='ocr_carea' id='block_1_119' title="bbox 2050 5503 3735 5576">
    <p class='ocr_par' dir='ltr' id='par_1_119' title="bbox 2050 5503 3735 5576">
     <span class='ocr_line' id='line_1_119' title="bbox 2050 5503 3735 5576; baseline -0.001 -16"><span class='ocrx_word' id='word_1_923' title='bbox 2050 5507 2260 5560; x_wconf 89' lang='lat' dir='ltr'><strong>tientes</strong></span> <span class='ocrx_word' id='word_1_924' title='bbox 2310 5508 2596 5576; x_wconf 84' lang='lat' dir='ltr'><strong>negabant</strong></span> <span class='ocrx_word' id='word_1_925' title='bbox 2627 5523 2759 5559; x_wconf 93' lang='lat' dir='ltr'><strong>eum</strong></span> <span class='ocrx_word' id='word_1_926' title='bbox 2791 5521 2911 5557; x_wconf 90' lang='lat' dir='ltr'><strong>esse</strong></span> <span class='ocrx_word' id='word_1_927' title='bbox 2945 5505 3123 5556; x_wconf 87' lang='lat' dir='ltr'><strong>Deum</strong></span> <span class='ocrx_word' id='word_1_928' title='bbox 3154 5518 3351 5555; x_wconf 87' lang='lat' dir='ltr'><strong>verum</strong></span> <span class='ocrx_word' id='word_1_929' title='bbox 3381 5519 3392 5555; x_wconf 91' lang='lat'><strong>:</strong></span> <span class='ocrx_word' id='word_1_930' title='bbox 3431 5503 3590 5556; x_wconf 82' lang='lat' dir='ltr'><strong>nobis</strong></span> <span class='ocrx_word' id='word_1_931' title='bbox 3635 5521 3735 5558; x_wconf 87' lang='lat' dir='ltr'><strong>au-</strong></span> 
     </span>
    </p>
   </div>
  </div>
