4086 6182
449 313 550 365 303

1601 299 1958 360 RATRAMNI
1989 297 2452 357 CORBEIENSIS
2493 292 2799 357 MONACHI

3839 297 3938 356 3m

449 452 564 498 tem
595 459 663 497 ex
687 443 792 496 hoc
821 455 934 492 non
963 437 1144 490 multa
1165 433 1495 504 disputandi
1516 435 1822 488 necessitas
1851 434 2129 488 incubuit.
2172 436 2215 486 A
2245 439 2515 502 arrogant
2545 433 2670 497 sibi,
2723 439 2782 485 ut
2815 432 3095 504 quidquid
3144 438 3424 500 asserunt,
3469 434 3778 486 auctoritas
3823 450 3940 487 esse

451 531 710 602 quamvis
758 543 872 581 non
924 541 1102 595 pauca
1135 524 1250 577 sint
1275 541 1306 576 a
1339 523 1503 576 nobis
1558 539 1623 576 ex
1670 524 1776 576 hoc
1808 523 1977 582 dicta,
2011 539 2140 575 cum

449 637 507 674 se
533 620 690 672 locus
737 615 965 669 obtulit.
1025 615 1101 668 De
1155 613 1520 683 processione
1577 628 1709 663 vero
1768 610 1947 680 ipsius
1977 611 2138 678 plura

447 705 774 769 suntdicta,
805 703 874 757 de
930 719 1044 773 qua
1076 701 1315 773 qumstio
1368 707 1501 754 nata
1552 707 1670 765 est;
1723 716 1850 770 qua)
1883 699 2140 752 sufficere

444 793 729 848 credimus
761 793 1029 862 pietatem
1065 790 1418 854 amantibus,
1465 794 1517 842 et
1570 789 1865 841 veritatem
1897 787 2140 857 diligen-

444 883 616 948 tibus,
666 881 965 951 magisque
997 879 1290 948 sapientiae
1332 879 1526 931 lumen
1558 893 1729 946 quam
1763 875 2027 929 tenebras
2059 890 2143 926 er-

444 973 590 1025 roris
621 969 986 1023 sectantibus.
1049 970 1123 1022 De
1154 968 1364 1038 quibus
1401 966 1659 1036 utrisque
1707 965 1960 1034 loquitur
2016 963 2137 1034 Spi-

444 1061 587 1114 ritus
644 1063 869 1111 sanctns
923 1059 978 1110 in
1036 1057 1360 1116 Salomone,
1425 1055 1649 1108 dicens:
1733 1055 1856 1107 i't'oli
1913 1068 2144 1119 arguere

443 1147 757 1206 derisorem,
788 1159 854 1196 ne
897 1144 1070 1195 oderit
1112 1148 1177 1195 te.
1216 1144 1399 1206 Argue
1425 1144 1739 1209 sapientem,
1782 1143 1831 1191 rt
1858 1139 2144 1203 festinabit

444 1237 685 1302 accipere
733 1231 911 1301 (Prov.
955 1246 1026 1295 ix,
1063 1231 1135 1293 8‘).
1191 1231 1255 1284 Et
1297 1245 1567 1282 rursum:
1620 1230 1683 1283 In
1724 1228 1955 1281 auribus
2003 1229 2140 1279 insi-

443 1323 708 1390 pientium
736 1335 801 1371 ne
834 1321 1074 1388 loquaris
1115 1332 1128 1372 :
1157 1333 1258 1371 non
1291 1320 1430 1370 enim
1482 1319 1738 1385 recipient
1785 1317 1892 1368 nisi
1939 1314 2144 1367 dixeris

444 1411 541 1462 illa
587 1425 706 1478 qua:
753 1414 1040 1460 versantur
1089 1411 1140 1459 in
1192 1406 1348 1458 corde
1394 1421 1572 1458 eorum
1627 1407 1808 1470 (Prov.
1861 1418 2014 1466 xxm,
2051 1403 2138 1466 ix).

444 1497 802 1567 Quapropter
857 1495 1084 1547 videant
1150 1493 1396 1563 Spiritus
1468 1495 1646 1545 sancti
1703 1492 2142 1543 calun'iniatori-s

445 1601 517 1637 ne
547 1585 807 1637 nolentes
837 1584 1089 1652 recipere
1120 1581 1416 1650 sapientia:
1445 1579 1828 1648 disciplinam,
1862 1579 1971 1632 illis
1988 1595 2139 1631 com-

445 1677 739 1740 parentur,
774 1671 872 1740 qui
896 1687 1054 1722 suam
1080 1672 1348 1738 prmi‘erre
1369 1669 1566 1721 volunt
1599 1668 1986 1736 insipientiam
2007 1684 2140 1719 san-

444 1764 662 1810 ctarum
700 1757 914 1826 regulis
955 1757 1398 1826 Scripturarnm.
1431 1757 1544 1809 Hos
1576 1763 1768 1810 tamen
1811 1756 2139 1820 modernos,

445 1862 561 1898 non
591 1847 992 1914 disputatores,
1013 1845 1147 1914 quia
1162 1845 1304 1898 nihil
1338 1860 1403 1897 ex
1427 1844 1646 1898 ratione
1663 1846 1749 1897 vel
1772 1844 2141 1913 redarguunt,

449 1936 530 1986 vel
566 1939 848 2000 astruunt,
895 1933 991 1986 sed
1025 1934 1289 1985 novitatis
1315 1939 1643 1998 assertores,
1687 1933 1894 2002 quibus
1926 1933 2144 1985 similes

445 2036 566 2074 esse
617 2021 924 2075 dicamus?
975 2022 1115 2074 Cum
1165 2020 1319 2073 enim
1361 2036 1571 2090 negare
1622 2022 1822 2073 volunt
1869 2020 2142 2090 Spiritum

447 2115 702 2163 sanctum
739 2111 806 2164 de
841 2110 979 2164 Filio
1019 2109 1348 2179 procedere,
1403 2109 1549 2162 unde
1582 2109 1734 2180 quod
1763 2109 1961 2162 dicunt
1991 2125 2140 2162 com-

448 2199 710 2269 probent,
761 2198 981 2252 nullam
1034 2199 1120 2251 vel
1179 2197 1700 2263 ratiocinationem,
1758 2198 1841 2250 vel
1892 2197 2139 2250 auctori-

445 2292 620 2339 tatem
654 2286 1001 2340 ostendunt:
1037 2285 1192 2339 unde
1249 2291 1440 2338 tumor
1487 2286 1678 2354 potius
1725 2285 1971 2338 levitatis
2023 2302 2142 2338 esse

447 2373 691 2440 videtur,
749 2391 920 2445 quam
975 2373 1296 2444 prudentiae
1355 2375 1619 2443 gravitas.
1681 2373 1840 2428 Adeo
1895 2373 2142 2444 denique

803 2538 844 2541 _.
941 2537 1028 2542 ...ο--
1051 2537 1188 2542 .__—_.-
1217 2537 1378 2544 —.-.-__
1405 2538 1490 2542 ._.__
1543 2539 1550 2541 λ
1625 2537 2142 2542 νκ-«..,---μ---σ-.-...

463 2537 754 2544 .—_—...

2255 521 2550 574 videatur:
2585 521 2799 574 similes
2843 521 2925 573 eis
2969 521 3067 591 qui
3113 523 3244 575 caeci
3277 539 3394 576 non
3445 523 3702 576 videntes
3740 523 3941 590 lucem,

2247 610 2447 679 jurant
2467 609 2600 662 solis
2629 609 2994 680 praesentiam
3028 626 3141 663 non
3190 627 3311 663 esse
3357 627 3530 681 super
3558 616 3787 677 terram,
3819 628 3941 664 cum

2254 699 2374 752 dies
2405 715 2608 752 sereno
2661 700 2874 752 lumine
2924 699 3158 768 fulgeat.
3197 699 3304 753 Sed
3343 699 3598 752 dicamus
3631 699 3743 752 illis
3788 701 3938 768 quod

2252 787 2511 840 Salvator
2571 787 2782 840 ludens
2847 787 3139 857 loquitur:
3204 788 3540 842 Scrutamini
3595 787 3943 856 Scripturas:

2253 877 2359 928 illa:
2391 882 2517 928 sunt
2543 878 2680 928 enim
2705 891 2822 944 qua:
2842 875 3208 930 testimonium
3231 877 3514 944 perhibent
3549 876 3614 928 de
3650 891 3732 928 me
3764 877 3942 942 (Joan.

2255 980 2306 1028 v,
2337 965 2448 1033 39).
2483 963 2570 1016 Sic
2619 969 2673 1016 et
2703 964 2794 1016 isti
2845 980 3135 1016 sacrarum
3187 965 3481 1017 volumina
3529 964 3944 1034 Scripturarum

2253 1059 2594 1106 scrutentur.
2639 1054 2705 1105 Et
2732 1053 2842 1105 illm
2893 1058 3025 1105 sunt
3056 1069 3183 1123 quae
3225 1053 3618 1106 testimonium
3655 1052 3949 1123 perhibent

2254 1141 2488 1210 quidem
2519 1140 2759 1209 Spiritui
2789 1147 2980 1193 sancto
3009 1140 3162 1210 quod
3193 1141 3262 1194 de
3298 1141 3464 1194 Patre
3517 1141 3774 1210 Filioque
3821 1156 3946 1210 pro-

2254 1229 2433 1282 cedat.
2485 1229 2754 1282 Evolvant
2791 1228 3200 1282 catholicorum
3262 1229 3532 1298 dogmata
3580 1230 3851 1293 Patrum;
3899 1236 3949 1281 et

2257 1317 2542 1388 reperient
2565 1318 2716 1370 unde
2740 1334 2904 1370 suum
2929 1317 3218 1385 corrigant
3241 1334 3518 1381 errorem,
3542 1319 3944 1388 deponantque

2255 1406 2510 1459 stultitiae,
2541 1412 2846 1470 tumorem,
2896 1423 3010 1476 quo
3042 1412 3248 1475 putant
3290 1407 3395 1460 sibi
3431 1407 3621 1476 potius
3651 1423 3824 1477 quam
3865 1423 3948 1458 ve-

2255 1495 2409 1548 ritati
2441 1495 2809 1548 credendum.
2845 1501 2901 1548 et
2927 1496 3209 1563 majorum
3255 1495 3651 1548 auctoritatem
3697 1512 3814 1547 sua!
3867 1511 3948 1546 ve.

2256 1583 2429 1636 sauia:
2462 1583 2957 1653 postponendam:
3012 1583 3230 1636 discant
3280 1586 3439 1653 prius
3485 1583 3636 1653 quod
3682 1589 3950 1652 appetunt

2254 1673 2478 1735 docere,
2513 1689 2583 1724 ne
2615 1672 2749 1725 dum
2803 1671 3152 1740 imperitiam
3214 1689 3372 1724 suam
3427 1688 3528 1741 pro
3587 1687 3816 1724 summa
3865 1689 3949 1741 pe-

2255 1760 2384 1812 ritia
2416 1760 2697 1812 voluerint
2739 1761 2975 1828 jactare,
3033 1760 3248 1813 similes
3291 1760 3381 1812 isti
3433 1760 3590 1823 fiant,
3652 1760 3750 1829 qui
3809 1769 3947 1829 post-

2254 1865 2423 1918 quam
2457 1849 2638 1900 elatus
2669 1861 2750 1899 est
2785 1849 2839 1900 in
2874 1848 3141 1914 sublime,
3192 1848 3414 1900 dicente
3457 1847 3789 1910 Salomone,
3825 1848 3947 1900 stul-

2255 1943 2344 1989 tus
2375 1936 2660 2006 apparuit.

2326 2027 2530 2077 Verum
2567 2029 2790 2092 tempus
2823 2028 2907 2076 est
2939 2023 3058 2092 jam
3100 2023 3165 2076 ad
3201 2023 3423 2093 reliqua
3477 2040 3607 2092 quae
3648 2024 3945 2076 criminose

2252 2113 2568 2182 proferunt,
2629 2110 2896 2176 transire,
2955 2111 3159 2180 quibus
3220 2112 3356 2164 dum
3427 2113 3676 2180 gestiunt
3733 2111 3946 2164 Latinos

2255 2199 2690 2267 reprehendere,
2762 2215 2936 2268 quam
2995 2199 3108 2252 sint
3165 2198 3275 2268 ipsi
3336 2199 3840 2267 reprehensibiles,
3889 2199 3945 2251 li-

2252 2288 2426 2358 quido
2457 2288 2870 2341 demonstrant.

1781 2659 2060 2730 LIBER
2119 2656 2592 2741 QUARTU

2033 2823 2336 2834 ._.__.—

1011 2933 1234 2987 CAPUT
1279 2933 1566 2987 PRIMUM.

2187 2939 2190 2943 '
2242 2937 2297 2984 et
2357 2931 2602 3001 Spiritus
2667 2932 2869 2999 sancti,
2923 2933 3130 3002 aequali
3195 2934 3548 2987 confessione
3606 2937 3938 3007 quicunque

445 3045 517 3096 De
556 3041 786 3094 diversis
834 3041 1080 3094 Ecclesiae
1129 3039 1624 3092 consuetudinilms.
1679 3039 1820 3105 Quid
1866 3041 1922 3091 in
1954 3041 2134 3092 Eccle-
2175 3034 2214 3086 Ο
2243 3037 2440 3073 sumus
2469 3020 2776 3074 Christiani
2807 3027 3070 3074 tenemus
3100 3027 3150 3074 εί
3178 3024 3540 3076 conﬁtemur.
3575 3025 3634 3076 1η
3665 3025 3755 3078 his
3788 3026 3933 3078 enim

510 3116 595 3166 sia
649 3113 1002 3177 uniformiter
1049 3111 1117 3162 ab
1183 3111 1430 3164 omnibus
1488 3111 1792 3164 tenendam.
1853 3113 2139 3164 Mutantur

511 3183 814 3250 aliquando
838 3183 1262 3236 consuetudines.

511 3289 742 3360 Objecta
797 3304 926 3358 qua:
984 3293 1301 3357 sequuntur
1359 3289 1494 3340 dum
1557 3287 1850 3357 sapientiae
1909 3304 2134 3357 parum,

441 3379 744 3449 imperitiae
800 3393 934 3430 vero
1010 3393 1125 3429 non
1187 3392 1386 3446 parum
1455 3377 1747 3428 continere
1815 3376 2132 3432 videantur.

440 3471 705 3535 poterant
763 3463 971 3531 omitti,
1023 3463 1067 3515 si
1124 3481 1234 3516 non
1287 3463 1477 3515 minus
1509 3462 1886 3532 prudentibus
1925 3464 2134 3516 erroris

439 3552 765 3606 scandalum
807 3552 1138 3605 viderentur
1194 3566 1357 3619 posse
1411 3550 1714 3618 parturire.
1780 3551 1923 3602 Dum
1981 3552 2131 3603 enim

441 3642 572 3695 talia
611 3641 725 3693 sint
754 3657 882 3711 qua:
927 3641 1171 3693 formam
1221 3639 1451 3709 pietatis
1489 3639 1783 3690 videantur
1811 3638 2131 3698 ostendere,

438 3728 720 3799 plurimos
749 3729 938 3780 valent
971 3727 1227 3780 incautos
1260 3726 1542 3795 decipere,
1571 3742 1685 3779 non
1718 3727 1972 3778 valentes
2015 3727 2131 3778 dis-

436 3833 667 3871 cernere
697 3817 833 3887 quid
885 3815 1036 3869 inter
1082 3830 1274 3867 veram
1316 3814 1760 3885 simulatamque
1790 3815 1956 3867 distet
2000 3816 2129 3868 reli-

435 3907 687 3976 gionem.
728 3906 949 3960 Etenim
995 3919 1126 3957 cum
1174 3902 1314 3956 nihil
1367 3903 1436 3957 de
1487 3904 1753 3972 dogmate
1784 3905 1914 3957 fidei
1950 3905 2130 3957 Conti-

433 4001 626 4063 neant,
683 3996 742 4048 in
810 4011 926 4065 quo
999 3991 1439 4047 Christianitatis
1505 3992 1800 4060 plenitudo
1851 3992 2129 4056 consistit,

431 4099 632 4135 verum
675 4081 1148 4134 consuetudinem
1217 4095 1335 4131 suae
1399 4079 1656 4132 Ecclesia:
1729 4080 2130 4132 tantummodo

432 4175 686 4232 narrent,
721 4169 860 4222 nihil
895 4168 1104 4220 isthinc
1136 4169 1221 4220 vel
1255 4167 1716 4236 approbandum,
1749 4169 1832 4220 vel
1880 4167 2128 4220 refutan-

431 4259 567 4309 dum
602 4263 810 4308 nostrai
859 4257 1106 4309 restabat
1137 4255 1420 4308 Ecclesiae.
1458 4257 1578 4309 Non
1619 4255 1770 4308 enim
1804 4256 2130 4309 continetur

433 4345 487 4396 in
530 4344 638 4396 hoc
681 4343 820 4397 illud
851 4345 1134 4414 Apostolis
1165 4345 1435 4398 dicentis:
1473 4345 1699 4399 Obsecro
1741 4360 1833 4397 vos
1883 4350 1940 4396 nt
1983 4345 2122 4398 idem

431 4433 632 4484 dicatis
658 4447 872 4497 omnes;
903 4438 1081 4484 etnon
1135 4433 1247 4486 sint
1295 4435 1351 4484 in
1396 4433 1548 4487 vobis
1599 4433 1712 4484 ulla
1761 4434 2126 4498 schismatat'l

430 4519 550 4574 Cor.
577 4535 614 4580 ι,
651 4519 756 4582 10).
791 4517 928 4581 Quae
959 4517 1073 4571 sint
1102 4524 1291 4572 autem
1327 4519 1396 4572 de
1434 4520 1642 4589 quibus
1677 4519 1934 4572 obsecrat
1971 4519 2124 4572 idem

431 4605 662 4671 sentire,
712 4606 864 4660 idem
924 4607 1106 4677 loqui,
1184 4624 1286 4660 nec
1352 4609 1525 4662 ullam
1585 4606 1710 4661 fieri
1767 4608 2122 4673 divisionem,

429 4698 712 4747 monstrat
765 4695 917 4757 alibi,
971 4695 1201 4749 dicens:
1262 4697 1408 4750 Unus
1473 4699 1752 4762 Dominus,
1806 4712 1915 4749 una
1966 4696 2124 4761 fides,

427 4797 594 4836 unum
642 4783 932 4852 baptisma.
988 4786 1135 4839 Unus
1195 4788 1330 4838 Deus
1391 4791 1439 4838 et
1495 4791 1653 4852 pater
1721 4788 1979 4848 omnium,
2030 4788 2127 4852 qui

424 4887 589 4939 super
619 4885 796 4925 omnes
827 4877 922 4938 est,
952 4877 1003 4925 et
1042 4875 1098 4926 in
1139 4873 1383 4927 omnibus
1421 4875 1570 4927 vobis
1598 4874 1818 4942 (Ephes.
1854 4889 1927 4937 IV,
1962 4877 2013 4939 5,
2047 4875 2118 4940 6).

427 4961 491 5016 In
523 4960 611 5014 his
659 4960 813 5013 enim
863 4960 1019 5013 nulla
1047 4961 1111 5015 fit
1151 4961 1448 5015 diversitas
1478 4962 1856 5026 credentium,
1891 4962 2120 5032 quando

425 5055 634 5103 sancta:
665 5049 958 5102 Trinitatis
989 5049 1426 5115 confessionem,
1468 5055 1526 5103 et
1578 5050 1880 5104 Salvatoris
1939 5051 2121 5103 nostri

423 5138 549 5190 Jesu
625 5136 832 5192 Christi
897 5137 1250 5190 nativitatem
1317 5153 1381 5190 ex
1450 5138 1701 5208 Virgine,
1771 5139 2117 5208 passionem,

422 5232 691 5287 mortem,
741 5225 1239 5291 resurrectionem,
1298 5224 1355 5278 in
1395 5225 1566 5278 coalos
1606 5226 2016 5291 ascensionem,
2050 5226 2117 5279 ad

424 5313 679 5367 dextram
713 5314 896 5367 Patris
940 5313 1387 5377 consessionem,
1424 5318 1482 5367 et
1512 5315 1683 5368 corde
1723 5315 2027 5380 credimus,
2059 5318 2119 5367 ut

417 5399 820 5469 justiticemur,
855 5408 911 5456 et
951 5419 1049 5457 ore
1080 5403 1444 5468 confitemur,
1486 5408 1548 5455 ut
1577 5405 1901 5457 salvemur:
1937 5404 2030 5456 sed
2063 5409 2118 5456 et

421 5485 611 5556 ipsum
641 5494 946 5545 venturum
985 5497 1102 5546 tam
1137 5491 1396 5545 vivorum
1427 5506 1599 5560 quam
1644 5497 1997 5544 mortuorum
2020 5492 2114 5560 ju-

421 5573 644 5629 dicem:
675 5581 732 5628 et
770 5594 947 5632 unum
1002 5580 1284 5652 baptisma
1317 5580 1373 5634 in
1409 5580 1638 5634 nomine
1671 5580 1850 5634 Patris
1885 5586 1939 5633 et
1989 5580 2113 5634 Filii

2243 3109 2498 3162 obsecrat
2563 3126 2661 3162 nos
2718 3109 3021 3178 Apostolus
3083 3110 3234 3164 idem
3287 3127 3505 3180 sapere,
3559 3129 3673 3166 non
3726 3115 3942 3167 diversa

2245 3199 2476 3252 sentire.

2315 3284 2595 3353 Castorum
2650 3271 3088 3338 consuetudines
3146 3285 3517 3339 Ecclesiarum
3577 3302 3683 3339 nec
3749 3289 3940 3342 eadem

2243 3377 2377 3424 sunt
2423 3387 2638 3437 omnes,
2685 3388 2788 3424 nec
2835 3371 2904 3424 ab
2962 3372 3230 3425 omnibus
3286 3378 3523 3442 possunt
3585 3375 3941 3428 uniformiter

2243 3458 2460 3513 haberi.
2494 3459 2780 3530 Principio
2837 3460 3119 3530 siquidem
3179 3461 3462 3514 nascentis
3494 3461 3758 3516 Ecclesia:
3811 3480 3940 3533 apo-

2241 3547 2518 3599 stolorum
2551 3549 2686 3600 Acta
2715 3553 2995 3601 testantur
3028 3548 3180 3617 quod
3214 3547 3314 3618 qui
3352 3548 3762 3619 Hierosolymis
3786 3558 3940 3604 erant

2241 3635 2554 3697 credentes,
2612 3638 2755 3690 nihil
2804 3637 3096 3707 proprium
3150 3637 3518 3705 possideant:
3553 3641 3938 3708 possessiones

2241 3731 2430 3778 autem
2465 3742 2606 3795 quas
2664 3725 2970 3792 habebant,
3023 3727 3364 3792 vendebant,
3415 3743 3730 3798 earumque
3763 3731 3943 3799 pretia

2239 3830 2427 3866 coram
2502 3814 2742 3883 pedibus
2794 3815 3189 3884 apostolorum
3248 3816 3557 3886 ponebant,
3626 3817 3940 3872 distribue-

2239 3903 2493 3972 bantque
2519 3903 2761 3971 singulis
2792 3908 2962 3973 prout
2992 3905 3196 3974 cuique
3229 3921 3372 3974 opus
3406 3911 3554 3959 erat:
3590 3912 3758 3958 erant
3792 3908 3937 3960 enim

2239 3991 2318 4044 eis
2375 3991 2569 4043 omnia
2627 3992 2953 4044 communia
2985 3994 3127 4059 (Act.
3163 4008 3235 4056 iv,
3289 3993 3377 4053 3i,
3437 3995 3546 4057 35).
3600 3997 3668 4047 At
3703 4011 3839 4048 vero
3876 3995 3940 4048 de

2238 4078 2506 4147 gentibus
2536 4079 2634 4148 qui
2656 4080 3017 4133 crediderant
3048 4097 3161 4133 non
3185 4081 3386 4133 eadem
3419 4080 3713 4149 religionis
3760 4083 3939 4136 forma

2239 4167 2564 4230 detinebat;
2599 4168 2866 4221 scribitur
2913 4169 3067 4221 enim
3100 4169 3157 4221 in
3189 4169 3401 4222 eisdem
3461 4170 3613 4222 Actis
3653 4172 3938 4240 apostolo-

2238 4271 2389 4319 rum,
2423 4273 2550 4325 quzr.
2575 4273 2675 4325 per
2705 4257 2984 4325 apostolos
3022 4263 3302 4327 praecepta
3351 4264 3742 4328 susceperant,
3790 4277 3937 4330 quae-

2166 4336 2205 4388 D
2239 4360 2349 4414 que
2382 4349 2684 4408 fservantes
2730 4346 2929 4398 salutis
2975 4352 3206 4398 aeterna!
3250 4346 3558 4416 participes
3606 4348 3933 4402 existerent.

2239 4435 2367 4488 llaac
2397 4437 2587 4486 autem
2621 4436 2802 4499 erant,
2837 4439 2897 4487 ut
2928 4434 3281 4488 abstinerent
3331 4451 3390 4488 se
3433 4451 3465 4487 a
3496 4435 3934 4491 simulacrorum

2235 4522 2476 4587 cultura,
2512 4537 2542 4573 a
2585 4521 2981 4587 fornicatione,
3041 4531 3097 4575 et
3151 4522 3452 4586 sanguine,
3506 4529 3562 4575 et
3609 4524 3926 4578 suffocato:

2236 4609 2378 4662 nihil
2410 4609 2563 4662 enim
2613 4626 2788 4680 supra
2835 4611 3142 4664 voluerunt
3172 4611 3253 4664 eis
3292 4610 3608 4680 imponere,
3661 4612 3809 4667 sicut
3853 4614 3933 4666 lit-

2233 4701 2367 4749 tera).
2401 4703 2682 4751 testantur
2731 4699 3094 4752 credentibus
3139 4699 3208 4752 de
3241 4701 3520 4768 praeputio
3583 4699 3653 4752 ab
3706 4708 3931 4771 aposto-

2231 4785 2302 4838 lis
2333 4787 2540 4852 missaa,
2597 4786 2656 4838 in
2689 4787 2896 4856 quibus
2937 4787 3043 4840 hoc
3090 4785 3416 4853 ferebatur;
3482 4789 3667 4841 Visum
3713 4795 3815 4852 est,
3850 4791 3930 4841 in-

2230 4874 2458 4944 quiunt,
2490 4876 2734 4942 Spiritui
2781 4881 2966 4929 sancto
3001 4882 3049 4929 et
3081 4876 3232 4928 nobis
3284 4877 3422 4929 nihil
3467 4877 3612 4928 ultra
3665 4879 3936 4945 imponere

2228 4962 2377 5014 vobis
2407 4965 2601 5026 oneris,
2645 4978 2807 5030 quam
2862 4964 2969 5016 haec
3007 4963 3347 5028 necessaria;
3396 4968 3456 5016 ut
3486 4963 3810 5018 abstineatis
3842 4979 3929 5018 vos

2228 5050 2296 5103 ab
2355 5053 2648 5104 immolatis
2686 5053 3120 5117 simulacrorum,
3155 5058 3260 5106 etc.
3298 5053 3360 5106 Et
3403 5052 3461 5105 in
3520 5053 3925 5106 conclusione:

2228 5141 2273 5192 Α
2316 5139 2513 5206 quibus
2558 5139 2912 5193 custodientes
2967 5156 3058 5193 vos
3091 5140 3216 5194 bene
3265 5143 3437 5208 agetis
3470 5143 3613 5205 (Act.
3671 5157 3761 5204 xv,
3833 5144 3922 5206 ‘28,

2228 5226 2341 5293 ‘29).
2419 5226 2556 5290 Quis
2618 5242 2731 5279 non
2813 5227 3002 5280 videat
3073 5227 3357 5281 diversam
3433 5245 3554 5281 esse
3629 5229 3927 5299 religionis

2225 5314 2732 5381 consuetudinem;
2821 5313 2962 5367 nihil
3058 5315 3356 5386 proprium
3436 5315 3750 5385 possidere,
3831 5316 3926 5369 sed

2223 5403 2602 5456 communiter
2660 5404 2867 5468 vivere,
2948 5408 3005 5456 et
3073 5404 3267 5456 omnia
3327 5420 3430 5458 sua
3495 5405 3766 5471 retinere,
3828 5421 3926 5458 ne-

2223 5507 2335 5561 que
2391 5490 2498 5544 nisi
2571 5491 2931 5561 paucissimis
2987 5492 3286 5561 praeceptis
3335 5491 3695 5562 mancipari?
3750 5492 3920 5546 Aliud

2221 5585 2304 5634 est
2367 5595 2616 5651 namque
2662 5578 3028 5651 perfectionis
3089 5596 3372 5635 summam
3446 5580 3708 5652 assequi;
3768 5580 3923 5652 quod
