4130 6184
207 287 300 338 3Οὸ

1191 284 1464 342 CONTRA
1501 283 1908 343 ΟΒΑΞΟΟΒΟΜ
1945 284 2300 343 OPPOSITA.
2331 315 2395 326 —
2427 285 2554 342 LIB.
2595 285 2681 343 IV.

3597 292 3698 346 306

206 419 456 474 fecerunt
506 421 605 492 qui
654 425 860 476 cuncta
919 437 1021 475 sua
1065 420 1374 474 vendentes
1436 422 1783 492 pauperibus
1829 438 1896 476 ea
1934 423 1977 475 Α
2007 420 2320 477 sideratum
2368 439 2542 494 quam
2603 425 2987 482 necessarium
3065 426 3294 500 corpori
3359 427 3701 502 indulgeant

208 510 640 576 distribuebant,
674 517 730 564 et
778 527 1088 581 pauperem
1142 511 1427 564 Christum
1461 511 1568 581 ipsi
1621 527 1897 582 pauperes

209 599 382 652 effecti
435 605 569 653 sunt
619 601 837 653 secuti:
894 600 1049 653 aliud
1103 606 1294 652 autem
1340 600 1438 667 qui
1485 600 1571 653 vix
1617 606 1897 669 praecepta

206 702 375 754 pauca
405 687 851 756 complectentes
886 687 1035 739 inter
1085 687 1244 739 initia
1295 688 1590 757 religionis
1636 687 1895 739 contine-

204 775 426 836 bantur,
461 792 562 828 nec
590 781 780 828 tamen
814 777 885 828 ob
919 776 1026 828 hoc
1056 775 1226 827 alieni
1257 776 1387 828 facti
1418 782 1551 827 sunt
1580 775 1651 827 ab
1684 774 1766 827 eis
1797 773 1898 844 qui

200 879 419 916 summa
473 865 765 929 tenebant,
829 863 921 917 isti
971 864 1070 933 qui
1140 863 1402 930 minima,
1453 864 1627 917 veluti
1688 863 1895 927 dicam,

204 957 486 1020 praecepta
516 952 894 1005 sectabantur.
946 952 1166 1005 Etenim
1202 952 1329 1004 licet
1359 951 1734 1004 observantiae
1767 951 1896 1004 fue-

204 1040 311 1092 rint
362 1041 638 1109 qualitate
686 1041 962 1110 dispares,
1015 1041 1147 1093 lidei
1197 1046 1389 1093 tamen
1445 1039 1664 1093 unitate
1715 1039 1894 1092 socia-

199 1129 421 1180 bantur.

266 1217 541 1269 Eusebius
585 1216 951 1270 Caesariensis
981 1217 1282 1286 episcopus
1332 1217 1390 1269 in
1427 1217 1670 1270 Historia
1715 1217 1892 1270 eccle-

199 1306 418 1357 siastica
450 1306 571 1371 (lib.
609 1323 665 1366 ιι,
711 1321 830 1373 cap.
887 1309 973 1373 16)
1024 1305 1221 1359 scribit
1271 1306 1338 1359 de
1389 1305 1750 1360 credentibus
1794 1305 1892 1376 qui

200 1392 571 1445 morabantur
640 1393 1017 1458 Alexandrite,
1060 1393 1235 1464 quod
1301 1393 1593 1464 religionis
1671 1395 1892 1448 fervore

194 1481 618 1547 detinebantur,
669 1498 840 1551 quam
875 1482 1171 1546 excellenti
1203 1483 1655 1536 conversationis
1707 1483 1892 1552 philo-

196 1569 392 1639 sophia
449 1586 572 1622 sese
628 1570 922 1640 gerebant.
965 1571 1058 1624 Ait
1086 1587 1260 1640 ergo:
1299 1594 1325 1619 α
1353 1571 1543 1624 Primo
1575 1572 1837 1625 omnium
1869 1581 1894 1605 ι

195 1657 528 1710 renuntiant
551 1658 767 1711 cunctis
796 1658 1161 1712 facultatibus
1193 1658 1330 1724 suis,
1368 1659 1468 1728 qui
1498 1675 1556 1712 se
1585 1659 1655 1713 ad
1691 1660 1890 1730 hujus-

194 1746 349 1799 modi
390 1746 819 1816 philosophiam
868 1746 1149 1813 dederint,
1200 1754 1256 1801 et
1309 1747 1473 1801 bonis
1523 1748 1639 1801 suis
1686 1749 1892 1819 quibus

192 1836 501 1898 intersunt,
553 1836 783 1889 cedunt.
829 1837 971 1890 Tum
1023 1835 1230 1890 deinde
1276 1836 1428 1907 quod
1479 1854 1678 1891 omnes
1718 1838 1890 1891 etiam

193 1927 318 1980 vitae
349 1927 771 1981 sollicitudines
814 1929 1012 1996 procul
1058 1929 1348 2000 abjiciant,
1408 1935 1464 1983 et
1501 1936 1660 1984 extra
1691 1931 1892 1985 urbem

192 2016 408 2085 egressi
442 2017 502 2068 in
536 2015 802 2081 hortulis,
855 2018 938 2070 vel
994 2017 1216 2088 exiguis
1264 2018 1588 2089 quibusque
1632 2021 1892 2089 agellulis

191 2105 424 2174 degant,
475 2104 824 2173 refugientes
871 2106 1107 2176 imparis
1151 2107 1428 2177 propositi
1477 2108 1784 2168 consortia,
1837 2113 1894 2162 et

193 2194 316 2246 vitae
367 2193 664 2246 dissimilis
714 2194 1138 2248 contubernia:
1189 2197 1427 2249 scientes
1477 2197 1890 2267 impedimento

193 2299 312 2334 esse
340 2282 461 2336 haec
491 2283 741 2336 arduum
773 2283 1093 2338 volentibus
1123 2284 1234 2338 iter
1284 2285 1508 2338 virtutis
1540 2285 1824 2340 incedere.
1863 2307 1888 2335 ιι

192 2373 251 2425 Et
278 2378 409 2441 post
440 2371 591 2424 alia:
627 2392 653 2421 ‹‹
687 2372 782 2424 Est
833 2376 1044 2437 autem,
1080 2372 1286 2442 inquit,
1342 2374 1398 2426 in
1459 2373 1699 2442 singulis
1755 2374 1892 2428 locis

190 2464 522 2512 consecrata
549 2460 825 2512 orationis
849 2461 1075 2527 domus,
1109 2477 1237 2531 qua:
1264 2461 1585 2531 appellatur
1604 2463 1888 2528 semnion,

189 2549 274 2600 vel
309 2548 751 2601 monasterium.
780 2549 1052 2602 Semuion
1086 2555 1278 2602 autem
1327 2549 1650 2620 signiﬁcare
1705 2557 1893 2621 potest

190 2638 564 2690 honestorum
615 2637 1098 2705 conventiculum,
1128 2639 1188 2690 in
1221 2638 1374 2708 quod
1421 2640 1754 2692 secedentes
1783 2640 1890 2692 ho-

189 2731 348 2778 nesta
391 2731 449 2778 et
499 2731 654 2778 casta
701 2725 829 2779 vitae
883 2726 1152 2796 mysteria
1199 2726 1505 2780 celebrant.
1559 2727 1708 2781 Nihil
1756 2727 1891 2781 illuc

188 2829 425 2882 prorsus
460 2814 610 2883 quod
635 2814 701 2866 ad
727 2815 918 2866 cibum
938 2819 1253 2884 potumque
1284 2815 1531 2883 pertinet
1559 2815 1888 2881 inferentes,

190 2901 271 2952 vel
307 2900 530 2970 reliqua
563 2900 802 2954 humani
824 2901 1080 2971 corporis
1105 2901 1446 2970 ministeria,
1480 2903 1576 2956 sed
1607 2903 1749 2973 legis
1772 2907 1891 2956 tan-

188 2994 311 3040 tum
344 2988 542 3054 libros,
575 2995 630 3042 et
661 2990 955 3042 volumina
985 2990 1420 3060 prophetarum,
1458 2991 1701 3062 hymnos
1741 3008 1884 3062 quo-

187 3094 301 3148 que
350 3077 409 3129 in
469 3077 668 3142 Deum,
725 3084 1045 3148 czeteraque
1093 3079 1181 3131 his
1243 3079 1469 3133 similia.
1529 3081 1590 3133 In
1639 3095 1885 3149 quorum

189 3165 511 3234 disciplinis
541 3173 597 3218 et
639 3165 917 3219 exercitiis
964 3167 1233 3232 instituti,
1285 3167 1354 3220 ad
1390 3167 1699 3238 perfectam
1752 3168 1886 3221 bea-

188 3259 425 3324 tamque
471 3254 644 3307 vitam
701 3254 900 3308 studiis
949 3255 1188 3325 jugihus
1244 3257 1578 3310 coalescant.
1629 3256 1712 3310 Ab
1760 3264 1886 3310 ortu

188 3347 383 3397 antem
430 3343 544 3397 diei
593 3359 772 3414 usque
823 3344 890 3397 ad
934 3361 1227 3414 vesperam
1285 3361 1454 3398 omne
1504 3345 1585 3399 eis
1641 3347 1885 3416 spatium

187 3429 512 3483 studiorum
566 3429 846 3484 exercitiis
905 3431 1175 3484 ducitur:
1229 3433 1437 3503 quibus
1503 3433 1573 3486 ad
1637 3433 1885 3486 divinam

184 3519 618 3589 philosophiam
650 3536 754 3589 per
780 3536 965 3574 sacras
995 3520 1212 3573 litteras
1247 3521 1621 3587 imbuuntur;
1659 3524 1888 3575 Patrum

185 3609 344 3678 leges
368 3606 430 3660 in
463 3607 825 3677 allegoricam
859 3607 1302 3678 intelligentiam
1330 3609 1673 3662 deducentes
1700 3628 1714 3675 ;
1741 3625 1888 3678 quo-

179 3698 344 3750 niam
375 3696 592 3750 formas
617 3713 737 3749 esse
770 3703 825 3749 et
856 3696 1134 3766 imagines
1177 3712 1242 3748 ea
1274 3711 1404 3766 quae
1437 3695 1498 3748 in
1529 3696 1667 3765 legis
1702 3697 1889 3749 littera

179 3785 402 3854 scripta
433 3791 588 3849 sunt,
621 3784 950 3853 opinantur,
987 3785 1217 3838 latentis
1242 3784 1588 3837 intrinsecus
1616 3783 1889 3854 profundi

177 3873 490 3942 cujusdam
521 3873 816 3944 divinique
839 3873 1112 3942 mysterii.
1148 3896 1167 3920 ι
1197 3873 1260 3926 Et
1283 3872 1343 3925 in
1365 3871 1847 3942 consequentibus
1872 3889 1884 3925 ε

182 3985 205 4008 ιι
244 3960 676 4015 Continentiam
723 3977 856 4014 vero
908 3963 1060 4015 velut
1113 3962 1404 4031 quoddam
1448 3961 1888 4015 fundamentum

175 4050 383 4119 primo
415 4049 473 4102 in
518 4050 712 4103 anima
757 4050 1073 4114 collocant;
1111 4056 1168 4103 et
1220 4050 1298 4102 ita
1347 4049 1581 4102 demum
1638 4049 1890 4121 reliquas

169 4153 366 4207 super
395 4139 540 4191 hanc
569 4141 818 4207 pergunt
837 4138 1120 4192 aedificare
1146 4138 1401 4191 virtutes.
1429 4137 1628 4191 Cibum
1658 4143 1885 4208 potum-

173 4243 296 4296 que
334 4227 528 4279 nullus
559 4242 758 4279 eorum
793 4227 942 4296 capit
976 4233 1107 4280 ante
1135 4227 1268 4280 solis
1299 4214 1561 4280 occasum
1589 4243 1602 4292 ;
1629 4226 1889 4280 videlicet

171 4323 420 4384 tempus
460 4315 599 4367 lucis
629 4331 756 4368 cum
807 4315 1186 4387 philosophiae
1235 4316 1456 4380 studiis,
1509 4331 1703 4368 curam
1760 4331 1890 4367 vero

173 4404 450 4472 corporis
480 4419 606 4455 cum
642 4409 806 4455 nocte
834 4404 1131 4456 sociantes.
1188 4403 1455 4457 Nonnulli
1484 4407 1676 4456 autem
1721 4403 1891 4455 etiam

173 4497 320 4561 post
367 4491 624 4544 triduum
665 4491 722 4543 in
770 4491 1238 4545 communionem
1288 4493 1526 4546 veniunt
1571 4491 1703 4556 cibi,
1750 4507 1894 4561 quos

171 4580 414 4632 scilicet
444 4579 674 4631 edacior
714 4578 1038 4632 studiorum
1072 4578 1250 4632 fames
1281 4584 1565 4650 perurget.
1606 4580 1731 4634 Jam
1761 4593 1894 4631 vero

171 4667 241 4721 hi
276 4665 392 4736 qui
423 4666 481 4719 in
532 4667 953 4720 eruditionibus
984 4667 1302 4737 sapientiae,
1344 4675 1402 4721 et
1431 4669 1490 4720 in
1521 4667 1895 4739 profundiore

169 4756 578 4823 intelligentia
613 4772 903 4809 sacrorum
927 4757 1742 4826 volnminumconversantur,
1778 4761 1898 4808 tan-

167 4859 371 4915 quam
407 4844 649 4913 copiosis
682 4844 925 4914 dapibus
974 4845 1287 4909 inhiantas,
1338 4845 1548 4914 expleri
1581 4850 1894 4914 nequeunt,

168 4938 234 4985 et
261 4931 608 4985 contuendo
640 4933 825 4985 acrius
861 4933 1318 4997 inflammantur,
1351 4933 1428 4986 ita
1454 4939 1515 4986 ut
1555 4949 1661 4988 nec
1692 4939 1897 5003 quarto

160 5024 326 5091 jam,
370 5036 476 5072 nec
507 5021 730 5090 quinto,
769 5021 867 5074 sed
899 5028 1054 5074 sexto
1088 5021 1179 5074 die
1213 5021 1465 5087 demum,
1503 5038 1615 5075 non
1646 5028 1763 5076 tam
1795 5022 1898 5075 de-

252 5222 278 5246 ³
336 5212 533 5265 Primo
577 5215 837 5266 omnium.
889 5215 986 5267 Hic
1027 5213 1412 5266 necessarium
1465 5213 1735 5267 duximus
1779 5230 1902 5268 mo-

178 5299 359 5346 nere,
415 5282 792 5355 Hatramnum
837 5284 1062 5337 Eusebii
1119 5284 1293 5338 fidem
1343 5289 1632 5355 secutum,
1666 5285 1747 5338 ita
1776 5301 1905 5355 qua!

175 5355 284 5407 ille
342 5354 729 5421 exscripserat
760 5370 789 5407 e
838 5355 1075 5408 Philone
1126 5355 1432 5423 accepisse,
1484 5371 1548 5407 ac
1595 5354 1640 5407 si
1687 5354 1902 5408 nemini

175 5425 449 5477 dubium
482 5440 606 5477 esse
634 5430 823 5493 posset
847 5425 986 5495 quin
1026 5425 1130 5478 viri
1152 5425 1234 5478 illi
1258 5441 1502 5495 quorum
1529 5441 1715 5479 mores
1744 5427 1904 5480 Philo

172 5495 489 5564 depinxit,
523 5495 672 5548 inter
717 5497 1070 5549 Christianos
1122 5503 1512 5549 censerentur.
1564 5497 1724 5559 Quod
1777 5513 1905 5564 pro-

173 5568 342 5619 fecto
385 5580 503 5619 non
539 5567 618 5618 ita
667 5582 788 5620 esse
831 5572 1043 5620 norunt
1075 5583 1294 5631 omnes,
1339 5567 1436 5639 qui
1486 5566 1565 5620 rei
1612 5567 1906 5624 litterariae

2004 511 2213 566 cibum.
2254 535 2273 560 ι

2077 602 2200 654 Haec
2243 602 2494 656 scribens
2543 602 2610 655 de
2662 601 3090 656 conversatione
3139 605 3515 671 credentium,
3582 623 3695 661 non

2003 690 2360 744 Alexandrite
2409 695 2654 755 tantum,
2727 706 2920 742 verum
2989 707 3090 761 per
3134 695 3435 763 Aigyptum
3485 695 3694 765 passim

2007 777 2474 845 inhabitantium,
2519 779 2684 832 docet
2732 784 3011 849 quantum
3063 780 3298 835 istorum
3340 784 3695 836 conversatio

2003 865 2247 920 distabat
2278 883 2308 918 a
2329 867 2549 919 caeteris
2583 883 2682 936 per
2712 867 2886 919 totius
2919 866 3074 920 orbis
3107 869 3543 936 amplitudinem
3575 888 3693 924 cre-

2003 955 2290 1007 dentibus.
2324 954 2616 1024 Siquidem
2651 956 2708 1008 hi
2741 955 3024 1008 desiderio
3054 956 3254 1025 patrias
3284 959 3524 1012 caelestis
3554 961 3695 1012 adeo

2003 1042 2379 1108 incaluerant,
2421 1049 2480 1095 ut
2514 1044 2600 1096 his
2647 1043 2852 1097 merito
2911 1044 3230 1098 diceretur:
3282 1048 3467 1099 Vestra
3519 1054 3696 1100 autem

2002 1135 2333 1185 conversatio
2386 1135 2442 1184 in
2491 1135 2630 1186 caelis
2686 1139 2766 1186 est
2813 1133 3071 1202 (Philipp.
3128 1150 3209 1201 ιιι,
3262 1136 3375 1203 20).
3438 1135 3495 1187 lu
3529 1153 3695 1190 carne

2001 1220 2283 1290 siquidem
2334 1227 2773 1286 commorantes,
2827 1222 3169 1291 angelicam,
3220 1227 3282 1275 ut
3327 1225 3406 1276 ita
3437 1223 3697 1291 dixerim,

2002 1308 2060 1363 in
2107 1310 2276 1362 terris
2321 1309 2492 1363 vitam
2543 1310 2809 1379 agebant.
2865 1311 3062 1363 Fertur
3109 1311 3260 1364 enim
3312 1328 3416 1382 per
3462 1312 3694 1366 beatum

2003 1398 2247 1450 Marcum
2281 1398 2713 1467 evangelistam,
2747 1413 2918 1467 quem
2978 1398 3210 1452 miserat
3260 1401 3550 1468 apostolus
3587 1401 3694 1452 Pe-

2001 1491 2120 1537 trus
2149 1502 2181 1538 a
2214 1487 2392 1539 Roma
2434 1486 2838 1540 Alexandriam
2875 1490 2934 1538 ut
2973 1486 3344 1556 Evangelium
3379 1489 3587 1542 Christ]
3613 1488 3694 1541 illi

1999 1573 2224 1644 regioni
2264 1574 2621 1644 praedicaret,
2673 1575 2846 1628 fuisse
2880 1575 2960 1628 sic
3009 1575 3322 1629 institutos.
3370 1577 3516 1630 Num
3566 1593 3697 1628 vero

2001 1669 2306 1734 propterea
2358 1670 2590 1716 caateras
2670 1663 2729 1716 in
2781 1664 2916 1716 orbe
2964 1667 3086 1717 toto
3145 1663 3350 1718 Christi
3426 1665 3696 1718 Ecclesias

2002 1753 2173 1822 longe
2219 1752 2386 1806 aliter
2433 1752 2725 1822 degentes,
2778 1769 2878 1804 sua
2927 1751 3334 1805 communione
3381 1752 3691 1821 privarant.

2003 1841 2088 1895 vel
2120 1840 2180 1894 in
2212 1857 2342 1894 suos
2371 1840 2514 1893 ritus
2562 1855 2841 1909 suamque
2886 1839 3363 1892 consuetudinem
3412 1845 3695 1893 transum-

2000 1934 2120 1984 tare
2152 1928 2518 2000 gestiebant?
2570 1929 2854 1981 Noverant
2907 1927 3058 1981 enim
3107 1927 3416 1998 unicuique
3447 1945 3562 1981 non
3602 1946 3693 1981 so-

2002 2019 2120 2072 lum
2169 2018 2492 2082 hominum,
2545 2034 2738 2070 verum
2794 2017 2966 2069 etiam
3018 2015 3274 2069 Ecclesia:
3333 2015 3520 2068 datam
3573 2032 3695 2068 esse

2001 2106 2242 2177 gratiam
2283 2107 2596 2160 secundum
2620 2121 2946 2158 mensuram
2973 2103 3297 2157 donationis
3319 2103 3526 2157 Christi
3553 2123 3568 2169 ;
3595 2121 3699 2157 nec

2002 2202 2196 2250 tamen
2243 2195 2356 2261 isti,
2408 2195 2542 2265 quia
2590 2193 3000 2247 continentiam
3052 2194 3208 2246 velut
3255 2192 3697 2246 fundamentum

2003 2285 2291 2354 quoddam
2351 2283 2537 2354 primo
2593 2283 3033 2336 consecrandam
3101 2281 3533 2349 constituerant,
3593 2296 3705 2336 nu-.

2003 2374 2147 2444 ptias
2173 2372 2662 2427 condemnabant:
2716 2371 2822 2425 nisi
2869 2371 3011 2426 forte
3048 2369 3364 2440 putandum
3409 2371 3558 2440 apud
3601 2386 3698 2422 eos

2001 2462 2298 2533 episcopos
2347 2467 2519 2531 atque
2569 2460 2931 2531 presbyteros
2995 2476 3198 2512 uxores
3246 2459 3492 2525 duxisse,
3543 2460 3694 2528 apud

2001 2569 2144 2622 quos
2174 2555 2397 2604 constat
2433 2550 2586 2619 ipsos
2631 2549 2803 2602 etiam
2858 2548 3030 2602 laicos
3071 2547 3285 2617 nuptiis
3329 2547 3690 2600 abstinuisse.

1999 2641 2105 2696 Sed
2136 2656 2322 2711 neque
2375 2639 2738 2708 prandebant
2776 2637 2933 2692 omni
2984 2637 3247 2697 Sabbato,
3290 2653 3432 2706 quos
3477 2640 3698 2689 constat

2003 2744 2181 2799 usque
2231 2727 2295 2781 ad
2331 2742 2627 2795 vesperam
2677 2724 3008 2778 continuata
3060 2724 3386 2793 perduxisse
3431 2723 3692 2793 jejunia;

1999 2817 2394 2887 plurimosque
2437 2816 2665 2868 illorum
2718 2814 2775 2867 in
2825 2812 2993 2867 tertia
3038 2812 3123 2866 vel
3173 2817 3328 2865 sexta
3380 2811 3471 2865 die
3503 2811 3694 2865 cibum

1998 2904 2226 2975 corpori
2255 2904 2340 2957 vix
2369 2903 2700 2973 praebuisse.

1929 3017 1969 3070 ρ
2073 2994 2310 3046 Videant
2338 2992 2514 3061 igitur
2544 2992 2866 3045 Graecorum
2890 2988 3195 3058 sapientes,
3227 2989 3308 3041 vel
3333 2993 3512 3041 certes
3534 2987 3693 3057 prin-

1997 3081 2172 3152 cipes,
2208 3096 2382 3150 quam
2406 3081 2560 3148 juste
2591 3077 3016 3147 reprehendant
3040 3077 3326 3130 Romanos
3358 3076 3412 3128 in
3445 3076 3691 3130 Sabbato

1990 3169 2338 3240 jejunantes.
2376 3168 2520 3235 Ergo
2561 3163 2982 3234 reprehendant
3027 3170 3083 3216 et
3129 3163 3264 3218 istos
3295 3163 3452 3216 omni
3483 3161 3573 3215 die
3599 3162 3691 3230 je—

1990 3260 2308 3330 juuautes;
2357 3253 2781 3324 reprehendant
2829 3253 2998 3305 etiam
3050 3256 3229 3305 totam
3277 3250 3691 3304 hebdomadam

1989 3346 2216 3418 jejunio
2247 3343 2670 3399 continuantes.
2706 3341 2866 3405 Quod
2901 3340 3035 3410 quia
3068 3341 3304 3392 stultum
3353 3354 3473 3391 esse
3503 3337 3689 3390 cerni-

1997 3441 2108 3500 tur,
2143 3451 2208 3488 ex
2243 3435 2352 3488 hoc
2381 3431 2581 3485 saltem
2617 3431 2783 3482 velim
2831 3430 2912 3481 vel
2955 3428 3379 3499 imprudentiae,
3431 3428 3514 3479 vel
3549 3425 3691 3479 levi-

1998 3523 2128 3575 tatis
2175 3540 2290 3575 suze
2349 3520 2699 3592 perspiciant
2747 3535 3023 3585 errorem,
3077 3525 3134 3570 et
3185 3517 3450 3569 studeant
3502 3515 3693 3584 potius

1996 3610 2221 3663 virtutis
2251 3611 2564 3663 imitatores
2597 3609 2857 3671 existere,
2893 3622 3062 3676 quam
3102 3604 3498 3676 jejuuantibus
3526 3603 3691 3657 dero-

1997 3714 2152 3768 gare.
2187 3701 2302 3754 Non
2350 3700 2511 3762 enim,
2544 3697 2624 3749 ait
2660 3696 2987 3766 Apostolus,
3034 3710 3278 3761 regnum,
3328 3695 3432 3746 Dei
3469 3696 3547 3746 est
3575 3707 3693 3745 esca

1997 3792 2048 3841 et
2092 3793 2271 3855 potus,
2317 3786 2412 3839 sed
2449 3786 2670 3852 justi'tia
2697 3789 2746 3836 et
2776 3785 2952 3850 pietas
2981 3785 3154 3848 (Rom.
3191 3798 3300 3846 xw,
3342 3783 3444 3845 l7).
3476 3781 3539 3832 Et
3571 3779 3691 3832 Sal-

2000 3879 2158 3928 vator
2181 3873 2474 3927 diabolum
2518 3888 2632 3924 non
2670 3870 3030 3940 prandendo,
3064 3869 3158 3922 sed
3202 3867 3521 3937 jejunando
3560 3866 3695 3918 vicit

1999 3965 2214 4033 (Matth.
2243 3961 2338 4031 1v).
2376 3962 2485 4014 Nec
2514 3977 2628 4015 suae
2658 3958 3133 4014 consuetudinem
3167 3955 3460 4024 religionis
3491 3969 3692 4007 omnes

1999 4051 2208 4107 Christi
2265 4051 2438 4103 velint
2487 4050 2754 4103 Ecclesias
2800 4059 2994 4102 tenere
3036 4063 3049 4113 ;
3101 4062 3230 4099 cum
3292 4044 3525 4097 videant
3572 4049 3687 4094 tam

1998 4141 2384 4210 apostolorum
2414 4137 2787 4206 temporibus,
2818 4153 2990 4206 quam
3020 4135 3430 4204 discipulorum
3467 4145 3688 4194 eorum,

1997 4230 2248 4284 diversas
2277 4227 2743 4280 observationum
2781 4224 3167 4278 institutiones
3198 4215 3419 4285 fuisse;
3462 4235 3567 4273 nec
3612 4222 3694 4271 ta-

1932 4311 1975 4364 D
2005 4333 2131 4370 men
2174 4316 2283 4369 tide
2314 4315 2586 4378 diversos,
2635 4313 2764 4366 licet
2808 4311 3168 4366 observantia
3221 4309 3478 4379 dispares
3522 4307 3694 4359 exsti-

1999 4405 2191 4459 ierint.

2675 4489 2901 4544 CAPUT
2952 4489 3018 4542 ll.

2003 4601 2132 4654 Item
2181 4598 2245 4650 de
2289 4598 2519 4651 diversis
2570 4596 2827 4650 Ecclesia
2876 4593 3370 4649 consuetudinibus.
3420 4592 3697 4661 Jejunium

2075 4667 2548 4738 quadragesimale
2608 4665 2968 4720 diversimode
3017 4666 3146 4738 oliui
3196 4664 3538 4738 celebratum,
3599 4678 3693 4738 ca-

2075 4733 2281 4793 rtorum
2327 4738 2566 4791 ciborum
2634 4751 2783 4790 usus.
2855 4738 3010 4790 Ritus
3080 4735 3301 4790 diversi.
3361 4735 3497 4800 Quot
3562 4733 3697 4786 olim

2076 4810 2227 4878 apud
2253 4809 2466 4862 Judaeos
2493 4813 2663 4861 sectae.

2079 4931 2284 4987 Scribit
2330 4931 2633 5002 Apostolus
2686 4928 3330 4984 Thessalonicensibus:
3386 4929 3488 4981 Vos
3532 4927 3693 4988 enim,

2009 5022 2217 5093 inquit,
2253 5023 2551 5074 imitatores
2579 5022 2718 5086 facti
2746 5021 2893 5085 estis,
2926 5021 3151 5085 fratres,
3185 5019 3546 5072 Ecclesiarum
3599 5014 3698 5065 Dei

2011 5215 2435 5286 operamidant.
2468 5213 2996 5286 Quanquamenim
3044 5210 3280 5264 Eusebio
3320 5207 3526 5286 deinde
3571 5205 3700 5286 asti-

2013 5278 2188 5354 pulati
2233 5285 2348 5338 sint
2390 5285 2495 5338 viri
2536 5291 2592 5338 et
2638 5278 2961 5354 superioris
2997 5288 3057 5354 et
3084 5278 3547 5354 inostraautetatis
3580 5278 3701 5354 ⁸ὁο-

2013 5347 2267 5419 ctissimi,
2300 5373 2416 5408 non
2445 5372 2654 5426 paucos
2677 5347 2840 5408 video
2873 5353 2970 5426 qui
2994 5352 3050 5405 in
3079 5350 3242 5405 Icetis
3264 5347 3700 5426 illis_nihil_du_m

2014 5425 2227 5489 vident,
2262 5427 2411 5496 quod
2447 5419 3038 5496 'Christiauospotius
3075 5436 3246 5496 quam
3294 5419 3519 5496 Judaeos
3549 5419 3701 5496 indi-

2015 5502 2121 5561 cet,
2171 5503 2228 5549 et
2278 5489 2438 5550 litem
2471 5498 2656 5551 adhuc
2694 5512 2814 5550 esse
2839 5489 2974 5549 'sub
3020 5489 3213 5563 judice
3254 5505 3373 5545 non
3414 5489 3703 5545 immerito

2016 5568 2242 5623 dixeris.
