4086 6182
393 359 493 412 307

1547 355 1904 410 RATIlAMNl
1943 353 2404 410 COBBEIENSIS
2447 353 2754 422 MONACHI

3790 356 3893 406 308

394 509 514 562 quae
543 497 668 545 sunt
710 495 766 544 in
804 490 993 543 Judaea
1040 493 1099 544 in
1143 490 1358 546 Christo
1403 493 1528 545 Jcsu
1577 494 1638 562 (Ι
1671 494 1822 546 Thes.
1879 510 1933 556 ιι,
1982 493 2081 558 14).
2123 493 2171 544 Α
2197 491 2576 546 Sabbatorum
2609 506 2710 560 per
2738 490 2993 560 singulas
3043 489 3430 542 hebdomadas
3477 487 3759 542 sacriﬁcia
3802 506 3895 542 ce-

393 584 504 636 Ista
544 583 735 634 dicens
786 579 1034 632 ostendit
1086 580 1257 634 etiam
1310 581 1578 634 Ecclesias
1625 583 1975 636 credentium
2016 584 2085 637 de

393 671 660 740 gentibus
706 686 820 722 non
869 669 1126 739 ejusdem
1184 687 1303 722 esse
1347 671 1588 738 virtutis,
1631 689 1826 725 verum
1877 672 2087 725 diversi

393 756 667 823 muneris,
715 774 778 810 ac
809 773 914 826 per
946 757 1050 810 hoc
1081 757 1318 811 diversae
1363 776 1593 829 quoque
1632 759 2083 813 consuetudinis.

392 847 553 910 Quod
588 846 759 899 etiam
792 846 991 900 beatus
1047 846 1422 916 Hieronymus
1459 848 1516 899 in
1547 849 1788 919 Prologo
1819 848 2088 916 epistola-

391 949 523 986 rum
574 934 736 987 Pauli
799 939 1057 1000 testatur,
1137 934 1360 988 dicens:
1419 937 1540 988 Non
1590 952 1682 988 eas
1718 936 1977 990 ordinem
2025 941 2090 990 ut

395 1022 625 1092 scriptae
648 1027 798 1088 sunt,
833 1023 927 1075 sed
977 1024 1284 1092 quemdam
1317 1025 1599 1093 graduum
1649 1032 1840 1079 tenere
1889 1042 2090 1094 prove-

396 1118 591 1176 ctum;
629 1115 688 1164 ut
734 1113 986 1180 primum
1040 1113 1224 1165 locum
1270 1113 1527 1182 epistolae
1573 1114 1924 1181 contineant,
1961 1131 2090 1184 quae

397 1199 586 1253 missae
617 1199 846 1252 fuerant
880 1201 946 1252 ad
974 1201 1264 1266 Ecclesias,
1301 1202 1508 1271 quibus
1561 1203 1746 1255 minor
1794 1203 2092 1255 observan-

398 1287 495 1340 tiae
526 1287 782 1340 doctrina
815 1289 898 1340 vel
927 1288 1101 1340 virtus
1132 1290 1334 1343 inerat.
1384 1291 1625 1343 Medium
1661 1308 1792 1343 vero
1837 1295 2089 1354 teneant,

402 1392 534 1445 quas
567 1375 751 1428 missa:
783 1376 1008 1429 fuerant
1057 1377 1146 1429 his
1176 1395 1305 1448 qua:
1347 1381 1463 1447 jam
1517 1378 1584 1431 ab
1625 1378 1803 1431 initiis
1847 1395 2092 1431 recesse-

402 1471 551 1530 rant,
597 1465 835 1517 necdum
891 1471 1084 1518 tamen
1134 1467 1499 1535 perfectionis
1559 1469 1787 1520 culmen
1836 1467 2093 1520 obtinue-

403 1559 552 1605 rant.
584 1553 858 1606 Ultimum
890 1571 1044 1620 vero,
1069 1570 1197 1623 qua:
1230 1555 1410 1608 missae
1455 1557 1682 1609 fuerant
1727 1555 2095 1624 perfectionis

403 1641 645 1709 gradum
671 1641 1078 1710 obtinentibus,
1104 1659 1231 1712 quae
1251 1650 1364 1696 tam
1388 1643 1638 1698 scientiae
1673 1661 1846 1715 quam
1874 1645 2096 1698 virtutis

404 1729 715 1782 eminentia
748 1732 1178 1799 praepollebant,
1208 1737 1267 1785 ut
1296 1732 1445 1786 infra
1475 1751 1532 1786 se
1570 1735 1802 1802 multos,
1835 1750 2008 1803 supra
2038 1750 2095 1786 se

401 1832 536 1868 vero
571 1819 758 1869 nullus
792 1819 1086 1872 haberent.
1120 1821 1280 1884 Quod
1318 1821 1471 1875 enim
1505 1823 1562 1874 in
1610 1822 1696 1876 his
1725 1827 2094 1889 monstratur,

404 1904 512 1956 nisi
561 1921 804 1974 quarum
855 1913 974 1960 erat
1031 1907 1353 1962 ditl'erentia
1404 1909 1463 1964 in
1503 1911 1737 1964 scientia
1783 1917 1840 1964 et
1888 1912 2096 1963 virtute

403 1989 808 2056 Ecclesiarum,
833 2007 1031 2044 earum
1060 2010 1289 2063 quoque
1321 2011 1434 2047 non
1466 1995 1664 2048 eadem
1686 2001 1833 2049 esset
1863 2013 2098 2048 consue-

405 2077 542 2130 tudo
599 2079 914 2145 religionis.
966 2081 1258 2150 Siquidem
1309 2084 1473 2152 longe
1524 2084 1687 2136 aliter
1730 2101 1786 2137 se
1825 2085 2100 2154 gerebant.

407 2166 506 2234 qui
535 2166 940 2236 Hierosolymis
969 2169 1195 2222 fuerant
1241 2171 1623 2224 communiter
1652 2171 1922 2238 viventes,
1956 2178 2011 2225 et
2041 2173 2100 2225 in

405 2255 648 2307 factione
700 2257 863 2324 panis
893 2258 1404 2326 communicantes,
1447 2265 1503 2313 et
1552 2261 1807 2313 oratione
1839 2277 2099 2331 perseve-

408 2350 614 2409 rantes,
651 2344 788 2396 nihil
822 2346 1125 2415 proprium
1158 2348 1550 2416 possidentes:
1584 2353 1753 2418 atque
1786 2350 1954 2418 longe
1995 2349 2100 2401 ali-

405 2437 510 2496 ter,
545 2433 644 2501 qui
677 2450 777 2484 sua
808 2451 934 2503 qua:
983 2437 1358 2503 possederant
1404 2438 1735 2502 retinentes,
1786 2439 2098 2492 secundum

407 2520 649 2588 gratiam
682 2521 788 2572 sibi
814 2523 1082 2575 divinitus
1106 2523 1452 2594 impertitam
1482 2527 1848 2595 Evangelium
1873 2527 2098 2608 Christi,

405 2607 538 2672 vita,
595 2609 868 2673 moribus,
934 2616 988 2662 et
1028 2611 1139 2664 tida
1207 2613 1706 2668 commendabant.
1760 2615 1912 2666 Inter
1957 2607 2101 2683 quos

406 2696 722 2764 plurimum
769 2699 990 2751 extollit
1037 2702 1344 2768 Apostolus
1383 2702 1925 2764 Thessalonicenses,
1981 2702 2101 2771 qui-

408 2783 514 2836 bus
541 2786 813 2838 donatum
846 2793 929 2839 est
960 2792 1020 2839 ut
1049 2789 1248 2841 eadem
1282 2795 1614 2859 paterentur
1636 2809 1666 2843 a
1688 2791 2100 2844 contribulibus

409 2872 545 2937 suis,
581 2888 708 2940 quae
739 2872 888 2942 passi
940 2879 1073 2927 sunt
1117 2881 1175 2928 et
1222 2877 1278 2929 hi
1315 2878 1414 2948 qui
1464 2878 1867 2948 Hierosolymis
1909 2895 2096 2931 mora-

409 2959 618 3011 bantur
648 2977 678 3011 a
707 2961 934 3014 Judmis.

2195 581 2507 646 lebrentur,
2543 579 2648 632 hoc
2675 580 2730 632 iu
2759 577 3100 632 Alexandria
3121 584 3175 632 et
3207 579 3387 632 Roma
3417 577 3669 648 quadam
3707 579 3896 648 prisca

2194 668 2499 721 traditione
2568 685 2684 720 non
2748 668 2985 721 faciunt.
3037 667 3281 736 rligyptii
3347 683 3479 720 vero
3527 667 3893 721 Alexandriae

2195 756 2386 821 vicini,
2436 763 2492 810 et
2536 756 2836 809 Thebaidis
2903 756 3265 818 habitatores,
3341 755 3582 809 Sabbato
3656 756 3893 825 quidem

2197 846 2459 898 collectas
2489 851 2688 914 agunt,
2723 845 2821 898 sed
2855 861 2971 897 non
3002 847 3147 896 sicut
3195 843 3370 896 moris
3418 851 3502 896 est
3536 851 3897 897 sacramenta

2197 932 2556 1002 percipiunt:
2592 948 2725 984 nam
2776 937 3080 1001 postquam
3128 931 3341 984 fuerint
3370 930 3606 1001 epulati,
3651 937 3706 983 et
3755 931 3898 983 cibis

2199 1021 2465 1074 omnibus
2513 1020 2830 1090 adimpleti,
2876 1021 3024 1073 circa
3065 1035 3361 1089 vesperam
3409 1019 3698 1072 oblatione
3749 1018 3899 1072 facta

2199 1110 2647 1163 communicant.
2681 1111 2896 1163 Rursus
2943 1114 3139 1162 autem
3192 1108 3251 1161 in
3298 1108 3641 1162 Alexandria
3691 1114 3900 1176 quarta

2201 1202 2257 1252 et
2285 1205 2441 1251 sexta
2482 1198 2623 1251 feria
2679 1197 2985 1267 Scriptura:
3036 1197 3328 1265 leguntur,
3382 1212 3591 1265 easque
3633 1196 3901 1249 doctores

2202 1287 2689 1356 interpretantur;
2749 1291 2805 1338 et
2863 1285 3057 1338 omnia
3107 1287 3253 1338 tiunt
3322 1291 3530 1355 praeter
3578 1286 3900 1337 solemnem

2203 1375 2473 1429 orationis
2505 1391 2748 1428 morem.
2785 1397 2810 1421 ››
2845 1375 2982 1427 Item
3031 1375 3215 1428 infra:
3250 1396 3275 1423 ‹‹
3310 1375 3369 1427 In
3411 1374 3607 1427 eadem
3655 1373 3903 1426 Alexan-

2204 1465 2326 1518 dria
2355 1466 2619 1527 lectores,
2663 1470 2717 1516 et
2748 1463 2951 1532 psalmi
2982 1462 3468 1532 pronuntiatores,
3500 1461 3907 1515 indifferenter

2203 1555 2370 1619 tiunt,
2417 1553 2532 1605 sive
2583 1550 2998 1617 catechumeni,
3061 1551 3178 1604 sive
3218 1552 3338 1619 jam
3387 1549 3717 1614 Christiani,
3763 1549 3904 1603 dum

2205 1659 2403 1695 omnes
2434 1641 2694 1694 Ecclesiie
2720 1641 2838 1710 jam
2880 1641 3077 1694 tideles
3116 1639 3174 1692 in
3206 1639 3294 1692 his
3341 1639 3643 1693 ordinibus
3687 1629 3904 1693 habere

2205 1731 2522 1784 videantur.
2562 1731 2677 1799 Ego
2723 1746 2953 1800 quoque
2993 1729 3235 1798 cognovi
3286 1729 3345 1781 in
3387 1730 3678 1783 Thessalia
3731 1729 3903 1782 aliam

2207 1818 2719 1872 consuetudinem:
2759 1817 2897 1871 dum
2947 1816 3181 1888 quidam
3233 1816 3471 1869 clericus
3514 1824 3645 1870 ante
3676 1817 3908 1870 clerica-

2207 1912 2332 1960 tum
2355 1907 2606 1976 legitime
2647 1905 2903 1959 duxisset
2947 1921 3204 1969 uxorem,
3247 1904 3382 1974 quia
3423 1921 3550 1957 cum
3583 1922 3651 1957 ea
3699 1905 3907 1958 mistus

2207 1996 2382 2050 fuerit
2419 2000 2546 2066 post
2573 1996 2922 2059 clericatum,
2947 1994 3238 2046 abdicatus
3260 1999 3344 2046 est
3368 2013 3382 2058 ;
3412 1993 3548 2046 dum
3581 1993 3641 2046 in
3669 1993 3906 2047 Oriente

2208 2083 2396 2137 cuncti
2431 2089 2743 2152 spontaneo
2779 2083 3085 2149 voluntate,
3109 2087 3163 2135 et
3184 2098 3301 2134 non
3332 2081 3519 2151 aliqua
3542 2083 3904 2143 necessitate,

2209 2173 2384 2226 etiam
2415 2172 2666 2242 episcopi
2714 2173 3049 2241 semetipsos
3093 2171 3438 2223 abstineant.
3475 2169 3717 2224 Plurimi
3750 2171 3906 2222 enim

2210 2278 2407 2315 eorum
2439 2261 2610 2314 etiam
2642 2260 3001 2329 episcopatus
3044 2265 3301 2328 tempore
3333 2275 3395 2311 ex
3440 2259 3698 2328 legitima
3730 2275 3907 2310 uxore

2209 2351 2381 2403 etiam
2413 2350 2559 2402 ﬁlios
2588 2349 2929 2402 habuerunt.
2966 2350 3078 2402 Hoc
3110 2364 3337 2418 quoque
3369 2348 3428 2401 in
3457 2348 3752 2402 Thessalia
3781 2363 3907 2400 ser-

2209 2439 2327 2491 vari
2357 2439 2614 2507 cognovi,
2664 2437 2937 2508 quoniam
2985 2438 3137 2506 apud
3178 2453 3275 2489 eos
3325 2436 3380 2489 in
3431 2437 3631 2490 diebus
3673 2437 3909 2490 Paschae

2209 2527 2605 2582 tantummodo
2655 2526 3020 2596 baptizatur:
3070 2530 3422 2595 quapropter
3481 2524 3718 2594 plurimi
3782 2525 3908 2577 sine

2209 2617 2547 2686 baptismate
2591 2616 2934 2668 moriuntur.
2970 2615 3031 2667 In
3085 2614 3386 2667 Antiochia
3417 2630 3549 2667 vero
3599 2613 3776 2683 Syriae
3821 2614 3908 2666 al-

2210 2713 2331 2760 tare
2362 2722 2475 2758 non
2518 2705 2588 2758 ad
2621 2704 2914 2758 Orientem
2965 2703 3243 2766 Ecclesiae,
3279 2703 3376 2756 sed
3427 2703 3610 2772 magis
3639 2703 3713 2755 ad
3747 2703 3910 2757 Occi-

2211 2796 2438 2849 dentem
2481 2795 2710 2848 habent.
2747 2795 2809 2848 ln
2859 2792 3110 2859 llellada,
3169 2791 3596 2861 Hierosolymis,
3644 2797 3701 2844 et
3739 2791 3912 2844 Thes-

2209 2883 2350 2936 salia
2379 2884 2448 2936 ad
2483 2887 2710 2951 tempus
2738 2881 3125 2950 vespertinum
3159 2880 3445 2933 orationes
3475 2880 3691 2932 similes
3724 2881 3910 2932 Nova-

2208 2972 2375 3025 tianis
2405 2970 2961 3039 Constantinopolim
2987 2969 3325 3040 degentibus
3357 2969 3586 3022 habent.
3622 2969 3684 3021 In
3718 2968 3909 3022 Caesa-

483 3048 558 3100 De
608 3047 763 3100 varia
813 3066 1044 3121 quoque
1103 3052 1479 3108 Ecclesiarum
1541 3055 1956 3109 consuetudine
2003 3055 2095 3108 So-
2141 3083 2180 3137 ρ
2213 3077 2304 3114 rea
2336 3058 2727 3129 Cappadociae,
2762 3064 2817 3111 et
2843 3059 3049 3128 Cypro,
3095 3057 3186 3111 die
3234 3057 3465 3111 Sabbati
3516 3061 3569 3110 et
3609 3057 3909 3110 Dominico

408 3143 589 3189 crates
620 3137 682 3189 in
729 3138 971 3193 Historia
1011 3141 1390 3196 ecclesiastica
1433 3145 1546 3214 (lib.
1602 3161 1657 3206 ν,
1703 3161 1822 3212 cap.
1883 3146 1974 3211 ‘21)
2023 3144 2102 3196 sic

409 3225 701 3294 loquitur:
733 3227 942 3290 «Quod
976 3246 1108 3283 vero
1141 3247 1208 3284 ex
1243 3235 1654 3286 consuetudine
1705 3234 1952 3304 quadam
2002 3252 2104 3303 per

407 3314 730 3382 provincias
791 3317 1109 3371 celebratur
1173 3321 1402 3385 Pascha,
1471 3322 1602 3374 hinc
1665 3323 1885 3375 aestimo
1951 3325 2103 3394 quod

411 3403 568 3454 nulla
603 3402 804 3470 religio
845 3406 1070 3457 easdem
1119 3407 1378 3460 videatur
1424 3427 1648 3463 servare
1693 3411 2099 3464 solemnitates.

416 3489 553 3540 Nam
585 3506 712 3540 cum
750 3491 918 3543 unius
949 3492 1062 3544 sint
1091 3494 1246 3560 tidei,
1280 3497 1529 3564 plurima
1561 3503 1750 3549 tamen
1791 3499 2107 3567 disponunt

413 3575 558 3627 circa
599 3577 814 3629 Pascha
869 3579 1160 3648 legitima;
1232 3585 1382 3636 unde
1432 3601 1613 3654 pauca
1663 3586 1901 3638 dicenda
1951 3593 2099 3639 sunt.

415 3664 555 3716 Nam
587 3664 646 3716 in
676 3665 814 3734 ipsis
844 3668 1079 3737 jejuniis
1104 3670 1268 3724 aliter
1298 3674 1446 3741 apud
1480 3675 1623 3727 alios
1658 3675 1878 3728 invenis
1917 3675 2108 3729 obser-

410 3752 568 3806 vari:
621 3754 862 3809 Romani
910 3759 1064 3811 enim
1131 3776 1225 3812 sex
1276 3768 1406 3814 ante
1473 3763 1684 3815 Pascha
1734 3764 2100 3833 septimanas,

409 3848 618 3911 praeter
661 3845 1033 3912 Dominicam,
1067 3850 1172 3902 sub
1193 3850 1624 3903 continuatione
1651 3854 1936 3922 jejunant.
1972 3855 2104 3924 Illy-

409 3932 510 3984 rici
541 3949 672 3988 vero
720 3942 777 3989 et
814 3941 928 3990 tota
966 3939 1167 4004 llellas,
1219 3940 1561 3992 Alexandria
1593 3958 1821 4010 quoque
1853 3949 1982 3996 ante
2009 3959 2103 3996 sex

410 4023 757 4089 septimanas
779 4025 1085 4093 jejunaut;
1139 4043 1318 4096 eaque
1343 4028 1567 4097 jejunia
1597 4029 2104 4098 Quadragesimam

408 4117 632 4164 vocant.
679 4113 793 4165 Alii
842 4129 974 4165 vero
1039 4122 1166 4167 ante
1226 4123 1442 4184 septem
1505 4118 1716 4170 Pascha
1759 4119 2105 4188 septimanas

403 4198 760 4265 jejuniorum
794 4201 978 4254 facere
1010 4209 1320 4256 nascuntur
1351 4205 1531 4258 initia.
1567 4228 1593 4254 ››
1632 4207 1694 4260 Et
1730 4213 1860 4276 post
1885 4224 2100 4276 pauca:

331 4349 336 4352 _
413 4305 439 4330 ‹‹
471 4285 578 4338 Sed
622 4287 793 4340 etiam
842 4290 1097 4344 ciborum
1129 4291 1532 4346 abstinentiam
1582 4311 1697 4346 non
1737 4294 1982 4348 similem
2011 4296 2105 4348 ha-

409 4372 581 4424 bent:
617 4390 746 4427 nam
781 4377 876 4427 alii
923 4379 1156 4431 omnino
1205 4384 1276 4432 ab
1327 4382 1590 4434 animatis
1633 4383 1975 4449 obserVant;
2008 4385 2100 4437 alii

408 4460 790 4516 animantium
840 4466 1022 4535 pisces
1074 4469 1431 4524 solummodo
1479 4473 1821 4537 comedunt;
1868 4472 2102 4542 quidam

409 4564 536 4600 cum
570 4551 821 4618 piscibus
870 4563 1173 4610 vescuntur
1217 4564 1271 4611 et
1301 4561 1644 4624 volatilibus,
1687 4562 1939 4614 dicentes
1984 4561 2102 4614 haec

408 4636 720 4689 secundum
760 4640 986 4710 Moysen
1021 4659 1084 4696 ex
1117 4661 1262 4714 aqua
1306 4645 1518 4701 habere
1557 4649 1930 4701 substantiam
1959 4667 1973 4714 ;
2007 4650 2102 4701 alii

409 4738 541 4776 vero
591 4725 761 4779 etiam
805 4729 1062 4783 caulibus
1111 4737 1166 4786 et
1226 4737 1344 4788 ovis
1409 4737 1690 4791 abstinere
1746 4745 2098 4792 noscuntur:

406 4812 638 4881 quidam
679 4815 826 4869 sicco
872 4824 1095 4873 tantum
1157 4838 1303 4891 pane
1352 4830 1700 4894 vescuntur;
1769 4826 1867 4880 alii
1913 4843 2100 4895 neque

407 4899 547 4951 hos:
613 4900 711 4953 alii
785 4919 965 4973 usque
1031 4921 1242 4959 nonam
1291 4909 1622 4978 jejunantes
1698 4913 1918 4978 horam,
1978 4914 2100 4964 sine

405 4988 748 5043 discretione
807 4991 1064 5046 ciborum
1122 4995 1479 5051 reticiuntur.
1541 5001 1605 5052 Et
1652 4999 2100 5053 innumerabiles

406 5080 851 5133 consuetudines
893 5083 1045 5150 apud
1108 5084 1362 5138 diversos
1419 5087 1807 5141 inveniuntur.
1863 5090 1927 5142 Et
1966 5089 2098 5158 quia

405 5167 564 5221 nulla
604 5167 770 5222 lectio
797 5186 863 5222 ex
905 5169 1008 5223 hoc
1056 5171 1348 5225 invenitur
1381 5178 1638 5245 antiqua,
1688 5183 1827 5245 puto
1877 5183 2100 5247 aposto-

406 5256 489 5304 los
527 5253 886 5323 singulorum
936 5257 1042 5310 hoc
1088 5257 1385 5327 reliquisse
1439 5262 1759 5328 sententiae,
1816 5267 1880 5317 ut
1927 5279 2097 5316 unus-

408 5341 648 5410 quisque
676 5351 948 5413 operetur
995 5361 1110 5398 non
1157 5347 1382 5416 timore,
1409 5365 1523 5402 non
1556 5354 1912 5418 necessitate,
1943 5354 2097 5423 quod

405 5429 617 5481 bonum
669 5439 774 5486 est.
823 5434 930 5487 Sed
979 5435 1151 5488 etiam
1196 5435 1343 5488 circa
1395 5437 1782 5492 celebritatem
1839 5441 2098 5495 collecta-

403 5530 533 5568 rum
583 5521 847 5586 quaedam
897 5523 1195 5578 diversitas
1262 5525 1567 5579 invenitur.
1621 5527 1760 5580 Nam
1800 5529 1936 5582 dum
1991 5546 2097 5599 per

405 5602 675 5656 Ecclesias
706 5607 765 5659 in
801 5610 1062 5665 universo
1108 5617 1388 5667 terrarum
1441 5616 1576 5668 orbe
1611 5617 1965 5683 constitutas,
2002 5619 2094 5672 die

2210 3151 2357 3203 circa
2401 3163 2696 3217 vesperam
2727 3163 2854 3200 cum
2898 3146 3231 3200 lucernariis
3267 3144 3519 3216 episcopi
3560 3151 3736 3215 atque
3782 3162 3910 3214 pre-

2213 3237 2419 3308 sbyteri
2449 3235 2769 3306 Scripturas
2817 3235 3278 3304 interpretantur.
3311 3235 3370 3286 In
3407 3234 3748 3288 Alexandria
3783 3250 3909 3302 pre-

2213 3327 2407 3395 sbyter
2452 3342 2566 3378 non
2617 3323 2750 3377 facit
2818 3339 3181 3389 sermonem;
3253 3327 3311 3375 et
3354 3322 3475 3376 haec
3531 3339 3620 3375 res
3675 3322 3909 3375 initium

2212 3414 2426 3482 accepit
2464 3429 2529 3467 ex
2571 3428 2683 3482 quo
2716 3411 2880 3464 Arius
2921 3410 3228 3463 Ecclesiam
3273 3411 3654 3463 conturbavit.
3709 3411 3908 3464 Romae

2214 3501 2455 3553 Sahbata
2493 3501 2755 3553 universa
2795 3499 3079 3568 jejunant.
3123 3500 3184 3552 In
3233 3500 3487 3553 Caesarea
3531 3499 3911 3567 Cappadocia:

2213 3605 2310 3640 eos
2338 3588 2434 3657 qui
2490 3594 2621 3656 post
2668 3588 2950 3656 baptisma
3007 3587 3370 3657 delinquunt,
3417 3605 3450 3640 a
3495 3588 3911 3640 communione

2213 3677 2584 3746 suspendunt.
2621 3675 2919 3730 Novatiani
2967 3677 3113 3728 circa
3163 3675 3466 3746 Phrygiam
3498 3675 3746 3728 binubos
3796 3692 3914 3729 non

2215 3765 2515 3834 recipiunt.
2552 3764 3102 3834 Constantinopolim
3139 3781 3292 3830 vero,
3321 3781 3506 3834 neque
3533 3771 3733 3833 aperte
3767 3766 3910 3818 reci-

2214 3854 2400 3923 piunt,
2451 3869 2636 3922 neque
2683 3854 2868 3922 palam
2915 3868 3212 3904 removere
3258 3859 3606 3906 noscuntur:
3642 3853 3704 3905 in
3756 3853 3916 3906 occi-

2213 3942 2540 3995 dentalibus
2566 3957 2698 3993 vero
2731 3940 2986 4009 partibus
3018 3946 3210 4010 aperte
3242 3941 3543 4009 recipiunt,
3572 3963 3593 3988 ι

2287 4032 2540 4101 Longum
2572 4029 2670 4082 ﬁet
2699 4028 2744 4082 si
2794 4035 2997 4082 cuncta
3043 4030 3386 4083 voluerimus
3437 4031 3732 4099 colligere,
3778 4050 3916 4102 quae

2213 4135 2315 4185 per
2344 4118 2614 4171 Erclesias
2652 4123 2770 4170 toto
2822 4118 2958 4171 orbe
3007 4118 3305 4188 dispositas
3357 4119 3654 4188 multiplex
3717 4122 3914 4174 varie-

2215 4211 2296 4260 tas
2327 4207 2624 4260 observare
2673 4207 3047 4274 dignoscitur,
3097 4208 3181 4259 vel
3235 4207 3550 4276 antiquitus
3579 4207 3917 4262 observasse

2213 4295 2682 4365 deprehenditur.
2733 4295 2841 4348 Sed
2898 4295 3140 4348 sufﬁciat
3185 4295 3293 4348 ista
3342 4295 3588 4348 breviter
3618 4313 3688 4348 ex
3739 4299 3918 4350 unius

2145 4381 2184 4434 D
2214 4384 2503 4454 scriptoris
2549 4383 2787 4437 historia
2835 4384 3149 4453 collegisse.
3202 4392 3258 4436 et
3307 4383 3412 4437 hoc
3459 4385 3673 4437 Grzrci:
3719 4393 3919 4455 quate-

2216 4490 2320 4526 nus
2353 4473 2730 4542 imperatores
2763 4472 3089 4541 intelligant
3117 4473 3445 4526 Gragcorum
3474 4489 3648 4542 quam
3675 4473 3915 4543 injuste,

2214 4578 2385 4630 quam
2435 4548 2717 4629 'imperite
2776 4561 3064 4613 Romanos
3120 4561 3484 4630 redarguunt,
3555 4563 3715 4630 quod
3780 4579 3916 4615 suas

2212 4649 2651 4703 consuetudines
2692 4664 2796 4717 per
2859 4648 3053 4700 omnia
3115 4664 3232 4700 non
3301 4649 3628 4700 observent.
3692 4649 3916 4719 Cogant

2211 4755 2348 4806 ergo
2415 4737 2744 4790 universum
2811 4735 3186 4789 Ecclesiarum
3255 4737 3462 4790 Christi
3530 4753 3740 4806 corpus
3787 4744 3913 4791 toto

2209 4827 2343 4878 orbe
2377 4825 2643 4878 ditl'usum
2693 4825 2750 4876 in
2808 4841 3041 4877 suarum
3091 4825 3244 4893 leges
3299 4826 3808 4893 Consuetudiuum,
3859 4834 3918 4880 et

2211 4919 2330 4966 tum
2355 4913 2400 4965 si
2449 4914 2640 4965 valent
2675 4913 2961 4965 Romanos
3005 4913 3320 4981 dijudicent
3357 4930 3529 4982 super
3571 4930 3690 4966 suae
3723 4916 3912 4969 varie-

2209 5006 2322 5054 tate
2374 5001 2702 5070 religionis,
2753 5001 2908 5072 quod
2946 5018 2979 5054 a
3010 5001 3652 5072 Constantinopolitana
3695 5004 3914 5058 diversi

2209 5091 2509 5143 videantur
2548 5091 2748 5144 haberi
2797 5091 3233 5144 consuetudine.
3283 5097 3369 5144 An
3417 5102 3570 5144 certe
3618 5093 3911 5146 doctiores

2207 5184 2340 5232 sunt
2370 5179 2660 5249 apostolis,
2693 5185 2792 5232 aut
2840 5195 2907 5232 ex
2959 5179 3326 5248 antiquorum
3371 5179 3613 5234 lectione
3662 5190 3912 5249 possunt

2207 5268 2506 5321 ostendere
2535 5283 2696 5320 suam
2729 5267 3013 5337 potiorem
3055 5269 3174 5320 fore
3224 5268 3480 5321 Romana
3523 5271 3910 5324 consuetudi-

2204 5355 2382 5408 nem?
2439 5355 2944 5424 Historiographus
2997 5355 3284 5425 siquidem
3354 5357 3585 5410 illorum
3634 5363 3905 5427 testatur,

2205 5443 2562 5512 singulorum
2597 5443 2703 5496 hoc
2733 5442 3033 5512 reliquisse
3064 5443 3364 5498 sententia:
3395 5452 3620 5500 sanctos
3661 5455 3908 5517 aposto-

2203 5531 2311 5597 los,
2376 5536 2438 5583 ut
2481 5531 2873 5601 unusquisque
2924 5547 3039 5585 non
3090 5532 3316 5599 timore,
3384 5550 3498 5586 non
3537 5536 3902 5600 necessitate,

2205 5618 2352 5688 quod
2387 5619 2601 5671 bonum
2635 5624 2717 5671 est
2748 5628 3052 5688 operetur;
3086 5622 3179 5673 sed
3219 5622 3395 5686 magis
3431 5624 3675 5692 propriae
3706 5625 3905 5677 volun-
