4130 6184
201 340 303 389 309

1212 334 1481 390 CONTRA
1525 335 1925 393 GltzECOHUM
1968 340 2322 398 OPPOSlTA.
2358 372 2420 380 —
2454 344 2579 397 LIB.
2617 342 2703 396 ιν.

3604 343 3727 403 310

202 473 334 527 tatis
363 472 602 541 judicio.
638 470 933 541 Siquidem
975 486 1104 524 cum
1148 470 1261 524 sint
1299 471 1467 525 unius
1500 489 1698 526 omnes
1741 474 1893 541 ﬁdei,
1936 479 1981 528 A
2015 476 2227 530 tiantur
2261 477 2637 545 imperatores
2669 479 3019 545 Grmcorum,
3062 480 3214 550 quod
3262 481 3321 534 in
3372 486 3491 535 toto
3530 485 3705 537 susti-

201 562 425 615 diversa
468 567 661 612 tamen
706 560 1017 628 disponunt
1046 566 1160 612 tam
1192 560 1341 613 circa
1372 562 1581 614 Pascha
1622 562 1900 632 legitima,

202 667 375 720 quam
426 650 572 702 circa
616 649 971 717 jejuniorum
1026 649 1466 714 observationes,
1518 650 1645 701 aliis
1690 652 1901 719 plures,

202 740 326 792 aliis
378 740 675 809 pauciores
716 736 1071 807 jejuniorum
1122 738 1244 790 dies
1302 739 1740 790 celebrantibus.
1792 739 1903 791 Nec

202 828 325 895 ipsa
349 826 574 896 jejunia
606 842 703 877 sua
758 826 842 878 vel
874 841 1153 887 escarum,
1198 828 1280 876 vel
1327 826 1600 894 temporis
1632 825 1901 878 similitu-

201 916 357 975 dine.
406 916 491 967 vel
518 914 843 984 aequalitate
874 913 1392 983 frequentantibus,
1427 930 1616 966 verum
1650 914 1903 983 singulos

202 1005 285 1056 vel
317 1004 633 1073 provinciae
679 1018 814 1067 sure,
870 1003 954 1053 vel
1002 1002 1286 1069 majorum
1338 1002 1769 1066 consuetudine,
1814 1004 1902 1055 vel

201 1107 509 1161 corporum
544 1090 778 1154 viribus,
812 1090 930 1143 fore
963 1094 1280 1142 contentos.
1317 1090 1610 1151 Collectas,
1645 1107 1898 1161 quoque,

202 1182 257 1234 id
292 1187 381 1235 est
422 1187 735 1233 conventus
780 1179 998 1249 populi,
1052 1195 1152 1231 nec
1199 1178 1400 1231 eodem
1456 1185 1736 1248 tempore,
1799 1197 1903 1233 nec

202 1286 317 1322 uno
357 1285 516 1321 more
547 1285 745 1320 omnes
796 1272 993 1319 tenent
1049 1267 1357 1320 Ecclesiae:
1409 1268 1689 1337 siquidem
1736 1269 1903 1321 aliter

200 1357 569 1409 Alexandrini
619 1360 673 1408 et
709 1356 981 1419 Romani;
1032 1356 1194 1408 aliter
1238 1355 1490 1424 :Egyptii
1537 1362 1709 1425 atque
1755 1358 1899 1409 Thc-

201 1445 336 1497 baui
368 1461 461 1495 eas
502 1444 833 1495 celebrant:
878 1460 1009 1495 nam
1060 1461 1165 1495 nec
1215 1443 1457 1496 Romani
1496 1460 1596 1496 nec
1656 1446 1901 1496 Αιυχάη-

199 1534 352 1585 drini
405 1533 497 1585 die
558 1533 800 1585 Sabhato
849 1538 1156 1584 conventus
1221 1532 1457 1596 faciunt,
1509 1532 1659 1602 quod
1720 1535 1901 1585 facere

198 1620 650 1689 Comprobantu‘r
696 1621 754 1672 in
790 1620 1053 1672 universo
1084 1619 1313 1673 Oriente
1357 1620 1566 1675 Christi
1617 1621 1899 1688 Ecclesiae,

198 1715 255 1762 et
311 1710 562 1780 .Egyptii
622 1709 855 1779 quidem
914 1709 1029 1761 sive
1087 1708 1394 1761 Tliebaidze
1452 1716 1895 1767 commorantes.

200 1815 538 1869 quanquam
596 1804 926 1866 conventus,
972 1798 1027 1850 id
1079 1805 1162 1851 est
1209 1799 1487 1865 collectas,
1538 1798 1748 1852 faciant
1809 1801 1899 1853 die

197 1885 473 1950 Sahbato,
508 1903 620 1939 non
664 1892 858 1940 tamen
888 1892 1242 1939 sacramenta
1282 1888 1536 1956 corporis
1566 1894 1620 1940 et
1658 1887 1898 1957 sangui-

196 1974 288 2025 nis
337 1974 547 2028 Christi
597 1975 1118 2045 accipiuntjejuni,
1173 1976 1270 2028 sed
1319 1976 1389 2028 ad
1424 1992 1718 2044 vesperam
1773 1982 1900 2045 post

196 2062 460 2114 ciborum
488 2063 867 2132 repletionem
898 2070 1097 2116 contra
1125 2063 1299 2115 totius
1331 2064 1482 2115 orbis
1523 2065 1898 2115 consuetudi—

198 2166 351 2203 nem.
414 2152 649 2204 Addunt
699 2152 871 2205 etiam
919 2169 1035 2205 sure
1085 2152 1486 2204 Consuetudini
1527 2152 1898 2205 Alexandrini

196 2246 464 2308 quartam
498 2248 553 2292 et
581 2247 795 2293 sextam
828 2240 1049 2307 feriam,
1086 2241 1294 2310 quibus
1321 2241 1553 2309 quidem
1584 2247 1899 2293 conventus

196 2329 416 2380 faciunt
467 2329 791 2397 Scripturas
847 2347 1034 2382 sacras
1090 2331 1363 2398 legentes,
1423 2331 1748 2383 doctoribus
1805 2348 1899 2382 eas

196 2418 732 2486 interpretantibus,
790 2434 903 2471 non
961 2425 1155 2470 tamen
1222 2420 1534 2471 solemnem
1594 2418 1899 2471 oblationis

198 2522 423 2557 morem
454 2522 510 2557 in
562 2505 649 2557 his
679 2506 880 2559 diebus
927 2510 1138 2574 agunt;
1171 2522 1272 2558 nec
1311 2512 1499 2558 tamen
1534 2514 1765 2576 propter
1794 2508 1900 2560 ista

193 2612 227 2645 a
260 2594 485 2646 caeteris
537 2594 909 2647 orientalibus
969 2595 1228 2647 Ecclesiis
1275 2596 1822 2661 excommunicatur,
1867 2614 1899 2649 a

195 2684 413 2752 quibus
442 2700 565 2735 esse
597 2683 805 2735 diversi
857 2682 1145 2736 videntur.
1179 2682 1465 2735 Thessalia
1498 2700 1728 2753 quoque
1767 2700 1894 2736 cum

195 2772 438 2823 diversa:
490 2772 563 2823 sit
615 2771 1042 2824 consuetudinis
1106 2788 1139 2823 a
1207 2771 1428 2823 czeteris
1480 2772 1893 2824 orientalibus:

194 2876 332 2912 nam
381 2865 509 2928 post
571 2860 867 2912 clericatus
928 2859 1373 2928 susceptionem,
1429 2876 1542 2913 non
1601 2861 1899 2930 patiuntur

191 2949 473 3017 aliquem,
530 2949 673 3001 sicut
720 2948 1215 3017 historiographus
1269 2948 1365 3000 ille
1426 2953 1682 3013 testatur,
1726 2950 1896 3001 etiam

2016 572 2110 617 net
2140 566 2276 619 orbe
2311 565 2644 617 universalis
2677 566 2936 631 Ecclesia,
2973 573 3029 620 et
3061 569 3233 622 velint
3263 587 3293 621 a
3342 586 3443 623 sua
3473 588 3705 625 consue-

2012 653 2210 706 tudine
2269 670 2371 706 nec
2432 654 2738 719 Romanos,
2786 666 2886 707 nec
2944 657 3313 710 occidentales
3364 658 3702 729 discrepare,

2013 742 2482 812 quandoquidem
2508 742 2823 795 Orientales
2862 744 3197 797 multimoda
3229 754 3565 813 separentur
3610 765 3705 801 va-

2014 829 2229 884 rietate.
2286 832 2412 884 Haec
2461 831 2584 899 ipsa
2624 830 3146 899 Constantinopolis
3187 834 3357 885 unius
3405 842 3705 890 consuetu-

2013 918 2162 970 dinis
2181 924 2265 971 est
2301 935 2456 971 more
2478 918 2785 972 contenta?

2083 1008 2287 1059 Parum
2321 1014 2403 1060 est
2451 1008 2520 1060 de
2565 1007 2976 1060 consuetudine
3021 1008 3377 1062 credentium
3426 1010 3485 1063 in
3536 1012 3703 1065 Chri-

2012 1100 2163 1147 stum
2194 1095 2409 1147 diversa
2454 1096 2681 1159 dixisse,
2742 1096 2787 1148 si
2826 1113 2939 1147 non
2970 1096 3139 1148 etiam
3170 1096 3498 1150 Iudaeorum
3550 1101 3701 1168 quod

2012 1200 2125 1236 non
2168 1184 2339 1236 fuerit
2388 1185 2691 1237 uniformis
2750 1184 3047 1253 religionis
3105 1186 3428 1239 observatio
3462 1187 3702 1240 demon-

2011 1277 2276 1325 stremus.
2321 1273 2590 1335 Quamvis
2637 1273 2788 1325 enim
2844 1273 2943 1325 uni
2994 1274 3106 1325 Deo
3138 1275 3419 1327 culturam
3454 1275 3702 1328 debitam

2009 1360 2363 1424 exhiberent,
2416 1367 2471 1412 et
2527 1361 2777 1413 Mosaicae
2816 1359 2957 1427 legis
2990 1361 3288 1429 praeceptis
3337 1364 3703 1415 contineren-

2009 1453 2121 1509 tur,
2156 1449 2303 1500 circa
2343 1455 2535 1500 tamen
2560 1448 3299 1513 vivendiconsuetudinem,
3335 1466 3700 1519 morumque,

2009 1536 2238 1606 regulas
2272 1553 2388 1589 non
2430 1536 2789 1589 uniformiter
2844 1537 3182 1605 agebantur,
3238 1538 3385 1591 sicut
3414 1540 3697 1608 JOseplius

2009 1624 2504 1693 historiograplius
2559 1624 2787 1677 illorum
2866 1625 2953 1677 his
3030 1626 3217 1677 verbis
3295 1634 3706 1680 commemorat

2010 1713 2126 1781 (lib.
2161 1729 2312 1777 xvui,
2364 1728 2483 1780 cap.
2518 1714 2571 1776 2,
2622 1714 2769 1781 init.)
2803 1729 2816 1765 :
2854 1734 2880 1761 ‹‹
2927 1712 3158 1771 Iudaeis,
3206 1713 3416 1783 inquit,
3454 1714 3705 1783 philoso-

2010 1801 2161 1870 phias
2190 1807 2301 1854 tres
2328 1808 2489 1853 erant
2518 1802 2587 1853 ab
2618 1801 2778 1854 initio
2827 1801 3099 1853 institutis
3131 1802 3329 1870 patriis
3373 1802 3658 1855 derelictae
3684 1818 3697 1854 :

2008 1891 2365 1954 Essenorum,
2423 1889 2885 1950 Sadduczeorum,
2953 1896 3014 1942 et
3074 1892 3243 1943 tertia
3298 1890 3697 1960 quaphiloso-

2008 1978 2332 2047 pnahantur
2370 1977 2470 2047 qui
2501 1978 2836 2030 dicebautur
2889 1978 3180 2031 Phariszei.
3235 1979 3507 2031 Pliariszei
3540 1978 3695 2031 enim

2007 2066 2404 2135 quotidianam
2458 2068 2943 2118 conversationem
3008 2066 3269 2133 exiguam
3333 2067 3567 2128 habent,
3647 2072 3702 2118 et

2008 2171 2240 2224 prorsus
2292 2154 2599 2223 ahjectam;
2651 2155 2795 2206 nihil
2842 2155 3186 2208 mollitudini
3215 2169 3237 2196 a
3278 2161 3376 2206 aut
3427 2155 3700 2207 delicatu-

2008 2243 2126 2296 dini
2160 2244 2389 2312 penitus
2422 2243 2806 2311 indulgentes,
2830 2244 2924 2296 sed
2960 2260 3316 2313 quaecunque
3352 2243 3569 2312 judicio
3608 2259 3701 2295 ra-

2007 2333 2184 2385 tionis
2217 2338 2480 2401 oportere
2508 2336 2798 2401 comperta
2831 2338 2979 2395 sunt,
3036 2333 3131 2384 illa
3164 2338 3502 2400 sequuntur.
3559 2333 3702 2384 Prae-

2008 2421 2206 2490 positis
2231 2421 2387 2473 nullo
2433 2421 2603 2472 modo
2649 2422 3032 2485 reluctantur;
3076 2422 3316 2488 majores
3358 2428 3494 2473 natu
3542 2436 3700 2472 com-

2008 2509 2223 2579 petenti
2278 2510 2493 2563 honore
2545 2513 2908 2574 venerantur,
2970 2507 3049 2560 ita
3104 2514 3298 2560 utnec
3345 2508 3698 2560 contrarium

2006 2598 2280 2668 quiddam
2329 2597 2635 2667 aliquando
2686 2596 3081 2665 respondeant.
3144 2597 3277 2649 Fato
3327 2596 3449 2664 geri
3507 2596 3698 2648 omnia

2006 2687 2278 2750 credunt;
2312 2687 2407 2739 sed
2431 2702 2616 2755 neque
2648 2686 2894 2737 liberum
2926 2684 3225 2736 arbitrium
3254 2683 3504 2736 hominis
3535 2683 3698 2735 aufe-

2006 2780 2156 2828 runt.
2189 2774 2470 2828 Judicium
2502 2772 2600 2825 Dei
2632 2773 2887 2825 futurum
2914 2777 3060 2824 esset
3087 2772 3380 2837 sentiunt;
3416 2772 3532 2823 illic
3562 2787 3699 2822 cun-

2005 2868 2125 2916 ctos
2150 2863 2413 2916 homines
2452 2861 2681 2930 propria
2705 2861 2912 2914 merita
2944 2866 3297 2929 recepturos,
3331 2866 3445 2911 tam
3474 2876 3571 2911 eos
3600 2858 3698 2928 qui

2006 2951 2315 3004 secundum
2358 2950 2625 3001 virtutem
2662 2949 2925 3013 vixerint,
2962 2949 3281 3018 quamillos
3312 2949 3409 3016 qui
3444 2946 3699 3016 nequitia

192 3038 490 3106 propriam
544 3053 716 3106 quam
775 3043 906 3089 ante
954 3038 1283 3089 clericatum
1332 3037 1585 3106 legitime
1636 3037 1893 3103 duxerat,
1936 3067 1972 3119 C
2009 3039 2301 3107 depravati
2329 3042 2477 3091 sunt.
2538 3036 2776 3090 Animas
2832 3044 3026 3089 autem
3072 3037 3423 3089 immortales
3466 3036 3697 3099 dicunt;

192 3142 546 3193 cognoscere
584 3141 842 3188 uxorem,
877 3124 1024 3194 quod
1078 3124 1123 3176 si
1154 3124 1370 3185 fecerit,
1412 3125 1729 3177 ministerio
1773 3126 1897 3194 pri-

192 3224 362 3265 vatur
392 3230 523 3265 cum
552 3230 655 3282 per
683 3220 914 3265 caeteras
956 3212 1203 3265 Orientis
1255 3213 1524 3265 Ecclesias
1575 3214 1764 3265 nullus
1796 3214 1899 3265 hac

191 3305 321 3371 lege
353 3304 801 3369 constringatur,
844 3317 1038 3352 verum
1082 3299 1316 3369 proprio
1356 3301 1711 3368 relinquatur
1741 3300 1901 3368 judi-

190 3394 281 3443 cio
314 3407 551 3460 suasque
581 3389 891 3442 voluntatis
921 3390 1177 3454 arbitrio,
1226 3396 1289 3441 ut
1322 3406 1435 3441 non
1466 3390 1651 3441 solum
1693 3389 1897 3457 reliqui

191 3481 408 3541 gradus
460 3479 846 3542 ecclesiastici,
909 3494 1105 3530 verum
1156 3478 1472 3545 presbyteri
1532 3483 1588 3530 et
1648 3477 1897 3547 episcopi

193 3570 459 3637 proprias
493 3585 636 3637 quas
685 3573 813 3619 ante
854 3566 1277 3619 ordinationem
1326 3566 1611 3634 legitimas
1645 3566 1896 3619 habuere

195 3673 426 3721 uxores,
467 3656 514 3708 si
556 3656 755 3720 velint,
788 3657 1102 3719 retineant;
1153 3670 1269 3707 non
1325 3660 1519 3706 tamen
1567 3654 1736 3707 liceat.
1782 3671 1897 3707 non

193 3746 544 3798 habentibus
590 3745 818 3809 ducere,
869 3760 972 3797 nec
1016 3744 1300 3813 prioribus
1342 3742 1623 3795 defunctis
1653 3744 1897 3797 secunda

191 3833 389 3885 sortiri
451 3831 840 3884 matrimonia.
906 3833 1015 3885 Nec
1074 3838 1271 3884 tamen
1331 3832 1452 3884 haec
1505 3831 1798 3883 diversitas
1863 3848 1896 3883 a

190 3920 610 3973 communione
653 3936 999 3989 quemquam
1042 3924 1322 3988 segregat,
1382 3935 1510 3971 cum
1547 3919 1895 3972 consuetudo

188 4010 500 4061 discernat.
547 4008 611 4059 1n
660 4007 1011 4075 baptismatis
1044 4023 1271 4076 quoque
1304 4011 1562 4075 tempore
1610 4005 1897 4059 diversita-

191 4104 313 4150 tem
380 4096 905 4150 Thessalonicensis
986 4096 1229 4148 Ecclesia
1307 4095 1458 4163 gerit
1541 4112 1572 4147 a
1644 4094 1891 4159 caeteris;

189 4185 673 4255 quandoquidem
751 4184 807 4235 in
872 4184 1073 4236 Pascha
1150 4182 1554 4235 tantummodo
1624 4181 1892 4249 baptizat,

187 4292 327 4327 cum
361 4275 479 4326 duo
514 4274 626 4324 sint
674 4278 932 4340 tempora
984 4273 1265 4337 majorum
1316 4272 1655 4322 auctoritate
1700 4270 1895 4339 bapti-

185 4364 365 4415 smati
400 4363 649 4427 decreta,
684 4362 909 4413 Pascha:
937 4360 1193 4411 videlicet
1233 4365 1285 4410 et
1308 4360 1680 4410 Pentecostes.

261 4452 416 4514 Quid
470 4449 787 4503 Antiochiae
847 4449 1022 4517 Syriae
1073 4464 1413 4511 memorem,
1475 4446 1565 4498 cui
1623 4462 1743 4498 mos
1812 4453 1897 4498 est

186 4543 377 4593 altare
411 4555 524 4590 non
580 4539 650 4589 ad
683 4540 961 4589 orientem
1016 4536 1296 4601 Ecclesiae,
1333 4536 1431 4587 sed
1472 4536 1652 4604 magis
1698 4535 1766 4587 ad
1804 4552 1893 4587 oc-

184 4630 483 4681 cidentem
518 4627 767 4679 habere?
824 4625 1491 4694 Constantinopolitanos
1533 4623 1683 4675 idem
1727 4623 1896 4675 histo-

182 4717 551 4786 riographus
601 4715 791 4779 refert,
847 4716 905 4766 in
956 4714 1285 4781 recipiendo
1336 4714 1423 4764 vel
1476 4712 1785 4778 rejiciendo
1816 4712 1895 4764 bi-

184 4807 386 4858 nuhos
414 4821 528 4856 non
572 4804 723 4855 idem
772 4803 1008 4863 sentire,
1062 4802 1159 4855 sed
1221 4819 1342 4853 esse
1388 4801 1619 4867 divisos,
1669 4801 1899 4869 quibus-

182 4895 324 4945 dam
399 4892 779 4945 sentientibus
836 4906 1031 4942 eorum
1091 4890 1501 4957 receptioncm,
1552 4888 1896 4959 quibusdam

182 4979 676 5034 dissentientibus
706 4984 896 5030 ratum
939 4994 1061 5030 esse
1096 4994 1109 5030 :
1140 4994 1268 5030 cum
1302 4977 1668 5031 occidentalis
1711 4977 1898 5031 omnis

185 5071 446 5124 Ecclesia
477 5068 598 5120 sine
640 5067 1084 5120 contradictione
1116 5069 1307 5136 palam
1354 5068 1629 5136 recipiat;
1679 5082 1781 5119 nec
1820 5072 1898 5119 ta-

182 5176 329 5211 men
367 5158 447 5209 sic
487 5157 641 5209 inter
693 5172 751 5208 se
788 5156 1203 5209 consuetudine
1250 5155 1438 5220 divisi,
1477 5155 1896 5208 communionis

185 5248 418 5299 unitate
490 5251 848 5313 separantur.
915 5245 1098 5312 Rogo,
1152 5259 1279 5313 quae
1331 5244 1405 5299 sit
1436 5242 1543 5296 ista
1600 5244 1897 5312 sapientia,

184 5336 274 5387 vel
308 5349 491 5386 saeue
522 5333 679 5386 zelus
710 5332 1021 5401 religionis,
1068 5336 1132 5383 ut
1160 5331 1305 5383 circa
1338 5331 1624 5383 Romanos
1654 5347 1770 5383 non
1800 5348 1900 5400 pa-

257 5543 283 5569 a
351 5527 503 5581 Nihil
578 5525 932 5578 mollitudini.
1013 5526 1101 5579 Sic
1174 5523 1500 5577 emendavit
1569 5523 1898 5589 Cotelerius,

188 5615 379 5668 quem
446 5598 745 5649 consulere
816 5602 981 5665 potes
1048 5600 1204 5648 tomo
1272 5596 1291 5647 Ι
1347 5595 1699 5647 Monumcnt.
1758 5595 1896 5645 liccl.

2006 3128 2103 3180 sed
2137 3127 2306 3179 etiam
2358 3127 2415 3177 in
2450 3125 2673 3177 inferno
2721 3141 2974 3192 congrua
3013 3124 3324 3193 unicuique
3375 3124 3699 3176 habitacula

2008 3230 2111 3283 pro
2144 3215 2347 3267 merito
2380 3214 2465 3265 vel
2494 3212 2719 3265 virtutis
2778 3215 2863 3264 vel
2912 3211 3233 3281 iniquitatis
3266 3210 3520 3273 attribui,
3554 3210 3699 3263 sicut

2009 3302 2318 3371 unicuique
2365 3300 2575 3352 viventi
2614 3300 2917 3369 gerebatur
2962 3299 3259 3363 studium;
3309 3304 3363 3351 et
3398 3300 3536 3350 alias
3567 3298 3698 3368 qui-

2006 3391 2135 3443 dem
2168 3392 2386 3444 animas
2417 3391 2646 3443 zeternis
2679 3389 2896 3442 retrudi
2923 3388 3272 3441 carceribus:
3308 3387 3448 3438 alias
3504 3396 3696 3438 autem

2006 3479 2336 3533 facilitatem
2371 3479 2746 3533 reviviscendi
2802 3477 3119 3547 percipere.
3174 3476 3241 3528 Et
3280 3475 3351 3527 ob
3406 3475 3525 3526 haec
3563 3471 3696 3541 qui—

2007 3569 2136 3621 dem
2170 3570 2395 3637 populis
2440 3568 2839 3637 acceptahiles,
2893 3565 3307 3633 credibilesque
3356 3562 3694 3614 consistunt.

2006 3657 2678 3727 Quantumcunqueitem
2711 3656 2778 3708 ad
2834 3654 3145 3708 divinitatis
3188 3654 3472 3705 culturam
3520 3649 3693 3720 perti-

2003 3750 2161 3810 nent,
2190 3746 2517 3798 orationum
2548 3745 2979 3805 celebrationes,
3030 3743 3381 3810 templorum
3421 3737 3694 3792 constitu-

2006 3834 2185 3886 tiones
2230 3832 2678 3902 expositionibus
2726 3834 2841 3884 suis
2889 3832 3145 3883 facienda
3194 3846 3315 3882 esse
3361 3826 3693 3897 praedicant.

2005 3922 2145 3974 Nam
2174 3926 2393 3973 tantum
2428 3920 2599 3971 studii
2630 3936 2826 3971 eorum
2857 3919 3159 3988 przelatum
3192 3921 3277 3969 est
3303 3915 3694 3969 testimonium

2006 4014 2067 4061 ut
2096 4009 2164 4060 ad
2200 4024 2294 4060 eos
2343 4007 2605 4076 plurimae
2654 4007 2927 4071 civitates,
2980 4011 3035 4058 et
3065 4006 3315 4057 maxima
3364 4001 3691 4061 multitudo,

2004 4114 2133 4149 cum
2166 4097 2354 4149 studio
2400 4097 2602 4166 grandi
2632 4098 2937 4157 confluant,
2990 4095 3260 4164 opinione
3293 4091 3523 4145 adducti
3581 4106 3694 4158 qua

2008 4186 2273 4238 meliores
2312 4186 2535 4237 caeteris
2563 4186 2935 4237 zestimantur.
2978 4182 3274 4237 Sadduczei
3320 4186 3513 4233 autem
3571 4178 3691 4229 ani-

2006 4289 2125 4324 mas
2158 4275 2424 4324 mortales
2456 4271 2804 4335 existimant,
2856 4271 3141 4340 simulque
3199 4285 3328 4321 cum
3361 4266 3696 4336 corporibus

1936 4361 1978 4412 D
2009 4360 2275 4425 interire;
2320 4361 2507 4413 nullas
2540 4376 2669 4411 vero
2709 4360 2849 4412 alias
2881 4358 3305 4411 observationes
3352 4362 3563 4426 praeter
3612 4356 3691 4407 le-

2004 4465 2130 4517 gem
2165 4449 2492 4501 custodiunt
2524 4464 2535 4499 :
2572 4447 2843 4500 adversus
2896 4448 3152 4499 doctores
3189 4451 3381 4498 autem
3443 4444 3695 4512 philoso-

2001 4537 2149 4606 phiae
2190 4553 2306 4589 suae
2357 4542 2571 4589 certare
2602 4542 2657 4588 et
2709 4536 2875 4588 reniti
2917 4535 3228 4603 gloriosum
3282 4539 3705 4596 aunumerant;

2004 4626 2100 4678 sed
2135 4624 2203 4677 ad
2246 4641 2455 4693 paucos
2487 4624 2793 4676 admodum
2837 4622 3094 4675 doctrina
3128 4622 3409 4692 pervenit,
3442 4622 3528 4673 vel
3570 4636 3695 4673 lno--

2006 4715 2111 4765 dus
2136 4712 2576 4766 exercitationis.
2614 4712 2889 4764 Primates
2937 4716 3127 4764 autem
3176 4711 3327 4779 apud
3372 4727 3469 4762 eos
3518 4709 3700 4778 digni-

2004 4802 2217 4854 tatibus
2272 4802 2696 4870 honoribusque
2743 4802 3119 4853 celebrantur.
3158 4799 3348 4852 Esseni
3377 4804 3571 4851 autem
3626 4798 3709 4849 ad'

2009 4891 2187 4943 Deum
2214 4899 2416 4943 cuncta
2446 4889 2735 4958 redigunt.
2765 4888 3149 4941 Immortalem
3174 4888 3427 4940 animam
3458 4887 3691 4939 dicunt:

2000 4978 2282 5046 justitiam
2310 4984 2499 5030 autem
2553 4993 2673 5029 rem
2710 4977 3039 5045 pretiosam,
3097 4991 3200 5043 pro
3233 4991 3345 5043 qua
3396 4988 3575 5041 usque
3628 4970 3694 5021 ad

2008 5073 2252 5118 mortem
2286 5066 2664 5134 pugnandum
2698 5080 2818 5116 esse
2850 5063 3179 5132 prwdicant.
3239 5063 3297 5114 ln
3349 5060 3565 5127 templo
3608 5073 3699 5109 au-

2008 5160 2121 5206 tem
2184 5154 2547 5206 anathemata
2605 5153 2930 5222 prohibent.
2990 5150 3274 5204 Sacrificia
3334 5146 3417 5198 vel
3486 5145 3697 5198 hostias

2008 5259 2137 5295 cum
2170 5243 2382 5312 populo
2414 5258 2525 5294 non
2552 5240 2863 5305 celebrant,
2897 5239 3045 5309 quod
3083 5256 3140 5290 se
3174 5236 3483 5306 plurimum
3516 5233 3585 5285 ab
3615 5232 3697 5285 eis

2008 5336 2212 5401 putant
2241 5330 2524 5383 munditia
2546 5331 2630 5383 vel
2654 5330 2952 5383 sanctitate
2976 5326 3206 5379 diti‘erre
3242 5330 3298 5376 et
3344 5322 3550 5375 merito
3582 5338 3595 5375 :
3638 5338 3697 5373 se

2010 5524 2236 5589 Grzecze,
2294 5538 2410 5593 pag
2477 5526 2599 5576 762.
2677 5526 2859 5574 Antea
2934 5515 3229 5586 legebatur
3299 5514 3684 5569 multitudini:

2012 5594 2228 5662 inepte.
