4130 6184
401 310 493 363 3H
1484 304 1840 362 RATRASINI
1886 303 2337 363 CORBEIENSIS
2385 302 2694 360 MONACHI

3788 303 3893 357 3l2

400 459 430 496 a
462 441 753 498 communi
787 434 1229 509 congregatione
1259 436 1610 503 discernunt,
1654 437 1711 491 in
1743 438 1977 491 remotis
2006 453 2089 490 sa-
2128 441 2168 491 Α
2194 435 2484 506 jejunent;
2541 432 3011 506 quandoquidem
3071 432 3179 504 ipsi
3230 433 3315 487 vel
3365 431 3677 488 Orientales
3730 432 3892 487 omni

400 533 614 587 criticia
642 530 951 590 facientes;
1003 528 1158 581 cultu
1209 543 1340 580 vero
1383 543 1608 580 morum
1658 532 1827 598 atque
1854 543 2090 581 conver-

400 621 619 673 satione
648 618 873 686 optimi,
910 616 974 668 ad
1012 617 1310 669 colendam
1354 621 1564 668 terram
1608 620 1662 668 et
1713 615 2089 668 exercendam

401 707 556 760 omni
590 706 778 758 studio
816 704 1040 758 intenti.
1099 704 1242 757 Illud
1287 704 1457 757 etiam
1502 703 1719 757 habent
1757 703 1999 772 dignum
2038 707 2093 756 et

401 794 562 847 valde
595 793 877 859 mirabile,
910 794 1059 864 quod
1092 794 1151 846 in
1183 792 1306 846 aliis
1340 809 1453 845 non
1500 793 1755 845 invenias
1804 792 2090 861 gentibus,

399 887 518 935 tam
563 883 890 936 Gracorum
921 899 1092 952 quam
1139 883 1309 934 etiam
1341 881 1741 945 barbarorum,
1791 881 1946 950 quod
1978 896 2096 932 om-

402 986 501 1024 nes
532 970 645 1024 illis
679 971 737 1023 in
789 972 977 1025 medio
1019 988 1155 1040 opes
1190 975 1342 1034 sunt,
1381 976 1435 1023 et
1483 970 1552 1023 ab
1592 969 1672 1022 eis
1715 971 1908 1023 omnia
1946 985 2096 1022 com-

401 1060 601 1117 munia
654 1060 1018 1129 possidentur
1078 1076 1090 1113 :
1128 1058 1267 1111 nihil
1319 1059 1567 1127 amplius
1601 1059 1750 1111 inter
1797 1074 1890 1111 eos
1923 1057 2097 1111 ditior

402 1148 633 1211 fruitur,
683 1149 824 1202 nihil
886 1148 1232 1218 pauperibus
1292 1148 1679 1211 defraudatur,
1732 1165 1794 1200 ac
1858 1148 1903 1200 si
1954 1147 2093 1199 nihil

404 1237 640 1290 omnino
672 1237 1052 1306 possideatur.
1077 1237 1220 1290 Sunt
1242 1242 1429 1288 autem
1453 1253 1624 1306 super
1649 1244 1895 1305 quatuor
1920 1236 2099 1288 millia

406 1326 708 1379 hominum
739 1342 999 1379 numero.
1058 1326 1265 1379 Uxores
1310 1342 1426 1378 non
1475 1326 1719 1390 ducunt;
1764 1342 1944 1394 neque
1976 1340 2094 1377 ser-

407 1430 505 1466 vos
539 1414 751 1467 habere
786 1415 1082 1479 festinant;
1130 1414 1281 1466 aliud
1309 1414 1521 1482 quippe
1564 1413 1902 1482 iniquitatis,
1942 1414 2096 1467 aliud

400 1501 697 1555 seditionis
746 1502 1241 1571 opportunitatem
1284 1504 1588 1555 aestimant.
1643 1503 1738 1555 Isti
1802 1518 1940 1570 ergo
2006 1518 2095 1556 se—

407 1591 609 1644 motim
657 1592 808 1659 apud
859 1590 1191 1661 semetipsos
1224 1591 1514 1659 adjuvant,
1551 1595 1749 1643 mutua
1781 1591 1887 1644 sibi
1935 1591 2096 1644 vicis-

407 1679 653 1732 situdine
687 1678 1094 1732 ministrantes.
1149 1679 1513 1748 Susceptores
1563 1685 1755 1731 autem
1810 1680 2097 1732 redituum

407 1773 764 1837 promovent,
831 1772 1235 1838 curatoresque
1304 1768 1682 1833 constituunt,
1743 1768 1843 1836 qui
1896 1773 2098 1821 cuncta

409 1874 539 1926 qua
569 1864 721 1910 terra
751 1859 967 1927 profert
1016 1859 1075 1910 in
1120 1874 1258 1911 usus
1287 1857 1637 1910 necessarios
1678 1857 2097 1910 administrent.

408 1946 734 2000 Sacerdotes
762 1951 952 1999 autem
997 1946 1245 2016 optimos
1284 1946 1433 1999 viros
1482 1946 1744 2015 eligunt:
1782 1947 1942 1999 cibus
1990 1946 2103 1999 illis

409 2034 651 2101 simplex
688 2040 791 2099 est,
827 2034 1056 2088 habitus
1087 2036 1523 2103 insumptuosus
1555 2040 1610 2087 et
1642 2036 1909 2088 mundus.
1950 2058 1968 2082 ι
2000 2036 2099 2088 De-

409 2121 604 2174 scribit
638 2122 822 2174 adhuc
840 2123 1123 2189 Josephus
1169 2123 1273 2174 iste
1307 2122 1503 2186 (Ibid.,
1544 2125 1600 2174 in
1644 2122 1796 2191 ﬁne),
1842 2128 2102 2192 quartam

410 2208 657 2279 speciem
693 2209 1092 2278 philosophia,
1157 2226 1285 2279 qua
1326 2226 1501 2279 penes
1537 2211 1765 2263 Judaos
1805 2211 2101 2279 agebatur,

412 2297 574 2366 cujus
622 2297 936 2367 principem
985 2297 1125 2351 dicit
1171 2298 1372 2351 Judam
1438 2299 1735 2365 exstitisse,
1797 2316 1968 2369 quam
2017 2300 2103 2352 vel

411 2388 647 2453 propter
698 2384 1028 2439 brevitatem
1072 2385 1389 2451 omisimus,
1432 2386 1513 2438 vel
1571 2386 1724 2455 quia,
1761 2388 1981 2439 novitcr
2012 2402 2105 2441 re-

415 2478 595 2542 perta,
626 2472 842 2526 cateris
874 2473 1111 2527 inferior
1140 2473 1474 2527 habebatur.

486 2560 783 2614 Posuimus
813 2560 920 2615 ista
944 2562 1275 2615 Judaorum
1308 2563 1565 2616 volentes
1612 2564 1908 2616 ostendere
1957 2562 2107 2617 circa

416 2648 736 2702 Divinitatis
780 2650 1015 2720 quidem
1064 2652 1368 2717 culturam,
1423 2656 1479 2704 et
1530 2650 1787 2705 Mosaica
1830 2653 1971 2722 legis
2017 2652 2106 2706 ob

414 2736 779 2803 servantiam,
815 2754 925 2791 non
950 2738 1281 2792 dissimilem
1314 2755 1483 2792 usum
1524 2739 1809 2805 habuisse,
1869 2740 2107 2810 parique

415 2824 601 2879 studio
630 2826 908 2880 ferbuisse
934 2844 946 2893 ;
981 2832 1038 2880 at.
1067 2843 1199 2880 vero
1231 2828 1565 2880 moralitatis
1591 2830 2105 2897 conversationem,

417 2920 471 2966 et
500 2914 796 2985 religionis
826 2914 1081 2968 habitum
1106 2916 1276 2984 longe
1301 2916 1636 2969 dissimilem
1671 2916 1940 2970 tenuisse.
1983 2918 2107 2970 Non

416 3002 573 3071 quod
603 3002 831 3055 illorum
855 3004 1064 3056 nostris
1086 3004 1445 3073 temporibus
1467 3004 1851 3076 approbemus
1880 3004 2109 3075 religio-

414 3106 575 3157 nem;
601 3107 796 3144 verum
831 3096 1152 3145 monstrare
1176 3092 1425 3146 volentes
1458 3093 1608 3163 quod
1656 3094 1715 3145 in
1747 3093 1917 3145 unius
1950 3095 2106 3147 cultu

417 3179 734 3233 Divinitatis
764 3196 893 3234 cum
927 3181 1141 3235 similes
1179 3181 1541 3246 exstitissent,
1578 3181 1775 3235 habitu
1804 3198 1936 3235 vero
1977 3200 2107 3235 con-

416 3268 751 3321 versationis
804 3270 1130 3336 dissimiles,
1176 3286 1292 3323 non
1343 3276 1535 3322 tamen
1578 3276 1879 3339 propterea
1928 3288 1985 3324 se
2038 3272 2107 3324 ab

416 3356 693 3408 alterutra
748 3358 1148 3410 communione
1193 3357 1580 3421 secernebant,
1630 3358 1728 3411 sed
1761 3359 1819 3410 in
1874 3359 2107 3411 unitatis

416 3441 745 3494 societatem
789 3447 1107 3507 manentes,
1152 3443 1567 3510 patientissime
1619 3445 1942 3498 tolerabant
1983 3462 2104 3498 mo-

418 3543 547 3581 rum
570 3528 1047 3581 consuetudinem
1094 3545 1206 3581 non
1256 3530 1515 3583 omnium
1547 3532 1667 3584 fore
1716 3533 2104 3599 consimilem;

417 3615 657 3667 scientes
686 3614 827 3666 nihil
862 3614 995 3668 ﬁdei
1028 3631 1145 3669 sua
1180 3633 1504 3685 repugnare
1537 3619 1878 3673 moralitatis
1921 3621 2105 3673 diver-

417 3702 640 3756 sitatem
675 3718 686 3755 :
722 3703 1190 3774 quandoquidem
1220 3705 1288 3758 de
1330 3707 1463 3771 Deo,
1498 3708 1681 3778 deque
1721 3708 1863 3780 legis
1907 3709 2107 3763 obser-

417 3792 608 3844 vantia
657 3797 1076 3863 praceptorum
1138 3796 1403 3847 eumdem
1455 3796 1733 3850 haberent
1788 3815 2102 3852 assensum.

419 3878 483 3931 Et
519 3894 645 3933 ecce
676 3879 997 3933 Gracorum
1044 3882 1421 3952 imperatores
1466 3886 1716 3953 graviter
1756 3886 1946 3939 ferunt
1995 3888 2104 3941 Ro~

414 3982 613 4021 manos
635 3985 752 4021 non
785 3970 987 4024 eodem
1036 3987 1150 4040 quo
1200 3972 1281 4024 illi
1341 3988 1498 4024 more
1541 3975 1884 4039 conversari,
1920 3991 2105 4044 neque

413 4056 727 4111 secundum
774 4074 936 4110 suam
975 4060 1470 4127 consuetudinem,
1524 4061 1579 4115 id
1627 4068 1708 4114 est
1757 4063 2100 4124 Gracorum,

413 4142 665 4213 ingredi;
699 4161 829 4198 cum
863 4146 972 4198 ista
1010 4162 1113 4199 nec
1161 4148 1312 4217 apud
1342 4149 1615 4202 Ec.:lesias
1647 4151 1855 4204 Christi
1886 4151 2107 4220 possint

413 4231 674 4299 reperiri,
709 4249 812 4286 nec
839 4234 993 4301 apud
1038 4234 1287 4301 Judaos,
1329 4252 1505 4304 penes
1539 4255 1679 4307 quos
1706 4246 1839 4291 ante
1885 4240 2102 4309 pradi-

2199 524 2440 579 Sabbato
2487 524 2829 594 prandeant,
2882 523 3221 587 nescientes,
3275 526 3339 575 ut
3389 521 3690 585 credimus,
3737 522 3891 590 quod

2202 630 2313 666 non
2351 629 2549 666 omnes
2586 612 2973 666 Occidentales
3018 611 3278 664 Ecclesia
3330 611 3432 663 hac
3480 610 3895 663 consuetudine

2201 707 2526 766 teneantur,
2570 702 2665 754 sed
2712 702 2849 754 Rulli
2877 718 2984 756 im.
3022 700 3105 752 vel
3158 700 3279 751 alia
3335 699 3599 769 quadam
3632 699 3895 752 Occiden-

2201 792 2339 843 tales
2365 790 2647 843 Ecclesia:
2687 789 2970 859 siquidem
3027 788 3210 857 major
3243 803 3515 840 numerus
3557 785 3894 839 Occidenta-

2202 878 2344 931 lium
2391 878 2445 930 in
2480 878 2727 932 Sabbato
2769 892 2883 929 non
2915 876 3176 945 jejunat:
3227 891 3331 927 nec
3363 881 3557 927 tamen
3606 875 3897 928 Romanos

2204 972 2509 1036 propterea
2546 966 2873 1035 jejunantes
2924 964 3373 1034 reprehendunt,
3418 964 3499 1015 vel
3553 979 3584 1015 a
3617 962 3894 1017 Romanis

2198 1055 2595 1125 jejunantibus
2642 1054 2750 1124 ipsi
2805 1054 3329 1123 reprehenduntur.
3405 1053 3693 1105 Noverunt
3740 1052 3893 1104 enim

2205 1146 2276 1197 ab
2334 1144 2605 1214 Apostolo
2659 1143 2923 1197 dictum:
2974 1142 3076 1207 Qui
3132 1142 3446 1207 manducut,
3500 1157 3603 1194 non
3660 1140 3893 1193 mandu-

2204 1237 2408 1285 cantem
2463 1231 2608 1303 [non]
2679 1234 2929 1299 spernat;
2982 1235 3031 1283 et
3080 1233 3176 1297 qui
3244 1231 3555 1295 manducet,
3596 1245 3701 1282 non
3746 1244 3899 1281 man-

2206 1321 2488 1374 ducantem
2549 1337 2652 1373 non
2696 1318 2908 1388 judioet
2962 1322 3132 1383 (Rom.
3206 1335 3312 1383 xiv,
3388 1320 3459 1380 3).
3536 1319 3644 1370 Nec
3702 1323 3897 1370 tamen

2208 1426 2406 1462 omnes
2457 1409 2773 1462 Orientales
2826 1408 3082 1460 Ecclesia
3137 1408 3382 1462 Sabbato
3434 1407 3593 1476 [non]
3635 1406 3899 1476 jejunare

2207 1497 2738 1568 deprehenduntur.
2808 1496 3188 1549 Alexandrina
3256 1512 3503 1565 namque
3578 1511 3709 1548 cum
3783 1496 3898 1549 Ro-

2208 1603 2379 1640 mana
2435 1586 2621 1656 prisca
2661 1586 2782 1656 jam
2828 1585 3134 1638 traditione
3185 1600 3357 1654 super
3398 1584 3620 1653 jejunio
3669 1583 3903 1639 Sabbati

2209 1673 2506 1726 consentit.
2540 1672 2760 1726 Etenim
2793 1672 3044 1725 collecta
3088 1688 3202 1724 non
3234 1672 3381 1725 tiunt
3427 1688 3494 1725 eo
3527 1673 3620 1725 die
3649 1672 3905 1725 Alexan-

2210 1763 2371 1829 dria,
2432 1762 2598 1815 sicuti
2641 1778 2742 1814 nec
2793 1762 3009 1815 Roma.
3065 1761 3218 1814 Unde
3265 1766 3613 1814 monstratur
3659 1762 3904 1815 Alexan-

2211 1851 2406 1904 drinos
2458 1850 2701 1904 Sabbato
2752 1866 2863 1903 non
2906 1850 3206 1919 prandere,
3260 1850 3405 1902 sicut
3455 1866 3557 1902 nec
3596 1851 3902 1904 Romanos.

2168 1986 2173 1989 .
2213 1942 2275 1993 In
2306 1940 2503 1993 diebus
2537 1939 2691 1992 enim
2716 1939 3078 1991 collectarum
3121 1944 3179 1991 et
3212 1945 3566 1992 sacramenta
3596 1939 3772 1992 moris
3823 1943 3914 1992 est

2211 2028 2491 2081 coniicere
2537 2031 2707 2097 atque
2744 2026 3060 2096 percipere,
3096 2030 3151 2079 et
3190 2026 3413 2097 jejunia
3444 2028 3690 2092 solvere;
3732 2043 3912 2097 penes

2214 2122 2407 2170 tamen
2438 2116 2756 2170 Thebaidos
2807 2121 2860 2169 et
2904 2116 3197 2185 .Egyptios
3234 2116 3587 2169 consuetudo
3638 2122 3722 2169 est
3755 2115 3903 2185 jeju-

2214 2206 2373 2259 nium
2406 2204 2637 2275 quidem
2672 2204 2916 2258 Sabbato
2952 2206 3189 2267 solvere,
3224 2210 3582 2258 sacramenta
3627 2221 3760 2257 vero
3795 2206 3903 2258 Do-

2214 2294 2409 2347 minici
2441 2293 2697 2363 corporis
2727 2297 2783 2346 et
2832 2291 3126 2362 sanguinis
3174 2309 3288 2346 non
3347 2293 3459 2345 nisi
3492 2294 3561 2346 ad
3610 2309 3909 2361 vesperam

2217 2382 2509 2451 percipere
2540 2386 2667 2449 post
2694 2381 2953 2434 ciborum
3005 2381 3420 2450 expletionem;
3474 2398 3576 2435 nec
3615 2387 3808 2435 tamen
3842 2397 3909 2433 ex

2215 2469 2321 2523 hoc
2354 2469 2424 2523 ob
2458 2469 2580 2521 aliis
2614 2469 2872 2521 Ecclesiis
2899 2469 3161 2539 redargui
3185 2469 3577 2533 inveniuntur,
3613 2468 3745 2522 licet
3776 2470 3910 2522 nul-

2216 2559 2326 2612 lam
2363 2573 2538 2626 super
2568 2557 2670 2610 hac
2694 2572 2751 2610 re
2780 2557 3077 2610 inveniant
3104 2557 3410 2611 Ecclesiam
3440 2559 3603 2626 cujus
3660 2572 3909 2626 sequan-

2214 2651 2307 2698 tur
2336 2645 2834 2708 consuetudinem;
2876 2649 3069 2697 utrum
3106 2649 3297 2696 tamen
3329 2649 3384 2697 et
3432 2644 3501 2697 ab
3543 2643 3660 2696 istis
3713 2658 3909 2712 repre-

2216 2734 2557 2788 hensoribus
2596 2732 2833 2785 novellis
2879 2733 3316 2801 redarguantur,
3345 2732 3628 2784 nescimus
3662 2731 3914 2784 :scimns

2215 2828 2407 2874 tamen
2464 2822 2748 2875 Romanos
2780 2821 2850 2873 ab
2897 2821 3157 2890 apostolo
3188 2822 3354 2874 Petro
3402 2820 3710 2884 institutos,
3764 2819 3915 2871 sicut

2217 2910 2583 2979 antiquorum
2640 2909 2750 2962 fert
2807 2909 3062 2973 traditio,
3115 2915 3179 2961 ut
3222 2910 3278 2961 in
3332 2909 3574 2962 Sabbato
3618 2909 3911 2977 jejunent.

2147 3034 2186 3087 Ο
2218 2999 2494 3053 Scribitur
2525 2998 2677 3051 enim
2731 3001 2958 3052 Petrum
3007 3002 3061 3050 et
3093 2999 3333 3051 Paulum
3385 2997 3671 3067 apostolos
3711 3003 3916 3049 contra

2217 3088 2508 3142 Simonem
2537 3087 2759 3157 Magum
2811 3086 3182 3140 dimicaturos
3203 3087 3294 3139 die
3316 3086 3867 3155 Sabbatojejunasse
3896 3102 3910 3137 :

2216 3175 2322 3227 hac
2368 3175 2437 3228 de
2472 3191 2636 3227 causa
2690 3175 2955 3229 Romanis
3004 3176 3477 3228 consuetudinem
3530 3175 3734 3228 factam
3785 3190 3915 3227 esse

2217 3262 2275 3315 in
2309 3264 2467 3315 omni
2501 3262 3081 3333 Sabbatojejunandi.

2280 3389 2305 3418 ‹‹
2342 3368 2524 3439 Super
2553 3385 2665 3438 qua
2695 3385 2775 3432 re,
2810 3368 2955 3421 sicut
2990 3368 3181 3422 scribit
3226 3368 3500 3422 Eusebius
3530 3366 3910 3437 historiogra-

2216 3455 2362 3525 phus
2394 3456 2452 3509 in
2481 3457 2670 3509 libello
2703 3457 2839 3510 Vita
2883 3458 3140 3511 Silvestri
3172 3457 3409 3511 Romani
3468 3457 3747 3527 pontiﬁcis
3786 3458 3908 3523 (lib.

2218 3561 2253 3607 ι,
2286 3560 2331 3598 c.
2360 3547 2431 3611 8).
2475 3544 2649 3598 Graci
2673 3552 3066 3599 convenerunt
3088 3547 3316 3600 beatum
3349 3546 3705 3611 Silvestrum,
3747 3561 3912 3615 qua-

2216 3632 2457 3686 stionem
2490 3639 2725 3703 agentes
2772 3635 3042 3688 adversus
3092 3636 3378 3688 Romanos
3421 3636 3491 3689 de
3514 3635 3736 3705 jejunio
3766 3635 3913 3688 Sab-

2214 3720 2364 3785 bati;
2390 3722 2597 3791 quibus
2629 3721 2747 3775 hac
2775 3722 3070 3791 respondit
3103 3739 3114 3776 :
3150 3722 3419 3777 Sufﬁcere
3452 3724 3658 3777 debere
3689 3722 3799 3776 hoc
3839 3723 3914 3776 ad

2215 3812 2609 3863 auctoritatem
2644 3811 2824 3863 nostri
2855 3811 3149 3880 propositi,
3184 3813 3335 3881 quod
3369 3812 3445 3864 ita
3472 3810 3721 3863 tenuisse
3769 3828 3913 3880 apo-

2213 3899 2385 3950 stolos
2418 3899 2635 3967 priores
2666 3899 3071 3967 cognovimus;
3121 3904 3308 3952 tamen
3343 3900 3477 3969 quia
3508 3900 3649 3953 ratio
3681 3899 3913 3968 ﬂagita-

2214 3990 2303 4037 tur
2337 4004 2369 4039 a
2420 3993 2601 4039 vestra
2648 3987 2943 4051 charitate,
2993 3987 3283 4041 reddenda
3331 3994 3433 4040 est.
3486 3988 3539 4042 Si
3571 3988 3760 4041 omnis
3811 3989 3915 4041 Do-

2216 4074 2459 4126 minicus
2501 4074 2621 4127 dies
2678 4091 2845 4127 causa
2896 4076 3337 4128 resurrectionis
3385 4076 3607 4129 Domini
3658 4082 3910 4137 tenetur.

2206 4162 2428 4229 justum
2467 4168 2552 4215 est
2602 4167 2662 4214 ut
2693 4163 2880 4216 omnis
2924 4164 3299 4217 Sabbatorum
3343 4165 3462 4217 dies
3506 4181 3675 4217 causa
3725 4166 3916 4234 sepul-

2214 4249 2581 4319 turajejuuii
2603 4251 2946 4318 suscipiatur
2976 4251 3269 4318 instantia,
3289 4258 3349 4304 ut
3380 4255 3580 4304 tlentes
3606 4269 3735 4305 cum
3770 4270 3913 4322 θρο-

412 4319 697 4372 cationem
756 4321 1048 4391 Evangelii
1110 4323 1429 4377 Divinitatis
1477 4328 1660 4380 cultus
1725 4327 1965 4397 insignis
2011 4328 2102 4381 hac
2147 4325 2187 4377 1)
2217 4337 2376 4390 διοιίε
2414 4339 2483 4391 de
2525 4344 2705 4391 morte
2749 4340 2973 4391 Domini
3022 4341 3151 4393 Jesu
3203 4340 3426 4402 Christi,
3480 4341 3729 4410 gaudere
3774 4319 3910 4394 ρξηη

412 4406 564 4460 bitus
596 4411 699 4473 est,
740 4407 954 4462 fuerint
1014 4409 1331 4465 observata.
1387 4414 1507 4477 Qua
1540 4415 1608 4468 de
1661 4432 1723 4469 re
1752 4416 2105 4469 convincitur

413 4509 527 4547 non
564 4494 788 4563 pietatis
830 4497 1021 4551 studio
1068 4498 1401 4570 hujusmodi
1445 4504 1944 4573 reprehensionem
2000 4521 2101 4575 ge-

411 4582 627 4649 nuisse,
692 4583 791 4637 sed
842 4585 1038 4639 livoris
1106 4589 1348 4655 malitia,
1409 4593 1769 4662 tumorisque
1802 4593 2098 4662 jactantia.

412 4670 766 4725 Veniendum
797 4673 911 4743 jam
940 4674 1007 4728 ad
1040 4675 1267 4745 singula
1293 4695 1420 4747 qua
1449 4679 1714 4733 videntur
1743 4681 2098 4750 apposuisse,

409 4759 619 4828 quibus
647 4760 784 4814 dum
818 4762 1085 4816 videntur
1108 4765 1323 4833 jactare
1354 4767 1440 4820 vel
1491 4768 1831 4837 sapientiam
1879 4770 1966 4822 vel
2014 4786 2101 4823 re-

407 4846 702 4916 ligionem,
736 4865 899 4902 suam
939 4851 1195 4921 produnt
1225 4853 1620 4923 insipientiam
1667 4862 1723 4910 et
1763 4857 2097 4928 irreligiosi-

407 4940 603 4990 tatem.

1078 5010 1299 5065 CAPL'T
1337 5012 1432 5067 ΙΙΙ.

406 5094 579 5172 (ἓνξοί
606 5096 873 5172 Romanos
904 5098 1127 5165 culpant
1161 5100 1307 5172 quod
1348 5102 1585 5156 Sabbato
1613 5104 1882 5172 jejunent.
1917 5105 2093 5169 Quare

473 5167 705 5219 Romani
745 5167 1021 5234 jejunant.
1082 5167 1184 5222 Ad
1228 5172 1363 5237 quid
1402 5167 1683 5238 jejuniu'm'
1720 5167 1956 5228 Sabbato
2003 5177 2092 5229 ob-

472 5240 741 5289 servatur.
777 5238 1087 5291 Gracorum
1118 5240 1356 5307 obiectio.
1389 5243 1700 5310 Responsio.

471 5324 716 5393 Culpant
773 5324 1058 5379 Romanos
1107 5332 1161 5380 et
1209 5328 1595 5384 Occidentales
1645 5333 1797 5402 quod
1848 5332 2090 5387 Sabbato

2214 4427 2294 4479 eis
2335 4427 2404 4479 de
2439 4429 2854 4480 resurrectione
2904 4429 3158 4495 ejusdem
3211 4434 3559 4483 mereantur.
3602 4428 3708 4482 Sed
3751 4428 3907 4481 dice-

2214 4515 2345 4568 bant
2374 4515 2551 4569 Graci
2586 4531 2764 4569 unum
2797 4532 2917 4568 esse
2965 4516 3276 4569 Sabbatum
3327 4518 3658 4586 sepultura,
3693 4518 3749 4569 in
3788 4534 3910 4586 quo

2212 4604 2385 4657 semel
2421 4603 2477 4657 in
2520 4621 2669 4657 anno
2695 4603 2981 4673 jejunium
3013 4610 3098 4657 est
3136 4605 3461 4658 colendum.
3493 4606 3707 4669 Quibus
3754 4622 3913 4674 papa

2209 4693 2474 4747 Silvester
2500 4692 2720 4746 dicebat
2752 4708 2763 4745 ί
2799 4692 2857 4745 Si
2898 4693 3086 4745 omnis
3125 4694 3245 4747 dies
3296 4694 3624 4747 Dominicus
3656 4709 3914 4747 resurre-

2212 4780 2413 4833 ctionis
2463 4797 2584 4833 esse
2629 4782 2882 4835 creditur
2931 4782 3115 4850 gloria
3172 4782 3499 4846 decoratus,
3564 4783 3751 4836 omnis
3804 4783 3913 4852 qui

2211 4885 2340 4921 eum
2372 4868 2655 4922 antecedit
2681 4868 2801 4921 dies
2824 4871 3153 4937 sepultura,
3183 4874 3265 4922 est
3290 4869 3514 4939 jejunio
3566 4868 3912 4936 mancipan-

2210 4959 2316 5010 dus
2357 4966 2402 5023 ι,
2447 4962 2511 5009 ut
2547 4957 2746 5009 merito
2786 4958 3031 5026 gaudeat
3080 4958 3149 5011 de
3176 4958 3619 5022 resurrectione,
3662 4957 3765 5026 qui
3831 4959 3907 5011 de

2208 5051 2395 5099 morte
2425 5044 2753 5115 ploraverit.
2809 5047 3039 5099 Plorare
3089 5052 3279 5099 autem
3332 5045 3585 5115 compati
3631 5044 3914 5111 dixerim,

2206 5135 2361 5186 salvo
2393 5149 2459 5185 eo
2495 5133 2645 5202 quod
2673 5133 2859 5203 passio
2885 5134 3106 5187 Domini
3139 5134 3333 5205 gaudii
3368 5135 3545 5187 nostri
3576 5132 3648 5186 sit
3678 5148 3917 5188 summa

2205 5226 2447 5290 Accepta
2477 5221 2653 5292 igitur
2679 5223 2857 5275 Graci
2878 5223 3117 5288 ratione,
3148 5224 3509 5293 quieverunt.
3550 5242 3575 5272 ι)

2276 5327 2405 5379 llac
2433 5326 2735 5395 posuimus
2774 5331 2837 5379 ut
2870 5326 3305 5393 ostenderemus
3356 5342 3472 5379 non
3522 5341 3737 5379 novum
3778 5342 3915 5381 esse

470 5467 615 5554 :Eslt
632 5466 1290 5554 jejunio‘mancipnndus.
1321 5474 1445 5554 ‘Vpx
1470 5474 1680 5543 jejunio
1708 5477 1897 5531 addita
1939 5483 2023 5531 est
2064 5494 2094 5533 e
2133 5479 2325 5534 codice
2369 5479 2729 5535 bibliotheca
2786 5480 2973 5535 Sancti
3020 5481 3288 5536 Germani
3329 5498 3361 5535 a
3408 5482 3609 5547 Pratis,
3668 5480 3729 5535 in
3775 5497 3903 5554 quo

401 5534 605 5591 existat
632 5534 748 5592 hac
770 5541 893 5593 Vita
924 5534 1105 5595 sane-ti
1135 5543 1409 5597 Silvestri.
