4086 6182
186 288 292 344 313

1194 285 1467 345 CONTRA
1506 288 1914 347 GRECORUM
1943 289 2294 348 OPPOSITA.
2330 319 2393 329 —-
2432 288 2557 347 LIB.
2600 290 2689 346 IV.

3587 297 3688 352 3M

188 425 337 496 quod
362 424 605 479 Romani
634 425 879 479 Sabbato
916 424 1195 495 jejunant,
1244 439 1347 477 nec
1379 424 1500 478 leve
1545 423 1695 495 quod
1737 441 1883 494 apo-
1922 429 1963 481 A
1993 425 2353 478 cunctatione
2387 440 2512 477 eam
2539 424 2838 478 liberarem
2867 423 3218 496 interrogavi
3250 426 3356 481 hoc
3383 442 3486 497 per
3516 444 3689 498 supra

187 515 393 567 stolica
410 516 677 568 tinuatur
701 513 1059 579 auctoritate,
1093 518 1151 567 et
1195 528 1447 582 congrua
1479 514 1613 566 satis
1663 514 1885 567 ratione

188 604 513 656 roboratur.
555 603 713 657 Unde
748 604 1070 656 mirandum
1129 619 1256 673 qua:
1316 602 1389 655 sit
1434 601 1542 655 ista
1589 603 1748 655 novis
1797 618 1885 654 sa-

185 691 482 759 pientibus
512 692 835 760 prudentia,
873 706 987 743 non
1024 691 1403 760 acquiescere,
1445 692 1593 760 quod
1633 690 1719 743 sui
1761 707 1885 759 pro-

186 782 400 832 bantur
446 780 692 849 majores
731 778 1101 848 acquievisse.
1144 779 1216 831 Ex
1267 794 1381 848 quo
1432 793 1681 848 namque
1722 779 1883 847 prin-

185 884 319 937 ceps
352 870 740 938 apostolorum
780 871 975 922 Petrus
1007 872 1063 921 et
1094 868 1298 923 Paulus
1333 868 1525 921 Romte
1543 868 1880 933 docuerunt,

186 963 243 1009 et
300 945 575 1010 doctrina:
606 974 723 1010 suae
781 958 1077 1010 veritatem
1127 957 1346 1026 proprii
1390 956 1685 1026 sanguinis
1741 958 1883 1010 etl'u-

184 1045 349 1098 sione
399 1047 966 1109 commendaverunt,
1021 1046 1375 1099 consuetudo
1422 1045 1531 1097 fuit
1590 1046 1882 1107 Romanis,

186 1141 241 1187 et
266 1135 609 1204 quibusdam
635 1134 1088 1188 Occidentalibus
1113 1133 1269 1187 omni
1314 1134 1559 1189 Sabbato
1594 1134 1879 1203 jejunare;

188 1241 291 1276 nec
330 1229 522 1276 tamen
566 1229 837 1292 proptere
867 1229 1081 1277 cunctae
1113 1238 1216 1292 per
1262 1223 1550 1277 Orientem
1605 1224 1881 1286 Ecclesiae,

186 1328 318 1382 qua-
350 1328 465 1365 non
496 1312 603 1364 ista
633 1312 1046 1365 consuetudine
1076 1312 1426 1377 detinentur,
1470 1313 1755 1365 Romanos
1783 1328 1885 1365 sua

186 1400 597 1452 communione
619 1400 948 1469 judicarunt
1001 1401 1239 1466 alienos,
1294 1402 1551 1471 quamvis
1599 1401 1706 1470 ipsi
1757 1416 1887 1453 (on-

186 1489 554 1542 suetndinem
600 1489 845 1542 habeant
886 1489 1045 1542 omni
1089 1490 1334 1543 Sabbato
1384 1489 1547 1543 sicuti
1589 1489 1884 1542 Dominica

187 1593 304 1630 nou
332 1578 619 1647 jejunare.

255 1665 462 1719 Scribit
491 1682 560 1718 ex
620 1664 726 1717 hoc
775 1665 975 1718 doctor
1020 1665 1373 1734 Augustinus
1420 1665 1489 1717 ad
1536 1666 1878 1719 Casulanum

183 1753 586 1823 presbyterum
622 1756 800 1823 (epist.
833 1757 921 1815 86.
959 1760 1008 1807 et
1051 1754 1125 1807 ad
1169 1757 1492 1808 Ianuarium
1538 1759 1697 1822 epist.
1740 1758 1876 1821 “8},

182 1841 573 1911 inquirentem
598 1858 770 1912 super
793 1843 991 1896 eadem
1015 1844 1347 1913 quaestione,
1380 1844 1731 1912 respondens
1764 1843 1841 1896 ita
1867 1861 1878 1896 :

184 1956 208 1979 α
240 1931 517 2001 Sequitur
545 1930 875 1997 Sabbatum,
905 1948 1019 2003 quo
1043 1932 1134 1985 die
1166 1948 1296 1985 caro
1329 1931 1536 1986 Christi
1570 1932 1627 1985 in
1676 1948 1881 1985 monu-

184 2026 375 2072 mento
410 2019 714 2089 requievit,
749 2020 893 2072 sicut
927 2020 982 2073 in
1016 2020 1216 2089 primis
1256 2020 1521 2090 operibus
1562 2021 1759 2073 mundi
1794 2038 1879 2073 re-

183 2108 395 2178 quievit
431 2108 580 2161 Dens
611 2109 709 2160 illo
737 2108 829 2161 die
860 2109 928 2163 ab
968 2110 1235 2163 omnibus
1269 2108 1539 2179 operibus
1572 2109 1705 2162 suis.
1745 2110 1883 2162 Hinc

183 2202 375 2249 exorta
408 2202 496 2249 est
525 2197 633 2249 ista
668 2198 725 2251 in
757 2198 1004 2251 Ecclesia
1056 2198 1318 2252 vescendi
1348 2198 1606 2264 varietas,
1652 2203 1715 2251 ut
1767 2199 1879 2260 alii,

182 2284 319 2337 sicut
351 2286 602 2339 maxime
622 2286 1080 2356 populiOrientis
1114 2292 1347 2357 propter
1375 2288 1633 2357 requiem
1665 2287 1880 2358 signiti-

182 2374 429 2426 candum
465 2375 702 2429 mallent
732 2377 986 2428 relaxare
1007 2376 1329 2446 jejunium;
1363 2376 1460 2429 alii
1492 2382 1727 2446 propter
1774 2377 1878 2430 hu-

182 2462 487 2515 militatem
522 2464 717 2516 mortis
752 2463 975 2517 Domini
1014 2464 1297 2534 jejuuare,
1335 2464 1480 2518 sicut
1520 2466 1794 2531 Romana,
1828 2470 1882 2517 et

184 2553 479 2605 nonnullae
512 2552 826 2607 Occidentis
857 2553 1136 2608 Ecclesia.
1170 2553 1332 2616 Quod
1356 2554 1587 2625 quidem
1621 2571 1735 2607 uno
1768 2555 1879 2619 die,

182 2657 295 2710 quo
342 2640 558 2694 Pascha
617 2642 954 2701 celebratur,
1036 2648 1268 2712 propter
1344 2644 1730 2697 renovandam
1800 2644 1879 2697 rei

181 2735 356 2795 gesta!
388 2730 751 2795 memoriam,
799 2746 911 2799 qua
937 2730 1200 2799 discipuli
1253 2731 1584 2785 humanitus
1636 2736 1877 2785 mortem

185 2817 413 2869 Domini
450 2817 772 2877 doluerunt,
803 2819 882 2869 sic
912 2818 980 2870 ab
1004 2819 1269 2872 omnibus
1291 2820 1586 2889 jejunatnr
1619 2826 1677 2873 ut
1706 2821 1876 2875 etiam

180 2905 263 2957 illi
299 2905 548 2959 Sabbato
576 2905 863 2973 jejunium
896 2906 1258 2960 devotissime
1289 2909 1596 2973 celebrent,
1638 2910 1736 2979 qui
1771 2927 1880 2962 caa-

181 2993 319 3045 teris
350 3009 454 3061 per
494 2998 677 3046 totum
710 3009 926 3046 annum
979 2995 1238 3049 Sabbatis
1288 2997 1600 3065 prandent;
1650 3003 1877 3051 utrum-

180 3098 290 3152 que
319 3083 588 3134 videlicet
623 3081 1033 3151 signiticantes,
1085 3090 1141 3136 et
1188 3100 1305 3137 uno
1356 3085 1746 3138 anniversario
1786 3086 1879 3139 die

180 3172 398 3223 luctum
468 3170 903 3240 discipulorum,
952 3177 1007 3223 et
1060 3173 1280 3225 caeteris
1348 3172 1605 3226 Sabbatis
1670 3174 1879 3242 quietis

178 3257 419 3310 bonum.
457 3258 576 3309 Duo
629 3259 844 3328 quippe
894 3264 1027 3312 sunt
1084 3277 1212 3331 quae
1250 3261 1534 3329 jUstorum
1577 3261 1872 3314 beatitudi-

178 3362 329 3412 nem,
365 3352 423 3398 et
445 3345 632 3398 omnis
662 3347 905 3399 miseria:
952 3348 1127 3401 tinem
1166 3349 1381 3419 sperari
1431 3350 1676 3415 faciunt;
1725 3365 1878 3402 mors

178 3441 235 3489 et
267 3435 609 3489 resurrectio
642 3440 1021 3491 mortuorum.
1061 3439 1125 3493 In
1152 3444 1337 3491 morte
1368 3440 1595 3507 requies
1634 3443 1755 3504 est;
1809 3439 1877 3492 de

178 3542 289 3594 qua
328 3524 543 3577 dicitur
573 3540 675 3591 per
722 3527 1105 3594 prophetam:
1152 3527 1302 3579 Plebs
1345 3542 1478 3591 mea,
1519 3528 1668 3580 intra
1711 3528 1876 3581 cello-

177 3615 263 3665 ria
294 3618 409 3677 tua,
474 3612 796 3665 abscondere
836 3615 1123 3681 pusillum,
1150 3615 1313 3668 donec
1346 3620 1587 3668 transeat
1626 3618 1715 3668 ira
1767 3620 1876 3670 Do-

178 3700 314 3750 mini
369 3699 500 3762 (lsa.
561 3713 708 3763 xm,
770 3701 887 3765 ‘20).
952 3701 1015 3753 In
1074 3700 1487 3753 resurrectione
1530 3700 1587 3753 in
1645 3700 1876 3753 homine

179 3792 317 3848 toto,
358 3787 415 3839 id
468 3791 553 3838 est
586 3787 645 3839 in
697 3803 865 3840 carne
920 3793 976 3841 et
1034 3788 1257 3858 spiritu,
1323 3788 1573 3859 perfecta
1618 3788 1873 3842 felicitas.

180 3876 318 3927 Hinc
353 3875 571 3929 factum
612 3880 694 3927 est
742 3881 804 3928 ut
852 3877 1054 3929 horum
1104 3876 1348 3929 duorum
1397 3881 1702 3946 utrumque
1762 3893 1876 3929 non

178 3963 629 4031 signiﬁcandum
677 3969 974 4033 putaretur
1016 3965 1210 4018 labore
1251 3965 1480 4035 jejunii,
1540 3966 1636 4018 sed
1687 3966 1877 4035 potius

181 4052 504 4105 refectionis
562 4051 874 4105 hilaritate'
950 4058 1183 4123 excepto
1236 4070 1353 4107 uno
1428 4054 1676 4123 paschali
1739 4053 1877 4106 Sab-

182 4142 336 4203 bato,
360 4157 474 4211 quo
507 4140 941 4209 discipulorum,
967 4142 1109 4195 sicut
1131 4143 1397 4206 diximus,
1428 4144 1612 4196 luctus
1645 4147 1878 4213 propter

182 4229 264 4281 rei
298 4236 472 4297 gesta:
498 4229 833 4283 memoriam
864 4230 1284 4300 fueratjejunio
1317 4232 1625 4301 prolixiore
1648 4230 1877 4299 signan-

182 4319 309 4370 dus.
352 4318 459 4371 Sed
516 4318 793 4387 quoniam
852 4334 969 4371 non
1032 4318 1355 4372 invenimus
1407 4326 1469 4371 ut
1518 4319 1638 4389 jam
1706 4334 1877 4388 supra

180 4406 650 4463 commemoravi,
694 4406 753 4458 in
792 4406 1131 4476 evangelicis
1167 4413 1223 4460 et
1277 4407 1608 4476 apostolicis
1653 4406 1874 4473 litteris,

181 4510 313 4563 qua
340 4496 407 4546 ad
442 4494 580 4548 Novi
609 4494 950 4549 Testamenti
980 4495 1385 4549 revelationem
1434 4496 1665 4565 proprie
1700 4494 1876 4565 perti-

183 4588 345 4647 nent,
377 4583 544 4636 certis
596 4581 800 4636 diebus
845 4584 1133 4653 aliquibus
1186 4584 1479 4637 evidenter
1525 4590 1876 4655 prasceptum

184 4671 535 4724 observanda
574 4687 694 4723 esse
738 4672 988 4740 jejunis;
1058 4678 1111 4726 et
1157 4673 1282 4725 ideo
1343 4689 1431 4726 res
1489 4689 1717 4743 quoque
1770 4674 1874 4725 ista

182 4759 333 4811 sicut
360 4760 481 4812 alia:
515 4760 801 4829 plurimae,
835 4776 976 4830 quas
1011 4777 1349 4814 enumerare
1388 4760 1617 4814 difticile
1649 4767 1751 4827 est,
1788 4760 1873 4814 in-

186 4847 340 4900 venit
368 4848 421 4899 in
458 4852 609 4900 veste
658 4848 811 4902 illius
862 4848 997 4902 tiliae
1048 4850 1238 4918 Regis,
1298 4850 1403 4903 hoc
1460 4854 1545 4902 est
1594 4848 1873 4914 Ecclesiae,

184 4936 469 4989 varietatis
492 4937 682 4990 locum
705 4955 719 5005 ;
745 4936 1007 4991 indicabo
1031 4937 1129 4992 tibi
1165 4938 1302 5008 quid
1343 4938 1486 4991 mihi
1538 4939 1605 4991 de
1650 4938 1755 4990 hoc
1792 4953 1875 4990 re-

183 5024 431 5092 quirenti
480 5024 849 5093 responderit
884 5026 1240 5080 venerandus
1293 5026 1644 5091 Ambrosius,
1697 5042 1729 5079 a
1762 5042 1874 5096 quo

184 5112 497 5181 baptizatus
525 5129 674 5179 sum,
708 5113 1144 5167 Mediolanensis
1189 5115 1504 5185 episcopus.
1550 5116 1689 5169 Nam
1744 5131 1873 5168 cum

182 5201 240 5252 in
265 5200 458 5255 eadem
495 5200 719 5255 civitate
749 5206 929 5255 mater
966 5215 1095 5255 mea
1123 5219 1345 5256 mecum
1395 5208 1561 5269 esset,
1605 5209 1662 5257 et
1713 5204 1874 5257 nobis

181 5288 365 5342 adhuc
454 5290 900 5355 catechumenis,
960 5307 1163 5362 parum
1214 5292 1323 5344 ista
1361 5292 1714 5359 curantibus,
1776 5291 1875 5346 illa

182 5377 619 5431 sollicitudinem
653 5385 895 5448 gereret,
927 5385 1121 5434 utrum
1153 5381 1467 5434 secundum
1512 5397 1730 5435 morem
1769 5398 1874 5434 no»

183 5471 315 5517 stre:
366 5466 610 5519 civitatis
682 5467 789 5520 sibi
848 5473 994 5521 esset
1043 5467 1287 5523 Sabbato
1331 5470 1732 5539 jejunandum,
1800 5486 1874 5523 an

189 5553 437 5609 Ecclesia:
491 5554 921 5610 Mediolanensis
978 5572 1136 5611 more
1193 5557 1613 5626 prandendum,
1666 5563 1726 5610 ut
1770 5557 1875 5611 hac

1993 512 2207 566 dictum
2240 513 2536 567 hominem
2569 513 2684 567 Dei.
2715 518 2785 568 At
2816 514 2910 568 ille
2942 529 2954 567 ε
2987 514 3134 579 Quid
3177 532 3431 585 possum,
3472 517 3680 587 inquit,

1994 602 2124 656 hinc
2153 602 2355 656 docere
2385 603 2629 672 amplius
2676 620 2847 674 quam
2883 604 3001 673 ipse
3048 604 3236 657 facio?
3285 605 3388 657 Ubi
3419 621 3527 674 ego
3574 623 3682 675 pu-

1992 698 2243 745 taveram
2275 691 2417 744 nihil
2449 708 2581 745 eum
2610 692 2714 744 ista
2744 692 3115 761 responsione
3168 693 3526 761 prmcepisse,
3578 695 3688 749 nisi

1993 785 2056 833 ut
2083 780 2325 833 Sabbato
2368 780 2805 847 prauderemus;
2847 781 2951 832 hoc
3007 779 3219 850 quippe
3265 780 3454 851 ipsum
3504 781 3687 835 facere

1993 867 2237 921 sciebam
2275 884 2287 921 :
2322 868 2415 920 sed
2453 868 2545 921 ille
2591 873 2816 921 secutus
2853 868 3061 936 adjecit
3102 883 3114 918 τ
3148 869 3385 931 Quando
3414 868 3505 922 hic
3536 885 3686 935 sum,

1994 974 2107 1009 non
2156 956 2357 1026 jejuno
2417 956 2682 1021 Sabbato,
2751 959 2981 1026 quando
3038 958 3234 1010 Romae
3299 974 3446 1022 sum,
3491 959 3688 1027 jejuno

1992 1045 2234 1099 Sabbato
2290 1060 2302 1097 :
2348 1052 2404 1098 et
2466 1044 2535 1097 ad
2591 1061 2994 1115 quamcunque
3041 1043 3343 1098 Ecclesiam
3396 1046 3686 1111 veneritis,

1993 1132 2200 1202 inquit,
2235 1134 2358 1202 ejus
2391 1149 2608 1186 morem
2666 1139 2904 1200 servate,
2940 1134 2985 1186 si
3028 1133 3145 1202 pati
3194 1134 3523 1187 scandalum
3573 1150 3689 1187 non

1992 1222 2164 1274 vultis
2199 1228 2296 1275 aut
2325 1222 2527 1275 facere.
2566 1224 2682 1276 Hoc
2732 1238 3067 1291 responsum
3113 1222 3281 1276 retuli
3314 1223 3379 1275 ad
3422 1227 3685 1284 matrem,

1993 1310 2159 1380 eique
2191 1311 2431 1375 sutl‘ecit,
2476 1327 2578 1363 nec
2626 1310 2905 1365 dubitavit
2954 1328 3072 1364 esse
3122 1312 3538 1373 obediendum;
3588 1312 3692 1364 hoc

1994 1400 2167 1452 etiam
2226 1416 2329 1452 nos
2387 1398 2563 1451 srcuti
2622 1415 2835 1452 sumus.
2895 1400 3001 1453 Sed
3064 1401 3336 1471 quoniam
3386 1399 3693 1469 jcontingit

1994 1487 2239 1541 maxime
2275 1486 2333 1540 in
2367 1487 2571 1552 Africa,
2605 1492 2659 1540 et
2709 1505 2821 1541 una
2870 1489 3133 1554 Ecclesia,
3168 1489 3255 1542 vel
3308 1504 3458 1541 unus
3508 1488 3688 1557 regio-

1996 1576 2080 1629 nis
2138 1577 2416 1642 Ecclesizr,
2478 1578 2617 1631 alios
2678 1578 2926 1632 habeant
2987 1578 3229 1632 Sabbato
3316 1578 3686 1648 prandentes,

1991 1666 2133 1718 alios
2154 1665 2497 1735 jejunantes,
2533 1683 2652 1719 mos
2683 1682 2880 1720 eorum
2914 1666 3054 1720 mihi
3084 1666 3411 1737 sequendus
3442 1666 3687 1730 videtur,

1992 1753 2201 1824 quibus
2250 1755 2579 1807 eorumdem
2630 1756 2972 1826 populorum
3021 1754 3389 1825 congregatio
3438 1755 3689 1825 regenda

1991 1843 2297 1897 commissa
2319 1849 2421 1897 est.
2455 1865 2482 1892 ››

2063 1933 2187 1985 Haec
2217 1932 2524 2002 dejejunio
2571 1932 2800 1987 Sabbati
2844 1932 3043 1986 beatus
3088 1932 3442 2002 Augustinus
3491 1931 3685 1984 catho-

1991 2021 2129 2073 licus
2159 2021 2358 2075 doctor
2395 2022 2570 2074 sensit
2595 2026 2652 2074 et
2694 2020 2935 2090 scripsit,
2967 2020 3253 2075 zestimans
3290 2021 3509 2074 nullam
3557 2036 3687 2089 gra-

1989 2111 2205 2161 viorem
2252 2108 2381 2163 hinc
2430 2110 2898 2178 disceptationem
2929 2109 3065 2183 ,fore
3112 2108 3442 2173 tenendam,
3492 2124 3692 2162 verum

1989 2199 2339 2267 sequendam
2394 2198 2843 2268 uniuscujusque
2889 2197 3149 2252 Ecclesiae
3217 2196 3689 2250 consuetudinem

1988 2287 2058 2341 de
2082 2286 2305 2356 jejunio
2336 2286 2590 2349 Sabbati,
2624 2288 2707 2340 vel
2756 2287 3079 2357 pransione,
3126 2285 3595 2357 quandoquidem
3635 2291 3693 2338 et

1993 2375 2092 2445 qui
2125 2375 2411 2445 prandent
2442 2374 2500 2428 in
2560 2374 2826 2439 Sabbato,
2889 2374 3119 2444 pietatis
3168 2373 3375 2427 habere
3427 2373 3692 2427 videntur

1989 2480 2241 2529 causam,
2287 2480 2400 2533 qua
2456 2463 2597 2517 illud
2654 2463 2905 2517 faciant:
2956 2463 3280 2533 signiticant
3334 2462 3490 2516 enim
3547 2478 3687 2532 quo-

1988 2554 2143 2607 niam
2179 2552 2273 2606 illo
2306 2551 2397 2605 die
2438 2554 2587 2606 Deus
2634 2552 2911 2623 requievit
2968 2553 3037 2605 ab
3096 2552 3363 2607 omnibus
3418 2551 3688 2621 operibus

1987 2642 2135 2706 suis;
2169 2642 2252 2693 vel
2284 2640 2642 2694 credentium
2693 2640 2977 2711 requiem,
3022 2656 3134 2710 qua
3195 2639 3510 2710 requieturi
3558 2645 3691 2692 sunt

1987 2729 2167 2783 sancti
2214 2729 2271 2781 in
2322 2729 2759 2790 resurrectione,
2807 2729 3045 2798 receptis
3100 2729 3438 2798 corporibus
3475 2733 3690 2781 aeterna

1989 2834 2116 2872 cum
2153 2818 2393 2872 Domino
2425 2819 2616 2888 quiete
2648 2817 2889 2870 fruituri.
2931 2816 3210 2871 Similiter
3239 2823 3297 2869 et
3345 2816 3427 2869 illi
3466 2816 3565 2887 qui
3600 2816 3686 2886 je-

1980 2909 2208 2977 junant,
2254 2907 2480 2976 pietatis
2537 2906 2751 2960 habent
2805 2922 3056 2970 causam,
3119 2922 3293 2975 quam
3342 2910 3684 2976 sequantur;

1920 3028 1958 3079 Ο
1990 2996 2261 3067 quoniam
2306 2996 2402 3048 illa
2448 2995 2539 3049 die
2578 3000 2814 3064 propter
2871 2999 3113 3046 mortem
3168 2994 3376 3048 Christi
3425 2993 3686 3063 discipuli

1987 3082 2364 3153 corporaliter
2420 3082 2735 3135 contristati
2798 3086 2948 3147 sunt,
3007 3097 3324 3151 eorumque
3391 3081 3685 3135 tristitiam

1988 3172 2199 3225 imitari
2234 3170 2794 3239 volentes,jejunant
2825 3169 3060 3239 quidam
3086 3169 3146 3222 in
3190 3170 3433 3224 Sabbato
3466 3170 3682 3223 tideles.

1986 3259 2094 3313 Alii
2129 3276 2259 3312 vero
2303 3276 2414 3312 non
2466 3260 2751 3329 jejunant,
2808 3265 2871 3312 ut
2930 3258 3202 3329 gaudium
3253 3259 3687 3312 resurrectionis

1991 3348 2299 3401 Dominicze
2332 3348 2697 3418 prandentes,
2732 3348 2881 3418 quod
2926 3348 3249 3401 habuerunt
3276 3347 3515 3418 apostoli
3570 3347 3689 3401 visa

1988 3437 2213 3491 Domini
2266 3437 2700 3503 resurrectione,
2787 3438 3197 3490 demonstrent.
3258 3436 3548 3506 Siquidem
3615 3436 3685 3489 ob

1986 3526 2369 3579 imitationem
2413 3525 2657 3579 tristitiae
2708 3524 3122 3595 discipulorum
3175 3526 3391 3578 cunctae
3435 3540 3538 3593 per
3589 3540 3685 3576 or-

1984 3615 2111 3668 bem
2146 3615 2407 3668 Ecclesize
2439 3631 2554 3667 uno
2612 3630 2716 3683 per
2773 3630 2987 3667 annum
3037 3614 3300 3675 Sabbato,
3353 3612 3503 3682 quod
3554 3628 3684 3665 san-

1984 3709 2137 3757 ctum
2172 3702 2441 3772 praecedit
2473 3703 2702 3768 Pascha,
2733 3702 3021 3771 jejunant,
3074 3702 3206 3755 licet
3253 3701 3378 3755 aliis
3429 3700 3687 3754 Sabbatis

1986 3790 2325 3860 praudeaut,
2354 3789 2470 3842 sive
2530 3806 2642 3842 non
2700 3790 3040 3858 prandeant.
3100 3792 3171 3843 At
3216 3806 3350 3843 vero
3409 3790 3683 3842 Romanis

1986 3879 2197 3949 placuit
2226 3878 2277 3931 id
2313 3876 2469 3931 omni
2497 3877 2740 3930 Sabbato
2767 3878 3082 3946 jejunaudo
3115 3876 3442 3941 memorari,
3478 3892 3685 3945 quem-

1985 3967 2294 4021 admodum
2326 3966 2484 4018 omni
2512 3965 2807 4019 Dominica
2841 3966 3270 4018 resurrectionis
3302 3964 3526 4018 Domini
3556 3980 3681 4017 me-

1987 4056 2170 4109 moria
2200 4055 2415 4108 cunctis
2447 4055 2516 4108 ab
2552 4053 2810 4107 Ecclesiis
2837 4054 3253 4123 frequentatur.

2057 4146 2197 4198 Cum
2250 4144 2425 4214 igitur
2474 4143 2700 4213 pietatis
2754 4158 2983 4196 causam
3038 4139 3291 4195 habeant
3352 4140 3680 4210 jejunantes

1988 4233 2042 4286 in
2073 4234 2339 4295 Sabbato,
2375 4238 2429 4286 et
2465 4233 2827 4302 prandentes,
2882 4248 2983 4285 cur
3030 4231 3087 4284 id
3132 4230 3358 4293 faciant,
3415 4236 3471 4282 et
3526 4230 3683 4282 nulla

1991 4321 2353 4391 reperiantur
2395 4328 2683 4392 praecepta
2738 4321 2874 4374 Novi
2943 4320 3305 4383 Testamenti,
3361 4317 3570 4388 quibus
3624 4316 3679 4369 id

1987 4411 2070 4462 vel
2107 4410 2492 4480 prwcipiatur,
2524 4411 2609 4462 vel
2663 4410 3053 4479 prohibeatur,
3108 4425 3221 4461 non
3268 4408 3436 4462 debet
3483 4408 3542 4460 in
3583 4407 3681 4460 Ec-

1985 4498 2171 4551 clesiis
2230 4498 2437 4552 Christi
2492 4498 2722 4567 gravior
2768 4498 2901 4552 hinc
2957 4497 3296 4567 discrepatio
3354 4496 3468 4548 ulla
3534 4494 3680 4562 ﬁeri,

1987 4586 2083 4638 sed
2115 4586 2171 4639 in
2194 4585 2431 4639 arbitrio
2482 4586 2929 4656 uniuscujusque
2983 4585 3230 4655 relinqui
3291 4584 3429 4654 quid
3491 4584 3682 4653 potius

1986 4674 2220 4744 eligant,
2274 4674 2555 4744 majorum
2604 4678 2798 4726 tamen
2848 4674 3245 4726 auctoritatem
3299 4688 3535 4725 suorum
3586 4688 3681 4725 se-

1985 4768 2245 4832 quentes,
2279 4768 2335 4813 et
2373 4778 2490 4814 sua:
2537 4761 3012 4814 consuetudinem
3062 4759 3340 4813 Ecclesia’.
3394 4758 3553 4822 Quod
3635 4759 3677 4811 si

1984 4851 2436 4904 considerassent
2476 4850 2800 4903 Graecorum
2850 4848 3247 4917 imperatores,
3297 4849 3513 4901 nullam
3548 4847 3681 4899 hinc

1988 4939 2295 4991 movissent
2316 4937 2808 5008 disceptationem,
2859 4938 2953 4989 sed
3003 4937 3320 4990 tenuissent
3358 4937 3465 4989 hoc
3523 4935 3675 5004 quod

1986 5027 2072 5079 sui
2101 5032 2336 5079 tenuere
2371 5028 2632 5095 majores.
2685 5028 2828 5081 Num
2883 5025 3084 5078 merito
3147 5026 3451 5095 quisquam
3512 5023 3681 5075 debet

1977 5115 2246 5185 judicari,
2280 5116 2434 5185 quod
2468 5114 2697 5184 pietatis
2746 5130 2916 5167 causa
2940 5113 3203 5183 jejunare
3234 5111 3494 5165 videtur?
3543 5115 3679 5163 sunt

1985 5203 2138 5257 enim
2170 5208 2224 5256 et
2252 5202 2349 5256 alii
2378 5202 2497 5256 dies
2520 5202 2728 5272 quibus
2773 5202 3064 5254 nonnullis
3112 5200 3369 5254 Ecclesiis
3405 5215 3504 5269 per
3560 5197 3677 5251 sin-

1984 5292 2145 5361 gulas
2175 5292 2562 5346 hebdomadas
2601 5290 2951 5345 consuetudo
3000 5294 3083 5343 est
3142 5287 3467 5359 jejunandi,
3532 5286 3681 5341 sicut.

1984 5385 2187 5450 quarta
2250 5387 2307 5435 et
2346 5386 2500 5434 sexta
2557 5380 2725 5445 feria;
2776 5384 2832 5433 et
2886 5377 3140 5433 redditur
3198 5392 3366 5429 causa
3417 5392 3518 5429 cur
3570 5376 3680 5430 hoc

1983 5469 2101 5535 tiat,
2135 5469 2280 5523 sicut
2323 5470 2403 5523 ait
2457 5469 2658 5523 beatus
2701 5468 3077 5539 Augustinus,
3127 5482 3194 5519 eo
3253 5465 3407 5535 quod
3469 5471 3673 5537 quarta

1984 5557 2125 5610 feria
2153 5558 2483 5629 congregati
2514 5563 2646 5611 sunt
2692 5556 2980 5629 principes
3021 5554 3400 5621 Judaerorum,
3432 5560 3488 5608 et
3545 5570 3684 5608 con-
