4086 6182
409 307 511 359 315

410 441 601 495 silium
636 439 890 493 inierunt
916 440 979 490 ut
1023 436 1214 489 .lesum
1265 435 1397 488 dolo
1453 440 1716 488 tenerent
1773 440 1830 488 et
1880 434 2102 488 occide-
2145 438 2190 485 Α
2219 431 2642 501 religiosorum,

411 535 556 585 rent.
597 529 765 584 Sexta
797 542 928 579 vero
975 525 1116 578 feria
1157 540 1290 577 eum
1349 522 1720 578 crucifixere:
1773 523 1842 578 de
1897 523 2106 593 quibus

412 619 490 672 sic
522 617 779 688 loquitur
808 615 984 684 (epist.
1022 613 1112 684 86)
1141 630 1152 666 :
1185 635 1210 662 ‹‹
1246 613 1359 667 Cur
1389 619 1581 667 autem
1614 617 1816 682 quarta
1872 618 1927 666 et
1954 617 2106 666 sexta

407 707 548 761 feria
583 708 828 758 maxime
853 705 1077 773 jejunet
1130 701 1390 763 Ecclesia,
1454 703 1552 755 illa
1609 707 1748 755 ratio
1808 701 1971 754 reddi
2031 701 2108 754 vi-

409 797 608 859 detur;
633 794 790 862 quod
820 791 1181 846 considerato
1216 790 1518 858 Evangelio
1558 790 1680 859 ipsa
1720 795 1922 859 quarta
1961 789 2107 844 Sab-

405 881 544 947 bati,
599 899 774 952 quam
827 884 996 951 vulgo
1053 884 1314 951 quartam
1377 880 1579 934 feriam
1634 885 1856 945 vocant,
1915 878 2106 932 conci-

405 972 548 1024 lium
582 972 952 1040 reperiuiitur
1002 970 1071 1024 ad
1109 969 1482 1022 occidendum
1545 968 1851 1021 Dominum
1910 967 2107 1021 fecisse

403 1061 606 1115 Judzei.
666 1060 998 1115 liitermisso
1055 1064 1247 1112 autem
1307 1073 1422 1110 uno
1485 1057 1598 1122 die,
1653 1057 1817 1126 cujus
1872 1073 2107 1127 vespera

410 1151 688 1204 Dominus
739 1150 954 1202 Pascha
1009 1163 1137 1201 cum
1192 1146 1484 1216 discipulis
1556 1146 1938 1208 manducavit,
2009 1145 2108 1215 qui

407 1238 539 1290 linis
574 1238 681 1291 fuit
710 1237 834 1306 ejus
853 1236 988 1300 diei,
1021 1252 1193 1306 quem
1222 1251 1492 1288 vocamus
1523 1234 1782 1304 quintam
1833 1233 2062 1288 Sabbati
2091 1250 2102 1286 :

405 1326 611 1379 deinde
638 1326 883 1379 traditus
923 1330 1006 1378 est
1063 1341 1128 1377 ea
1179 1329 1346 1377 nocte
1402 1341 1529 1394 quae
1581 1324 1700 1392 jam
1761 1324 1830 1376 ad
1893 1329 2106 1376 sextam

405 1414 654 1478 Sabbati,
715 1413 813 1484 qui
891 1413 1011 1467 dies
1070 1413 1346 1484 passionis
1405 1413 1528 1481 ejus
1586 1411 1920 1465 manifestus
1999 1416 2103 1478 est,

406 1503 750 1573 pertinebat.
780 1503 879 1557 llic
933 1503 1052 1555 dies
1093 1502 1312 1570 primus
1363 1517 1692 1570 azymorum
1733 1501 1856 1564 fuit,
1893 1518 1925 1553 a
1977 1517 2103 1553 ves-

406 1608 542 1659 pera
584 1591 884 1660 incipiens.
955 1590 1063 1644 Sed
1106 1590 1400 1643 Matthaius
1448 1589 1797 1658 evangelista
1843 1588 2105 1658 quintam

406 1679 636 1733 Sabbati
667 1679 802 1732 dicit
841 1679 1015 1732 fuisse
1069 1680 1317 1748 primum
1371 1678 1524 1731 diem
1588 1693 1938 1746 azymorum,
1993 1693 2106 1746 qua

406 1767 528 1834 ejus
587 1783 820 1836 vespera
868 1773 1276 1837 consequente,
1337 1767 1530 1820 futura
1582 1771 1705 1819 erat
1757 1782 1918 1819 coena
1975 1767 2104 1818 Pas-

406 1855 627 1908 chalis:
666 1871 779 1924 qua
818 1871 980 1909 creua
1023 1871 1292 1925 azynium
1353 1853 1666 1924 incipiebat
1718 1858 1773 1906 et
1828 1854 1946 1906 ovis
2002 1854 2103 1907 im-

403 1943 641 1997 molatio
677 1943 1013 1996 manducari
1043 1961 1055 1997 :
1094 1960 1158 1996 ex
1191 1960 1305 2013 quo
1338 1942 1626 2012 colligitur
1657 1947 1919 2012 quartam
1963 1943 2102 1997 Sab-

403 2032 522 2085 bati
557 2031 730 2084 fuisse
784 2031 1014 2101 quando
1075 2032 1155 2084 ait
1207 2032 1482 2084 Dominus
1523 2031 1742 2098 (Matth.
1785 2047 1933 2094 xxvr,
1992 2036 2024 2083 2
2055 2038 2104 2084 et

405 2120 543 2184 sed.)
581 2135 593 2171 :
647 2121 814 2174 Scitis
858 2121 989 2186 quia
1012 2123 1134 2187 post
1178 2111 1401 2173 biduum
1430 2120 1635 2173 Paseha
1673 2121 1788 2186 ﬁet,
1833 2125 1883 2173 et
1925 2119 2104 2173 Filius

409 2209 638 2260 hominis
673 2208 920 2261 tradetur
949 2213 1006 2261 ut
1064 2212 1432 2276 cruciﬁgatur.
1492 2210 1571 2262 Ac
1626 2225 1725 2277 per
1779 2209 1901 2274 hoc,
1960 2209 2104 2278 jeju-

409 2294 504 2347 nio
536 2295 654 2348 dies
705 2295 826 2364 ipse
864 2296 1168 2365 deputatus
1207 2304 1332 2350 est:
1377 2297 1511 2367 quia
1567 2298 1712 2351 sicut
1753 2297 2105 2366 evangelista

408 2383 668 2453 sequitur
729 2390 783 2437 et
842 2384 1025 2438 dicit:
1093 2385 1240 2439 Tunc
1295 2390 1606 2452 congregati
1651 2392 1776 2440 sunt
1827 2387 2103 2455 principes

407 2471 746 2526 sacerdotum
800 2477 851 2525 et
905 2475 1138 2526 seniores
1195 2477 1384 2542 populi
1439 2477 1498 2528 in
1567 2478 1770 2528 atrium
1831 2475 2104 2542 principis

406 2559 764 2624 sacerdotum,
797 2562 901 2628 qui
930 2559 1212 2613 dicebatur
1240 2561 1498 2628 Caiphas,
1545 2567 1596 2614 et
1641 2563 1924 2614 concilium
1958 2565 2100 2628 fece-

406 2653 534 2700 runt
583 2653 641 2701 ut
691 2649 884 2701 Jesum
949 2649 1068 2702 dolo
1123 2654 1359 2703 tenerent
1414 2657 1465 2703 et
1537 2651 1851 2704 occiderent.
1915 2653 2102 2704 Inter-

408 2735 581 2788 misso
629 2742 822 2788 autem
885 2752 998 2788 uno
1053 2737 1144 2790 die
1201 2737 1270 2790 de
1319 2753 1431 2807 quo
1487 2738 1625 2791 dicit
1678 2739 2044 2806 Evangelium
2087 2755 2099 2792 :

407 2827 590 2878 Prima
620 2831 796 2877 autem
841 2840 1154 2890 azymorum
1208 2833 1543 2880 accesserunt
1589 2827 1850 2894 discipuli
1895 2827 1970 2880 ad
2011 2826 2102 2879 Je-

406 2928 521 2966 sum
549 2914 782 2967 dicentes
816 2930 827 2966 :
869 2915 969 2968 Ubi
999 2916 1077 2966 vis
1118 2930 1371 2982 paremus
1423 2916 1526 2968 tibi
1561 2916 1828 2968 comedere
1894 2918 2103 2970 Pascha

408 3001 596 3067 (Ibid,
661 3003 765 3071 t7).
839 3003 952 3055 Hoc
1013 3018 1150 3071 ergo
1222 3003 1314 3056 die
1362 3005 1715 3064 intermisso.
1758 3021 1955 3074 passus
2017 3011 2103 3058 est

408 3090 706 3155 Dominus,
771 3092 921 3160 quod
979 3093 1169 3144 nullus
1221 3093 1463 3162 ambigit
1515 3093 1892 3160 Christianus,
1947 3101 2102 3147 sexta

407 3178 675 3233 Sabbati:
709 3186 1063 3250 quapropter
1103 3186 1158 3233 et
1199 3181 1323 3250 ipsa
1360 3187 1514 3234 sexta
1556 3187 1707 3236 recte
1749 3183 1972 3253 jejunio
2009 3183 2101 3236 de-

407 3273 657 3336 putatur.
719 3269 944 3337 Jejunia
1027 3269 1242 3339 quippe
1302 3269 1682 3323 humilitatem
1752 3272 2096 3340 signiﬁcant.

409 3355 558 3409 unde
588 3356 803 3408 dictum
837 3363 961 3410 est:
993 3360 1061 3411 Et
1109 3359 1464 3411 humiliabam
1510 3361 1567 3411 in
1606 3359 1818 3427 jejunio
1863 3363 2101 3414 animam

407 3460 578 3497 meam
610 3445 776 3510 (Psat.
815 3461 993 3512 xxxw,
1028 3446 1132 3512 l3).
1170 3468 1197 3494 »

482 3533 610 3585 Haec
648 3532 846 3586 beatus
876 3534 1228 3604 Augustinus
1263 3536 1332 3587 de
1359 3535 1582 3604 jejunio
1629 3542 1843 3605 quartae
1901 3541 2103 3590 sextae-

409 3636 521 3688 que
551 3621 704 3674 feriae
735 3621 928 3674 scribit
958 3623 1027 3676 ad
1060 3623 1405 3676 Casulanum
1447 3624 1866 3693 presbyterum,
1908 3631 2099 3678 osten-

410 3711 550 3761 dens
591 3710 880 3762 curfuerit
935 3710 1306 3764 institutum:
1369 3727 1472 3764 nec
1530 3718 1719 3766 tamen
1778 3713 1885 3766 hoc
1948 3714 2100 3782 jeju-

409 3796 590 3862 nium,
630 3798 783 3868 quod
818 3804 1022 3869 quarta
1079 3801 1194 3853 sive
1247 3807 1406 3854 sexta
1473 3801 1702 3856 Sabbati
1760 3803 2097 3867 celebratur,

409 3886 764 3941 abomnibus
816 3889 1074 3942 Ecclesiis
1131 3890 1218 3942 vel
1252 3890 1635 3944 Orientalibus
1693 3895 1778 3945 vel
1837 3893 2101 3945 Occiden-

407 3975 612 4029 talibus
634 3977 963 4046 peragitur;
989 3979 1089 4031 sed
1122 3996 1151 4030 a
1173 3979 1514 4048 quibusdam
1565 3981 1774 4049 quibus
1803 3981 1853 4032 id
1889 3980 2103 4048 placuit

408 4064 745 4117 observare:
783 4080 886 4116 nec
933 4071 1127 4118 tamen
1181 4074 1486 4135 propterea
1543 4068 1642 4136 qui
1687 4067 1954 4136 jejunant
2014 4069 2103 4120 liis

408 4151 609 4204 diebus
669 4151 1177 4218 reprehenduntur
1216 4153 1286 4206 ab
1345 4155 1426 4205 eis
1478 4155 1578 4223 qui
1631 4156 1935 4222 prandent,
2005 4157 2100 4208 sed

409 4243 566 4291 tenet
597 4254 953 4307 unaquaeque
1005 4241 1246 4293 Ecclesia
1302 4256 1518 4294 morem
1569 4259 1740 4311 quem
1789 4261 1822 4296 a
1870 4245 2100 4313 majori-

410 4325 516 4378 bus
545 4325 662 4377 suis
694 4327 958 4394 suscepit.
987 4327 1107 4390 Qua
1147 4328 1216 4380 de
1248 4344 1307 4380 re
1353 4329 1680 4383 mirandum
1727 4348 1828 4385 cur
1868 4349 1900 4384 a
1957 4334 2102 4386 Grai-

411 4417 489 4466 cis
510 4413 754 4467 Romani
787 4415 1203 4484 redarguantur
1231 4434 1404 4486 super
1428 4419 1652 4488 jejunio
1683 4420 1934 4487 Sabbati,
1972 4439 2100 4476 cum

411 4517 526 4554 non
563 4503 982 4573 redarguantur
1001 4505 1071 4558 ab
1097 4505 1177 4558 eis
1198 4507 1280 4560 vel
1323 4509 1686 4563 Alexandrini
1734 4517 1937 4579 quarta
1981 4529 2100 4565 sex-

411 4597 583 4660 taque
614 4591 753 4644 feria
779 4592 1126 4660 jejunantes,
1150 4596 1236 4648 vel
1255 4597 1464 4666 reliqui
1488 4614 1590 4668 per
1613 4599 1904 4653 Orientem
1947 4600 2104 4653 Cliri-

411 4679 581 4731 stiani
611 4695 624 4732 :
659 4697 785 4732 cum
819 4688 1038 4735 constet
1066 4685 1726 4755 Constantinopolitanos
1757 4695 1962 4758 quarta
1988 4691 2101 4742 sive

410 4772 565 4820 sexta
595 4768 824 4821 Sabbati
849 4775 909 4822 ut
932 4771 1199 4840 jejunent
1233 4773 1388 4826 nulla
1421 4775 1658 4843 lege_vel
1686 4777 2102 4830 consuetudine

407 4856 740 4926 constringi.

481 4947 544 4998 In
593 4946 781 4998 insula
830 4947 1155 5002 Britannica
1193 4951 1348 5002 omni
1403 4957 1556 5004 sexta
1601 4952 1829 5006 Sabbati
1875 4954 2102 5022 jejuna-

408 5039 522 5094 tur,
581 5050 684 5088 nec
736 5041 928 5088 tamen
985 5040 1513 5091 exconimunieatur
1561 5041 1630 5094 ab
1682 5042 1780 5108 eis,
1838 5043 1936 5112 qui
2003 5060 2103 5112 per

410 5123 770 5176 Occidentem
847 5125 944 5176 illo
1002 5125 1092 5176 die
1176 5143 1290 5179 non
1351 5128 1559 5180 habent
1625 5131 2098 5183 consuetudinem

403 5211 724 5278 jejunandi.
757 5213 1054 5266 Scotorum
1099 5215 1277 5274 natio.
1330 5217 1672 5285 Hyberniam
1720 5219 1967 5271 insulam
2015 5221 2098 5271 in-

409 5298 690 5364 habitans,
733 5303 1206 5355 consuetudinem
1238 5303 1405 5357 habet
1435 5321 1538 5373 per
1584 5309 1928 5359 monasteria
1978 5325 2099 5360 nio-

411 5386 745 5452 nachorum,
805 5405 904 5443 seu
966 5390 1398 5453 canonicorum,
1467 5393 1553 5446 vel
1622 5410 2101 5465 quorumcunque

480 5518 502 5542 ³
533 5511 784 5584 Natalem
814 5514 1019 5566 calicis.
1051 5515 1113 5566 In
1142 5513 1333 5566 codice
1380 5514 1716 5570 Sari-Germ.
1773 5519 1939 5584 longe
1997 5519 2098 5570 ali-

413 5582 499 5629 ter
528 5582 667 5633 :Cur
696 5584 888 5647 quinta
921 5585 1087 5648 feria,
1123 5585 1556 5639 Christianorum
1575 5592 1802 5655 putetur
1829 5582 1972 5653 festa
2002 5606 2100 5642 ea:-

1545 299 1910 354 ltATltAMNI
1956 291 2419 354 CORBEIENSIS
2464 293 2774 352 MONACHI
3337 251 3346 256 δ
3797 302 3886 351 διδ

2720 431 2878 484 omni
2929 437 3186 502 tempore
3245 435 3452 502 prater
3527 431 3884 495 Domiiiicam,

2215 521 2504 589 festosque
2527 520 2670 586 dies,
2711 517 2996 588 jejunare,
3038 531 3140 567 nec
3173 519 3284 572 nisi
3332 521 3417 574 vel
3453 519 3522 574 ad
3569 535 3778 572 nonam
3812 522 3887 573 vel

2216 605 2286 658 ad
2327 621 2619 676 vesperam
2655 605 2880 674 corpori
2925 605 3114 657 Cibum
3165 605 3512 673 indulgere:
3567 607 3639 659 ad
3699 623 3888 660 nonam

2216 695 2448 764 quidem
2489 701 2724 760 eestrvrs,
2783 695 2855 746 ad
2904 709 3199 762 vesperam
3243 710 3374 746 vero
3420 695 3619 746 diebus
3671 695 3890 763 hyema-

2217 783 2385 836 libus.
2445 783 2672 852 Hacque
2715 785 3128 835 consuetudine
3173 798 3306 835 cum
3358 785 3517 836 nulla
3554 785 3892 836 destiueatur

2215 871 2460 924 Ecclesia
2490 873 2577 924 vel
2609 873 3004 938 Uccidentalis,
3040 872 3124 924 vel
3167 871 3491 935 Orientalis,
3554 887 3672 923 non
3717 879 3890 922 tamen

2217 963 2303 1013 vel
2332 961 2895 1015 excommunicantur
2925 963 3010 1014 vel
3062 962 3564 1030 reprehenduntur
3607 960 3792 1012 taliter
3811 959 3892 1028 je-

2213 1050 2485 1118 junantes
2511 1053 2593 1104 eis
2621 1051 2720 1121 qui
2759 1051 3018 1104 mimime
3040 1051 3120 1104 sic
3145 1052 3432 1120 jejunant.

2291 1140 2514 1192 Dictum
2557 1148 2642 1193 est
2689 1141 2808 1210 jam
2866 1140 3129 1210 superius
3186 1145 3434 1208 quantus
3472 1137 3682 1207 jejunii
3725 1136 3894 1189 fervor

2217 1227 2484 1282 habuerit
2535 1230 2832 1282 credentes
2908 1229 2969 1280 in
3045 1228 3383 1282 Alexandria
3441 1243 3570 1280 cum
3659 1226 3890 1296 primum

2217 1319 2452 1387 creperit
2493 1319 2608 1371 illic
2669 1319 2990 1373 Christiana
3046 1318 3266 1386 religio.
3331 1317 3532 1370 Nullus
3588 1331 3742 1367 enim
3798 1316 3893 1365 sibi

2216 1409 2476 1460 sumebat
2514 1416 2646 1460 ante
2697 1408 2832 1460 solis
2887 1423 3145 1460 occasum
3201 1407 3420 1470 cibum,
3474 1407 3670 1473 plures
3718 1409 3890 1455 autem

2215 1505 2436 1565 quarta,
2497 1497 2760 1550 nonnulli
2825 1509 2982 1549 sexta
3045 1497 3277 1550 Sabbati
3329 1498 3519 1547 cibum
3583 1494 3889 1564 eapiebaiit,

2216 1601 2332 1637 non
2360 1592 2476 1638 tam
2507 1585 2942 1638 desiderabilem
2973 1589 3216 1654 corpori,
3261 1602 3434 1655 quam
3467 1582 3845 1636 necessarium
3879 1567 3928 1634 ε’

2216 1682 2273 1728 et
2337 1683 2455 1728 tam
2532 1684 2741 1746 praeter
2816 1676 3171 1745 reliquorum
3256 1691 3470 1726 morem
3553 1671 3891 1724 credentium

2207 1763 2536 1834 jejunantes
2583 1782 2698 1818 non
2746 1769 3406 1827 excommunicabaiitur,
3455 1765 3538 1814 vel
3599 1769 3887 1828 redargue-

2216 1854 2424 1906 bantur
2478 1853 2549 1906 ab
2593 1854 2695 1918 eis,
2756 1853 2966 1922 quibus
3017 1852 3313 1922 jejunandi
3377 1849 3734 1904 consuetudo
3791 1863 3895 1900 non

2215 1942 2321 1994 ista
2363 1944 2648 1995 manebat.
2710 1943 2772 1994 Et
2815 1958 2941 1994 ecce
2989 1945 3417 2009 redarguuntur
3469 1938 3711 1992 Romani
3761 1938 3894 2007 jeju-

2217 2038 2412 2083 iiantes
2471 2032 2527 2083 in
2595 2031 2842 2083 Sabbaio
2902 2031 2986 2083 vel
3056 2040 3292 2099 propter
3343 2029 3680 2082 memoriam
3725 2027 3896 2096 sepul-

2215 2124 2357 2171 turae
2406 2118 2732 2184 Dominicze,
2798 2120 2880 2171 vel
2961 2119 3032 2172 ob
3107 2120 3516 2187 discipulorum
3579 2118 3649 2170 de
3730 2122 3898 2168 morte

2215 2207 2446 2260 Domini
2488 2207 2798 2272 tristitiam,
2834 2208 2916 2260 vel
2968 2207 3120 2276 quod
3170 2208 3458 2276 principes
3518 2205 3895 2276 apostolorum

2215 2297 2312 2348 illo
2344 2297 2435 2349 die
2476 2297 2766 2366 jejunasse
2817 2297 3121 2348 traduntur
3160 2298 3427 2348 adversus
3478 2294 3728 2348 Simonis
3761 2308 3898 2360 prie-

2215 2383 2380 2452 stigia
2424 2385 2820 2454 fallaciainque
2871 2385 3201 2454 pugnaturi,
3251 2394 3401 2436 Certe
3451 2389 3651 2435 contra
3717 2382 3897 2434 diabo-

2216 2474 2333 2524 lum
2395 2473 2745 2542 Neronisque
2825 2472 3112 2525 vesaniam
3203 2470 3550 2525 dimicaturi.
3637 2469 3894 2532 Quintam

2214 2577 2442 2631 quoque
2501 2562 2727 2614 Sabbati
2760 2562 3052 2614 nonnullis
3104 2567 3190 2614 est
3245 2560 3602 2614 consuetudo
3663 2574 3895 2618 servare,

2216 2666 2286 2702 ne.
2316 2651 2374 2702 in
2409 2650 2503 2703 illo
2542 2651 2631 2704 die
2664 2650 2950 2720 jejunent,
3013 2649 3502 2720 quemadmodum
3542 2664 3645 2701 nec
3693 2649 3750 2700 iii
3800 2649 3896 2700 Do-

2215 2739 2440 2792 minica.

2283 2828 2707 2898 Approbatlioc
2745 2828 3043 2893 Eusebius,
3087 2829 3448 2886 Caesariensis
3501 2827 3802 2896 episcopus
3848 2825 3898 2876 iii

2213 2916 2378 2982 libro,
2420 2932 2592 2985 quem
2620 2917 2688 2969 de
2719 2917 2900 2970 (“uestis
2929 2918 3180 2970 Silvestri
3229 2933 3390 2987 papae
3438 2915 3782 2984 composuit,
3829 2915 3899 2964 ila

2162 3005 2446 3082 :dicens:
2505 3027 2524 3053 ι
2581 3007 2644 3057 Et
2690 3005 2770 3057 ait
2818 3022 2965 3076 papa
3011 3006 3311 3059 Silvester:
3369 3006 3623 3058 Natalem
3665 3003 3850 3056 calicis
3880 3010 3901 3031 ⁸

2210 3093 2477 3146 similiter
2529 3098 2589 3144 ut
2649 3092 2834 3146 dicem
2895 3093 3257 3146 Dominicum
3313 3093 3629 3145 solemnem
3702 3089 3899 3142 habere

2211 3183 2501 3243 debemus,
2562 3183 2620 3234 in
2688 3198 2802 3251 quo
2862 3182 3204 3235 sacriliciuni
3282 3181 3564 3236 Dominici
3656 3179 3900 3248 corporis

2210 3277 2264 3324 et
2291 3271 2470 3324 divini
2524 3270 2822 3339 sanguinis
2880 3271 2949 3324 ab
3007 3271 3132 3338 ipso
3194 3271 3433 3323 Domino
3501 3267 3900 3322 celebrationis

2211 3359 2452 3429 sumpsit
2507 3359 2762 3412 initium.
2836 3362 2948 3413 Hac
3015 3360 3106 3412 die
3142 3358 3200 3411 in
3263 3365 3382 3411 toto
3448 3359 3585 3410 orbe
3646 3361 3898 3410 sanctum

2209 3448 2459 3500 chrisma
2511 3448 2862 3502 coniicitur:
2915 3449 3021 3501 hac
3091 3447 3262 3500 etiam
3323 3447 3414 3500 die
3497 3445 3900 3516 paenitentibus

2211 3551 2313 3606 per
2364 3535 2786 3605 indulgentiam
2851 3536 3228 3605 subvenitur;
3293 3537 3581 3589 discordes
3639 3537 3712 3588 ad
3773 3550 3899 3586 coii-

2210 3624 2460 3678 cordiam
2494 3627 2598 3677 liac
2652 3626 2742 3678 die
2800 3626 3061 3685 redeunt,
3120 3625 3490 3694 paciﬁcantur
3547 3625 3715 3689 irati;
3773 3624 3901 3676 dant

2209 3712 2626 3782 indulgentiam
2656 3713 2941 3782 principes
2985 3713 3335 3776 criminosis;
3372 3713 3549 3765 servis
3598 3712 3768 3764 malis
3815 3712 3899 3762 in-

2210 3801 2450 3869 dulgent
2487 3801 2733 3866 domini;
2771 3802 2995 3870 judices
3043 3803 3216 3854 etiam
3273 3802 3592 3854 latronibus
3641 3807 3899 3871 parcunt,

2210 3894 2508 3958 patescunt
2545 3907 2793 3942 carceres
2844 3890 2905 3942 in
2959 3895 3078 3944 toto
3128 3890 3286 3942 orbe.
3340 3889 3454 3942 Hac
3501 3889 3593 3942 die
3643 3889 3713 3942 ad
3762 3887 3898 3941 laeti-

2211 3977 2349 4030 tiam
2403 3977 2724 4030 festivitatis
2783 3984 2992 4031 exeunt
3021 3980 3120 4048 qui
3161 3995 3218 4031 se
3265 3979 3615 4041 clauserunt,
3671 3979 3902 4047 propter

2213 4066 2598 4119 austeritatem
2638 4067 2938 4136 culparum
2983 4069 3188 4130 ilendo,
3239 4067 3389 4136 quod
3442 4066 3680 4119 ridendo
3741 4066 3898 4127 forte,

2211 4159 2310 4206 aut
2362 4154 2676 4221 irascendo,
2733 4161 2830 4208 aut
2885 4156 3010 4208 aliis
3061 4156 3413 4225 quibuslibet
3484 4155 3672 4208 modis
3722 4159 3896 4206 trans-

2211 4243 2528 4310 grediendo
2604 4245 2960 4298 commisere.
3029 4244 3154 4298 l-liec
3213 4250 3269 4296 et
3325 4244 3415 4297 liis
3471 4243 3690 4296 similia
3724 4243 3895 4294 multa

2144 4328 2433 4385 Ddicente
2485 4335 2677 4385 sancto
2733 4335 2996 4387 Silvestro
3053 4333 3380 4402 conquievit
3428 4332 3617 4384 omnis
3677 4336 3900 4383 contra-

2213 4420 2402 4485 dictio,
2469 4437 2638 4490 quain
2698 4423 2871 4474 Graeci
2937 4420 3404 4474 Cliristiaiiissimi
3474 4427 3528 4473 et
3587 4420 3748 4472 docti
3802 4418 3902 4470 viri

2213 4509 2542 4578 opposui‘se
2594 4509 2898 4562 memorati
2981 4517 3134 4576 sunt,
3191 4511 3499 4562 dicentes:
3571 4509 3712 4560 Vere
3774 4524 3902 4575 apo-

2212 4598 2406 4651 stolica
2439 4598 2600 4651 sedes
2631 4598 2790 4650 hoca
2832 4600 2998 4651 Petro
3045 4599 3258 4663 didicit,
3299 4599 3450 4666 quod
3505 4598 3662 4650 nulla
3726 4598 3906 4666 potest

2212 4687 2432 4740 ratione
2490 4687 2820 4740 convinci.»
2900 4687 2954 4740 Si
2999 4688 3067 4740 de
3148 4687 3239 4740 die
3292 4685 3523 4740 Sabbati
3573 4685 3903 4754 judicantur

2213 4774 2457 4828 Romani
2499 4775 2653 4844 quod
2705 4776 2972 4844 jejunent
3002 4775 3058 4827 in
3110 4794 3198 4841 eo,
3258 4790 3360 4827 cur
3419 4791 3529 4826 non
3574 4774 3908 4841 jiidicantur

2213 4864 2311 4934 qui
2346 4865 2613 4932 jejunant
2645 4864 2846 4933 quinta
2887 4864 3145 4928 Sabbati;
3181 4870 3277 4915 aut
3315 4880 3418 4915 cur
3457 4863 3722 4914 moderni
3752 4863 3905 4915 Grai-

2211 4969 2410 5005 coriini
2451 4953 2568 5004 suis
2600 4953 2911 5021 majoribus
2967 4953 3245 5005 doctiores
3277 4953 3520 5004 existere
3572 4951 3823 5010 malunt,
3851 4951 3909 4999 ut

2211 5042 2361 5109 quod
2396 5040 2479 5092 illi
2519 5045 2878 5108 receperunt,
2911 5047 2969 5092 et
2999 5040 3189 5108 dignis
3242 5040 3504 5092 laudibus
3553 5037 3906 5097 extulerunt,

2212 5129 2314 5181 lioc
2347 5129 2439 5181 isti
2471 5129 2893 5196 reprehendere
2921 5133 3179 5196 quaerant
3213 5143 3224 5179 :
3264 5144 3378 5180 non
3420 5128 3573 5179 enim
3620 5127 3713 5178 vel
3779 5123 3906 5177 reli-

2211 5217 2501 5285 giosiores,
2533 5219 2616 5269 vel
2681 5216 2964 5268 doctiores
3021 5219 3101 5268 eis
3143 5217 3618 5285 comprobantur;
3681 5214 3911 5267 videant

2212 5323 2280 5358 ne
2321 5307 2556 5358 fortasse
2615 5305 3008 5358 insolentiores
3050 5305 3564 5374 reprehendantur.
3591 5304 3707 5356 Cur
3755 5301 3905 5355 enim

2210 5411 2313 5466 per
2346 5401 2431 5448 tot
2463 5396 2668 5448 saecula
2700 5396 2850 5465 quod
2909 5411 3037 5447 cum
3090 5412 3227 5465 pace
3277 5395 3597 5447 Christiana
3643 5393 3909 5445 observa-

2211 5519 2378 5581 clurti,
2435 5521 2492 5570 in
2540 5535 2644 5587 quo
2691 5517 2927 5571 ascensio
2957 5520 3174 5572 Domini
3229 5521 3428 5571 constet
3481 5518 3749 5586 apostolis
3801 5527 3908 5566 csse

2211 5589 2485 5643 revelata?
2513 5589 2578 5642 In
2611 5590 2710 5642 hac
2741 5593 2904 5641 etiam
2935 5589 3024 5641 die
3055 5591 3404 5653 sacriﬁcium,
3449 5596 3556 5640 etc.
