4086 6182
231 333 332 384 317

1231 332 1505 389 CONTRA
1549 333 1943 388 GRxECUItUM
1996 335 2344 390 Ol’POSlTA.
2375 365 2439 372 —
2469 335 2599 390 LIB.
2651 336 2740 389 ιν.

3633 343 3734 395 318

233 473 354 522 turn
396 473 499 533 est,
542 485 698 522 nunc
737 467 954 539 portari
997 485 1112 522 non
1152 474 1357 538 potest,
1395 487 1591 524 verum
1635 472 1921 525 moliendo
1961 475 2006 526 Α
2039 477 2166 527 ante
2217 475 2430 528 Pascha
2475 472 2895 543 jejunantibus;
2938 471 3067 525 aliis
3118 479 3247 528 ante
3299 493 3393 530 sex
3455 477 3729 548 septima-

230 558 714 612 contradictiones
744 558 802 611 in
851 557 1145 612 discordiae
1183 559 1510 613 scandalum
1551 561 1881 629 congeritur
1912 577 1926 615 :

232 663 302 700 an
363 648 504 700 adeo
549 647 959 716 imprudentiae
1011 648 1260 700 tenebris
1310 654 1441 702 sunt
1497 649 1761 715 involuti,
1817 667 1930 720 quo

232 740 438 806 putent
480 737 751 789 Ecclesias
793 735 999 789 Christi
1059 736 1428 790 insolentium
1483 738 1930 808 reprehensione

231 826 375 878 velle
429 831 672 890 mutare,
737 825 884 894 quod
940 825 1271 879 inconcusse
1341 843 1442 897 per
1504 828 1681 880 multa
1728 828 1934 881 saecula

230 915 570 967 servavere?

301 1002 664 1066 Melchiades,
719 1003 990 1056 Romanae
1047 1003 1194 1056 sedis
1249 1005 1598 1074 apostolicus
1661 1023 1694 1058 a
1763 1007 1931 1059 Petro

233 1093 494 1160 apostolo
541 1092 868 1161 trigesimus
919 1093 1138 1157 tertius,
1184 1093 1251 1145 de
1297 1093 1498 1162 quinta
1535 1094 1933 1148 Sabbaticon—

231 1180 436 1244 stituit,
491 1185 552 1232 ut
596 1181 751 1232 nulla
802 1180 1040 1243 ratione,
1097 1181 1408 1249 Dominica,
1459 1188 1559 1235 aut
1607 1184 1808 1252 quinta
1853 1183 1932 1236 fe-

233 1268 317 1321 ria
340 1268 632 1338 jejunium
665 1270 794 1338 quis
843 1270 910 1322 de
956 1269 1221 1322 ﬁdelibus
1261 1277 1486 1338 ageret;
1533 1271 1806 1341 quoniam
1839 1288 1934 1325 eos

232 1356 353 1409 dies
407 1356 620 1424 pagani
688 1357 849 1424 quasi
917 1373 1074 1409 sacro
1125 1357 1350 1426 jejunio
1408 1359 1792 1412 celebrabant.
1862 1360 1935 1414 Et

231 1447 496 1514 quamvis
530 1447 715 1515 potior
743 1445 841 1497 illa
873 1447 1014 1497 ratio
1047 1445 1304 1498 videatur
1331 1463 1452 1499 esse
1483 1447 1550 1499 de
1587 1448 1700 1501 diei
1739 1449 1931 1502 Domi-

231 1534 348 1587 nici
391 1533 701 1603 pransione
748 1550 920 1603 quam
953 1534 1141 1586 omnis
1176 1539 1330 1587 tenet
1375 1536 1639 1602 Ecclesia,
1689 1537 1932 1607 quodin

232 1638 302 1675 ea
331 1622 599 1675 videlicet
627 1621 880 1675 Christus
921 1638 954 1675 a
994 1623 1236 1675 mortuis
1267 1625 1663 1693 resurrexerit,
1694 1631 1749 1679 et
1779 1625 1932 1695 quod

229 1711 414 1770 futuri
446 1710 637 1763 saeculi
671 1711 895 1780 requies
925 1727 1024 1780 per
1051 1727 1176 1763 eam
1198 1711 1557 1778 signiﬁcatur
1587 1729 1599 1766 :
1633 1713 1702 1766 de
1731 1715 1934 1784 quinta

233 1815 468 1869 quoque
507 1799 760 1863 Sabbati,
807 1815 978 1868 quam
1017 1799 1215 1852 beatus
1254 1800 1518 1854 Silvester
1546 1818 1675 1856 cum
1725 1803 1933 1857 Cra-cis

232 1889 536 1958 disputans
586 1887 853 1952 reddidit,
902 1903 1017 1940 non
1068 1893 1154 1940 est
1205 1894 1396 1942 tamen
1448 1891 1933 1945 contemnendum

233 1978 389 2047 quod
447 1976 786 2029 Melchiades
830 1975 1121 2029 Romanus
1165 1977 1467 2046 episcopus
1520 1979 1766 2032 edocuit.
1830 1979 1932 2032 Pa-

233 2081 521 2136 ganorum
554 2064 766 2117 etenim
792 2065 1015 2134 jejunia
1047 2066 1341 2119 destruere
1375 2067 1562 2134 potius
1602 2084 1774 2137 quam
1798 2068 1934 2121 imi-

232 2156 342 2206 tari
383 2153 555 2206 debet
593 2153 836 2206 Ecclesia
874 2154 1169 2219 catholica,
1214 2155 1708 2224 quemadmodum
1771 2157 1932 2209 festi-

237 2245 441 2295 vitates
483 2258 685 2294 eorum
731 2242 1044 2307 universas,
1086 2243 1144 2294 in
1180 2244 1389 2312 quibus
1429 2245 1621 2314 potius
1658 2246 1934 2299 dmmoni-

233 2331 342 2384 bus
373 2348 548 2400 quam
583 2333 696 2383 Deo
749 2346 878 2383 vero
918 2331 1175 2383 noscitur
1204 2331 1498 2386 deserviri.
1537 2334 1600 2386 Et
1630 2334 1759 2387 ideo
1791 2351 1933 2387 con-

233 2419 535 2472 venienter
561 2419 859 2471 deﬁnitum
891 2425 946 2471 et
988 2419 1100 2472 illis
1146 2419 1346 2473 diebus
1375 2437 1407 2472 a
1457 2421 1791 2475 Christianis
1825 2439 1936 2476 non

233 2525 360 2562 esse
397 2508 800 2578 jejunandum,
867 2507 1076 2578 quibus
1128 2508 1338 2577 pagani
1375 2510 1642 2580 jejunare
1690 2528 1931 2564 noscun-

231 2603 359 2663 tur;
418 2614 488 2650 ne
531 2597 640 2665 piae
685 2597 1120 2649 sanctimoniam
1171 2598 1468 2667 religionis
1520 2601 1805 2653 maculare
1852 2600 1934 2653 vi-

233 2687 443 2740 deatur
487 2684 814 2753 superstitio
857 2685 1199 2738 daamoniaci
1249 2687 1454 2740 cultus.
1498 2691 1766 2741 Attamen
1804 2704 1936 2742 cum

234 2775 432 2844 prima
464 2773 694 2826 Sabbati
725 2773 798 2826 sit
826 2773 1094 2826 omnibus
1134 2773 1473 2828 Christianis
1511 2777 1792 2845 generalis
1833 2778 1935 2829 ob-

234 2861 548 2925 servantia,
581 2877 695 2914 non
737 2861 1061 2929 jejunandi,
1099 2862 1359 2932 quintam
1393 2862 1620 2917 Sabbati
1671 2881 1787 2917 non
1819 2881 1938 2917 om-

233 2951 411 3004 nibus
451 2950 751 3002 observare
806 2966 926 3002 mos
966 2955 1068 3015 est,
1112 2950 1375 3019 pluribus
1403 2950 1483 3019 ,in
1533 2969 1599 3004 eo
1647 2953 1738 3005 die
1786 2952 1934 3022 jeju-

237 3039 536 3101 nantibus,
627 3039 876 3090 maxime
934 3039 1384 3108 Quadragesima
1459 3040 1749 3110 paschali;
1834 3057 1936 3093 nec

232 3134 436 3181 tamen
494 3127 567 3180 ob
619 3128 726 3180 hoc
765 3127 882 3180 ulla
935 3127 1001 3181 ﬁt
1063 3127 1213 3180 inter
1263 3128 1536 3181 Ecclesias
1595 3129 1800 3182 Christi
1854 3129 1936 3182 di-

235 3216 547 3286 sceptatio,
595 3216 954 3269 servantibus
1002 3216 1243 3285 singulis
1283 3233 1454 3287 quam
1497 3224 1870 3286 susceperunt
1907 3234 1940 3270 a

237 3305 565 3373 majoribus
597 3304 714 3356 suis
749 3304 1050 3373 jejunandi
1084 3306 1172 3358 vel
1213 3305 1532 3375 prandendi
1569 3305 1934 3358 consuetudi-

238 3410 398 3447 nem.
467 3394 583 3446 lloc
640 3391 686 3444 si
753 3393 966 3446 vellent
1023 3394 1347 3446 Graecorum
1415 3395 1700 3464 principes
1756 3400 1938 3447 atten-

235 3483 398 3546 dere,
451 3497 566 3534 non
622 3488 737 3533 tam
776 3481 977 3534 leviter
1014 3481 1502 3558 reprehenderent
1553 3482 1780 3536 Latinos
1824 3482 1939 3534 sive

238 3572 535 3624 Romanos
559 3569 802 3624 Sabbato
839 3571 1188 3639 jejunantes,
1232 3571 1328 3624 sed
1368 3588 1469 3623 sua
1507 3572 1760 3624 contenti
1804 3586 1942 3623 con-

238 3659 575 3723 suetudine,
634 3657 982 3712 mirarentur
1054 3659 1330 3728 Reginam
1388 3660 1650 3712 assistere
1718 3659 1940 3713 Christo

240 3750 304 3802 in
366 3749 571 3800 vesritu
613 3748 906 3815 deaurato,
961 3748 1444 3800 circumamictam
1496 3750 1786 3814 varietate,
1839 3763 1942 3799 nec

240 3837 420 3890 certis
471 3836 686 3906 regulis
762 3841 1105 3890 conarentur
1169 3836 1374 3903 addici,
1437 3836 1508 3890 de
1571 3853 1684 3906 quo
1723 3835 1940 3888 nullam

241 3927 462 3979 habent
514 3932 630 3977 tam
694 3925 1217 3978 Nov1Testamenti
1269 3942 1440 3996 quam
1491 3925 1706 3979 Veteris
1746 3930 1940 3978 aucto-

241 4015 503 4068 ritatem.

922 4119 1146 4173 CAPUT
1187 4120 1275 4173 ιν.

241 4245 499 4306 Romani,
551 4241 697 4308 quod
748 4244 1054 4296 Graecorum
1103 4258 1248 4296 more
1296 4244 1788 4308 Quadrugeaimum
1840 4260 1946 4296 non

323 4315 617 4375 observent,
684 4314 1110 4378 redarguuntur.
1181 4317 1351 4378 Quam
1416 4315 1479 4367 ob
1527 4330 1749 4366 causam
1814 4330 1944 4381 quu-

324 4369 828 4448 drugintu'dierum
849 4369 1131 4451 jejunium
1171 4369 1296 4437 ante
1325 4387 1551 4438 Pascha.
1611 4387 1772 4438 Varie
1820 4369 1939 4436 ilco.

2052 4376 2106 4423 et
2161 4369 2541 4432 consuetudo;

323 4455 684 4507 (Iamidarum
762 4465 1035 4506 nume-rus
1093 4461 1360 4508 servatur.
1445 4457 1621 4519 Quare
1695 4457 1945 4508 nonnulli

321 4525 746 4579 Occidentalium
786 4527 1019 4591 triginta
1061 4540 1156 4578 sea:
1196 4526 1310 4578 dies
1346 4525 1622 4594 jejununt.
1681 4527 1942 4591 Quadra-

320 4599 552 4661 gesimus
577 4596 786 4648 dierum
818 4611 1070 4648 numerus
1099 4598 1424 4664 explicatur.

320 4719 700 4770 Transeamus
739 4719 856 4787 jam
899 4719 966 4771 ad
1009 4718 1147 4771 illud
1194 4719 1343 4789 quod
1387 4719 1455 4773 de
1497 4719 1944 4789 Quadragesima

236 4807 498 4877 paschali
548 4813 829 4859 conantur
867 4807 1231 4876 redarguere,
1289 4808 1560 4876 dicentes,
1609 4809 1764 4878 quod
1824 4824 1941 4861 non

231 4894 574 4964 jejunemus
609 4895 754 4946 sicut
798 4895 878 4947 illi
919 4901 1042 4947 octo
1079 4895 1466 4949 hebdomadas
1506 4903 1636 4950 ante
1666 4898 1879 4949 Pascha
1910 4913 1943 4948 a

237 4985 532 5048 carnium,
578 4988 633 5035 et
668 4990 884 5052 septeni
933 4983 1384 5037 hebdomadibus
1426 5001 1458 5037 a
1508 4987 1654 5038 casei
1693 4991 1748 5038 et
1801 5002 1940 5038 ovo-

237 5088 373 5124 rum
409 5087 510 5124 esu
544 5087 647 5123 suo
681 5087 840 5123 more
878 5089 995 5124 non
1034 5089 1341 5125 cessamus.
1384 5073 1472 5126 Sic
1518 5073 1625 5126 ista
1666 5074 1937 5141 dicentes,

237 5167 518 5229 tanquam
549 5160 694 5212 hanc
725 5161 955 5212 illorum
999 5162 1471 5214 consuetudinem
1505 5179 1703 5215 omnes
1735 5163 1940 5217 Orien-

236 5251 384 5302 tales
450 5256 508 5301 et
567 5249 975 5314 Occidentales,
1045 5255 1254 5317 praeter
1314 5251 1619 5313 Romanos,
1677 5251 1941 5304 Ecclesia:

241 5342 632 5390 conservent:
695 5337 1166 5406 quandoquidem
1229 5343 1344 5390 tam
1427 5339 1481 5390 in
1553 5339 1942 5393 Orientalibus

239 5443 415 5496 quam
480 5426 540 5478 in
601 5425 1056 5480 Occidentalibus
1106 5427 1362 5480 Ecclesiis
1410 5430 1590 5480 multa
1649 5427 1943 5481 diversitas

242 5515 596 5578 inveniatur,
643 5515 782 5566 sicut
838 5514 958 5583 jam
1007 5514 1272 5583 superius
1320 5520 1613 5568 ostensum
1659 5522 1763 5581 est,
1817 5517 1943 5569 aliis

245 5617 345 5655 sex
401 5601 880 5667 hebdomadibus,
945 5605 1156 5672 praeter
1240 5602 1618 5669 Dominicam,
1687 5604 1943 5658 Ecclesiis

1971 1771 2014 1825 B

1978 3069 2017 3122 C

2035 579 2171 629 nas;
2234 563 2360 616 aliis
2427 569 2556 616 ante
2616 567 2833 630 septem
2877 563 3108 616 Paschee
3169 564 3520 633 septimanas
3580 567 3730 636 jeju-

2037 652 2197 706 nium
2237 651 2684 705 inchoantibus:
2737 651 2792 703 id
2845 655 2946 713 est,
2992 652 3223 720 quidam
3278 652 3567 721 jejunium
3627 657 3730 708 Pa-

2037 742 2226 794 schale
2259 742 2531 794 inchoant
2561 746 2713 793 sexta
2744 739 3102 792 hebdomade
3149 745 3279 792 ante
3320 741 3552 804 Pascha,
3586 758 3730 795 non-

2039 829 2181 884 nulli
2212 830 2475 900 septima,
2507 831 2696 896 plures
2736 835 2959 894 octava;
3000 829 3395 897 superaddunt
3435 830 3606 883 etiam
3638 831 3735 884 alii

2041 935 2273 973 nonatn.

2111 1007 2348 1060 Videant
2393 1006 2569 1076 igitur
2616 1005 2708 1059 isti
2771 1005 3215 1076 reprehensores
3273 1020 3417 1074 quos
3483 1002 3731 1056 habeant

2037 1097 2123 1149 vel
2173 1095 2409 1148 comites
2459 1095 2542 1148 vel
2596 1094 2926 1148 imitatores.
2985 1093 3239 1164 Denique
3283 1108 3411 1145 cum
3462 1090 3733 1145 Romanis

2043 1201 2158 1238 non
2216 1187 2551 1248 consonant,
2622 1183 2720 1252 qui
2787 1199 2884 1235 sex
2941 1181 3326 1234 hebdomadas
3375 1181 3735 1233 continenter

2041 1279 2170 1324 ante
2247 1273 2458 1324 Pascha
2516 1277 2721 1340 praeter
2780 1269 3136 1322 Dominicam
3190 1270 3489 1337 jejuuaut;
3546 1282 3734 1336 neque

2041 1378 2168 1414 cum
2204 1361 2284 1413 eis
2311 1359 2408 1429 qui
2443 1359 2682 1428 septima
2721 1358 3076 1412 hebdomada
3102 1358 3389 1427 jejunium
3423 1357 3730 1410 inchoant:

2041 1450 2507 1518 quandoquidem
2568 1448 2660 1500 isti
2711 1447 2811 1500 illa
2874 1463 2932 1500 se
2998 1446 3196 1499 dicunt
3253 1444 3613 1498 hebdomada
3664 1445 3736 1497 ab

2041 1540 2163 1592 ovis
2228 1547 2282 1590 et
2343 1553 2506 1590 caseo
2573 1537 2892 1601 continere,
2957 1535 3265 1604 perfectam
3329 1551 3460 1586 vero
3526 1531 3737 1601 jejunii

2039 1627 2300 1680 nondum
2368 1626 2790 1678 observantiam
2866 1624 3202 1694 suscepisse,
3284 1621 3441 1693 quod
3520 1621 3738 1674 faciunt

2043 1715 2125 1768 illi
2176 1714 2278 1785 qui
2317 1719 2533 1784 septem
2583 1713 2967 1767 hebdomadas
3001 1712 3222 1782 jejunio
3268 1711 3524 1765 Paschali
3573 1709 3737 1763 dedi-

2043 1820 2261 1858 cavere.

2119 1893 2322 1946 Dicunt
2362 1891 2534 1944 etiam
2583 1890 2694 1957 isti,
2735 1890 2888 1962 quod
2935 1894 3060 1943 octo
3112 1887 3568 1942 hebdomadibus
3606 1890 3736 1939 ante

2043 1981 2256 2035 Pascha
2285 1980 2550 2033 carnibus
2580 1979 2920 2045 abstineant,
2951 1978 3158 2049 jejunii
3197 1977 3285 2030 sui
3324 1993 3440 2030 non
3484 1976 3733 2045 plenam,

2044 2070 2143 2123 sed
2201 2068 2559 2122 dimidiatam
2617 2068 3031 2121 continentiam
3075 2071 3339 2137 agentes;
3377 2065 3528 2117 unde
3571 2065 3737 2132 longe

2044 2158 2190 2211 ﬁunt
2214 2158 2285 2210 ob
2319 2157 2399 2210 eis
2439 2157 2537 2226 qui
2580 2157 2656 2209 sic
2685 2161 2879 2209 octava
2916 2155 3278 2208 hebdomada
3313 2152 3603 2223 jejunium
3647 2151 3736 2203 in-

2043 2250 2271 2312 choant,
2334 2251 2397 2300 ut
2454 2245 2593 2298 nihil
2633 2246 2701 2298 de
2765 2243 3132 2297 continentiae
3195 2244 3463 2295 varietate
3514 2255 3740 2309 permu-

2044 2342 2184 2389 tent.
2227 2337 2351 2389 Jam
2391 2351 2523 2387 vero
2565 2349 2694 2386 cum
2742 2332 2854 2386 illis
2905 2332 3003 2402 qui
3045 2348 3249 2384 novem
3281 2327 3739 2384 hebdomadibus

2044 2424 2355 2494 jejunando
2420 2423 2690 2476 Paschale
2765 2428 2990 2490 tempus
3065 2420 3446 2491 praeveniunt,
3522 2418 3739 2469 nullam

2047 2514 2137 2566 isti
2168 2514 2432 2566 videntur
2468 2512 2679 2564 habere
2715 2509 3226 2574 communionem;
3267 2503 3739 2577 quandoquidem

2043 2602 2104 2654 in
2136 2617 2287 2652 noua
2317 2599 2674 2653 hebdomada
2706 2616 2809 2652 nec
2853 2598 2924 2651 ab
2954 2597 3089 2663 ovis,
3131 2613 3236 2649 nec
3271 2613 3304 2648 a
3333 2611 3517 2660 caseo,
3551 2607 3738 2661 neque

2045 2707 2078 2744 a
2107 2691 2372 2744 carnibus
2422 2707 2480 2742 se
2510 2689 2805 2742 continere
2837 2687 3236 2756 profiteantur.
3289 2686 3430 2754 Ergo
3470 2698 3598 2736 cum
3642 2681 3738 2734 de-

2045 2779 2435 2848 prehendatur
2483 2778 2540 2830 in
2590 2776 2984 2830 observatione
3035 2774 3244 2844 jejunii
3289 2771 3576 2827 Paschalis
3628 2784 3740 2822 non

2045 2869 2228 2920 solum
2264 2867 2331 2919 ab
2364 2865 2839 2929 Occidentalibus,
2872 2881 3069 2917 verum
3105 2863 3173 2916 ab
3206 2860 3591 2916 Orientalibus
3622 2857 3736 2911 dis-

2044 2957 2274 3021 sentire,
2314 2955 2506 3008 dicant
2544 2971 2658 3024 qua
2703 2953 2919 3006 ratione
2969 2951 3390 3021 reprehendant
3429 2949 3736 3011 Romanos,

2046 3050 2103 3097 et
2130 3061 2245 3097 non
2274 3042 2624 3112 reprehendi
2655 3047 2924 3093 verentur
2947 3040 3017 3093 al)
3049 3039 3175 3092 aliis
3205 3037 3480 3103 Ecclesiis,
3533 3034 3740 3105 quibus

2049 3134 2110 3186 in
2156 3131 2407 3185 Paschali
2452 3130 2675 3198 jejunio
2724 3145 2838 3181 non
2895 3127 3243 3180 concordare
3282 3125 3587 3177 videntur:
3645 3126 3742 3173 aut

2049 3225 2196 3274 certe
2227 3219 2524 3289 proferant
2554 3218 2639 3270 vel
2672 3216 2887 3269 Veteris
2915 3217 3000 3269 vel
3033 3215 3172 3268 Novi
3215 3211 3561 3266 Testamenti
3604 3225 3742 3277 prae-

2049 3316 2230 3378 cepta,
2268 3309 2351 3360 vel
2384 3306 2797 3366 auctoritatem,
2834 3321 2948 3374 qua
2979 3302 3288 3356 defendant
3317 3316 3479 3352 suam
3511 3313 3743 3350 consue-

2049 3397 2330 3460 tudinem,
2365 3393 2452 3447 vel
2492 3395 2808 3447 ltomanam
2853 3391 3056 3444 merito
3092 3387 3536 3460 reprehendant.
3579 3386 3740 3449 Quod

2049 3502 2180 3539 cum
2218 3485 2401 3538 facere
2443 3486 2756 3552 nequeunt,
2793 3481 2992 3534 doceat
3023 3496 3119 3532 eos
3157 3480 3358 3531 saltem
3386 3474 3742 3529 consuetudo

2053 3574 2428 3628 Ecclesiarum
2460 3571 2614 3624 varia
2648 3570 2966 3639 jejunandi,
3002 3569 3156 3638 quod
3197 3583 3314 3620 non
3357 3565 3465 3618 ista
3498 3564 3598 3617 ﬁat
3636 3563 3743 3616 ob-

2051 3663 2336 3715 servantia
2383 3661 2452 3713 de
2501 3658 2890 3728 praeceptione
2936 3671 3278 3727 quacunque
3315 3653 3527 3716 divina,
3582 3651 3744 3720 cujus

2053 3751 2388 3802 necessitate
2425 3747 2750 3816 jejunantes
2799 3751 3214 3798 coerceantur:
3262 3742 3358 3795 sed
3405 3745 3634 3794 maneat
3685 3739 3744 3791 in

2053 3837 2502 3906 uniuscujusque
2540 3834 2850 3904 proposito,
2895 3849 2994 3885 seu
3036 3830 3344 3884 voluntatis
3386 3829 3648 3890 arbitrio,
3682 3833 3746 3879 ut

2051 3943 2180 3980 cum
2213 3925 2424 3995 gaudio
2456 3923 2634 3976 sancti
2670 3922 2912 3991 Spiritus
2944 3921 3146 3973 oﬁ‘erat
3188 3921 3302 3972 Deo
3343 3917 3494 3988 quod
3534 3916 3640 3968 sibi
3667 3931 3744 3967 re-

2052 4021 2206 4068 ctum
2241 4013 2623 4084 possibileque
2671 4011 2912 4074 videtur,
2941 4016 2998 4062 et
3041 4025 3158 4061 non
3198 4006 3604 4069 necessarium,
3643 4003 3743 4056 sed

2052 4106 2152 4158 ﬁat
2180 4101 2568 4156 Voluntarium
2606 4100 2818 4152 bonum
2853 4103 3109 4150 nostrum
3145 4113 3158 4149 :
3195 4111 3296 4148 nec
3319 4101 3512 4146 tamen
3541 4097 3600 4144 ut
3633 4090 3744 4144 hoc

2052 4194 2112 4246 in
2161 4191 2604 4260 uniuscujusque
2651 4189 2724 4241 sit
2775 4189 3139 4257 singulariter
3195 4183 3490 4246 electione,
3544 4196 3743 4233 verum

2053 4281 2330 4334 servanda
2384 4285 2467 4332 est
2519 4277 2758 4347 singulis
2789 4276 3052 4328 Ecclesiis
3087 4273 3364 4343 majorum
3416 4268 3743 4333 auctoritas,

2599 4372 2882 4437 quatenus
2934 4364 3146 4434 singuli
3209 4361 3536 4416 custodiant
3587 4356 3740 4428 quod

2053 4473 2413 4526 unaqnzeque
2446 4455 2753 4508 Ecclesiae
2787 4454 2901 4506 suis
2936 4454 3148 4522 accepit
3201 4449 3605 4505 fundatoribus
3647 4463 3746 4499 cn-

2051 4545 2437 4599 stodiendum.
2477 4544 2594 4596 Nisi
2627 4544 2772 4595 forte
2805 4542 3119 4612 putandum
3155 4541 3309 4610 quod
3338 4539 3508 4592 Graeci
3542 4538 3657 4589 sint
3688 4535 3747 4586 in

2050 4635 2158 4688 hoc
2190 4632 2585 4702 przeponendi,
2630 4631 2782 4700 quod
2819 4627 3181 4684 hebdomada
3222 4629 3463 4702 septima
3497 4641 3599 4678 nec
3645 4641 3750 4676 ova

2053 4737 2153 4773 nec
2186 4701 2414 4772 caseum
2445 4718 2775 4779 comedaut;
2810 4717 3278 4787 quandoquidem
3311 4701 3480 4783 longe
3513 4713 3746 4780 praecel-

2050 4809 2248 4862 lnntur
2278 4807 2348 4860 ab
2373 4807 2452 4858 eis
2494 4806 2592 4876 qui
2629 4811 2850 4858 coctum
2888 4805 3104 4875 aliquid
3139 4822 3242 4874 per
3281 4811 3455 4857 totam
3491 4801 3745 4865 Quadra-

2051 4897 2328 4966 gesimam
2361 4912 2476 4948 non
2508 4895 2845 4959 comedunt;
2879 4911 3100 4947 necnon
3126 4895 3196 4947 ab
3230 4895 3310 4946 eis
3334 4892 3569 4962 quisolo
3601 4903 3745 4960 pane

2049 4991 2371 5040 vescuntur.
2406 4988 2728 5054 Appareant
2758 4983 2928 5036 etiam
2981 4985 3223 5036 multum
3270 4981 3568 5034 inferiores
3608 4975 3742 5040 illis,

2051 5075 2149 5145 qui
2192 5091 2296 5127 nec
2338 5075 2465 5137 hoc,
2524 5073 2623 5125 sed
2664 5072 2969 5124 herbarum
3020 5068 3416 5124 tantummodo
3462 5083 3558 5119 esu
3612 5063 3746 5116 reﬁ-

2049 5165 2298 5217 ciuntur.
2335 5164 2445 5216 Nec
2475 5177 2704 5231 quoque
2749 5161 2978 5230 penitus
3010 5160 3090 5212 eis
3123 5155 3467 5220 conferendi,
3508 5153 3606 5223 qui
3647 5168 3749 5221 per

2051 5258 2229 5306 totam
2272 5251 2779 5320 Quadragesimam
2824 5249 2908 5302 vix
2946 5249 3120 5302 semel
3165 5252 3261 5299 aut
3303 5245 3388 5298 bis
3425 5244 3480 5296 in
3524 5242 3746 5295 hebdo-

2052 5341 2218 5394 mada
2267 5341 2460 5394 cibum
2511 5341 2737 5410 corpori
2787 5339 3127 5409 largiuntur.
3179 5337 3408 5390 Cessent
3465 5333 3642 5402 igitur
3689 5347 3748 5384 se

2051 5431 2518 5498 superextollere,
2557 5446 2626 5482 ne
2667 5433 2967 5491 corruant;
3006 5425 3102 5478 sed
3142 5423 3333 5495 potius
3371 5421 3750 5476 humiliantur

2053 5523 2116 5570 ut
2145 5523 2398 5588 surgant,
2432 5523 2488 5570 et
2521 5517 2802 5586 potiorem
2836 5532 2955 5568 esse
2996 5517 3344 5582 cognoscant
3383 5509 3746 5563 concordiam

2054 5606 2224 5676 pacis,
2258 5612 2313 5660 et
2352 5606 2673 5659 dilectionis
2705 5605 3003 5667 unitatem,
3037 5617 3209 5672 quam
3252 5600 3605 5670 jejuniorum
3648 5598 3746 5651 ob-
