4086 6182
330 290 430 343 319
1474 274 1836 332 RATRAMNI
1877 274 2336 333 CORBEIENSIS
2374 271 2685 330 MONACIII

3732 275 3839 327 320

334 422 698 478 servantiam.
770 416 1143 475 Considerent
1190 430 1423 485 quoque
1476 429 1576 466 cur
1627 412 1733 466 ista
1781 411 2023 465 varietas
2062 414 2103 463 Α
2138 410 2291 464 ducti
2321 410 2558 481 triginta
2588 426 2709 473 sex,
2742 426 2856 463 non
2888 409 3271 480 quadraginta
3301 408 3542 479 implere
3581 425 3842 463 noscun-

334 519 465 568 ante
501 512 713 566 Pascha
737 506 1039 578 jejunandi
1068 504 1386 575 contigerit.

405 600 661 668 Denique
694 602 808 649 tam
842 593 1170 663 evangelica
1202 608 1373 662 quam
1422 590 1880 659 legalidoccmur
1920 606 2027 641 au-

334 688 613 749 ctoritate,
656 682 1038 754 quadraginta
1077 681 1300 733 dierum
1340 679 1747 733 celebrandum
1795 677 1915 730 fore
1948 679 2029 745 je-

328 774 558 845 junium
592 790 604 826 :
634 789 764 825 nam
794 772 1046 825 Salvator
1080 769 1140 822 in
1178 767 1481 837 Evangelio
1528 766 1740 835 legitur
1781 764 2027 835 quadra-

332 865 489 927 ginta
539 862 739 916 diebus
780 866 835 913 et
878 858 1144 912 noctibus
1187 857 1473 927 jejunium
1531 855 1912 908 continuasse.
1965 854 2025 905 ln

335 951 519 1005 Veteri
572 966 703 1002 vero
747 950 1108 1002 Testamento
1161 946 1429 999 scribitur
1471 945 1622 1014 quod
1668 945 1885 1013 Moyses
1942 941 2028 993 his

333 1042 486 1094 hunc
528 1038 751 1092 dierum
790 1036 1104 1105 jejunando
1144 1051 1451 1088 numerum
1490 1032 1891 1101 compleverit:
1941 1048 2027 1082 se-

334 1130 443 1181 mel
477 1128 714 1197 quidem
734 1132 1040 1195 antequam
1070 1124 1211 1191 legis
1246 1124 1608 1191 Decalogum,
1652 1121 1894 1174 Domino
1928 1120 2024 1171 tri-

336 1220 571 1280 buente,
622 1214 971 1285 perceperit;
1008 1212 1257 1265 secundo
1305 1228 1435 1264 vero
1480 1216 1788 1280 postquam
1832 1207 2029 1277 populi

336 1303 791 1373 transgressione
832 1307 1189 1371 provocatus,
1230 1301 1450 1353 tabulas
1491 1300 1560 1353 ad
1610 1299 1824 1351 radices
1874 1313 2031 1349 mon-

336 1394 405 1445 tis
456 1390 849 1460 confregerit:
906 1390 1128 1444 duabus
1184 1389 1253 1441 de
1299 1388 1481 1441 causis
1521 1387 1728 1439 iterum
1782 1385 2027 1455 quadra-

336 1482 491 1551 ginta
522 1480 741 1533 dierum
770 1478 1054 1549 jejunium
1098 1478 1467 1546 noctiumque
1514 1474 1886 1536 continuans;
1922 1490 2031 1525 una

337 1569 600 1623 videlicet
630 1585 742 1638 qua
773 1566 1089 1621 divinitatis
1130 1567 1406 1620 offensam
1448 1564 1598 1617 circa
1635 1572 2025 1632 transgresso-

337 1675 427 1712 res
491 1655 829 1727 placabilem
886 1655 1179 1720 redderet;
1248 1654 1427 1706 altera
1484 1669 1617 1706 vero
1676 1668 1787 1722 qua
1846 1653 2028 1719 legem

338 1761 531 1799 rursus
599 1760 631 1796 a
707 1741 950 1795 Domino
1009 1742 1215 1811 dignus
1276 1740 1570 1811 percipere
1639 1744 2024 1809 prwstaretur.

339 1832 484 1887 Elias
513 1847 741 1903 quoque
784 1829 1062 1886 Jezabelis
1112 1829 1572 1899 indignationem
1611 1827 1855 1897 fugiens,
1890 1842 2031 1896 qua-

337 1918 599 1990 draginta
625 1918 823 1972 diebus
858 1924 913 1971 et
934 1917 1196 1971 noctibus
1219 1933 1321 1987 per
1343 1915 1714 1969 solitudinem
1742 1914 2029 1984 gradiens,

337 2023 516 2078 usque
553 2008 687 2059 dum
722 2006 791 2060 ad
826 2011 1078 2059 montem
1124 2005 1222 2058 Dei
1253 2005 1400 2058 Oreb
1435 2004 1775 2074 perveniret,
1804 2002 2029 2072 jejuna-

339 2098 433 2149 vit.
469 2097 606 2148 Hinc
633 2095 841 2147 factum
875 2099 957 2146 est
991 2101 1052 2145 ut
1094 2110 1218 2146 mos
1247 2092 1503 2146 Ecclesiis
1534 2091 1847 2155 inoleverit,
1884 2106 2031 2160 qua-

339 2184 600 2251 draginta
631 2183 852 2235 dierum
881 2181 1341 2235 continuationes
1367 2180 1592 2250 jejunii.

409 2270 548 2322 Cum
598 2286 735 2339 ergo
783 2270 934 2322 hunc
972 2270 1095 2333 fere
1137 2285 1336 2321 omnes
1376 2284 1682 2321 numerum
1712 2267 2029 2338 jejunando

339 2356 548 2409 Christi
586 2358 842 2411 Ecclesiae
873 2359 1160 2411 celebrare
1209 2358 1575 2423 contendant,
1613 2374 1712 2409 nec
1752 2362 1942 2409 tamen
1971 2356 2031 2409 in

339 2444 831 2499 hebdomadarum
858 2462 1096 2499 numero
1118 2446 1283 2498 simul
1309 2462 1507 2499 omnes
1524 2446 1885 2507 conveniant,
1909 2446 2027 2500 die-

339 2547 467 2584 rum
518 2532 648 2584 facit
697 2534 802 2585 hoc
856 2533 1141 2586 variahihs
1197 2532 1544 2586 vicissitudo.
1598 2536 1828 2587 Constat
1876 2534 2029 2586 enim

339 2620 489 2687 apud
524 2620 785 2674 homines
826 2620 1349 2690 quadragenarium
1385 2620 1673 2674 observari
1723 2637 2029 2674 numerum

342 2708 627 2761 Paschalis
660 2709 891 2777 jejuuii,
930 2726 1043 2762 non
1084 2715 1273 2761 tamen
1321 2726 1521 2762 omnes
1561 2709 1800 2780 singulis
1831 2710 2030 2763 unius-

339 2796 613 2866 cujusque
647 2797 1023 2851 hebdomadis
1049 2798 1250 2851 diebus
1274 2798 1540 2867 jejunare
1570 2814 1581 2850 :
1617 2798 1850 2868 quidam
1877 2798 2030 2851 enim

346 2885 638 2938 Dominica
687 2888 1083 2939 tantummodo
1138 2887 1442 2956 prandent,
1495 2886 1589 2939 alii
1628 2903 1732 2939 nec
1776 2887 2031 2949 sabbato,

341 2990 443 3026 nec
476 2975 770 3027 Dominica
796 2974 1062 3044 jejunant
1096 2992 1107 3028 :
1146 2975 1517 3044 reperiuntur
1547 2974 1809 3028 nonnulli
1836 2976 2033 3045 quinta
2072 3012 2111 3063 (Ξ

338 3062 564 3116 Sabbati
590 3062 877 3133 jejunium
909 3063 1142 3117 solvere.
1178 3063 1283 3117 Sed
1318 3063 1452 3133 quia
1488 3063 1781 3117 Dominica
1813 3081 1926 3117 non
1949 3064 2032 3133 je-

331 3149 559 3219 junant,
602 3152 727 3204 aliis
780 3167 911 3205 vero
955 3168 1058 3220 per
1098 3151 1354 3221 singulas
1400 3152 1785 3205 hebdomadas
1834 3153 2032 3206 diebus

329 3240 617 3309 jejunant,
698 3240 1217 3310 quadragenarium
1288 3257 1593 3294 numerum
1672 3257 1783 3293 non
1848 3242 2027 3294 adim-

340 3328 526 3397 plent;
581 3327 865 3399 siquidem
922 3335 1169 3398 quatuor
1216 3328 1336 3381 dies
1378 3329 1566 3381 minus
1618 3329 1673 3381 in
1725 3345 2028 3382 numerum

342 3416 573 3469 veniunt
604 3433 616 3469 :
654 3416 802 3470 unde
831 3417 912 3479 tit,
948 3422 1010 3467 ut
1034 3416 1556 3484 quadragenarium
1588 3416 1902 3485 adimplere
1932 3434 2028 3469 vo-

338 3506 535 3569 lentes,
594 3520 710 3556 non
754 3521 848 3556 sex
900 3510 1141 3568 tantum,
1193 3519 1389 3555 verum
1449 3512 1663 3571 septem
1722 3504 2029 3557 hebdoma-

339 3594 440 3646 das
480 3595 610 3644 ante
644 3592 856 3645 Pascha
902 3590 1187 3661 jejunent,
1233 3592 1491 3660 quamvis
1525 3609 1617 3645 sex
1660 3593 2031 3646 hebdomada

338 3696 454 3733 non
499 3679 875 3750 quadraginta
922 3685 1171 3746 tantum,
1226 3696 1423 3733 verum
1461 3682 1840 3751 quadraginta
1888 3681 2030 3735 duos

338 3769 457 3823 dies
484 3767 838 3823 contineant.
876 3769 1190 3823 Subtractis
1230 3776 1422 3822 autem
1465 3786 1558 3822 sex
1606 3770 1917 3823 Dominicis
1960 3770 2029 3824 de

339 3858 717 3930 quadraginta
743 3859 984 3923 duobus,
1019 3864 1326 3928 supersunt
1355 3858 1592 3928 triginta
1623 3876 1712 3911 sex
1750 3859 1869 3912 dies
1901 3860 2028 3930 qui-

339 3948 445 4002 bus
496 3947 781 4019 jejunium
832 3948 1183 4013 celebratur;
1239 3952 1300 3999 ut
1356 3964 1488 4000 vero
1537 3948 2030 4017 quadragenariae

338 4036 666 4108 perﬁciatur
699 4042 950 4106 quatuor
981 4036 1101 4090 dies
1140 4035 1499 4089 hebdomada
1528 4036 1771 4104 septima
1800 4036 2017 4105 jejuna-

340 4132 453 4178 tur.
488 4124 627 4177 Hinc
652 4124 914 4188 efﬁcitur,
953 4130 1015 4177 ut
1050 4123 1423 4177 hebdomadis
1467 4124 1723 4191 septimce
1756 4140 1868 4175 non
1912 4141 2024 4189 sea,

342 4212 435 4264 sed
468 4218 713 4280 quatuor
743 4212 1142 4264 tantummodo
1164 4210 1284 4264 dies
1316 4211 1630 4280 jejunetur,
1656 4214 1753 4281 qui
1794 4213 2030 4281 triginta

343 4314 437 4350 sex
485 4298 684 4352 diebus
731 4299 1081 4369 superadditi
1126 4299 1649 4368 quadragenarium
1701 4302 2024 4369 perﬁciunt.

342 4386 448 4450 Qui
484 4402 613 4439 vero
642 4403 745 4440 nec
774 4388 1025 4455 sabbato,
1069 4404 1171 4441 nec
1205 4389 1499 4442 Dominica
1546 4389 1830 4459 jejunant,
1863 4396 1917 4444 et
1947 4397 2029 4444 ta-

345 4490 475 4528 men
502 4480 632 4528 ante
664 4476 873 4529 Pascha
911 4476 1429 4547 quadragenariam
1468 4478 1707 4548 implere
1757 4479 2029 4548 gestiunt,

341 4579 568 4617 necesse
598 4568 763 4617 estut
788 4570 981 4619 octava
1018 4566 1375 4620 hebdomada
1412 4566 1695 4635 jejunium
1732 4567 2026 4637 incipiant.

347 4652 486 4705 Nam
515 4652 772 4723 quinque
817 4659 1039 4708 tantum
1082 4655 1283 4709 diebus
1335 4672 1436 4726 per
1479 4656 1731 4726 singulas
1764 4659 2031 4726 septima-

343 4756 445 4793 nas
467 4741 731 4810 jejunare
776 4743 1246 4812 comprobantur,
1294 4751 1351 4797 et
1377 4745 1549 4798 octies
1588 4745 1749 4815 quini
1783 4747 2030 4816 quadra-

342 4832 503 4900 ginta
529 4829 848 4900 perﬁciunt,
882 4834 980 4901 qui
1012 4832 1501 4902 quadragenariae
1544 4838 1669 4886 octo
1701 4835 2034 4904 septimanis

334 4920 467 4989 iege
533 4918 866 4990 praescripta
917 4919 1226 4988 perﬁcitur.
1278 4922 1421 4974 Huic
1474 4939 1607 4975 vero
1665 4940 1927 4985 numero,
1977 4925 2032 4977 id

344 5013 445 5073 est,
480 5009 704 5062 duobus
757 5009 1068 5062 Dominicas
1112 5016 1167 5062 et
1214 5011 1472 5073 sabbato,
1526 5011 1734 5080 quibus
1784 5029 1899 5064 non
1942 5014 2030 5082 je-

338 5097 596 5166 junatur,
646 5096 747 5168 qui
790 5098 1048 5168 quintam
1089 5098 1309 5151 sabbati
1356 5100 1740 5168 superaddere
1792 5101 2032 5165 malum,

347 5186 848 5257 quadragesimam
879 5192 1008 5240 ante
1052 5188 1264 5240 Pascha
1304 5186 1567 5257 jejunare
1612 5204 1728 5241 non
1758 5195 2031 5259 possunt;

351 5273 460 5326 nisi
489 5291 693 5329 novem
717 5274 1004 5346 jejunium
1041 5275 1422 5329 hebdomadar.
1462 5276 1777 5329 sortiantur
1810 5293 1820 5329 :
1858 5278 2037 5329 tribus

351 5361 505 5413 enim
559 5364 763 5417 ablatis
821 5366 889 5419 de
939 5369 1179 5435 septem,
1232 5364 1527 5418 Dominica
1578 5364 1852 5433 videlicet,
1915 5367 2038 5419 sab-

352 5445 501 5512 bato,
536 5456 590 5503 et
618 5453 819 5519 quinta
852 5453 1093 5521 sabbati,
1140 5460 1444 5523 supersunt
1484 5458 1733 5523 quatuor
1774 5454 1891 5507 dies
1938 5471 2040 5523 per

353 5533 607 5604 singulas
655 5539 1042 5594 hebdomadas
1079 5541 1316 5612 jejunii;
1368 5548 1422 5595 et
1467 5542 1817 5613 quaternarii
1844 5543 2039 5597 novies

2139 507 2232 554 tur
2283 508 2381 555 :et
2420 518 2549 554 cum
2602 501 2985 571 quadraginta
3030 501 3347 570 jejunando
3395 501 3513 554 dies
3554 518 3669 554 non
3725 502 3842 555 im-

2138 592 2353 661 pleant,
2384 591 2883 661 quadragesimam
2916 594 3110 642 tamen
3146 590 3385 658 implere
3418 608 3474 642 se
3506 590 3724 643 dicunt.

2213 681 2325 734 Hac
2376 680 2444 732 de
2489 697 2658 732 causa
2710 678 2893 734 (ΞΓωεὶ
2940 695 3055 731 ιιοη
3108 679 3319 731 habent
3368 678 3505 747 quid
3565 679 3845 732 Romanis

2140 769 2412 838 objiciant
2442 785 2613 838 super
2643 774 3093 837 septimauarum
3123 767 3525 836 disparilitate,
3556 768 3843 836 quoniam

2139 857 2288 926 quod
2332 856 2414 909 illi
2448 857 2502 909 in
2538 863 2661 909 octo
2692 855 3143 909 hebdomadibus
3170 853 3402 918 faciunt,
3439 871 3537 923 per
3584 855 3845 923 singulas

2140 943 2525 997 hebdomadas
2565 942 2755 1012 quinis
2797 958 2913 993 non
2956 942 3203 1011 amplius
3241 941 3443 994 diebus
3484 942 3841 1011 jejunantes,

2139 1032 2245 1085 hoc
2276 1039 2390 1084 tam
2443 1032 2717 1095 Romana,
2774 1047 2947 1099 quam
2996 1030 3371 1084 Occidentalis
3428 1030 3690 1093 lirclcsia,
3742 1048 3843 1083 sex

2139 1119 2589 1174 hebdomadibus
2676 1120 2948 1186 perlicere
3035 1123 3383 1182 noscuntur;
3451 1119 3847 1185 superadditis

2139 1214 2385 1280 quatuor
2433 1208 2631 1260 diebus
2680 1206 3051 1259 hebdomadis
3104 1206 3383 1275 septimae.
3435 1208 3574 1259 Nam
3621 1208 3667 1259 si
3709 1216 3843 1261 octo

2140 1297 2626 1351 hebdomadarum
2690 1312 2783 1347 sex
2839 1295 3039 1347 diebus
3090 1294 3267 1347 Graeci
3311 1295 3647 1363 jejunarent
3692 1296 3849 1347 sicut

2139 1385 2357 1440 faciunt
2389 1384 2645 1442 Romani.
2684 1384 2767 1435 vel
2804 1400 3003 1435 omnes
3040 1383 3153 1435 fere
3200 1383 3401 1442 Latini.
3448 1399 3560 1436 non
3598 1383 3655 1435 in
3696 1400 3845 1452 qua-

2142 1475 2543 1544 dragesimam,
2601 1473 2699 1526 sed
2760 1475 2938 1525 multo
2980 1472 3227 1543 amplius
3276 1478 3406 1524 ante
3453 1472 3844 1541 jejunarentz

2141 1562 2315 1615 octies
2345 1561 2499 1614 enim
2533 1562 2655 1613 seni
2687 1560 3068 1631 quadraginta
3092 1567 3216 1614 octo
3248 1560 3574 1631 perﬁciunt.
3613 1560 3735 1624 Qua
3765 1559 3848 1613 de

2142 1664 2201 1700 re
2237 1648 2466 1701 videant
2487 1648 2685 1711 Graeci,
2719 1646 2766 1699 si
2799 1652 2883 1699 tot
2911 1648 3112 1700 diebus
3140 1654 3270 1698 ante
3312 1648 3522 1701 Pascha
3547 1646 3847 1715 jejuuant,

2142 1753 2315 1806 quam
2338 1742 2648 1806 sequantur
2669 1736 3085 1789 auctoritatem.
3113 1736 3220 1789 Nec
3242 1736 3497 1790 Salvator
3527 1736 3703 1799 enim,
3733 1751 3847 1788 nec

2144 1825 2308 1890 Elias,
2357 1842 2458 1878 nec
2499 1826 2713 1895 Moyses
2753 1826 2905 1877 hunc
2945 1824 3267 1894 jejunando
3304 1840 3611 1878 numerum
3652 1839 3847 1876 serva-

2141 1931 2293 1967 vere.
2326 1914 2481 1976 Quod
2519 1915 2562 1967 si
2599 1913 2807 1984 jejunii
2847 1913 2933 1966 sui
2973 1929 3258 1966 summam
3303 1914 3682 1983 quadraginta
3723 1912 3850 1966 die—

2140 2002 2245 2054 bus
2276 2002 2598 2071 perﬁeiunt,
2635 2009 2696 2054 ut
2734 2018 2765 2052 a
2799 2001 2949 2054 Novo
2989 2000 3290 2071 Veterique
3329 2001 3689 2053 Testamento
3720 2017 3845 2053 non

2139 2089 2481 2159 discrepent,
2517 2088 2659 2141 nihil
2693 2089 2846 2158 quod
2899 2088 3248 2156 redarguunt
3290 2087 3349 2140 in
3381 2088 3847 2141 Occidentalibus

2140 2178 2454 2247 reperiunt,
2487 2178 2760 2247 quoniam
2803 2181 2884 2229 tot
2924 2176 3125 2230 diebus
3169 2181 3298 2229 ante
3336 2177 3568 2237 Pascha,
3604 2182 3745 2247 quot
3775 2180 3845 2228 et

2139 2267 2248 2336 ipsi
2273 2266 2349 2337 jej
2362 2271 2555 2320 unant.

2210 2356 2372 2420 Quod
2412 2355 2456 2407 si
2483 2354 2769 2425 jejunium
2802 2358 2888 2406 est
2916 2352 3258 2406 humilitatis
3289 2353 3596 2418 exsecutio,
3628 2370 3847 2405 secun-

2140 2445 2275 2499 dum
2319 2444 2455 2497 illud
2504 2443 2657 2514 quod
2710 2441 3007 2496 Psalmista
3054 2445 3408 2495 conﬁtetur:
3462 2445 3531 2495 Et
3583 2443 3847 2495 humiliu-

2140 2535 2282 2599 bum,
2314 2532 2604 2603 inquiens,
2634 2534 2693 2585 in
2722 2531 2939 2600 jejunio
2969 2532 3210 2584 animam
3242 2547 3413 2583 meam
3443 2532 3613 2595 (Psal.
3650 2547 3839 2589 xxxnv,

2147 2623 2277 2687 ttfi):
2322 2622 2516 2691 plures
2557 2637 2729 2690 quam
2776 2619 3387 2690 Constantinopolitani
3431 2625 3546 2672 tam
3592 2620 3846 2673 Romani

2143 2727 2317 2782 quam
2369 2709 2755 2765 Occidentales
2791 2708 3177 2762 hebdomadas
3200 2709 3471 2778 jejunant
3505 2724 3516 2761 :
3551 2708 3843 2778 siquidem

2142 2802 2361 2853 cantica
2410 2798 2689 2852 solemnia
2737 2797 2999 2851 videlicet
3044 2796 3306 2862 Alleluia,
3358 2813 3455 2849 seu
3518 2804 3843 2867 martyrum

2142 2888 2554 2953 solemnitates,
2606 2902 2818 2939 novum
2858 2891 2989 2938 ante
3035 2886 3244 2938 Pascha
3296 2886 3631 2954 septimanis
3679 2885 3843 2939 Occi-

2142 2977 2385 3031 dentalis
2418 2976 2661 3029 Ecclesia
2690 2990 3053 3044 nequaquam
3096 2973 3339 3026 solemni
3374 2990 3531 3026 more
3562 2974 3839 3043 frequen-

2143 3072 2244 3133 tat,
2286 3066 2382 3119 sed
2436 3065 2504 3117 ab
2561 3063 2720 3116 omni
2763 3062 2973 3116 celebri
3017 3062 3453 3131 gloriticatione,
3509 3078 3681 3132 quam
3734 3079 3846 3131 per

2144 3155 2313 3207 totius
2343 3154 2479 3206 anni
2510 3153 2759 3221 spatium
2788 3152 3154 3221 frequentare
3195 3152 3509 3215 consuevit,
3545 3167 3664 3203 sese
3698 3168 3842 3203 con-

2144 3244 2303 3307 tinet,
2357 3248 2419 3296 ut
2460 3246 2615 3294 tanto
2656 3240 2959 3309 gloriosius
3006 3241 3064 3293 in
3096 3240 3188 3292 die
3244 3240 3698 3293 Resurrectionis
3732 3257 3834 3293 ex-

2142 3333 2333 3394 sultet,
2382 3337 2593 3400 quanto
2643 3330 2857 3382 diutius
2918 3334 3098 3382 semet
3158 3329 3512 3382 humiliando
3574 3334 3840 3382 sanctum

2142 3420 2351 3473 Pascha
2384 3420 2697 3489 przevenire
2747 3419 2980 3472 curavit.
3028 3420 3166 3472 Nam
3210 3425 3265 3472 et
3305 3420 3439 3472 tihis
3499 3420 3670 3473 Israel
3729 3421 3841 3472 [)0-

2142 3510 2329 3562 minus
2363 3526 2463 3579 per
2495 3510 2740 3577 Moysem
2788 3507 3080 3561 mandavit
3120 3514 3243 3577 post
3291 3508 3454 3562 vituli
3499 3508 3837 3561 fabricatio—

2141 3612 2272 3649 nem
2309 3603 2367 3649 ut
2401 3603 2666 3649 ornatum
2710 3612 2878 3648 suum
2919 3596 3293 3666 deponerent,
3337 3602 3401 3649 ut
3444 3597 3614 3650 sciret
3642 3597 3840 3649 Domi-

2141 3702 2248 3738 nus
2279 3686 2411 3755 quid
2453 3685 2533 3738 eis
2571 3687 2824 3738 faceret:
2880 3700 2995 3737 non
3045 3685 3198 3755 quod
3243 3684 3599 3755 ignoraverit
3650 3686 3839 3738 idolo-

2138 3774 2317 3828 latria:
2349 3775 2516 3844 culpa
2557 3790 2671 3843 qua
2716 3772 2871 3825 feriri
2903 3788 3070 3841 poena
3114 3773 3394 3838 debuerit,
3447 3774 3547 3827 sed
3580 3774 3740 3843 quod
3772 3792 3840 3827 ex

2141 3863 2479 3917 humilitatis
2537 3861 2844 3915 atflictione
2900 3863 3297 3930 praevaricator
3343 3864 3591 3932 populus
3649 3868 3841 3917 osten-

2140 3952 2300 4005 deret
2338 3949 2825 4021 quemadmodum
2871 3955 3092 4002 reatum
3125 3949 3612 4018 praevaricationis
3654 3967 3839 4021 agno-

2139 4044 2337 4100 sceret,
2370 4040 2639 4110 qualique
2667 4037 3053 4091 satisfactione
3085 4039 3237 4108 quod
3270 4038 3594 4108 deliquerat
3624 4056 3839 4109 expur-

2139 4146 2274 4200 gare
2324 4129 2637 4182 maluisset.
2693 4127 2839 4190 Quid
2884 4142 3020 4196 ergo
3066 4132 3330 4179 ornatum
3378 4127 3598 4196 populi,
3662 4144 3835 4197 quem

2140 4220 2426 4288 deponere
2478 4216 2733 4287 jubetur,
2790 4215 3041 4285 accipere
3100 4215 3388 4277 debemus,
3450 4216 3560 4269 nisi
3620 4217 3837 4271 laetitiae

2070 4308 2112 4361 D
2140 4305 2519 4375 splendorem,
2554 4320 2667 4374 quo
2698 4303 2874 4356 laetari
2915 4311 3288 4356 consueverat
3320 4304 3655 4374 priusquam
3708 4306 3833 4358 ido~

2141 4394 2378 4446 lolatriae
2410 4393 2637 4463 culpam
2672 4392 3057 4445 contraxerit?
3091 4392 3181 4446 Sic
3221 4391 3397 4461 igitur
3430 4394 3513 4445 vel
3548 4394 3831 4459 Romana,

2143 4482 2225 4535 Vel
2296 4481 2670 4536 Occidentalis
2722 4480 2995 4545 Ecclesia,
3044 4487 3312 4534 ornatum
3369 4497 3535 4534 suum
3595 4482 3835 4551 deponit

2141 4576 2319 4623 semet
2350 4570 2729 4630 humiliando,
2777 4570 3007 4639 quando
3038 4569 3179 4622 festa
3220 4568 3434 4622 laetitiae.
3464 4570 3547 4623 vel
3590 4570 3834 4639 hymno-

2144 4675 2268 4711 rum
2310 4659 2538 4727 gaudio,
2589 4657 2798 4727 quibus
2839 4658 3013 4709 totius
3052 4658 3187 4710 anni
3228 4658 3412 4727 spatio
3461 4665 3838 4712 consueverat

2142 4748 2443 4816 exsultare,
2475 4746 2731 4811 dimittit,
2779 4751 2835 4799 et
2881 4745 3224 4799 humilitatis
3272 4745 3533 4799 habitum
3572 4763 3835 4810 sumens,

2142 4836 2533 4889 exsultationis
2563 4834 2805 4905 gloriam
2851 4833 3128 4903 deponit;
3170 4839 3450 4903 quatenus
3495 4835 3839 4888 humilitatis

2143 4926 2340 4979 habitu
2390 4925 2591 4977 faciem
2642 4922 2873 4976 Domini
2920 4922 3298 4991 praeveniens,
3359 4922 3650 4975 Paschalia
3700 4924 3841 4977 festa

2143 5012 2533 5067 exsultationis
2560 5011 2770 5081 gaudio
2799 5010 3090 5079 suscipiat.

2213 5103 2333 5154 Non
2392 5100 2602 5153 habent
2658 5099 2835 5168 igitur
2889 5099 3212 5153 Graecorum
3259 5098 3634 5168 imperatores
3690 5100 3840 5153 unde

2146 5191 2350 5243 merito
2374 5190 2605 5259 culpare
2638 5192 2852 5259 queant
2877 5188 2962 5240 vel
2995 5188 3279 5241 Romanos
3307 5188 3393 5241 vel
3428 5188 3839 5243 Occidentales.

2145 5278 2191 5331 si
2236 5294 2352 5331 non
2397 5282 2481 5332 tot
2530 5276 2917 5330 hebdomadas
2953 5282 3087 5330 ante
3136 5277 3350 5330 Pascha
3391 5278 3540 5345 quod
3571 5277 3655 5330 illi
3688 5277 3841 5347 jeju—

2144 5371 2304 5431 nant,
2365 5366 2638 5437 quoniam
2698 5366 2922 5419 dierum
2968 5381 3212 5419 numero
3267 5366 3648 5435 quadraginta
3691 5366 3842 5437 jeju-

2149 5455 2338 5507 naudo
2387 5459 2775 5523 coaequantur.
2812 5454 2971 5516 Quod
3018 5453 3091 5505 sit
3119 5452 3407 5523 jejunium
3455 5453 3841 5507 humilitatem

2148 5543 2450 5611 signiﬁcat,
2509 5548 2564 5595 et
2622 5542 2915 5595 humilitas
2968 5548 3025 5595 et
3066 5542 3348 5612 depositio
3407 5542 3640 5607 laetitiae,
3693 5541 3843 5595 afﬂi-
