4130 6184
236 292 329 352 3'2l
1231 296 1507 356 CONTRA
1552 297 1952 357 GRAECORUM
1995 299 2346 358 OPPOSITA.
2384 331 2442 343 —
2478 303 2610 358 LIB.
2659 302 2742 358 IV.
3635 309 3736 363 3T2

233 431 440 484 ctionis
472 431 674 497 forma,
712 431 1636 503 maerorishabitus,jucunditatis
1667 433 1930 500 remotio,
1975 434 2019 490 A
2051 434 2317 500 audeant,
2354 435 2504 506 quod
2545 435 2852 490 honestatis
2892 437 3022 506 jure
3075 436 3483 509 religionisque
3534 441 3737 495 decore

227 519 358 587 jure
390 521 620 590 quidem
669 523 935 574 dicuntur
970 523 1208 575 Romani
1247 524 1332 575 vel
1378 523 1560 575 Latini
1603 523 1930 576 Constanti-

233 609 582 677 nopolitanis
613 612 737 678 plus
762 611 1042 679 jejunare,
1077 613 1350 680 quoniam
1388 628 1589 665 novem
1615 611 1928 664 hebdoma-

233 697 401 749 dibus
464 705 648 751 semet
695 698 1054 752 humiliaudo
1108 701 1318 752 Pascha
1368 703 1750 769 praeveniunt,
1800 701 1932 754 licet.

233 785 374 838 illud
426 788 502 839 sit
556 789 930 858 przecipuum.
1001 790 1158 841 Unde
1214 790 1652 858 reprehensores
1717 791 1928 844 Roma-

234 891 442 928 norum
496 893 620 928 sese
654 877 865 930 debent.
897 877 1258 950 redarguere,
1293 879 1340 930 si
1390 884 1581 932 tamen
1613 879 1926 949 disciplime

230 964 458 1031 legibus
499 966 735 1035 capiunt
797 983 920 1019 esse
987 967 1251 1035 subjecti,
1340 969 1492 1037 quod
1573 968 1927 1021 consuetudo

221 1053 531 1121 jejunandi
575 1060 706 1107 ante
739 1060 997 1107 sanctum
1035 1057 1246 1108 Pascha
1275 1057 1492 1108 cunctis
1529 1058 1783 1110 Ecclesiis
1815 1073 1928 1110 non

228 1143 299 1192 sit
333 1143 660 1206 uniformis,
696 1160 798 1195 nec
831 1145 944 1196 ulla
974 1144 1300 1197 divinorum
1352 1145 1753 1198 mandatorum
1806 1147 1928 1211 lege

228 1232 708 1299 constringuntur
760 1232 827 1285 ad
879 1236 1019 1296 ista;
1069 1233 1164 1285 sed
1234 1233 1544 1303 unicuique
1591 1234 1806 1287 licitum
1858 1235 1930 1288 sit

231 1319 493 1372 Ecclesia:
548 1337 781 1373 suorun;
845 1321 1004 1390 sequi
1072 1322 1357 1390 majorum
1425 1323 1923 1376 consuetudinem.

227 1407 386 1469 Quod
419 1406 467 1458 si
510 1408 819 1471 novissent,
868 1425 983 1460 non
1026 1415 1140 1461 tam
1191 1425 1459 1480 procaces
1507 1411 1564 1462 in
1612 1412 1926 1481 reprehen-

227 1496 389 1548 sione
422 1496 752 1549 viderentur
790 1513 988 1549 eorum
1023 1497 1264 1551 maxime
1307 1499 1424 1568 qui,
1461 1500 1609 1569 quod
1643 1506 1924 1552 exercent.

227 1583 543 1651 apostolico
607 1584 838 1652 quidem
907 1585 1286 1638 instituuntur
1335 1588 1685 1661 magisterio,
1739 1595 1793 1640 et
1847 1605 1929 1639 ra-

227 1675 398 1724 tionis
428 1674 564 1723 satis
597 1673 848 1725 liouesta!
883 1674 1354 1727 consideratione.

295 1761 573 1829 Jejuuant
603 1760 851 1830 denique
891 1762 1135 1814 Romani
1179 1779 1271 1815 sex
1320 1772 1450 1815 ante
1504 1765 1713 1816 Pascha
1761 1768 1927 1834 septi-

228 1867 426 1902 manas
477 1851 880 1909 continuatim,
932 1859 1142 1919 pra'ter
1185 1853 1559 1916 Dominicam,
1610 1869 1722 1922 qua
1777 1853 1927 1924 jeju-

230 1941 390 1990 nium
427 1940 674 1991 solvunt.
730 1939 885 1991 Unde
931 1939 975 1990 si
1019 1939 1348 2008 jejuuantes
1401 1942 1634 2009 triginta
1681 1957 1775 1994 sex
1809 1943 1929 1994 dies

228 2032 480 2097 quatuor
520 2028 709 2079 minus
750 2045 778 2078 a
828 2027 1205 2097 quadraginta
1250 2031 1538 2098 complere
1591 2036 1926 2096 noscuntur,

229 2133 398 2167 causa
429 2133 532 2167 cur
585 2115 659 2166 ita
717 2116 924 2168 faciant.
965 2115 1056 2184 pie
1098 2117 1457 2169 considerare
1514 2118 1831 2170 volentibus
1875 2123 1932 2170 et

230 2205 472 2256 honesta
522 2204 658 2255 satis
704 2209 804 2267 est,
865 2211 921 2256 et
963 2204 1019 2255 in
1073 2204 1319 2256 evidenti
1375 2203 1580 2272 posita.
1633 2205 1926 2274 Siquidem

232 2309 413 2345 annus
446 2293 648 2344 solaris
680 2293 949 2344 trecentis
972 2294 1266 2361 sexaginta
1298 2295 1554 2362 quinque
1577 2293 1777 2346 diebus
1807 2311 1930 2363 per-

228 2382 458 2450 agitur;
492 2381 697 2433 horum
729 2381 950 2434 dierum
984 2381 1260 2434 decimam
1293 2381 1339 2432 si
1384 2397 1660 2443 assumas,
1696 2382 1931 2450 triginta

233 2487 324 2522 sex
360 2471 486 2521 dies
529 2469 765 2522 habebis
797 2486 808 2521 :
837 2469 1110 2538 jubemur
1142 2476 1333 2522 autem
1370 2469 1631 2522 laborum
1681 2469 1930 2523 decimas

235 2564 564 2611 nostrorum
603 2557 806 2610 olferre
859 2558 1118 2610 Domino.
1155 2558 1274 2610 Non
1306 2557 1485 2628 igitur
1515 2557 1801 2610 immerito
1831 2559 1931 2611 de-

230 2651 404 2700 cimus
437 2648 613 2699 etiam
649 2647 873 2699 dierum
907 2647 988 2700 illi
1023 2647 1330 2706 offerimus,
1367 2652 1426 2698 ut
1459 2647 1557 2717 qui
1590 2647 1766 2700 totius
1794 2648 1930 2701 anni

231 2737 419 2804 spatio
482 2735 646 2787 nobis
697 2735 962 2799 viximus,
1019 2735 1153 2788 anni
1209 2736 1460 2788 decimas
1508 2735 1592 2788 illi
1639 2737 1929 2790 oll'erendo

231 2828 482 2888 dierum,
537 2823 782 2876 Domino
825 2826 1116 2876 vivamus:
1173 2829 1234 2876 ut
1285 2823 1486 2877 delicta
1533 2840 1660 2894 quae
1711 2841 1812 2894 per
1849 2834 1927 2880 lo-

228 2919 348 2965 tum
407 2929 625 2965 annum
676 2911 1016 2964 admisimus
1063 2912 1228 2965 nobis
1297 2912 1557 2980 vivendo,
1620 2930 1928 2984 purgemus

227 3017 330 3070 per
361 3003 472 3054 hoc
512 3002 750 3055 Domino
781 3001 898 3054 dies
929 3002 1249 3054 serviendo.

298 3090 413 3144 Sed
471 3093 608 3159 quia
666 3091 938 3159 perpauci
993 3098 1128 3143 sunt
1183 3090 1242 3143 in
1306 3091 1606 3145 Occidente
1665 3093 1764 3162 qui
1815 3110 1932 3149 non

225 3181 613 3249 quadraginta
640 3179 760 3231 dies
795 3185 924 3232 ante
961 3179 1173 3232 Pascha
1215 3179 1537 3249 jejunando
1583 3183 1928 3250 compleant,

225 3268 358 3320 hinc
391 3267 564 3319 etiam
596 3283 764 3320 causa
808 3267 1096 3321 reddenda
1147 3273 1250 3333 est,
1305 3285 1418 3338 qua
1461 3269 1669 3322 factum
1715 3275 1817 3334 est,
1867 3276 1930 3324 ut

223 3355 614 3426 quadraginta
645 3355 868 3408 dierum
921 3372 1160 3409 numero
1205 3356 1319 3409 sint.
1348 3358 1617 3410 contenti.
1669 3358 1931 3427 Seposita

221 3445 409 3514 igitur
474 3446 813 3497 auctoritate
881 3444 964 3496 vel
1038 3445 1365 3514 evangelica
1423 3446 1509 3498 vel
1558 3445 1747 3515 legali,
1816 3463 1927 3515 qua

218 3535 504 3586 docemur
541 3533 836 3586 evidenter
862 3533 1243 3603 quadraginta
1274 3534 1394 3587 dies
1424 3550 1527 3586 nos
1552 3533 1774 3603 jejunio
1802 3533 1922 3588 fore

219 3623 676 3691 mancipandos:
713 3621 998 3691 siquidem
1043 3628 1177 3675 sunt
1219 3623 1412 3675 decem
1463 3628 1747 3692 praecepta
1787 3622 1929 3689 legis

215 3713 440 3782 quibus
471 3711 682 3763 servire
728 3710 1115 3780 praecipimur,
1152 3711 1465 3764 secundum
1516 3710 1774 3762 instituta
1822 3711 1925 3762 V'e-

215 3800 355 3851 teris
431 3798 800 3864 Testamenti,
853 3805 907 3850 et
956 3804 1204 3868 quatuor
1254 3797 1576 3867 Evangelia,
1629 3799 1838 3868 quibus
1872 3799 1926 3852 in

213 3889 539 3941 novitatem
600 3887 729 3939 vitae
799 3887 1156 3940 deducimur.
1233 3887 1447 3950 Quater
1529 3887 1739 3940 etenim
1793 3886 1925 3940 deni

213 3976 752 4046 quadragenarium
824 3975 1178 4044 perficiunt:
1249 3979 1304 4027 et
1353 3974 1746 4044 unusquisque
1815 3975 1923 4028 Do-

213 4065 380 4116 mino
417 4063 670 4116 serviens
717 4063 784 4116 ad
833 4063 1200 4132 perfectionis
1249 4078 1532 4114 summam
1579 4063 1794 4115 venisse
1831 4079 1926 4115 co-

213 4153 544 4221 gnoscitur,
577 4153 622 4204 si
656 4153 837 4222 legale
873 4151 1216 4221 Decalogum
1253 4151 1539 4221 Evangelii
1579 4151 1925 4220 perfectione

212 4241 600 4312 suppleverit.
680 4241 912 4295 Constat
986 4243 1156 4293 etiam
1228 4240 1400 4293 homo
1455 4246 1724 4309 quatuor,
1783 4239 1927 4293 sicut

2039 524 2328 577 observari
2377 524 2764 593 cognoverint,
2837 531 2890 577 et
2947 527 3014 579 ad
3067 527 3300 580 unitatis
3368 531 3734 584 concordiam

2038 614 2259 682 pacifici
2293 614 2546 674 redeant,
2582 631 2611 665 τι
2642 631 2754 684 qua
2787 614 3038 666 deviasse
3077 617 3247 669 stulta
3280 620 3734 688 praesumptione

2039 718 2155 755 non
2178 702 2508 755 timuerant.

2722 772 2948 826 CAPUT
2991 773 3048 824 \'.

2323 863 2394 914 De
2425 861 2603 914 barbae
2633 876 2725 914 seu
2753 862 2948 928 capitis
2979 864 3213 915 tonsione
3242 866 3447 929 agitur.

2107 968 2230 1020 .lam
2283 967 2574 1020 videamus
2620 967 2772 1037 quod
2828 967 2897 1020 de
2949 966 3137 1020 barbae
3189 968 3451 1022 tonsione
3500 971 3734 1024 clericos

2037 1057 2268 1125 eulpare
2322 1072 2435 1108 non
2480 1061 2701 1108 tantum
2756 1057 3170 1118 Romanorum,
3224 1072 3418 1108 verum
3475 1059 3732 1112 omnium

2039 1144 2488 1199 Occidentalium
2543 1144 2749 1198 Christi
2822 1144 3196 1197 Ecclesiarum
3263 1160 3379 1196 non
3447 1151 3728 1200 verentur.

2038 1235 2170 1297 Quae
2205 1240 2319 1286 tam
2379 1234 2516 1286 levis
2571 1233 2920 1302 agnoscitur,
2981 1238 3040 1286 ut
3094 1233 3235 1285 nihil
3301 1233 3352 1285 ei
3401 1235 3732 1303 responderi

2040 1322 2242 1375 merito
2289 1325 2707 1388 decerneretur,
2752 1338 2818 1375 nc
2867 1324 3098 1374 forsitan
3151 1321 3353 1374 talium
3386 1321 3601 1374 levitati
3633 1339 3732 1392 pa-

2040 1427 2147 1475 res,
2179 1412 2262 1463 vel
2297 1418 2447 1464 certe
2478 1411 2717 1465 leviores
2751 1411 3108 1464 aestimentur
3130 1411 3230 1480 qui
3251 1411 3470 1464 nullam
3501 1410 3733 1464 habenti

2037 1500 2318 1552 rationem
2353 1499 2572 1569 objecto
2615 1499 2960 1568 respondere
2995 1499 3211 1569 potius,
3255 1515 3428 1568 quam
3477 1504 3731 1553 contem-

2038 1605 2173 1642 nere
2234 1588 2514 1658 delegere.
2577 1589 2720 1651 Quid
2781 1587 2930 1640 enim
2991 1589 3163 1640 refert
3217 1587 3286 1640 ad
3333 1587 3569 1656 justitiae
3621 1606 3735 1641 non

2040 1683 2260 1730 tantum
2347 1677 2774 1746 perfectionem,
2867 1693 3064 1728 verum
3157 1676 3330 1730 etiam
3416 1677 3735 1730 inchoatio-

2041 1783 2170 1819 nem
2208 1766 2397 1819 barbze
2431 1765 2711 1828 detonsio,
2764 1766 2847 1817 vel
2896 1764 3252 1817 Censet-vatio
3283 1766 3310 1817 ‘?
3344 1764 3543 1818 Dicant
3597 1782 3733 1834 ergo

2038 1856 2449 1924 redarguentes
2500 1854 2636 1923 quid
2687 1853 2819 1907 hinc
2868 1853 2951 1905 vel
3001 1853 3060 1905 in
3113 1853 3266 1905 Novo
3311 1854 3397 1905 vel
3438 1854 3495 1904 in
3549 1853 3733 1905 Veteri

2036 1945 2398 1996 Testamento
2437 1946 2783 2012 praeceptum
2839 1941 3194 2012 reperiatur:
3227 1944 3302 2007 et,
3345 1946 3408 1994 ut
3437 1942 3566 2009 plus
3595 1940 3732 1994 infe-

2040 2049 2182 2096 ram,
2215 2031 2349 2102 quid
2385 2031 2441 2084 in
2487 2032 2877 2100 apostolorum
2921 2029 3168 2099 scriptis,
3204 2030 3286 2081 vel
3324 2029 3733 2082 ecclesiastico-

2041 2137 2166 2174 rum
2207 2119 2530 2173 constitutis
2574 2120 2978 2187 magistrorum
3030 2119 3164 2170 hinc
3216 2135 3337 2169 esse
3388 2117 3732 2170 determina-

2039 2213 2158 2261 tuni
2214 2208 2505 2260 insinuare
2537 2208 2822 2276 possunt?
2854 2208 2947 2259 Est
2991 2205 3144 2258 enim
3177 2205 3348 2270 istud,
3383 2205 3527 2257 sicut
3557 2211 3613 2257 et
3644 2221 3735 2258 re-

2038 2296 2196 2366 liqua
2246 2297 2444 2360 multa,
2494 2295 2853 2364 singularum
2913 2293 3326 2347 consuetudine
3396 2293 3733 2346 derelictum

2041 2385 2434 2448 Ecclesiarum,
2489 2389 2553 2436 ut
2602 2400 2706 2453 pro
2753 2391 3016 2452 respectu
3068 2383 3350 2451 majorum
3402 2383 3600 2452 capitis
3640 2399 3734 2436 co-

2040 2490 2214 2538 mam,
2251 2473 2368 2525 sive
2399 2472 2658 2532 barbam,
2689 2473 2773 2524 vel
2806 2471 3082 2535 nutriant,
3133 2472 3218 2524 vel
3267 2470 3559 2524 tondeant.
3597 2470 3736 2524 Aliis

2037 2562 2322 2632 siquidem
2356 2577 2480 2614 mos
2509 2560 2656 2613 inest
2694 2561 2930 2612 barbam
2957 2575 3053 2611 seu
3087 2565 3257 2629 caput
3288 2559 3563 2612 tondere:
3595 2575 3737 2612 non-

2041 2650 2213 2704 nullis
2238 2666 2372 2703 vero
2417 2648 2655 2702 barbam
2687 2648 2920 2718 quidem
2962 2664 3073 2700 non
3106 2647 3366 2714 tondere,
3401 2655 3572 2717 caput
3605 2664 3735 2700 vero

2039 2739 2193 2791 crine
2220 2743 2404 2791 totum
2439 2736 2692 2790 nudare:
2735 2735 3029 2789 nonnullis
3081 2741 3272 2788 autem
3304 2737 3489 2805 placet
3532 2735 3732 2787 faciem

2038 2828 2170 2897 pilis
2217 2827 2484 2879 omnibus
2533 2825 2803 2894 spoliare,
2837 2825 3106 2877 verticem
3147 2823 3348 2893 capitis
3400 2823 3731 2892 capillorum

2038 2915 2305 2969 tonsione
2339 2916 2654 2984 detergere,
2687 2913 2881 2966 relicta
2912 2913 3247 2982 capillorum
3280 2917 3441 2981 parte
3490 2929 3619 2982 quae
3653 2913 3733 2965 in-

1967 3027 2006 3080 C
2037 3010 2122 3058 ter
2155 3004 2352 3057 nudati
2401 3002 2626 3055 verticis
2684 3007 2875 3071 partes
2922 3007 2979 3053 et
3024 3006 3284 3070 tempora
3337 2999 3616 3052 consistit.
3664 3002 3735 3052 At

2040 3108 2174 3145 vero
2207 3093 2441 3162 quidam
2472 3089 2707 3144 barbam
2755 3105 2871 3141 non
2920 3089 3244 3154 attondent,
3277 3092 3446 3156 caput
3489 3103 3622 3139 vero
3668 3102 3730 3138 ex

2039 3185 2197 3250 parte
2231 3180 2488 3243 tondent,
2526 3185 2581 3232 et
2615 3178 2919 3231 detonsum
2950 3192 3013 3228 ex
3046 3180 3205 3245 perte
3240 3175 3591 3243 relinquunt.
3643 3175 3735 3227 Est

2038 3268 2272 3338 quidem
2313 3269 2416 3321 iste
2445 3266 2783 3319 clericorum
2816 3264 3043 3317 habitus
3091 3279 3206 3316 non
3253 3263 3559 3316 uniformis
3598 3278 3733 3314 cun-

2038 3357 2140 3410 ctis
2171 3356 2443 3420 ecclesiis,
2477 3355 2573 3409 sed
2622 3371 2728 3424 pro
2761 3352 3174 3407 consuetudine
3220 3352 3503 3420 majorum
3543 3350 3733 3403 varius

2036 3451 2208 3516 atque
2237 3445 2532 3509 diversus;
2571 3460 2675 3496 nec
2718 3442 2851 3496 hinc
2903 3441 3213 3511 aliquando
3272 3443 3424 3493 inter
3471 3438 3732 3492 ecclesias

2037 3536 2124 3588 vel
2156 3533 2564 3594 Occidentales,
2613 3532 2698 3585 vel
2743 3531 3060 3586 Orientales
3110 3529 3398 3582 contentio
3446 3532 3579 3581 nata
3627 3533 3730 3593 est,

2035 3624 2132 3676 sed
2157 3628 2467 3676 tenuerunt
2499 3621 2742 3690 singulm
2776 3619 2926 3690 quod
2961 3618 3078 3672 suis
3105 3635 3137 3671 a
3175 3617 3492 3687 majoribus
3538 3633 3730 3668 susce-

2036 3727 2208 3780 pere;
2237 3712 2321 3763 vel
2341 3712 2495 3780 quod
2519 3708 2944 3779 provinciarum
2967 3724 3103 3761 usus
3137 3707 3329 3775 potius
3365 3705 3726 3776 approbavit.

2108 3799 2422 3868 Bedarguit
2473 3799 2765 3868 apostolus
2814 3795 3022 3850 Paulus
3070 3795 3396 3848 Corinthios
3443 3794 3592 3864 quod
3629 3793 3731 3846 viri

2035 3887 2270 3958 quidem
2302 3887 2387 3939 vel
2420 3901 2643 3938 comam
2695 3884 3042 3944 nutriebant,
3077 3883 3161 3935 vel
3197 3883 3381 3952 capita
3430 3881 3730 3944 velabant;

2037 3975 2306 4029 mulieres
2339 3978 2528 4027 autem
2560 3989 2663 4026 nec
2695 3971 2879 4042 capita
2902 3971 3186 4037 velabant,
3222 3987 3324 4023 nec
3354 3986 3575 4022 comam
3626 3986 3730 4021 nu-

2034 4065 2298 4118 triebant.
2362 4064 2497 4127 Quae
2561 4061 2917 4115 consuetudo
2987 4060 3118 4129 jure
3167 4058 3612 4128 reprehenditur
3659 4056 3730 4109 ab

2036 4153 2310 4222 Apostolo
2336 4169 2349 4217 ;
2375 4151 2650 4221 quoniam
2675 4148 2781 4203 etsi
2812 4147 3121 4202 Corinthiis
3142 4146 3439 4201 videbatur
3461 4144 3727 4214 probabi-

2036 4242 2122 4305 lis,
2160 4246 2382 4295 natura:
2413 4245 2603 4294 tamen
2649 4237 2961 4309 apparebat
2992 4235 3418 4289 inconveniens.
3451 4235 3515 4287 Et
3542 4249 3644 4286 cur
3672 4233 3728 4286 id

213 4330 483 4383 mundus
509 4329 829 4382 elementis.
866 4331 929 4383 Et
959 4330 1235 4400 quoniam
1280 4329 1624 4397 Decalogum
1649 4329 1791 4398 legis
1821 4345 1922 4400 per
1964 4327 2003 4378 D
2034 4329 2485 4400 reprehenderit,
2535 4344 2763 4382 causam
2815 4325 3113 4379 evidenter
3179 4323 3449 4388 ostendit,
3496 4321 3724 4375 dicrns:

211 4419 411 4472 multa
447 4418 923 4488 transgredimur,
977 4435 1203 4472 necesse
1254 4423 1339 4471 est
1387 4423 1449 4470 ut
1496 4422 1699 4488 quater
1742 4418 1926 4470 decies

211 4523 316 4560 nos
353 4507 674 4576 aftligendo
704 4506 1043 4560 delictorum
1074 4506 1299 4560 veniam
1339 4522 1778 4576 consequamur.

283 4595 433 4649 Ilaec
489 4595 669 4664 igitur
712 4611 882 4648 causa
913 4601 996 4648 est
1035 4611 1136 4648 cur
1184 4594 1463 4664 placuerit.
1508 4595 1776 4648 Romanis
1825 4611 1923 4649 seu

211 4687 440 4740 Latinis
468 4686 730 4754 jejunare
778 4686 1162 4757 quadraginta
1188 4687 1308 4739 dies
1341 4689 1470 4739 ante
1503 4685 1714 4739 Pascha
1747 4702 1759 4750 ;
1796 4701 1924 4755 quae

205 4790 342 4827 cum
398 4774 689 4843 religiosa,
741 4781 864 4828 tum
909 4775 1031 4828 fore
1080 4773 1319 4844 mystica
1365 4773 1794 4844 comprobatur,
1846 4773 1925 4826 sic

205 4868 268 4915 ut
320 4862 598 4931 superius
649 4866 942 4915 ostensum
978 4866 1078 4915 est.
1132 4861 1227 4914 Est
1267 4862 1442 4930 igitur
1475 4867 1533 4914 et
1574 4860 1696 4914 haec
1727 4876 1921 4930 repre-

203 4951 422 5003 hensio
475 4949 774 5018 jejunandi
823 4966 1000 5021 super
1060 4950 1549 5003 hebdomadarum
1617 4965 1922 5002 numerum

202 5045 341 5092 ante
408 5039 626 5092 Pascha
680 5045 736 5091 et
791 5038 1024 5107 injuste,
1079 5044 1134 5091 et
1180 5039 1336 5092 nullo
1385 5037 1627 5090 rationis
1677 5039 1924 5107 pondere

203 5127 494 5180 suffulta:
530 5133 883 5197 quapropter
925 5143 1028 5196 pro
1077 5127 1259 5180 nihilo
1305 5126 1587 5194 ducenda,
1636 5127 1742 5180 nisi
1775 5127 1922 5196 quod

202 5216 490 5277 Charitas,
523 5232 652 5285 quae
685 5220 894 5284 praeter
924 5216 1207 5268 rationem
1239 5214 1459 5285 objecta
1477 5215 1926 5285 deprehendun-

200 5311 348 5370 tur;
414 5310 708 5373 quatenus
762 5303 990 5374 cognita
1040 5303 1285 5370 ratione,
1338 5303 1760 5373 reprehendere
1807 5318 1924 5356 non

269 5515 295 5541 ι
325 5499 541 5566 Capita
574 5502 718 5552 veste
764 5501 1093 5567 cooperiunt.
1146 5499 1353 5552 Locum
1405 5499 1559 5552 hunc
1606 5498 1776 5551 velim
1825 5513 1925 5551 ex-

200 5571 495 5640 pendant,
532 5572 630 5641 qui
659 5569 730 5624 de
763 5569 1120 5624 vestimentis
1160 5569 1574 5624 monachorum
1604 5569 1917 5640 disputant.

2044 4421 2138 4471 Vir
2172 4418 2388 4487 quidem
2431 4433 2535 4470 non
2599 4416 2750 4468 debet
2791 4415 2970 4468 celare
3017 4417 3180 4481 caput
3249 4427 3424 4475 suum,
3475 4413 3729 4478 quoniam

2034 4512 2211 4575 imago
2240 4512 2288 4560 ct
2317 4507 2495 4573 gloria
2539 4507 2632 4558 Dei
2664 4509 2741 4558 cst
2765 4505 2813 4570 (1
2845 4505 2962 4558 Cor.
2999 4518 3076 4566 ιι,
3111 4503 3183 4570 7).
3218 4501 3334 4555 Cur
3363 4505 3552 4553 autem
3601 4516 3728 4552 mu-

2035 4597 2140 4648 lier
2191 4595 2394 4648 debeat
2435 4593 2520 4644 vel
2569 4607 2792 4644 comam
2844 4590 3085 4656 nutrire,
3136 4589 3219 4642 vel
3285 4592 3455 4657 caput
3521 4587 3726 4653 velare,

2032 4699 2260 4737 causam
2295 4681 2558 4734 similiter
2588 4680 2804 4744 edocet,
2857 4679 3086 4732 dicens:
3142 4677 3301 4732 Debet
3336 4677 3527 4729 mulier
3581 4682 3728 4745 pote-

2032 4777 2224 4825 statem
2279 4771 2473 4825 habere
2541 4785 2704 4837 super
2749 4772 2914 4836 caput
2976 4771 3200 4835 propter
3257 4766 3474 4832 angelos
3524 4765 3725 4832 (Ibid.,

2032 4860 2140 4928 20).
2179 4861 2318 4914 Hinc
2347 4859 2523 4928 igitur
2552 4856 2912 4910 considerent
2954 4854 3142 4908 clerici
3192 4854 3291 4924 qui
3324 4853 3558 4906 barbam
3605 4852 3730 4920 qui-

2033 4950 2164 5002 dem
2194 4948 2534 5012 nutrientes,
2567 4951 2626 4999 at
2668 4961 2800 4998 vero
2832 4948 3002 5013 caput
3040 4943 3270 5014 penitus
3310 4940 3528 5010 capillis
3571 4938 3727 4990 omni

2032 5053 2093 5090 ex
2129 5042 2288 5107 parte
2319 5035 2558 5102 nudant,
2609 5037 2664 5087 et
2695 5034 2779 5086 vel
2820 5032 2934 5085 vim
2968 5031 3196 5101 frigoris
3227 5030 3314 5082 vel
3344 5027 3547 5082 caloris
3583 5026 3727 5079 ferre

2035 5143 2148 5179 non
2207 5123 2480 5186 valentes,
2527 5123 2613 5176 vel
2654 5121 2848 5192 potius
2895 5118 3224 5190 hujusmodi
3273 5115 3728 5184 deturpationcm

2034 5214 2263 5269 habitus
2285 5218 2573 5282 utcunque
2605 5211 2786 5264 celare
2819 5211 3094 5274 volentes,
3128 5206 3312 5275 capita
3347 5210 3498 5256 veste
3531 5218 3730 5271 coope-

2034 5303 2191 5358 riunt
2209 5316 2254 5368 θ,
2278 5318 2349 5354 an
2379 5305 2574 5354 contra
2595 5303 2949 5370 praeceptum
2975 5295 3347 5368 apostolicum
3374 5290 3564 5344 venire
3585 5307 3730 5344 com-

2033 5497 2170 5550 Nam
2205 5511 2332 5548 cum
2368 5511 2586 5548 morem
2627 5507 2825 5546 eorum
2872 5490 2970 5560 qui
3001 5488 3184 5558 capita
3215 5485 3543 5560 radunt,_ac
3575 5489 3728 5540 veste

2031 5566 2367 5638 coeperiunt
2396 5563 2661 5636 redargui
2689 5557 2974 5632 utcunque
3008 5557 3172 5630 pesse
3203 5561 3434 5612 moneat
3464 5557 3724 5612 Hatram-
