4086 6182
356 244 455 295 3-23
1495 223 1855 281 RATBAMM
1897 219 2357 279 connmensxs
2412 221 2718 278 MONACIII
3753 225 3853 278 3.2:,

357 371 688 442 probentur.
747 362 1039 436 Siquidem
1098 375 1309 431 negare
1371 375 1486 413 non
1551 361 1789 430 possunt
1850 362 2046 411 contra
2084 356 2428 426 Aligurant,
2499 370 2599 425 per
2663 371 2836 426 quam
2898 356 3248 410 sacerdotale
3314 355 3485 410 decus
3537 357 3853 411 insinuant.

361 459 700 514 sententiam
766 454 926 509 Pauli
1001 468 1060 504 se
1137 452 1320 504 facere
1386 449 1661 502 dicentis:
1726 448 1910 502 Omnis
1965 449 2056 499 vir

358 565 519 602 orans
584 548 665 600 vel
711 545 1043 614 prophelans
1092 541 1266 596 velato
1314 541 1512 608 capite,
1569 537 1826 606 deturpat
1890 540 2053 604 caput

357 653 512 692 suum
544 635 731 706 (Ibid.,
763 632 838 702 4).

429 726 553 779 Non
602 723 710 776 ista
762 720 1006 774 dicimus
1055 733 1167 787 quo
1212 716 1404 769 forsan
1460 715 1634 768 talem
1689 711 2054 766 consuetudi-

361 829 490 867 nem
540 809 960 882 reprehendere
1008 805 1312 859 malimus:
1384 803 1595 856 scimus
1653 801 1808 854 enim
1849 807 1899 854 et
1949 801 2051 852 hvi-

353 901 609 971 jusmodi
641 899 899 952 habitum
950 893 1290 949 humilitatis
1331 908 1452 945 esse
1502 890 1818 954 indicium;
1851 889 1947 943 sed
1995 894 2056 941 ut

361 1005 701 1044 maneamus
741 987 1066 1041 Graecorum
1128 983 1502 1052 imperatores
1535 996 1564 1032 e
1613 979 1798 1032 vicino
1846 977 2054 1031 habere

361 1079 514 1149 quod
555 1075 776 1146 possint
823 1075 909 1126 vel
983 1071 1344 1140 redarguere,
1403 1069 1493 1122 vel
1560 1067 1906 1132 emendare;
1953 1082 2058 1118 nec

361 1168 530 1234 longe
562 1163 780 1234 positos
809 1163 896 1215 vel
931 1161 1215 1214 Romanos
1241 1160 1327 1211 vel
1361 1157 1591 1210 Latinos
1622 1156 1822 1209 leviter
1870 1171 2059 1224 repre-

361 1255 614 1308 hendant
641 1270 658 1320 ;
690 1252 789 1322 qui
822 1251 866 1303 si
921 1250 1122 1303 radant
1165 1247 1425 1313 barbam,
1457 1261 1678 1299 comam
1722 1249 1910 1297 tamen
1951 1255 2058 1296 nec

362 1342 645 1406 nutriunt,
716 1357 820 1393 nec
865 1342 1037 1407 caput
1081 1337 1170 1389 vel
1218 1335 1652 1405 prophetantes,
1701 1333 1788 1385 vel
1833 1337 2057 1385 orantes

361 1431 586 1483 velant:
622 1429 753 1482 licet
782 1427 1026 1480 habeant
1054 1425 1114 1478 in
1145 1429 1466 1477 sanctarum
1491 1421 1825 1474 auctoritate
1863 1419 2058 1488 Scrip—

363 1524 622 1572 turaruzn
670 1517 821 1570 unde
863 1531 1023 1566 suam
1065 1512 1536 1566 consuetudinem
1588 1510 1802 1578 optime
1855 1508 2050 1562 defen-

365 1608 520 1661 dant.
557 1607 616 1660 Et
645 1605 701 1659 in
736 1603 918 1657 Veteri
951 1602 1182 1673 quidem
1216 1603 1576 1654 Testamento
1611 1597 1872 1652 Nazareis
1920 1612 2056 1650 con-

365 1696 608 1749 suetudo
661 1693 947 1756 manebat,
1002 1697 1065 1744 ut
1121 1687 1564 1743 consecrationis
1612 1692 1838 1756 tempus
1887 1686 2060 1739 adim-

365 1785 583 1854 plentes
613 1786 786 1852 caput
818 1785 873 1834 et
901 1779 1134 1833 barbam
1169 1778 1455 1844 raderent,
1489 1785 1545 1829 et
1583 1776 1640 1829 iu
1669 1777 1861 1844 ignem
1891 1774 2061 1827 sacri-

363 1873 474 1926 ﬁcii
506 1875 832 1942 ponerent:
880 1869 988 1922 hoc
1043 1866 1450 1937 signiﬁcantes,
1503 1865 1656 1936 quod
1706 1881 1818 1918 non
1874 1864 2056 1916 solum

365 1965 541 2027 actus,
590 1975 788 2013 verum
838 1958 1005 2010 etiam
1059 1972 1259 2008 omnes
1311 1954 1592 2024 cogitatus
1637 1969 1770 2005 suos
1821 1953 2060 2006 Domino

365 2051 783 2102 consecrarent.
826 2046 965 2099 llinc
1014 2044 1292 2098 Ezechieli
1341 2043 1638 2112 prophetae
1683 2056 1870 2094 sermo
1910 2039 2057 2092 divi-

365 2153 473 2191 nus
507 2137 801 2206 loquitur:
837 2137 906 2188 Et
937 2139 1012 2196 tu,
1062 2136 1142 2202 ﬁli
1193 2134 1439 2191 hominis,
1489 2147 1636 2184 sume
1684 2131 1784 2184 tibi
1815 2129 2061 2198 gladium

367 2231 605 2291 acutum,
653 2223 930 2277 raientem
972 2223 1160 2291 pilos;
1225 2235 1502 2274 assumens
1563 2235 1701 2284 eum,
1765 2219 1924 2272 duces
1965 2234 2063 2287 per

367 2325 530 2383 caput
577 2319 726 2366 tuum
773 2316 823 2365 et
882 2311 1105 2364 barbam
1163 2315 1310 2363 tuam
1359 2309 1572 2378 (Ezech.
1619 2325 1673 2375 v,
1736 2309 1802 2376 i).
1859 2309 2062 2361 Fuerat

367 2403 519 2456 enim
545 2402 807 2455 sacerdos
840 2417 954 2453 non
987 2399 1243 2454 extranei
1271 2397 1517 2468 generis,
1552 2397 1648 2452 sed
1688 2397 1757 2451 de
1797 2397 2060 2450 sacerdo-

367 2490 747 2560 taligermine
778 2494 1145 2559 procreatus:
1188 2488 1338 2540 unde
1387 2487 1702 2541 secundum
1749 2491 2062 2538 consuetu-

368 2579 562 2632 dinem
620 2579 1018 2631 Nazaraaorum
1075 2575 1273 2629 radere
1317 2575 1622 2628 mandatur
1671 2578 1727 2628 et
1775 2578 1945 2645 caput
2007 2578 2062 2626 et

369 2668 628 2722 barbam.
660 2667 724 2720 In
774 2666 1160 2736 apostolorum
1209 2664 1444 2717 Actibus
1485 2680 1716 2734 quoque
1767 2662 2059 2727 scribitur,

368 2758 616 2811 Priscam
650 2760 705 2808 et
733 2753 1019 2826 Aquilam,
1064 2753 1291 2807 Iudaeos
1324 2753 1380 2806 in
1423 2751 1707 2806 Christum
1743 2751 2061 2812 credentes,

368 2847 427 2900 in
466 2844 735 2902 Cenchris
785 2847 956 2914 caput
1002 2843 1109 2896 sibi
1160 2841 1518 2895 totondisse:
1577 2839 1866 2894 habebant
1908 2839 2062 2892 enim

370 2938 582 2998 votum,
617 2933 761 2985 sicut
786 2934 1205 3001 consequenter
1233 2928 1526 2999 Scriptura
1556 2928 1856 2998 signiﬁcat.
1909 2929 1974 2980 Et
2004 2927 2064 2980 in

369 3020 779 3092 Hierosolymis
837 3020 1090 3074 seniores
1148 3018 1406 3089 apostolo
1468 3017 1642 3071 Paulo
1694 3017 2059 3088 loquuntur:

365 3113 502 3166 Sunt
550 3110 702 3163 nobis
747 3111 858 3162 viri
904 3113 1174 3176 quatuor;
1231 3112 1410 3161 votum
1465 3106 1714 3160 habentes
1757 3121 1922 3173 super
1966 3119 2060 3158 se:

369 3201 453 3253 his
512 3201 829 3267 assumptis,
880 3200 1160 3266 sunctiﬁca
1203 3200 1252 3249 te
1295 3211 1412 3249 cum
1453 3196 1583 3260 illis,
1639 3199 1687 3247 et
1731 3193 1980 3262 impende
2008 3196 2065 3246 in

365 3290 476 3341 illis
502 3292 561 3340 ut
591 3287 794 3340 radunt
821 3289 1028 3354 capita,
1073 3291 1122 3338 et
1165 3287 1332 3338 scient
1373 3299 1550 3337 omnes
1583 3285 1715 3351 quia
1759 3299 1876 3350 quae
1919 3282 1984 3334 de
2016 3286 2065 3334 te

366 3375 662 3428 auiierunt
691 3375 838 3440 falsa
867 3378 1015 3438 sunt,
1066 3372 1160 3424 sed
1208 3372 1455 3424 ambulas
1505 3377 1553 3422 et
1599 3375 1713 3438 ipse
1760 3369 2063 3422 custodiens

367 3465 531 3529 legem
554 3462 702 3528 (Act.
740 3478 850 3514 xxr.
885 3464 971 3520 23,
1020 3461 1132 3527 24).
1183 3460 1248 3511 Et
1291 3459 1463 3528 paulo
1515 3464 1678 3527 post:
1725 3460 1869 3510 Tunc
1908 3457 2064 3509 Pau-

369 3551 450 3603 lus
484 3551 778 3616 assumptis
808 3549 966 3612 viris,
1015 3551 1235 3614 postera
1268 3546 1374 3611 die,
1424 3549 1747 3614 puriﬁcalus
1791 3561 1908 3598 cum
1954 3545 2065 3597 illis

366 3637 597 3688 intravit
639 3639 698 3688 in
747 3636 1024 3703 templum,
1075 3636 1408 3687 annuntians
1452 3635 1804 3701 ('mpletionem
1855 3633 2065 3685 dierum

366 3725 769 3793 puri/{cationis
836 3724 998 3792 (Ibid.
1062 3724 1178 3792 26).
1246 3723 1407 3776 Hunc
1478 3738 1696 3775 morem
1763 3727 2067 3792 sequentes

369 3813 561 3866 clerici
594 3813 1008 3874 Romanorum,
1037 3812 1123 3865 vel
1155 3817 1487 3864 cunctarum
1514 3812 1631 3864 fere
1661 3827 1764 3880 per
1794 3810 2063 3864 Occiden-

368 3907 483 3955 tem
516 3902 917 3963 Ecclesiarum,
965 3901 1169 3955 barbas
1213 3899 1441 3964 radunt,
1487 3905 1542 3952 et
1579 3900 1766 3968 capita
1804 3899 2064 3964 tondent,

367 3992 611 4044 formam
643 3990 984 4061 accipientes
1032 3994 1147 4042 tam
1198 3988 1266 4041 ab
1298 3987 1378 4042 eis
1429 3987 1527 4057 qui
1563 3987 1619 4038 in
1667 3987 1849 4039 Veteri
1880 3987 2070 4039 Testa-

369 4085 566 4133 mento
604 4079 856 4132 Nazaraai
887 4077 1242 4140 dicebantur,
1277 4091 1448 4145 quam
1483 4075 1552 4128 ab
1583 4074 1663 4127 eis
1693 4074 1789 4144 qui
1821 4074 1881 4127 in
1916 4075 2066 4127 Novo

369 4169 734 4220 Testamento
767 4166 904 4220 talia
946 4166 1140 4218 fecisse
1190 4165 1478 4232 leguntur.
1525 4161 1633 4215 Sed
1683 4177 1797 4214 non
1840 4163 2068 4232 penitus

370 4255 593 4324 capillis
626 4254 812 4324 capita
843 4253 1083 4316 nudant,
1131 4267 1328 4304 verum
1360 4267 1463 4320 pro
1495 4255 1652 4320 parte
1680 4249 2067 4320 signiﬁcantes

372 4343 472 4395 tali
503 4341 789 4395 schemate
822 4351 935 4394 tam
966 4340 1156 4410 regale
1188 4339 1378 4403 decus,
1417 4355 1588 4408 quam
1631 4338 1856 4404 insigne
1883 4355 2068 4391 sacer-

374 4431 580 4484 dotale.
629 4430 921 4501 Siquidem
971 4428 1202 4498 regibus
1245 4427 1414 4481 decus
1455 4433 1538 4480 est
1581 4442 1881 4496 proprium
1913 4443 2070 4480 coro-

374 4535 475 4572 nas
501 4519 561 4572 iu
582 4519 767 4588 capite
797 4519 946 4572 ferre
974 4533 987 4583 ;
1022 4517 1320 4587 pontiﬁces
1350 4520 1542 4568 autem
1576 4515 1633 4568 in
1679 4517 1894 4586 templo
1933 4516 2070 4569 thia-

377 4625 466 4660 ras
495 4608 705 4662 vertice
747 4607 1053 4676 portabant
1086 4621 1098 4658 :
1134 4609 1189 4658 et
1237 4604 1420 4657 tliiara
1463 4603 1696 4674 quidem
1729 4604 2072 4673 hemisphae-

377 4689 445 4742 rii
479 4690 631 4759 gerit
675 4689 1144 4754 similitudinem;
1182 4704 1389 4740 corona
1423 4704 1556 4740 vero
1614 4687 1809 4739 circuli
1867 4703 2070 4756 gerens

376 4779 620 4848 ﬁguram
653 4783 822 4848 caput
870 4778 1080 4830 assolet
1129 4777 1369 4828 ambire.
1420 4777 1696 4846 Loquitur
1732 4776 1935 4828 beatus
1974 4776 2072 4828 Pe-

376 4874 498 4921 trus
550 4868 840 4938 apostolus
887 4865 1250 4918 credentibus
1288 4880 1301 4917 :
1357 4867 1459 4918 Vos
1507 4871 1684 4917 autem
1733 4867 1858 4916 estis
1905 4879 2070 4931 genus

377 4957 620 5020 electum,
681 4955 859 5022 regale
919 4954 1279 5007 sacerdotium
1351 4953 1409 5021 (Ι
1461 4955 1599 5007 Petr.
1661 4969 1720 5016 ιι,
1788 4954 1861 5022 9).
1910 4951 2070 5013 Quod

377 5045 701 5113 signiﬁcare
748 5044 997 5094 volentes
1047 5042 1235 5093 clerici
1296 5043 1708 5105 Romanorum,
1773 5042 1888 5094 sive
1935 5043 2074 5096 Lati-

377 5147 608 5198 norum,
653 5131 713 5185 in
759 5129 984 5184 verticis
1035 5129 1344 5183 nudatione
1391 5130 1588 5183 thiara:
1633 5130 2071 5184 similitudinem

380 5298 506 5344 nus,
540 5282 825 5345 addatqoe
857 5281 913 5334 id
955 5297 1012 5354 se
1045 5296 1161 5334 nou
1183 5281 1414 5354 ‘idcirco
1443 5283 1710 5352 scribere,
1760 5285 1911 5354 quod
1947 5302 2073 5339 mo-

379 5367 500 5404 rem
526 5354 685 5405 illum
719 5355 958 5406 omnino
989 5352 1430 5421 improbandum
1460 5362 1644 5423 putet,
1688 5352 1795 5409 sed
1815 5363 1880 5409 ut
1917 5358 2072 5411 Grie-

380 5423 456 5474 cis
515 5424 869 5494 principibus
919 5424 1204 5489 ostendat,
1271 5427 1420 5492 apud
1479 5442 1574 5478 eos
1624 5427 1885 5480 nonnihil
1949 5443 2072 5481 esse

381 5493 534 5560 quod
565 5495 988 5562 reprehendere
1034 5494 1257 5546 facilius
1300 5494 1539 5564 possint,
1589 5512 1761 5566 quam
1807 5500 1954 5567 quod
1991 5504 2076 5551 est

2165 447 2340 498 Porro
2373 445 2591 515 reliqua
2625 461 2754 516 pars
2785 445 3124 515 capillorum
3155 451 3326 515 caput
3355 447 3634 512 ambiens,
3671 463 3857 517 neque

2161 540 2355 588 tamen
2388 534 2658 587 verticem
2705 535 3062 604 contingens,
3115 535 3362 604 speciem
3397 552 3620 588 corona":
3657 553 3862 606 reprae-

2163 628 2369 690 sentat,
2407 640 2519 694 qua
2552 623 2759 694 regalis
2805 623 3057 693 dignitas
3100 629 3438 677 ostentatur.
3494 623 3585 677 Sic
3615 629 3859 694 utraque

2161 714 2266 767 hac
2297 713 2484 782 specie
2513 713 2706 782 regale
2736 711 3116 765 sacerdotium
3147 711 3508 782 designatur.

2233 802 2488 856 Christus
2533 801 2704 855 etiam
2751 817 2845 854 rex
2901 806 2958 854 et
3011 801 3272 854 sacerdos
3321 801 3682 872 exprimitur,
3734 818 3863 872 pro-

2161 891 2336 959 pheta
2388 889 2752 944 testiﬁcante:
2807 891 3074 944 Dominus
3118 891 3312 958 legifer
3350 897 3551 959 noster,
3601 895 3861 945 Dominus

2163 981 2277 1034 Rere
2325 986 2505 1033 noster
2563 981 2692 1034 (Isa.
2731 997 2811 1048 ιιι,
2844 982 2958 1050 22).
3021 981 3195 1032 ltem:
3248 982 3412 1044 Reges
3455 995 3538 1033 eos
3587 980 3648 1034 in
3699 983 3864 1048 rirga

2163 1071 2344 1134 ferrea
2370 1069 2543 1138 (Psal.
2591 1085 2648 1134 ιι,
2699 1070 2775 1137 9).
2811 1067 2972 1132 Quod
3006 1074 3195 1121 autem
3249 1068 3511 1121 sacerdos
3551 1068 3642 1131 sit,
3696 1070 3866 1122 Pater

2167 1159 2305 1211 Filio
2336 1158 2694 1224 testiﬁcatur,
2742 1157 2973 1210 dicens:
3019 1160 3096 1211 Tu
3125 1173 3177 1210 es
3215 1157 3464 1212 sacerdos
3507 1160 3564 1210 in
3602 1163 3865 1212 aeternum

2164 1247 2453 1301 secundum
2500 1247 2740 1300 ordinem
2807 1247 3188 1300 Melchisedech
3237 1247 3414 1314 (Psal.
3481 1262 3590 1314 (ιιι,
3642 1246 3712 1315 4).
3757 1246 3867 1317 Igi-

2165 1341 2259 1389 tur
2323 1335 2440 1389 sive
2491 1335 2697 1390 Christi
2745 1335 3130 1388 sacerdotium
3182 1340 3353 1405 atque
3405 1337 3593 1405 regale
3651 1335 3864 1390 solium

2166 1424 2358 1478 clerici
2420 1424 2749 1478 Latinorum
2813 1421 3138 1494 signiﬁcare
3185 1423 3461 1486 volentes,
3525 1423 3869 1493 hujusmodi

2167 1516 2395 1568 schema
2425 1513 2608 1582 capite
2653 1515 2918 1580 gestant:
2966 1512 3082 1564 sive
3114 1511 3264 1581 quod
3309 1511 3497 1563 omnis
3540 1507 3869 1562 Christiana

2167 1602 2321 1655 natio
2353 1601 2508 1668 regia
2537 1601 2704 1653 simul
2724 1605 2895 1670 atque
2926 1599 3262 1652 sacerdotali
3288 1598 3565 1668 dignitate
3587 1595 3866 1667 prati-mi-

2169 1695 2319 1756 neat,
2367 1689 2467 1742 tali
2498 1688 2684 1758 specie
2733 1687 3054 1751 designant.
3104 1689 3166 1740 In
3217 1687 3375 1740 faciei
3428 1703 3561 1739 vero
3602 1685 3864 1738 denuda-

2169 1778 2323 1831 tione
2367 1775 2553 1829 cordis
2604 1776 2914 1828 ostendunt
2979 1777 3307 1844 puritatem,
3369 1773 3510 1828 illud
3554 1773 3870 1826 inuuentes

2171 1866 2568 1936 apostolicum,
2604 1863 2701 1917 ubi
2743 1865 2856 1917 ait:
2913 1866 3020 1918 Nos
3064 1869 3242 1917 autem
3281 1863 3521 1918 revelata
3567 1865 3710 1929 facie
3745 1863 3868 1929 glo-

2167 1960 2311 2010 riam
2336 1956 2560 2009 Domini
2598 1954 2952 2022 speculantes,
2989 1955 3046 2006 in
3076 1953 3314 2006 emndem
3365 1954 3654 2020 imaginem
3687 1957 3874 2005 trans-

2166 2043 2472 2108 formamur
2533 2043 2614 2108 (Il
2654 2041 2760 2095 Cor
2813 2058 2890 2102 ιιι,
2944 2042 3048 2109 18).
3103 2042 3292 2094 Facies
3331 2041 3485 2094 enim
3536 2041 3735 2110 capitis
3778 2041 3875 2092 fa-

2170 2131 2315 2183 ciem
2341 2130 2525 2183 cordis
2564 2129 2858 2182 insinuat:
2892 2130 3040 2182 sicut
3081 2129 3234 2182 euim
3273 2135 3444 2200 caput
3473 2145 3572 2182 arx
3605 2135 3689 2182 est
3735 2145 3870 2181 cor-

2171 2219 2278 2286 dis,
2309 2219 2386 2272 sic
2415 2235 2576 2272 mens
2624 2218 2732 2272 hoc
2777 2219 2922 2283 loco,
2959 2235 3086 2289 quas
3130 2235 3230 2271 cor
3277 2219 3621 2288 appellatur,
3655 2218 3873 2270 animm

2169 2309 2398 2361 culmen
2441 2307 2662 2361 existit:
2715 2307 2882 2360 debet
2933 2307 3087 2360 enim
3136 2307 3308 2361 facies
3346 2307 3533 2362 cordis
3564 2306 3872 2378 cogitatio-

2173 2399 2338 2450 nibus
2383 2396 2623 2450 terrenis
2647 2396 2863 2466 jugiter
2904 2396 3154 2466 spoliari,
3204 2397 3452 2466 qualiter
3495 2412 3639 2466 puro
3683 2395 3875 2448 since-

2171 2503 2349 2557 roque
2377 2491 2686 2556 conspectu
2717 2485 2959 2554 gloriam
2996 2485 3222 2538 Domini
3255 2485 3431 2555 possit
3475 2483 3774 2554 speculari,
3813 2489 3877 2537 et

2171 2573 2230 2627 in
2253 2589 2378 2627 eam
2409 2590 2512 2644 per
2541 2573 3042 2644 contemplationis
3072 2573 3313 2643 gratiam
3344 2573 3754 2626 transformari.

2243 2665 2443 2717 Beatus
2487 2679 2717 2734 quoque
2787 2665 2985 2717 Petrus
3032 2663 3344 2732 apostolus,
3397 2677 3617 2715 necnon
3666 2667 3723 2712 et
3767 2660 3874 2713 alii

2173 2752 2363 2822 plures
2424 2755 2541 2804 tam
2588 2751 2656 2805 de
2698 2767 2940 2804 numero
2985 2751 3396 2821 apostolorum,
3455 2765 3628 2819 quam
3691 2747 3875 2802 etiam

2172 2841 2241 2893 de
2306 2839 2513 2894 Christi
2597 2839 3035 2910 discipulorum,
3112 2839 3385 2908 leguntur
3442 2843 3498 2892 et
3545 2837 3753 2890 barbas
3815 2842 3878 2890 et

2173 2927 2359 2998 capita
2424 2928 2646 2982 rasisse.
2720 2927 3018 2998 Siquidem
3084 2927 3192 2980 hoc
3253 2927 3436 2997 egisse
3483 2927 3716 2980 Petrum
3773 2925 3878 2994 ip-

2175 3018 2292 3070 sius
2337 3017 2622 3088 hodieque
2682 3022 2967 3071 testantur
3017 3016 3316 3086 imagines,
3371 3032 3500 3087 quae
3550 3015 3649 3068 tali
3714 3015 3881 3067 sche-

2175 3111 2326 3160 mate
2371 3107 2659 3176 pictorum
2691 3111 2812 3159 arte
2860 3105 3203 3159 formantur.
3245 3106 3355 3159 Nec
3385 3109 3693 3174 propterea
3725 3105 3881 3157 Grae-

2174 3211 2369 3248 corum
2401 3195 2565 3248 veriti
2594 3199 2725 3247 sunt
2767 3194 3269 3264 reprehensionem
3302 3194 3388 3247 vel
3419 3193 3742 3263 Apostolus,
3785 3193 3879 3244 vel

2173 3284 2380 3354 reliqui
2431 3283 2638 3337 Christi
2687 3282 3118 3352 discipulorum,
3161 3282 3369 3353 quibus
3418 3298 3532 3335 non
3582 3280 3882 3351 displicuit

2175 3373 2502 3426 istiusmodi
2532 3372 2794 3425 habitum
2834 3371 2943 3424 sibi
2987 3387 3297 3425 assumere.
3334 3371 3399 3424 Et
3439 3385 3570 3422 cum
3602 3386 3707 3423 nec
3739 3375 3880 3422 ante

2176 3462 2384 3529 legem,
2434 3475 2538 3512 nec
2577 3465 2704 3530 post
2747 3459 3119 3529 Evangelium
3173 3459 3449 3512 hactenus
3489 3459 3879 3529 qumstionem

2175 3549 2320 3601 hanc
2353 3547 2558 3618 aliquis
2583 3548 2912 3613 intenderit,
2937 3547 3185 3602 viderint
3205 3564 3306 3601 cur
3334 3549 3664 3601 Graecorum
3693 3547 3881 3616 impe—

2175 3642 2391 3690 ratores
2422 3636 2843 3706 reprehendere
2867 3637 3197 3701 moliantur,
3232 3635 3383 3706 quod
3407 3635 3882 3704 reprehensionis

2176 3723 2475 3776 calumnia:
2519 3725 2810 3793 subjacere
2879 3740 3246 3794 nequaquam
3303 3725 3508 3777 merito
3553 3723 3756 3794 possit.
3819 3723 3881 3777 Si

2176 3813 2325 3865 enim
2358 3812 2593 3865 barbam
2625 3813 2862 3866 tondere
2908 3818 3203 3882 peccatum
3233 3817 3319 3866 est
3359 3812 3612 3882 aliquod,
3666 3813 3755 3865 vel
3792 3811 3881 3865 di-

2175 3902 2322 3954 vina:
2380 3901 2520 3971 legis
2570 3901 2686 3954 ulla
2733 3901 3134 3970 transgressio,
3195 3902 3386 3955 dicant
3451 3917 3552 3953 cur
3593 3903 3885 3971 propheta

2181 3990 2420 4042 Domino
2450 3990 2690 4058 jubente
2737 3989 2972 4042 barbam
3016 3990 3257 4058 raserit;
3291 4006 3392 4042 cur
3440 3990 3727 4044 Nazarmis
3774 3991 3882 4044 iste

2178 4094 2301 4131 mos
2330 4078 2647 4143 exstiterit;
2678 4094 2779 4131 cur
2809 4079 3058 4149 denique
3089 4079 3334 4149 apostoli
3371 4079 3519 4132 hanc
3563 4085 3883 4132 consuetu-

2178 4167 2371 4220 dinem
2415 4182 2531 4220 non
2584 4167 3004 4221 exhorruerint.
3053 4168 3161 4222 Sed
3203 4167 3337 4221 huic
3384 4167 3738 4237 oppositioni
3788 4185 3883 4220 su-

2110 4254 2603 4325 Dpersedeamus,
2655 4255 2929 4325 quoniam
2962 4271 3066 4308 nec
3117 4255 3351 4308 rationis
3400 4255 3611 4307 virtute
3661 4256 3883 4322 nixam,

2180 4359 2283 4396 nec
2312 4343 2607 4413 gravitatis
2633 4360 2756 4397 eam
2791 4345 2981 4414 aliqua
3013 4344 3292 4414 dignitate
3325 4344 3617 4397 suffultam
3650 4346 3883 4415 conspi-

2179 4431 2361 4484 cimus
2387 4447 2400 4484 :
2424 4437 2480 4484 et
2508 4430 2618 4483 nisi
2657 4431 2848 4484 minus
2891 4432 3266 4502 prudentibus
3312 4430 3545 4500 subrepi
3593 4447 3764 4501 posse
3796 4448 3885 4484 ar-

2183 4520 2549 4583 bitraremur,
2583 4520 2797 4572 nullam
2841 4536 2907 4572 ex
2938 4520 3046 4572 hoc
3075 4520 3200 4573 ﬁeri
3240 4519 3630 4591 responsionis
3675 4520 3884 4590 dispu—

2182 4606 2410 4660 tationis
2434 4606 2648 4676 justius
2680 4607 3103 4660 decerneretur.

2863 4731 3088 4784 CAPUT
3129 4731 3194 4784 VI
3205 4770 3217 4782 .

2179 4837 2467 4892 leibatus
2515 4838 2829 4892 clericorum
2875 4841 3268 4906 propugnatur
3326 4837 3587 4891 adversus
3647 4839 3887 4892 Graecos.

2251 4925 2536 4981 Caelibatus
2567 4926 2878 4978 clericorum
2896 4926 3104 4991 legibus
3125 4926 3502 4979 ecclesiasticis
3518 4929 3811 4980 asseritur.

2254 5048 2412 5100 Nunc
2442 5047 2577 5100 illud
2611 5047 3092 5101 considerandum
3135 5048 3285 5118 quod
3337 5049 3620 5117 objiciunt
3667 5049 3887 5103 Roma-

2180 5151 2282 5188 nos
2321 5135 2553 5205 nuptias
2602 5135 2896 5203 damnare,
2953 5135 3228 5205 quoniam
3283 5137 3628 5207 presbyteris
3677 5151 3894 5191 uxores

2182 5288 2333 5358 apud
2371 5290 2597 5343 Latinos
2625 5294 2962 5360 usurpatum
2990 5310 3004 5356 ;
3031 5289 3188 5350 satis,
3223 5306 3352 5344 mea
3383 5291 3616 5361 quidem
3652 5297 3888 5346 senten-

2181 5361 2278 5422 tia,
2311 5361 2559 5413 ostendit
2590 5361 2648 5413 in
2677 5362 2766 5414 his
2795 5363 3127 5429 regionibus
3157 5362 3264 5414 hoc
3313 5364 3480 5414 vestis
3511 5379 3726 5432 genere
3771 5380 3896 5433 quo

2181 5445 2333 5553 pauc
2411 5437 2674 5497 utuntur,
2743 5436 3058 5485 monachos
3126 5449 3240 5485 suae
3317 5433 3500 5486 aetatis
3566 5451 3702 5487 usos
3771 5450 3898 5488 non

2209 5515 2374 5554 uisse.
