4086 6182
240 268 343 322 3‘25

235 488 610 542 interdicunt.
666 487 935 551 Quamvis
983 487 1041 540 in
1095 489 1315 540 caeteris
1369 489 1609 542 nimium
1660 491 1932 560 supersti-

233 576 365 630 tiosi
403 577 703 630 videantur
734 576 990 646 objectis,
1045 576 1100 629 in
1135 577 1240 629 isto
1285 582 1473 631 tamen
1522 580 1606 631 vel
1641 581 1929 649 stupendi,

229 666 318 719 vel
352 665 584 718 dolendi
618 667 930 734 plurimum
964 666 1251 720 videntur.
1289 668 1562 737 Stupendi
1600 669 1855 738 quidem,
1886 670 1930 722 si

232 765 350 808 tam
384 762 516 808 sunt
545 772 576 806 a
607 755 904 824 sapientiai
952 756 1170 808 lumine
1202 758 1426 815 renmti,
1463 775 1576 826 quo
1620 774 1729 809 non
1761 757 1928 810 intel-

229 844 413 912 ligant
438 844 722 896 Romanos
755 843 811 894 in
844 843 950 896 hoc
981 844 1124 896 facto
1150 860 1264 897 non
1297 845 1481 897 solum
1510 861 1623 897 non
1668 847 1929 916 culpabi-

228 935 310 987 les
340 947 642 1002 apparere,
670 948 866 984 ver'un
902 932 1074 985 etiam
1105 934 1503 1001 praedicabiles
1525 933 1759 987 enitere-
1791 936 1928 988 Nam

227 1020 598 1074 continentia:
627 1021 838 1073 bonum
879 1026 935 1073 et
982 1020 1254 1074 castitatis
1297 1022 1518 1091 insigne
1564 1027 1678 1075 tam
1714 1028 1930 1076 constat

227 1125 351 1162 esse
385 1111 742 1179 praeclarum,
790 1113 852 1162 nt
894 1109 1066 1162 etiam
1107 1110 1418 1177 gentilibus
1458 1111 1529 1162 sit
1555 1111 1882 1178 :admirable
1909 1132 1929 1176 ,ο

226 1204 282 1250 et
313 1214 373 1250 in
406 1200 560 1250 omni
597 1198 797 1251 ordine
847 1215 976 1251 cum
1008 1199 1079 1250 sit
1128 1199 1515 1267 praedical'ule,
1564 1203 1683 1252 tum
1738 1201 1930 1271 princi-

225 1304 340 1356 pue
375 1287 435 1339 in
480 1287 890 1350 sacerdotibus,
938 1303 1002 1338 ac
1047 1288 1282 1357 reliquis
1334 1289 1474 1340 sacri
1517 1289 1712 1341 altaris
1757 1290 1929 1342 mini-

225 1376 401 1440 stris;
435 1392 580 1445 quos
626 1392 756 1428 cum
811 1377 1043 1445 reliquie
1094 1377 1328 1429 virtutes
1377 1378 1591 1430 faciunt
1655 1378 1924 1443 illustres,

225 1465 566 1517 illustriores
596 1471 787 1517 tamen
822 1465 1068 1517 reddunt
1111 1465 1501 1519 sanctimoniae
1552 1467 1839 1537 splendor,
1873 1473 1928 1521 et

220 1554 500 1605 castitatis
529 1553 697 1605 decus
728 1554 1046 1622 egregium.
1083 1554 1324 1606 Dolcndi
1377 1571 1507 1606 vero
1541 1562 1694 1623 sunt,
1737 1557 1783 1609 si
1837 1563 1924 1609 ta-

221 1642 299 1694 lia
352 1658 482 1694 cum
537 1642 820 1708 noverint,
871 1642 1138 1695 adversus
1182 1643 1589 1696 conscientiam
1635 1645 1924 1715 propriam

220 1731 490 1794 nitentes,
535 1730 950 1798 reprehendere
984 1747 1094 1783 non
1137 1737 1405 1784 verentur
1452 1732 1601 1801 quod
1645 1734 1924 1786 laudabile

215 1817 340 1870 fore
379 1834 491 1870 non
527 1819 813 1888 ignorant.
847 1819 1071 1872 Timere
1109 1835 1356 1890 namque
1399 1820 1725 1874 debuissent
1775 1823 1923 1892 quod

214 1922 323 1975 per
355 1907 558 1960 Isaiam
601 1907 858 1977 loquitur
909 1908 1154 1977 Spiritus
1203 1914 1431 1961 sanctus
1461 1951 1472 1963 .
1553 1912 1640 1963 Va?
1696 1910 1770 1962 eis
1827 1915 1924 1978 qui

214 1995 409 2046 dicunt
439 1996 641 2047 malum
699 1996 910 2061 bonum,
944 2002 993 2048 et
1038 1997 1230 2049 bonum
1274 1998 1495 2058 malum,
1546 2004 1796 2065 ponentes
1853 2004 1922 2052 te-

212 2084 413 2136 nebras
446 2084 632 2148 lucem,
667 2089 715 2136 et
745 2085 911 2137 lucem
934 2085 1180 2137 tenebras
1211 2086 1350 2148 (lsa.
1380 2102 1432 2150 v,
1466 2088 1580 2151 ‘20).

287 2171 788 2232 Quemadmodum
823 2188 959 2240 ergo
1007 2187 1365 2241 consequens
1410 2189 1531 2226 esse
1581 2174 1917 2241 decernunt,

213 2264 277 2310 ut
323 2259 566 2312 Romani
601 2259 873 2312 damnare
915 2259 1517 2329 nuptiasjudicentur,
1560 2261 1606 2314 si
1653 2279 1830 2332 penes
1859 2263 1922 2316 il-

212 2348 302 2400 los
332 2347 590 2417 episcopi
621 2365 715 2400 seu
753 2349 1067 2418 presbyteri
1099 2350 1466 2403 matrimonia
1502 2367 1613 2404 non
1661 2351 1919 2405 sortiun-

213 2443 349 2488 tur:
388 2452 528 2506 ergo
559 2437 604 2488 si
660 2441 963 2506 propterea
1022 2438 1356 2508 nuptiarum
1410 2439 1774 2492 damnatores
1822 2441 1918 2494 lia-

212 2524 390 2578 bendi
437 2531 590 2589 sunt,
625 2526 811 2579 eidem
840 2527 1137 2579 sentcntire
1168 2527 1541 2595 subjacebunt
1573 2530 1766 2581 Patres
1800 2535 1914 2582 tam

214 2613 434 2666 Veteris
465 2630 637 2684 quam
681 2614 820 2667 Novi
847 2615 1212 2668 Testamenti.
1246 2616 1390 2668 Elias
1422 2617 1720 2686 propheta,
1754 2617 1916 2686 cujus

210 2703 279 2754 ad
311 2702 628 2771 imperium
675 2703 883 2755 coelum
937 2709 1223 2756 reseratur
1266 2711 1323 2757 et
1352 2705 1655 2765 clauditur,
1698 2706 1914 2776 quique

210 2790 536 2844 ministerio
593 2791 852 2860 angelico
896 2792 1215 2844 sustollitur
1246 2792 1313 2845 ad
1364 2793 1552 2859 crelos,
1610 2811 1722 2847 non
1757 2795 1915 2848 duxit

207 2895 472 2932 uXorem.
506 2880 782 2932 Jcremias
814 2887 965 2933 vates
992 2879 1050 2932 in
1100 2885 1263 2933 utero
1311 2882 1710 2947 sanctificatus,
1747 2883 1916 2952 virgi-

205 2968 410 3020 nitatis
445 2970 688 3027 bonum,
730 2974 787 3021 et
815 2968 1168 3021 castimonire
1199 2969 1508 3038 puritatem
1546 2973 1911 3025 matrimonio

205 3057 485 3126 pra-tulit.
524 3056 743 3122 Daniel,
783 3055 866 3110 vir
897 3056 1311 3110 desideriorum
1354 3058 1691 3127 appellatus,
1729 3060 1911 3128 magis

205 3146 628 3198 continentiam
654 3160 824 3214 quam
858 3145 1220 3214 conjugalem
1245 3148 1511 3215 copulam
1534 3147 1762 3215 delegit.
1802 3149 1911 3200 Nec

205 3240 406 3287 tamen
439 3234 535 3286 isti
589 3234 818 3303 nuptias
864 3234 1226 3294 damnavere,
1271 3235 1531 3305 quamvis
1579 3235 1908 3304 nuptiarum

203 3325 425 3376 foedera
489 3337 605 3374 non
664 3321 986 3376 habuerint.
1049 3323 1301 3376 Salvator
1357 3323 1427 3376 de
1481 3323 1698 3392 virgine
1757 3325 1912 3378 nasci

203 3411 436 3474 maluit,
488 3417 552 3463 ut
607 3427 830 3463 sacrum
891 3411 1226 3481 conjugium
1277 3411 1644 3481 approbaret,
1696 3413 1914 3482 nuptiis

202 3501 486 3552 interesse
522 3516 633 3552 non
679 3500 880 3552 renuit.
910 3500 1158 3553 Joannes
1210 3501 1423 3553 amoris
1469 3501 1836 3571 privilegium
1881 3519 1914 3555 a

201 3589 436 3643 Christo
481 3588 814 3659 promeruit,
875 3589 1150 3660 quoniam
1198 3589 1325 3660 plus
1356 3590 1562 3644 Christi
1608 3591 1910 3661 discipula-

198 3683 352 3742 tum,
389 3693 566 3748 quam
615 3677 841 3747 nuptias
889 3677 1082 3746 elegit.
1131 3677 1328 3730 Petrus
1381 3679 1693 3747 apostolus,
1746 3683 1912 3731 ante-

198 3782 381 3837 quam
425 3765 682 3820 Christus
716 3781 849 3818 eum
894 3765 951 3818 in
986 3767 1336 3836 apostolatus
1394 3767 1730 3836 dignitatem
1779 3768 1908 3820 sub-

195 3859 460 3923 rogaret,
538 3854 972 3908 matrimonium
1057 3871 1173 3908 non
1247 3855 1494 3925 sprevit:
1562 3855 1911 3925 apostolatus

196 3948 398 3995 autem
432 3942 713 4010 dignitate
754 3941 1115 4008 sublimatus,
1152 3947 1208 3996 et
1249 3943 1303 3995 in
1351 3943 1733 4012 evangelicam
1764 3959 1908 4013 pras-

195 4031 550 4084 dicationem
598 4031 934 4095 destinatus,
997 4031 1103 4084 etsi
1156 4031 1460 4100 conjugem
1509 4047 1622 4084 non
1674 4031 1908 4100 repulit,

195 4136 351 4189 opus
381 4127 577 4172 tamen
608 4120 908 4189 conjugale
940 4119 1260 4172 declinavit.
1291 4119 1450 4182 Quod
1474 4120 1644 4172 etiam
1679 4124 1910 4172 caeteros

193 4208 498 4278 apostolos
553 4207 752 4261 fecisse
810 4224 923 4261 non
992 4207 1394 4261 dubitandum.
1453 4210 1718 4260 Attamen
1775 4208 1911 4260 istos

1211 268 1486 326 CONTRA
1543 268 1950 329 GRECORUM
2009 269 2370 328 OPPOSITA.
2403 272 2636 327 —LlB.
2691 272 2777 327 ιν.

235 398 444 452 ducere
499 414 612 450 non
643 398 830 451 solum
880 414 995 450 non
1041 399 1420 456 consentiunt.
1475 413 1673 454 verum
1706 404 1930 472 penitus
1971 405 2015 459 Α
2043 403 2160 457 dico
2211 404 2505 458 secundum
2555 405 2970 472 indulgentiam,

3644 285 3747 338 326

3046 425 3150 462 non
3214 412 3507 467 secundum
3568 417 3738 484 impe-

2040 496 2183 546 rium
2216 492 2401 564 (Ibid,
2463 495 2535 558 6).
2584 494 2684 548 Cui
2737 497 2994 565 protinus
3045 498 3327 566 subjecit:
3384 504 3510 555 Volo
3562 518 3741 558 autem

2041 597 2216 636 omnes
2258 584 2492 636 homines
2531 599 2644 636 esse
2668 583 2807 637 sicut
2837 588 3116 654 meipsum,
3159 594 3214 639 et.
3243 590 3476 659 reliqua.
3516 591 3735 655 Quibus

2042 671 2337 724 manifeste
2393 671 2676 741 significat
2723 689 2779 724 se
2813 675 3069 727 caelibem
3103 691 3243 741 esse,
3281 693 3382 728 nec
3415 681 3605 732 uxoris
3637 698 3734 734 co-

2040 761 2174 828 pula
2207 761 2467 813 detineri.
2513 762 2651 814 llinc
2708 762 2840 814 alibi
2888 763 3118 817 scribit:
3168 771 3261 817 An
3315 782 3419 820 non
3483 769 3738 822 habemus

2039 855 2350 916 potestatem
2417 866 2652 903 sororem
2716 852 2992 904 mulierem
3069 854 3506 908 circumducendi
3572 858 3736 912 (Ibid.

2041 953 2112 1001 ix,
2146 939 2191 1004 ὅ)
2213 939 2241 990 ?
2274 939 2332 990 ln
2363 955 2475 1008 qua
2507 955 2564 992 re
2598 939 2815 992 socium
2840 939 2946 992 sibi
2983 941 3298 993 Barnabam
3331 942 3450 995 fore
3483 960 3598 996 non
3637 945 3736 996 ab-

2039 1033 2229 1094 negat,
2265 1026 2492 1080 dicens:
2529 1029 2618 1081 An
2669 1043 2761 1094 ego
2800 1033 2848 1080 et
2902 1029 3182 1082 Barnabas
3233 1031 3369 1082 hanc
3417 1037 3735 1098 potestatem

2037 1129 2142 1167 non
2178 1115 2430 1168 habemus
2482 1116 2666 1184 (IbitL,
2703 1117 2802 1180 ti)?
2843 1116 2906 1168 Et
2954 1122 3147 1170 tamen
3182 1117 3292 1170 ista
3348 1135 3477 1172 cum
3537 1120 3738 1174 beatus

2038 1206 2343 1271 Apostolus
2419 1203 2487 1255 de
2541 1220 2598 1256 se
2661 1205 3020 1273 protiteatur,
3083 1222 3449 1276 nequaquam
3510 1210 3738 1278 nuptias

2037 1293 2401 1357 condemnat,
2437 1292 2504 1344 de
2537 1292 2745 1362 quibus
2790 1298 2846 1345 et
2879 1299 3159 1363 prmeepta
3207 1294 3526 1364 conjugatis
3559 1297 3733 1362 dedit,

2038 1385 2093 1431 et
2132 1379 2861 1441 incontinenteshortatur,
2897 1387 2955 1434 ut
3015 1381 3061 1433 si
3122 1399 3181 1433 se
3244 1398 3360 1435 non
3420 1384 3732 1446 continent,

2036 1469 2272 1522 nubant.
2326 1469 2480 1522 Adeo
2529 1485 2778 1539 namque
2834 1475 2948 1522 tam
3001 1470 3255 1524 Salvator
3309 1488 3480 1542 quazu
3535 1472 3736 1526 beatus

2038 1559 2242 1610 Paulus
2277 1558 2628 1611 matrimonii
2666 1564 2828 1628 pacta
2863 1575 2978 1611 non
3013 1560 3344 1629 reprobant,
3388 1565 3449 1613 ut
3482 1567 3735 1614 statuant

2036 1662 2274 1698 uxorem
2310 1664 2339 1698 a
2381 1647 2498 1698 viro
2531 1663 2645 1698 non
2678 1646 2989 1712 discedere,
3027 1663 3128 1700 nec
3155 1648 3339 1701 virum
3374 1664 3608 1702 uxorem
3655 1667 3733 1702 re-

1969 1719 2006 1770 B
2036 1735 2315 1805 linquere,
2347 1734 2454 1787 nisi
2515 1752 2682 1787 causa
2714 1735 3140 1788 fornicationis:
3175 1737 3324 1805 quod
3382 1735 3428 1787 si
3459 1736 3724 1788 discesse-

2033 1822 2169 1890 rint,
2201 1823 2474 1892 innuptos
2509 1840 2756 1876 manere.

2103 1914 2368 1964 Attamen
2399 1911 2811 1964 continentiam
2847 1911 3186 1981 persuadere
3225 1911 3555 1965 desiderans
3586 1913 3729 1965 Pau-

2033 2000 2138 2064 lus,
2169 2000 2245 2053 sic
2277 2001 2490 2054 eisdem
2537 2001 2844 2054 Corinthiis
2904 2001 3132 2054 scribit:
3186 2003 3294 2054 Hoc
3351 2004 3537 2068 itaque
3586 2001 3724 2059 dico.

2028 2090 2264 2153 fratres:
2307 2088 2532 2156 Tempus
2581 2090 2732 2140 breve
2784 2093 2880 2153 est,
2933 2091 3201 2157 reliquum
3253 2095 3330 2141 est
3379 2094 3439 2141 ut
3487 2091 3583 2155 qui
3629 2089 3726 2140 ha-

2031 2179 2386 2243 benturores,
2435 2183 2697 2244 tanquam
2741 2192 2846 2230 non
2885 2178 3136 2230 habentes
3165 2179 3309 2245 sint;
3343 2182 3392 2229 et
3435 2179 3530 2244 qui
3574 2176 3726 2246 fient,

2031 2268 2290 2332 tanquam
2337 2280 2442 2317 non
2486 2267 2698 2331 ﬂentes;
2750 2268 2800 2316 ct
2848 2265 2946 2332 qui
2997 2263 3257 2328 gaudent,
3315 2269 3574 2331 tanquam
3623 2280 3728 2316 non

1988 2349 1990 2352 ’
2026 2353 2318 2417 gaudentes
2338 2372 2358 2416 ;
2389 2360 2436 2405 et
2469 2354 2564 2420 qui
2607 2356 2788 2404 emunt
2845 2357 3105 2420 tanquam
3135 2367 3240 2404 non
3272 2352 3603 2414 possidentes
3635 2371 3650 2417 ;
3679 2358 3728 2405 et

2027 2445 2124 2508 qui
2162 2446 2390 2494 utuntur
2437 2442 2532 2493 hoc
2571 2440 2788 2504 mundo,
2843 2445 3104 2508 tanquam
3143 2457 3246 2492 non
3275 2445 3504 2492 utantur
3533 2456 3544 2492 :
3577 2456 3725 2508 prac-

2027 2533 2150 2583 terit
2180 2533 2321 2582 enim
2350 2533 2530 2598 ﬁgura
2567 2529 2730 2597 hujus
2768 2529 2959 2582 mundi
2999 2529 3050 2598 (Ι
3079 2531 3196 2583 Cor.
3239 2545 3334 2594 νη,
3371 2529 3576 2597 29-31).
3619 2529 3725 2591 Qui

2025 2619 2288 2690 superius
2317 2618 2802 2672 incontinentibus
2832 2617 3084 2671 nubendi
3134 2617 3420 2670 licentiam
3470 2618 3722 2682 dederat,

2026 2713 2297 2778 tanquam
2352 2708 2594 2760 infirmis
2625 2707 2823 2760 salutis
2871 2706 3192 2760 remedium
3227 2706 3525 2776 porrigens
3567 2706 3722 2773 dicit,

2023 2794 2213 2845 Metius
2269 2797 2346 2846 est
2393 2794 2534 2844 enim
2593 2792 2791 2844 nubere
2841 2807 3004 2859 quam
3050 2794 3141 2843 uri
3205 2791 3383 2859 (Ibid,
3433 2793 3510 2859 6).
3564 2791 3722 2842 Nune

2021 2882 2285 2951 praecipit
2327 2881 2486 2934 frena
2542 2881 2782 2932 luxuriae
2830 2895 2959 2932 cum
2994 2879 3222 2950 propria
3283 2896 3510 2949 quoque
3547 2896 3722 2932 uxore

2021 2969 2306 3022 cohibere.
2342 2970 2483 3033 Quid
2516 2976 2599 3022 est
2628 2969 2781 3021 enim
2815 2968 2967 3020 aliud
2991 2967 3144 3037 quod
3175 2967 3304 3019 dicit
3336 2984 3347 3021 :
3380 2969 3487 3032 Qui
3525 2968 3724 3022 habent

2020 3074 2234 3122 umores,
2272 3063 2532 3126 tanquam
2561 3073 2666 3122 non
2715 3057 2964 3109 habentes
3008 3058 3139 3119 sint,
3200 3056 3306 3108 nisi
3338 3055 3545 3120 dicere,
3590 3057 3722 3110 libi-

2019 3146 2168 3199 dinis
2201 3145 2482 3199 lasciviam
2511 3163 2542 3198 a
2574 3147 2822 3215 propriis
2871 3151 3042 3199 etiam
3075 3146 3348 3198 uxoribus
3380 3146 3712 3214 reprimere,

2021 3238 2078 3286 et
2121 3234 2302 3287 amori
2337 3234 2518 3303 magis
2558 3235 2827 3298 filiorum,
2861 3251 3031 3304 quam
3065 3235 3250 3286 carnis
3282 3232 3566 3286 desiderio
3597 3249 3713 3284 ser-

2022 3323 2340 3376 viendum?
2392 3324 2630 3392 Propter
2690 3323 2839 3393 quod
2897 3322 3116 3376 dixerat
3163 3321 3456 3391 superius:
3515 3323 3718 3375 Bonum

2022 3417 2099 3464 est
2157 3413 2363 3464 homini
2416 3413 2688 3464 mulierem
2762 3427 2865 3464 non
2941 3417 3157 3476 tangere
3216 3409 3401 3478 (Ibid,
3475 3410 3542 3477 l).
3608 3409 3716 3462 Sed

2023 3501 2294 3570 quoniam
2320 3501 2440 3552 haec
2465 3500 2644 3552 virtus
2704 3515 2818 3552 non
2866 3499 3133 3552 omnibus
3189 3498 3365 3559 adest,
3408 3504 3716 3566 propterea

2023 3589 2172 3656 dico,
2208 3591 2432 3657 Propter
2472 3590 2885 3654 fornicationem
2932 3592 3115 3640 autem
3163 3590 3534 3655 unusquisque
3562 3601 3718 3639 suam

2021 3694 2245 3730 umorem
2310 3677 2523 3742 habeat,
2578 3682 2628 3729 et
2680 3692 3017 3746 unaquaque
3064 3691 3221 3730 suum
3282 3678 3458 3728 virum
3521 3675 3716 3728 habeat

2022 3765 2206 3831 (Ibid.
2264 3766 2340 3832 '2).
2397 3764 2556 3827 Quod
2605 3764 2711 3817 hoc
2773 3765 2898 3817 loco
2969 3764 3295 3817 infirmitati
3362 3763 3712 3825 conceditur,

2018 3852 2303 3923 posterius
2351 3869 2605 3906 resecare
2650 3853 2916 3922 gestiens,
2949 3854 3058 3907 ait:
3119 3855 3225 3918 Qui
3271 3853 3468 3905 habent
3491 3868 3710 3917 uxores,

2021 3949 2281 4011 tanquam
2311 3957 2415 3994 non
2472 3941 2722 3994 habentes
2764 3941 2892 3994 sint.
2947 3942 3177 3993 Monens
3221 3956 3331 3992 non
3364 3956 3590 4009 semper
3618 3940 3711 3993 in-

2018 4029 2278 4082 ﬁrmitati
2323 4029 2778 4095 deserviendum,
2812 4044 3007 4081 verum
3040 4027 3387 4080 castimoniae
3429 4027 3712 4080 sanctitati

2018 4117 2542 4183 consuescendum;
2597 4117 2870 4188 quoniam
2958 4116 3214 4187 praeterit
3295 4115 3481 4186 figura
3538 4116 3710 4185 hujus

2022 4207 2241 4260 mundi.
2297 4207 2498 4275 Figura
2555 4207 2664 4260 fuit
2729 4205 2927 4258 mundi
2979 4205 3265 4258 carnalem
3315 4204 3706 4274 posteritatem

194 4313 378 4350 nemo
410 4313 582 4349 sanus
614 4297 763 4349 dicet
792 4297 1089 4350 damnasse
1129 4297 1419 4366 conjugia,
1453 4297 1586 4350 licet
1616 4297 1910 4351 continen-
1950 4309 1992 4362 ι)
2021 4313 2298 4366 quaerere,
2324 4302 2380 4349 et
2402 4296 2650 4349 filiorum
2678 4295 2952 4366 progenie
2983 4295 3252 4365 gaudere,
3280 4293 3558 4363 turbaque
3575 4309 3708 4362 pro-

194 4386 295 4439 tiae
334 4385 770 4439 sanctimoniam
805 4384 1020 4438 fuerint
1045 4385 1376 4456 amplexati.

267 4477 448 4529 Porro
480 4474 728 4528 Romani
786 4474 1271 4543 quemadmodum
1319 4475 1627 4544 culpantur
1671 4473 1906 4544 nuptia-

193 4580 333 4617 rum
364 4563 576 4616 faedera
609 4565 903 4628 damnare,
957 4563 1425 4633 quandoquidem
1477 4563 1626 4632 apud
1671 4579 1763 4615 eos
1796 4579 1900 4615 nu-

193 4655 338 4720 ptiaz
369 4652 750 4714 celebrentur,
785 4656 841 4703 et
862 4666 928 4703 ex
951 4651 1209 4720 legitimo
1236 4651 1605 4704 matrimonio
1641 4650 1742 4704 ﬁlii
1770 4666 1900 4720 pro-

190 4745 470 4793 creentur
496 4740 523 4792 ἱ)
545 4739 754 4792 Scribit
788 4740 984 4792 beatus
1006 4740 1302 4808 apostolus
1336 4740 1542 4793 Paulus
1576 4739 1900 4802 Corinthiis,

189 4829 430 4882 dicens:
494 4832 621 4894 Victo
683 4835 858 4881 autem
915 4843 1090 4882 (nnnes
1149 4829 1384 4881 homines
1440 4844 1550 4882 esse
1608 4833 1746 4882 sicut
1793 4845 1901 4881 me-

189 4922 380 4985 ipsum
407 4933 419 4980 ;
448 4917 543 4969 sed
564 4920 935 4984 unusquisque
957 4917 1112 4970 habet
1131 4920 1417 4984 proprium
1443 4919 1640 4969 donum
1666 4933 1732 4970 ea:
1765 4920 1900 4970 Deo:

187 5006 343 5056 alius
374 5004 591 5071 quidem
640 5007 734 5067 sic,
775 5006 916 5056 alius
948 5019 1070 5057 vero
1114 5008 1195 5056 sic
1227 5005 1269 5073 (l
1300 5006 1416 5060 Cor.
1480 5021 1572 5064 vn,
1631 5007 1707 5071 7‘).
1748 5005 1901 5058 Unde

190 5109 333 5144 vero
365 5093 588 5144 dicebat
622 5093 776 5162 quod
827 5093 997 5144 vellet
1047 5110 1247 5146 omnes
1309 5093 1574 5146 homines
1606 5109 1726 5145 esse
1759 5093 1903 5145 sicut

187 5182 470 5249 seipsum,
504 5182 677 5250 paulo
721 5182 986 5250 superius
1032 5181 1236 5251 aperit,
1273 5181 1368 5233 ubi
1401 5182 1718 5251 conjugatis
1748 5197 1898 5250 prte-

188 5277 359 5338 cepta
393 5269 581 5321 sanxit
603 5269 844 5322 invicem
870 5270 978 5322 sibi
1005 5271 1490 5340 quemadmodum
1527 5271 1899 5337 deservirent,

189 5361 282 5409 sui
316 5359 580 5426 corporis
616 5364 952 5426 potestatem
1014 5365 1129 5412 tam
1183 5359 1269 5411 vir
1324 5374 1496 5429 quam
1543 5358 1755 5411 femina
1786 5374 1898 5410 non

189 5447 482 5511 habendo,
509 5447 602 5499 sed
637 5463 703 5500 ex
736 5447 969 5499 alterius
1002 5447 1373 5515 permissione
1407 5447 1703 5500 servando.
1746 5446 1900 5499 Unde

189 5535 254 5587 in
313 5535 686 5588 conclusione
753 5535 833 5588 sic
889 5536 1117 5589 intulit:
1178 5538 1287 5590 Hoc
1352 5541 1555 5603 autem,
1607 5535 1897 5606 inquiens,

2014 4385 2361 4455 pinquorum
2394 4385 2676 4437 exsultare
2709 4401 2720 4437 :
2754 4390 2813 4437 at
2846 4400 2978 4436 vero
3025 4383 3298 4454 quoniam
3351 4381 3597 4434 mundus
3652 4381 3710 4434 in

2015 4480 2266 4526 extremo
2318 4473 2536 4543 positus
2586 4472 2756 4525 finem
2794 4473 3191 4542 przestolatur;
3246 4477 3321 4537 et,
3378 4475 3437 4522 ut
3465 4469 3546 4523 ait
3576 4470 3708 4523 bea-

2015 4569 2106 4614 tus
2135 4563 2403 4627 Joannes,
2440 4563 2747 4615 Novissima
2779 4562 2910 4613 hora
2952 4567 3028 4612 est
3063 4562 3110 4628 (Ι
3133 4563 3288 4612 Joan.
3325 4576 3384 4623 ιι,
3425 4561 3508 4623 18)
3548 4577 3562 4623 ;
3593 4575 3709 4612 non

2017 4649 2260 4702 carnalis
2288 4664 2541 4718 propago
2593 4649 2689 4699 sed
2736 4648 3048 4717 spiritualis
3107 4647 3283 4715 magis
3316 4646 3486 4698 debet
3516 4647 3708 4715 appeti

2017 4737 2335 4790 successio:
2375 4739 2439 4790 Ut
2490 4737 2586 4803 qui
2621 4737 2832 4801 vivunt,
2877 4733 3000 4802 jam
3049 4750 3153 4786 non
3209 4735 3318 4786 sibi
3371 4736 3583 4798 vivant,
3615 4735 3709 4786 sed

2012 4827 2232 4882 Christo
2257 4827 2352 4893 qui
2381 4840 2478 4892 pro
2511 4828 2614 4877 reis
2644 4828 2885 4876 mortuus
2933 4827 3031 4885 est,
3080 4828 3130 4874 et
3164 4824 3464 4875 resurrexit
3503 4822 3556 4890 (Ι
3583 4822 3702 4875 ουν.

2013 4931 2064 4980 ν,
2102 4917 2209 4981 15).
2252 4915 2556 4983 PrOpterea
2593 4912 2727 4964 dicit
2768 4912 2968 4964 ﬂentes
3007 4910 3129 4962 fieri
3171 4909 3379 4964 debere
3423 4909 3704 4977 {tanquam

2013 5020 2128 5056 non
2179 5003 2400 5064 flentes,
2443 5006 2506 5052 ut
2564 5000 2736 5068 hujus
2787 4999 2984 5052 mundi
3025 4998 3252 5051 ruinam
3291 5004 3462 5067 atque
3518 4995 3703 5047 tribu-

2011 5092 2253 5144 lationes
2309 5095 2659 5142 mternorum
2734 5104 2832 5158 spe
2901 5087 3245 5157 gaudiorum
3317 5085 3701 5139 consolentur.

2009 5179 2285 5233 Similiter
2367 5177 2679 5245 gaudentes
2763 5176 2820 5228 in
2914 5176 3280 5228 smcularibus
3367 5172 3703 5241 temporali-

2011 5273 2098 5320 ter
2149 5267 2484 5332 commodis,
2538 5265 2679 5318 ﬁant
2731 5271 3002 5335 tanquam
3062 5280 3178 5316 non
3237 5261 3586 5333 gaudentes;
3644 5264 3707 5312 ut

2011 5355 2344 5424 temporalis
2395 5355 2531 5408 boni
2586 5354 2795 5424 gaudia
2843 5359 3273 5406 contemnentes
3329 5353 3564 5422 propter
3615 5350 3704 5403 sui

2010 5444 2402 5514 fragilitatem,
2425 5451 2596 5514 atque
2621 5443 3128 5512 permutationem,
3161 5443 3228 5495 de
3251 5440 3482 5493 aeternis
3515 5439 3702 5510 potius

2010 5532 2297 5602 gaudeant
2340 5536 2396 5585 et
2449 5533 2771 5597 exsultent;
2831 5536 3114 5600 quatenus
3166 5528 3372 5597 gaudia
3427 5527 3704 5598 perennia
