4130 6184
435 289 535 351 327
756 341 758 344 ,
1568 277 1931 342 nmmum
1981 271 2446 341 conBEiENSIS
2486 269 2799 340 montem

3831 268 3935 335 327

434 425 703 497 consequi
725 423 1091 494 praevaleant.
1123 418 1394 473 Similiter
1422 424 1673 472 ementes
1705 434 1816 470 non
1869 417 1961 470 hic
1992 433 2118 488 pos-
2160 419 2206 472 A
2239 415 2564 470 siduitatem
2613 414 2978 479 colimrendo,
3015 413 3253 467 Domino
3288 413 3577 467 cohaerere
3619 419 3934 483 nequeunt.

436 516 618 569 sidere
648 511 1071 580 concupiscunt,
1107 508 1201 561 sed
1238 509 1650 579 possessionem
1695 523 1853 560 suam
1913 508 1969 560 in
2010 523 2128 560 co:-

436 605 670 658 lestibus
719 618 840 653 esse
887 598 1231 663 desiderent,
1275 613 1404 650 cum
1465 597 1757 650 Psalmista
1791 596 2125 667 loquentes:

437 692 577 758 Quid
626 692 764 743 enini
814 689 952 741 mihi
990 694 1068 740 est
1117 689 1171 740 in
1200 688 1345 751 creto,
1377 691 1425 738 et
1471 703 1504 737 α
1550 692 1597 753 te
1627 687 1761 754 quid
1789 688 1934 738 volui
1967 701 2128 754 super

435 788 636 836 terram
666 780 846 845 (Psul.
878 796 974 838 xu,
1007 781 1092 829 ‘25)
1114 776 1140 830 '?
1176 777 1266 829 Sic
1299 776 1396 846 qui
1447 780 1689 828 utuntur
1733 775 1838 827 hoc
1887 774 2124 839 mundo,

435 877 710 940 tanquam
744 884 857 920 non
893 872 1145 926 utantur.
1202 871 1261 918 ut
1294 865 1350 916 in
1385 865 1625 916 transitu
1659 863 1730 916 sit
1775 864 1877 931 eis,
1915 880 2025 916 non
2073 882 2124 914 Ill

433 957 746 1021 desiderio;
776 961 830 1007 et
863 956 920 1007 in
971 955 1078 1015 via,
1136 970 1249 1006 non
1281 954 1338 1005 in
1372 953 1592 1022 patria;
1651 958 1702 1004 et
1756 957 2029 1022 tanquam
2062 968 2125 1005 ex

434 1047 609 1100 latere
643 1043 998 1113 respiciatur,
1031 1059 1141 1095 non
1175 1047 1237 1093 ut
1266 1057 1458 1094 amore
1492 1041 1744 1106 tenendi,
1788 1040 1904 1093 sive
1931 1040 2124 1093 fruen-

435 1135 511 1199 di,
544 1133 922 1203 possideatur.
978 1132 1041 1184 Et
1073 1136 1380 1200 propterea
1425 1135 1842 1199 consequenter
1881 1130 1993 1182 ait:
2030 1131 2126 1182 Vo-

435 1223 482 1275 lo
514 1227 690 1274 autem
723 1236 814 1274 vos
866 1221 979 1272 sim:
1035 1219 1399 1272 sollicitudine
1450 1233 1594 1270 esse:
1656 1219 1752 1285 qui
1801 1219 1913 1269 sine
1962 1231 2129 1269 uxore

433 1316 530 1376 est,
572 1310 833 1362 sollicitus
861 1313 936 1361 est
990 1323 1107 1376 quae
1138 1308 1352 1360 Domini
1409 1313 1553 1370 sunt,
1611 1305 1870 1373 quomodo
1917 1306 2128 1373 placeat

438 1400 567 1451 Deo.
629 1398 732 1462 Qui
783 1401 959 1448 autem
1012 1411 1130 1447 cum
1188 1409 1358 1447 umore
1405 1401 1502 1458 est,
1558 1395 1819 1446 sollicitus
1891 1397 1968 1445 est
2011 1407 2129 1460 quae

433 1491 557 1539 sunt
591 1486 752 1552 hujus
780 1484 990 1548 munrli,
1044 1482 1303 1550 quonwdo
1344 1482 1556 1550 placeat
1605 1483 1786 1544 terrori,
1821 1487 1868 1534 et
1918 1481 2128 1533 divisus

433 1580 541 1626 est:
593 1579 640 1625 et
686 1575 878 1624 mulier
921 1573 1169 1638 innupta,
1219 1577 1267 1621 et
1318 1573 1492 1634 τίνοι),
1535 1573 1737 1635 cogitat
1766 1585 1884 1636 quae
1921 1570 2130 1622 Domini

432 1667 577 1726 sunt,
625 1667 681 1713 ut
733 1662 804 1712 sit
843 1665 1029 1712 saneta
1065 1666 1112 1710 et
1152 1674 1369 1726 corpore
1411 1665 1460 1710 (ιε
1503 1660 1725 1725 spiritu.
1775 1660 1906 1722 Quae
1951 1662 2130 1710 autem

430 1754 602 1815 nupta
634 1752 732 1811 est,
767 1749 966 1815 cogitat
997 1761 1115 1814 quae
1170 1751 1295 1798 sunt
1342 1745 1549 1811 mundi,
1600 1746 1860 1814 quomodo
1919 1745 2134 1812 placeat
2174 1718 2211 1770 Β

430 1837 622 1903 riro(l
651 1836 769 1892 Cor,
805 1851 897 1899 vn,
935 1834 1149 1903 32-33).

503 1924 742 1975 Videant
772 1923 964 1992 itaque
1013 1923 1336 1975 Graecorum
1386 1922 1692 1992 principes,
1725 1923 2008 1976 Romanos
2043 1936 2129 1973 re-

429 2012 710 2082 darguere
743 2011 986 2064 nitentes
1032 2027 1203 2080 super
1234 2011 1584 2064 continentia
1613 2011 1995 2077 sacerdotum,
2030 2011 2131 2063 mi-

431 2101 640 2154 nistros
670 2101 866 2154 altaris
908 2101 966 2152 in
1020 2116 1130 2170 qua
1185 2107 1337 2152 sorte
1397 2100 1738 2152 constituere
1781 2099 2126 2169 disponant;

432 2205 503 2242 an
545 2206 639 2243 eos
670 2189 846 2242 velint
898 2204 1018 2242 esse
1053 2189 1173 2241 sine
1208 2188 1610 2255 sollicitudine,
1648 2189 1802 2257 quod
1838 2189 1954 2240 vult
1979 2193 2127 2257 Apo-

433 2278 631 2343 stolus,
689 2294 761 2330 an
806 2285 953 2331 certe
1019 2276 1500 2330 sollicitudinibus
1561 2276 1844 2346 implicari
1904 2276 2128 2346 mundi,

431 2366 584 2437 quod
616 2383 731 2420 non
773 2371 929 2436 optat
960 2367 1281 2435 Apostolus.
1317 2366 1373 2420 Si
1414 2365 1569 2418 enim
1612 2365 1733 2418 sine
1767 2381 1941 2419 uxore
1973 2372 2126 2431 sunt,

430 2472 463 2507 a
508 2455 891 2508 sollicitudine
942 2455 1140 2507 mundi
1205 2455 1388 2518 liberi,
1440 2471 1636 2507 eorum
1685 2454 2125 2508 sollicitudinem

432 2549 642 2612 gerunt
672 2560 799 2613 qum
833 2550 966 2596 sunt
1010 2543 1258 2610 Domini,
1305 2549 1629 2613 quaerentes
1670 2543 1828 2596 omni
1867 2549 2127 2612 tempore

434 2635 548 2686 Deo
581 2633 934 2702 complacere
962 2651 976 2696 ;
1008 2633 1382 2700 apostolicum
1422 2632 1558 2685 illud
1596 2631 1973 2685 meditantes:
2009 2633 2128 2686 Om-

430 2724 523 2774 nia
568 2735 914 2789 quaecumque
966 2722 1176 2786 facitis,
1225 2721 1284 2772 in
1312 2721 1522 2773 nomine
1551 2722 1764 2772 Domini
1794 2735 2000 2788 semper
2028 2722 2126 2786 fa-

428 2811 531 2862 cite
595 2809 810 2874 (Coloss.
846 2824 926 2872 m,
989 2809 1090 2874 Π).
1148 2807 1205 2860 Si
1243 2823 1376 2860 vero
1429 2824 1559 2860 cum
1608 2824 1782 2860 uxore
1832 2807 2124 2877 degerent,

432 2911 663 2950 necesse
712 2901 795 2949 est
829 2895 1025 2949 mundi
1057 2894 1536 2950 sollicitudinibus
1590 2912 1684 2948 eos
1737 2897 2037 2966 implicari,
2072 2901 2130 2950 et

427 3001 686 3056 qutm‘ere
713 2985 833 3053 jam
882 2984 1173 3054 quomodo
1225 2985 1485 3054 placeant
1517 2985 1701 3050 uxori,
1735 3001 1851 3039 non
1881 2986 2031 3039 Deo:
2072 2991 2128 3039 et

429 3073 761 3144 hujusmodi
794 3073 1119 3144 quicunque
1152 3087 1306 3141 sunt,
1343 3073 1506 3128 divisi
1543 3079 1705 3144 sunt,
1728 3074 2001 3144 quoniam
2035 3074 2128 3127 in-

428 3167 514 3215 ter
569 3178 821 3216 amorem
883 3162 1091 3227 uxoris,
1138 3179 1508 3233 amoremque
1558 3162 1658 3216 Dei
1713 3162 1882 3216 medii
1943 3163 2128 3216 consi-

428 3256 605 3315 stunt,
658 3267 774 3303 non
829 3249 1081 3302 valentes
1138 3249 1324 3302 dicere
1384 3266 1513 3302 cum
1570 3252 1887 3322 Propheta:
1949 3254 2129 3305 Portio

425 3354 563 3402 mea,
643 3341 879 3405 Domine,
947 3338 1091 3404 dixi,
1169 3338 1436 3392 custodire
1493 3340 1657 3405 legem
1728 3346 1875 3393 tuam
1959 3343 2124 3407 (Psal.

428 3443 614 3491 cxvm,
672 3430 778 3494 57).
838 3427 1034 3497 Neque
1093 3442 1223 3479 cum
1274 3427 1440 3480 beato
1506 3429 1772 3496 Jeremia,
1836 3428 1934 3499 qui
2003 3431 2124 3483 ait:

426 3518 563 3569 Pars
594 3531 710 3568 mea
763 3514 1038 3582 Dominus,
1066 3515 1214 3568 dimit
1259 3518 1446 3568 anima
1490 3532 1624 3582 mea,
1671 3524 1956 3586 propterea
1983 3534 2127 3587 prx-

427 3604 665 3656 stolabor
695 3618 813 3656 eum
862 3602 1080 3671 (Thren.
1137 3619 1214 3668 ιιι,
1261 3602 1368 3671 Ἡ).
1430 3603 1575 3656 Dicit
1619 3606 1959 3674 Apostolus:
2009 3608 2127 3660 Mu-

428 3690 528 3741 lier
556 3690 810 3757 innupta,
844 3693 895 3741 et
922 3690 1078 3755 virgo
1116 3691 1316 3756 cogitat
1369 3706 1487 3758 qua:
1515 3697 1640 3744 sunt
1679 3693 1918 3758 Domini,
1969 3700 2026 3746 ut
2055 3697 2130 3747 sit

425 3780 615 3830 sancta
663 3783 711 3829 et
731 3791 950 3845 corpore
980 3781 1028 3829 et
1081 3778 1288 3844 spiritu
1320 3776 1361 3845 (Ι
1393 3778 1510 3832 Cor.
1546 3793 1639 3845 vn,
1677 3780 1783 3848 34).
1831 3783 1918 3832 An
1951 3780 2130 3850 igitur

427 3863 586 3918 decet
638 3863 868 3918 Domini
918 3863 1255 3923 sacerdotes,
1306 3870 1362 3918 et
1395 3864 1588 3918 altaris
1632 3867 1944 3934 ministros,
1997 3884 2124 3921 mu-

425 3951 664 4006 lieribus
696 3951 954 4021 innuptis
986 3955 1041 4004 et
1071 3951 1388 4022 virginibus
1413 3969 1533 4006 esse
1564 3953 1883 4020 inferiores,
1929 3961 1989 4008 ut
2014 3957 2128 4009 illis

425 4040 810 4111 cogitantibus
841 4057 968 4109 quae
1001 4047 1132 4094 sunt
1189 4041 1440 4106 Domini,
1503 4043 1941 4097 sanctimoniam
2008 4049 2123 4098 tam

425 4143 666 4198 corpore
691 4143 862 4198 quam
896 4128 1094 4197 spiritu
1130 4128 1540 4195 conservando,
1588 4128 1682 4181 isti
1713 4130 1966 4200 cogitent
1995 4148 2124 4202 quae

425 4223 559 4270 sunt
589 4215 812 4282 mundi,
843 4216 1202 4269 sanctitatem
1229 4215 1482 4285 corporis
1509 4221 1563 4269 et
1584 4217 1817 4287 spiritus
1847 4235 2123 4290 respuen-

427 4305 540 4358 do?
592 4303 897 4373 Utriusque
948 4319 1197 4374 namque
1250 4304 1627 4358 sanctimonia
1679 4309 1996 4376 privantur,
2029 4311 2128 4379 qui

427 4391 835 4461 cogitationem
865 4391 1076 4445 habent
1096 4409 1297 4446 eorum
1329 4409 1457 4464 quae
1486 4402 1619 4448 sunt
1650 4396 1869 4462 mundi,
1904 4398 2128 4467 placere

426 4480 590 4533 tiXul‘i
639 4479 987 4549 gestientes;
1045 4483 1342 4551 quoniam,
1400 4483 1545 4535 sicut
1599 4483 1734 4537 dicit
1783 4487 2122 4554 Apostolus:

430 4574 557 4636 Quae
587 4572 760 4636 nupta
790 4573 889 4634 est,
922 4572 1125 4636 cogitat
1155 4587 1273 4640 qua
1305 4577 1432 4626 sunt
1462 4572 1678 4639 mundi,
1714 4575 1975 4640 quomodo
2005 4578 2130 4644 pla-

428 4661 545 4709 ceat
575 4660 691 4709 viro
721 4655 927 4726 (1bid.).
957 4659 1052 4713 Ait
1101 4659 1354 4712 Salvator
1385 4660 1609 4714 duobus
1641 4661 1890 4715 dominis
1935 4664 2124 4717 nemi-

429 4761 558 4798 nem
591 4762 759 4814 posse
811 4746 1021 4801 servire
1051 4749 1266 4815 (Matth.
1302 4765 1374 4815 v1,
1410 4749 1518 4819 24).
1555 4750 1704 4819 Ergo
1731 4752 1815 4804 vel
1849 4752 2124 4822 episcopi,

429 4834 516 4886 vel
576 4835 933 4904 praeshyteri,
987 4835 1301 4905 cogitantes
1357 4839 1614 4892 debitum
1668 4840 1883 4893 solvere
1945 4841 2124 4907 uxori,

427 4923 678 4994 cogitare
713 4931 1007 4993 nequeunt
1059 4925 1348 4979 servitutis
1401 4927 1658 4982 debitum
1719 4930 1961 4983 Domino
2021 4931 2128 4985 sol-

426 5011 646 5065 vendas.
679 5011 900 5066 Etcum
961 5013 1151 5067 clerici
1204 5014 1476 5070 dicuntur
1537 5017 1674 5088 quia
1730 5018 1843 5071 sint
1899 5020 2127 5074 Domini

426 5115 545 5153 sors
577 5099 678 5169 (sic
716 5098 870 5152 enim
899 5115 1110 5154 nomen
1162 5102 1352 5172 ipsum
1405 5120 1606 5158 sonare
1653 5105 2126 5176 deprehenditur)

427 5191 482 5240 et
513 5202 711 5240 eorum
745 5187 932 5256 portio
963 5205 1080 5242 non
1109 5189 1217 5242 alia
1251 5191 1344 5256 sit,
1373 5208 1545 5261 quam
1591 5193 1907 5261 Dominus;
1942 5212 2125 5249 sacer-

429 5273 586 5327 dotes
617 5275 781 5328 uxori
838 5277 1169 5344 servientes,
1203 5283 1257 5331 et
1289 5294 1355 5332 ea
1400 5295 1529 5349 quae
1576 5285 1710 5335 sunt
1740 5283 1940 5336 mundi
1976 5284 2131 5354 cogi-

431 5366 634 5426 tantes,
669 5368 881 5417 sortem
920 5365 1175 5432 Domini,
1226 5383 1338 5436 qua
1367 5367 1690 5436 specialiter
1735 5370 1786 5423 ei
1839 5371 2127 5426 cohaerere

430 5449 766 5518 debuerant,
803 5469 1074 5523 respuere
1104 5473 1120 5515 ;
1157 5471 1260 5508 nec
1287 5456 1408 5525 jam
1440 5473 1639 5510 eorum
1664 5461 1945 5528 possessio
1977 5463 2128 5515 solus

427 5542 512 5592 est
543 5538 859 5605 Dominus;
897 5541 1171 5611 quoniam
1223 5543 1440 5598 mundo
1485 5560 1590 5615 per
1617 5531 2004 5603 meditationis
2033 5565 2123 5602 as-

2239 507 2393 560 Mcns
2454 520 2702 574 namque
2767 502 3211 573 cogita.ionibus
3290 502 3406 554 suis
3471 502 3749 555 mundum
3806 518 3938 554 am-

2237 595 2493 663 plexans,
2527 599 2583 646 et
2612 593 2830 646 mundo
2861 591 3170 656 inhaarens,
3224 591 3534 644 Dominum
3566 590 3936 660 eomplexari,

2237 689 2293 735 et
2323 682 2403 735 illi
2434 683 2717 735 inhaerere
2748 682 2909 734 nullo
2944 681 3114 734 modo
3146 679 3436 750 praevalet.

2309 773 2548 841 Propter
2582 771 2732 841 quod
2787 769 3033 823 mirandi
3087 770 3411 823 Graecorum
3444 767 3752 838 principes,
3785 768 3935 838 quod

2239 859 2661 929 reprehendere
2713 857 2977 910 studeant
3036 855 3263 910 Domini
3325 857 3645 907 sacerdotes
3701 872 3732 906 a
3787 871 3938 907 com-

2238 951 2407 1019 plexu
2438 947 2744 1002 mulierum
2782 947 2950 1016 longe
3009 962 3068 998 se
3097 945 3389 1008 facientes,
3442 950 3502 997 ut
3551 944 3707 996 nulla
3737 959 3937 996 neces-

2237 1039 2400 1092 sitate
2439 1037 2804 1091 detineantur
2833 1053 2864 1088 a
2897 1035 3134 1100 mundo,
3188 1033 3280 1086 sed
3333 1033 3610 1086 mundum
3656 1049 3936 1101 respuen-

2238 1133 2344 1195 tes,
2372 1126 2535 1180 liberi
2595 1126 2814 1194 possint
2855 1123 3074 1194 jugiter
3133 1123 3416 1176 inlunrere
3477 1122 3718 1175 Christo.
3753 1122 3939 1184 Quan-

2237 1219 2359 1268 tum
2391 1232 2521 1267 vero
2566 1213 2866 1283 conjugale
2919 1213 3208 1266 vinculum
3257 1211 3510 1264 conferat
3541 1209 3937 1280 impedimenti

2241 1305 2548 1359 Dominum
2573 1303 2789 1374 jugiter
2819 1301 3174 1366 obsecrandi,
3203 1301 3404 1354 beatus
3431 1299 3636 1352 Paulus
3661 1299 3935 1362 insinuat,

2238 1409 2365 1447 cum
2399 1396 2818 1460 consequenter
2842 1390 3008 1443 dicit:
3042 1391 3207 1443 Porro
3257 1388 3329 1441 ad
3350 1387 3655 1454 (utilitatem
3700 1393 3938 1440 vestram

2237 1483 2374 1549 (lico,
2407 1498 2511 1534 non
2553 1486 2612 1534 ut
2644 1482 2892 1548 laqueum
2937 1478 3086 1532 vobis
3120 1478 3388 1546 injicium,
3425 1477 3519 1529 Sed
3571 1475 3644 1528 ad
3703 1475 3764 1528 id
3794 1477 3939 1543 quod

2239 1573 2511 1624 honestum
2543 1576 2637 1623 est.
2685 1569 2902 1636 etquod
2952 1569 3268 1633 facultatem
3319 1566 3553 1634 praebeat
3595 1567 3711 1618 sine
3767 1567 3938 1632 ἐνημμ-

2242 1659 2477 1712 dimento
2520 1660 2800 1711 Dominum
2831 1655 3147 1709 obsecrandi
3178 1656 3215 1724 (ι
3244 1657 3362 1708 Cor.
3422 1671 3513 1717 vn,
3548 1655 3655 1722 35).
3695 1651 3937 1722 Liquida

2241 1761 2490 1815 namque
2542 1745 2733 1798 dicens
2764 1745 2888 1809 ista,
2941 1744 3291 1796 demonstrat
3322 1741 3485 1795 uxori
3514 1742 3824 1794 servientes
3857 1742 3936 1793 fa-

2242 1834 2510 1886 cultatem
2542 1849 2904 1903 nequaquam
2947 1830 3396 1901 haberejugiter
3429 1830 3733 1885 Dominum
3775 1831 3938 1882 obse-

2242 1922 2455 1980 crandi,
2506 1939 2705 1976 verum
2763 1922 2830 1975 ad
2899 1925 3126 1990 tempus
3195 1919 3615 1974 tantummodo.
3699 1919 3941 1970 Videant

2241 2010 2418 2079 igitur
2452 2011 2542 2063 isti
2592 2010 2924 2080 nuptiarum
2971 2024 3253 2073 censores,
3287 2009 3482 2078 quales
3525 2007 3733 2060 habere
3763 2007 3940 2060 velint

2240 2102 2819 2165 sacerdotes;ntrum
2875 2115 2972 2151 eos
3029 2098 3130 2168 qui
3189 2097 3582 2150 sanctimoniae.
3640 2103 3935 2148 servantes

2239 2189 2571 2258 puritatem,
2603 2188 2932 2241 facultatem
2974 2187 3186 2240 habent
3215 2187 3334 2239 sine
3363 2185 3774 2254 impedimento
3825 2186 3938 2236 Do-

2242 2277 2462 2331 minum
2508 2277 2861 2342 obsecrandi,
2897 2275 3076 2328 sancti
3106 2279 3426 2343 manentes,
3476 2274 3535 2326 in
3575 2273 3781 2326 sanctis
3836 2274 3939 2342 ju—

2238 2367 2386 2437 giter
2415 2366 2759 2433 habitantes,
2792 2365 3072 2418 mundum
3105 2368 3461 2432 spernentes,
3509 2361 3759 2416 crelestia
3801 2378 3938 2414 con-

2239 2455 2622 2524 temptantes;
2656 2455 2741 2507 vel
2773 2470 2868 2507 eos
2925 2457 3075 2506 certe
3132 2450 3232 2522 qui
3281 2450 3679 2520 eonjugalibus
3724 2449 3939 2502 addicti

2237 2544 2498 2610 vinculis,
2529 2559 2630 2596 nec
2662 2543 2722 2596 in
2779 2541 2987 2595 sanctis
3035 2541 3306 2594 continuo
3349 2540 3592 2592 valentes
3653 2537 3938 2602 habitare,

2238 2649 2342 2686 nec
2365 2633 2644 2686 mundum
2673 2647 2960 2702 spernere,
2997 2646 3098 2683 nec
3129 2628 3289 2682 omni
3331 2634 3591 2698 tempore
3626 2625 3940 2680 Dominum

2238 2737 2340 2792 pro
2373 2721 2480 2774 sibi
2515 2720 2769 2790 subjecta
2800 2719 2965 2788 plebe
3009 2716 3325 2788 deprecari,
3377 2732 3665 2788 quamque
3697 2717 3769 2769 sit
3799 2716 3940 2769 isto—

2236 2827 2366 2863 rum
2397 2809 2716 2863 intellectus
2771 2808 2842 2861 ab
2885 2806 3197 2877 apostolico
3259 2822 3426 2860 sensu
3475 2805 3808 2876 longiSsime
3862 2822 3946 2858 re-

2239 2905 2448 2952 motus.
2505 2897 2602 2951 Ille
2633 2896 3044 2950 continentiam
3077 2895 3401 2966 persuadet,
3439 2894 3531 2947 isti
3575 2894 3941 2947 sacerdotum

2167 3016 2207 3070 ρ
2240 2986 2676 3041 sanctimoniam
2707 2985 2850 3056 (sine
2873 3001 2988 3056 qua
3013 3001 3182 3039 nemo
3217 2983 3429 3037 videbit
3471 2985 3676 3050 Deum)
3709 2983 3944 3052 nuptia-

2239 3093 2366 3130 rum
2414 3073 2951 3129 condemnationem
3017 3073 3503 3142 interpretantur;
3565 3071 3725 3124 obliti
3780 3073 3940 3140 quod

2238 3166 2316 3218 ait
2345 3165 2684 3235 Apostolus:
2731 3165 2843 3216 Hoc
2891 3162 2965 3215 ad
2996 3163 3310 3227 utilitatem,
3363 3160 3630 3229 inquiens
3675 3165 3944 3226 vestram,

2237 3254 2379 3321 dico,
2425 3252 2840 3306 continentiam
2896 3250 3264 3321 persuadens.
3306 3250 3426 3302 Mox
3461 3253 3648 3300 autem
3691 3247 3944 3300 intirmi-

2237 3343 2337 3396 tati
2370 3342 2690 3404 consulens,
2739 3339 2971 3410 inquit:
3022 3340 3138 3393 Non
3183 3342 3242 3390 ut
3293 3339 3542 3404 laqueum
3593 3336 3746 3389 vobis
3802 3338 3942 3403 inji-

2236 3434 2396 3484 cium.
2432 3429 2689 3484 Ostendit
2721 3429 2873 3482 enim
2919 3428 3055 3498 quid
3108 3426 3435 3480 desideret:
3470 3426 3566 3479 sed
3615 3425 3947 3478 considerat

2237 3520 2388 3589 quod
2423 3518 2819 3587 unusquisque
2864 3516 3161 3586 proprium
3211 3515 3417 3568 habeat
3474 3514 3688 3567 donum
3721 3530 3753 3566 a
3792 3515 3938 3580 Deo,

2237 3608 2378 3660 alius
2405 3606 2621 3675 quidem
2676 3608 2771 3668 sic,
2803 3607 2944 3658 alius
2992 3621 3114 3657 vero
3167 3605 3261 3657 sic.
3309 3603 3523 3655 Rursus
3567 3601 3634 3654 ad
3692 3600 3747 3654 id
3783 3602 3948 3672 quod

2240 3695 2427 3765 potius
2457 3698 2537 3748 est
2573 3695 2899 3758 exhortans,
2932 3692 3228 3762 subiungit
3253 3707 3264 3747 :
3293 3692 3404 3747 Sed
3436 3691 3510 3743 ad
3559 3691 3618 3744 id
3646 3690 3792 3759 quod
3843 3691 3948 3744 ho-

2237 3789 2444 3838 nestum
2491 3789 2610 3848 est;
2665 3781 3026 3845 subauditur,
3078 3797 3171 3834 vos
3225 3781 3491 3834 invitans.
3543 3781 3945 3844 Honestatem,

2235 3873 2368 3926 talia
2398 3872 2610 3933 dicens.
2647 3870 3014 3924 continentia:
3055 3869 3339 3938 praeponit
3375 3867 3623 3938 nuptiis:
3663 3883 3780 3920 non
3815 3868 3952 3938 qui-

2238 3963 2366 4015 dem
2399 3962 2550 4032 quod
2571 3961 2802 4031 nuptias
2819 3960 3185 4025 condemnet,
3221 3958 3316 4012 sed
3347 3959 3639 4012 evidenter
3665 3958 3955 4027 praedicat

2235 4051 2389 4120 quod
2447 4050 2664 4120 nuptiae
2725 4049 2959 4119 quidem
3014 4049 3177 4102 boum
3229 4053 3381 4113 sunt,
3447 4047 3545 4100 sed
3586 4047 3789 4100 melior
3859 4053 3953 4100 est

2235 4138 2586 4192 continentia
2635 4136 3339 4208 vidualis;supereminet
3389 4141 3582 4189 autem
3633 4134 3951 4204 integritas

2232 4227 2548 4297 virginalis.

2170 4317 2211 4369 D
2313 4317 2433 4368 Non
2495 4318 2627 4367 sunt
2675 4313 2851 4384 igitur
2909 4313 3369 4383 reprehendendi
3423 4312 3504 4365 vel
3570 4311 3819 4366 Romani
3852 4313 3952 4365 vel

2243 4403 2446 4466 Latini,
2506 4403 2553 4455 si
2605 4404 2691 4456 vel
2747 4402 3061 4473 episcOpos,
3112 4403 3194 4455 vel
3256 4401 3576 4455 sacerdotes
3613 4416 3646 4454 a
3685 4401 3953 4454 maritali

2239 4497 2362 4545 toro
2415 4491 2808 4560 suspendunt:
2873 4491 3143 4561 quoniam
3190 4506 3295 4544 nec
3347 4489 3654 4560 Apostolus
3690 4489 3957 4543 habetur

2238 4579 2446 4647 dignus
2475 4579 2943 4650 reprehensione,
2980 4579 3078 4650 qui
3128 4577 3522 4633 castimoniam
3554 4578 3952 4648 persuadens,

2239 4668 2491 4739 conjugii
2517 4668 2700 4722 foedus
2721 4668 2984 4722 hortatur
3013 4684 3128 4721 non
3157 4683 3350 4736 agere,
3385 4671 3666 4736 quatenus
3695 4665 3960 4720 facultas

2231 4756 2388 4826 jugis
2431 4762 2655 4810 maneat
2684 4757 2947 4810 ﬁdelibus
2977 4755 3286 4810 Dominum
3311 4753 3676 4825 deprecandi.
3708 4754 3956 4808 Etenim

2238 4845 2338 4914 qui
2389 4844 2665 4898 Dominici
2715 4845 2969 4915 corporis
3025 4849 3081 4898 et
3137 4843 3435 4913 sanguinis
3468 4843 3624 4896 omni
3675 4846 3961 4912 tempore

2237 4932 2447 4986 debent
2473 4939 2827 4986 sacramenta
2846 4933 3196 5002 contingere,
3231 4931 3716 5002 quemadmodum
3748 4932 3967 4985 valent

2239 5020 2506 5090 conjugio
2566 5020 2904 5074 deservire?
2948 5020 3120 5075 David
3176 5035 3426 5090 namque
3480 5019 3549 5072 ad
3598 5017 3962 5073 Abimelech

2239 5109 2593 5162 sacerdotem
2627 5109 2878 5173 veniens,
2929 5125 3043 5163 non
3091 5117 3256 5162 antea
3289 5107 3499 5162 meruit
3539 5122 3716 5176 panes
3743 5122 3963 5161 sacros

2238 5197 2593 5267 contingere,
2641 5213 2813 5268 quam
2864 5214 2922 5249 se
2983 5213 3304 5268 puerosque
3357 5212 3488 5249 suos
3538 5212 3571 5248 a
3625 5194 3963 5250 mulierum

2237 5288 2391 5338 tactu
2448 5286 2614 5339 tertia
2676 5286 2797 5355 jam
2853 5285 2944 5339 die
2999 5285 3212 5340 diceret
3268 5275 3616 5356 purificatos.
3682 5283 3752 5336 Et
3811 5287 3970 5354 quis

2239 5373 2464 5442 ignorat
2497 5375 2754 5446 corporis
2784 5379 2840 5427 et
2874 5374 3172 5444 sanguinis
3207 5373 3413 5429 Christi
3447 5370 3785 5443 mysterium
3816 5372 3969 5428 fore

2239 5461 2408 5530 longe
2449 5462 2748 5516 sublimius
2794 5462 3060 5532 panibus,
3121 5462 3220 5532 qui
3271 5475 3377 5532 per
3431 5460 3658 5530 singula
3691 5459 3972 5516 Sabbata

2237 5551 2709 5621 proponebantur
2738 5567 2909 5622 super
2941 5567 3196 5604 mensam
3245 5551 3302 5604 in
3350 5550 3565 5620 templo
3593 5547 3622 5601 ‘I
3654 5549 3717 5602 Et
3749 5548 3798 5601 si
3832 5552 3970 5604 mi-
