4130 6184
213 299 310 359 329
1206 301 1482 361 CONTRA
1526 302 1925 363 GRAECORUM
1969 300 2319 363 OPPOSITA.
2357 334 2416 348 --
2452 303 2581 363 LIB.
2630 304 2715 364 IV.

212 438 361 491 nime
389 435 597 491 licebat
626 453 722 491 eos
759 434 1093 508 contingere
1139 437 1239 508 qui
1272 455 1387 492 non
1416 437 1902 493 sanctiﬁcatifuis-
1935 442 1980 492 Α

210 532 328 579 sent
382 543 415 579 a
474 527 834 588 mulieribus,
888 527 1378 597 quemadmodum
1431 529 1699 597 expediat
1747 545 1905 581 sacra

211 616 542 684 contingere
600 616 897 669 Dominica
964 616 1301 670 mulieribus
1369 616 1775 682 deservientes,
1850 623 1905 670 et

209 704 497 773 conjugali
524 710 651 757 toro
684 704 1075 775 mancipatos?
1123 704 1285 769 Quod
1330 705 1664 775 mysterium
1722 705 1903 758 Thes-

209 793 575 846 saloniceusis
610 794 854 847 Ecclesia
902 794 1216 864 diligenter
1267 794 1622 858 examinans,
1668 793 1903 847 clericos

211 888 333 935 ante
362 882 696 936 clericatum
746 882 1000 953 legitime
1034 884 1227 937 ductas
1262 899 1462 936 uxores
1519 883 1564 936 si
1597 884 1903 953 cognovis—

211 978 353 1036 sent,
385 972 759 1041 deponendos
795 973 917 1025 fore
966 978 1333 1025 censuerunt.
1373 971 1527 1025 Unde
1578 971 1903 1024 mirandum

210 1059 531 1113 Graecorum
592 1059 885 1130 principes
925 1060 985 1112 in
1027 1059 1300 1113 Romanis
1349 1060 1715 1129 redarguere,
1751 1060 1904 1130 quod

205 1148 263 1201 in
293 1148 902 1202 Thessalonieensibus
951 1149 1236 1217 patienter
1291 1148 1633 1201 concedunt.
1666 1148 1823 1211 Quod
1858 1147 1906 1201 si

208 1238 485 1290 moderno
523 1243 781 1308 tempore
830 1255 946 1291 suae
994 1238 1247 1291 fortassis
1304 1238 1697 1307 superstitioni
1754 1253 1903 1307 prm—

207 1327 381 1379 buere
431 1342 799 1394 consensum,
831 1326 1087 1397 quolibet
1106 1327 1273 1380 modo
1305 1332 1539 1381 teneant
1581 1343 1902 1396 persuasos,

206 1415 471 1468 noverint
522 1420 714 1468 tamen
763 1417 1047 1485 majorum
1095 1416 1268 1469 talem
1338 1432 1573 1469 suorum
1623 1416 1903 1469 exstitisse

207 1504 707 1557 consuetudinem.

274 1592 385 1646 Sed
446 1592 744 1646 veniamus
801 1594 869 1647 ad
924 1594 1301 1647 ecclesiastica
1369 1593 1601 1646 tandem
1654 1592 1900 1658 decreta,

207 1698 319 1751 quo
353 1699 761 1751 cognoscamus
789 1683 925 1752 quid
974 1684 1283 1736 decernere
1336 1699 1509 1751 super
1565 1682 1652 1735 his
1683 1682 1902 1735 malue-

204 1772 341 1823 rint.
373 1772 435 1824 Iu
469 1771 696 1824 Nicaeno
727 1772 971 1825 concilio
1007 1772 1113 1825 sub
1148 1772 1519 1825 Constantino
1550 1770 1898 1840 imperatore

206 1860 394 1929 primo
428 1876 535 1930 per
580 1865 862 1914 trecentos
903 1860 1223 1914 octodecim
1273 1861 1571 1930 episcopos
1604 1859 1684 1912 sic
1715 1859 1903 1912 decer-

209 1950 364 2001 nitur
405 1954 551 2017 (ca-n.
587 1952 639 2013 3,
672 1965 736 2002 ex
769 1966 913 2001 vers.
954 1949 1209 2019 Dionysii
1240 1949 1461 2019 Exigui)
1497 1965 1509 2001 :
1549 1971 1571 1995 ς(
1608 1948 1903 2001 lnterdixit

206 2054 306 2107 per
337 2038 534 2091 omnia
570 2053 779 2107 magna
820 2039 1089 2107 synodus,
1141 2055 1254 2091 non
1283 2038 1570 2108 episcopo,
1604 2053 1719 2090 non
1751 2052 1903 2106 pres-

210 2127 427 2195 bytero,
461 2142 580 2179 non
609 2126 871 2191 diacono,
905 2142 1009 2179 nec
1041 2126 1214 2180 alicui
1253 2126 1489 2180 omnino
1521 2125 1621 2195 qui
1652 2126 1709 2178 in
1751 2126 1900 2178 clero

210 2221 313 2283 est,
368 2214 542 2268 licere
602 2215 1092 2269 subiutroductam
1142 2215 1351 2269 habere
1406 2214 1737 2279 mulierem;
1792 2213 1900 2266 nisi

209 2304 350 2357 forte
386 2309 650 2370 matrem,
688 2309 784 2357 aut
812 2320 1088 2368 sororem,
1123 2308 1221 2357 aut
1260 2304 1514 2368 amitam,
1540 2303 1625 2356 vel
1662 2319 1757 2355 eas
1779 2306 1902 2356 tan-

207 2397 328 2445 tum
358 2408 634 2461 personas
673 2408 803 2462 quas.
845 2391 1198 2462 suspiciones
1253 2392 1554 2461 effugiunt.
1594 2413 1613 2438 ι
1650 2390 1903 2444 Audiant

208 2479 325 2533 haec
360 2481 942 2550 Constantinopoleos
985 2481 1388 2551 imperatores,
1420 2486 1475 2533 et
1508 2479 1792 2550 judicent,
1828 2496 1901 2532 an

207 2568 451 2622 debeant
493 2570 588 2622 isti
632 2569 862 2639 gradus,
914 2586 1085 2639 super
1116 2569 1324 2640 quibus
1366 2569 1475 2622 hoc
1518 2569 1769 2638 capitulo
1811 2568 1901 2622 de-

208 2658 482 2725 cernitur,
520 2658 889 2711 matrimonia
917 2658 1127 2723 sortiri,
1165 2658 1373 2729 quibus
1396 2674 1509 2711 non
1535 2657 1667 2710 licet
1696 2658 1900 2710 mulie-

205 2746 364 2799 ribus
395 2746 743 2812 cohabitare,
777 2746 890 2799 nisi
932 2745 1294 2799 solummodo
1328 2745 1586 2816 personis
1618 2745 1729 2799 illis
1759 2762 1900 2815 quas

204 2838 363 2890 nulla
406 2835 652 2905 suspicio
702 2836 885 2905 possit
941 2836 1375 2888 commaculare.
1450 2835 1591 2888 Nam
1642 2835 1901 2905 quisquis

201 2940 445 2977 uxorem
496 2924 742 2989 duxerit,
802 2939 921 2976 non
975 2928 1160 2992 potest
1206 2929 1416 2993 praeter
1474 2938 1708 2976 uxorem
1762 2923 1901 2976 alias

199 3014 372 3066 etiam
406 3013 675 3066 mulieres
699 3011 759 3065 in
793 3012 962 3065 domo
994 3027 1113 3064 non
1165 3011 1394 3077 habere,
1432 3010 1643 3082 quibus
1701 3012 1902 3065 uxoria

200 3101 536 3163 necessitas,
589 3106 644 3154 et
681 3116 819 3154 cura
865 3100 1177 3154 domestica
1226 3101 1580 3170 suppleatur.
1625 3100 1733 3154 Ubi
1768 3117 1900 3153 vero

197 3196 544 3245 cunctarum
598 3189 964 3244 interdicitur
1016 3189 1471 3243 subintroductio
1530 3190 1898 3255 feminarum,

197 3288 417 3351 praeter
453 3279 692 3333 omnino
741 3294 1012 3349 personas
1065 3294 1194 3349 quae
1242 3282 1471 3331 careant
1512 3278 1670 3331 omni
1720 3278 1902 3348 suspi-

193 3371 389 3437 cione,
422 3368 794 3423 manifestum
826 3372 910 3422 est
938 3368 1093 3438 quod
1124 3366 1502 3421 interdicatur
1548 3367 1721 3420 etiam
1761 3383 1901 3421 uxo-

192 3458 280 3512 ria
310 3459 536 3530 pariter
567 3458 792 3527 copula,
840 3472 968 3527 qum
1000 3455 1161 3509 nullo
1190 3457 1362 3510 modo
1394 3460 1583 3526 potest
1612 3455 1737 3509 fieri
1781 3457 1902 3509 sine

192 3549 563 3619 reliquarum
596 3545 919 3600 accessione
947 3544 1319 3599 feminarum.

261 3639 334 3692 In
366 3636 612 3691 concilio
650 3634 1090 3690 Neocaasariensi
1138 3634 1217 3687 sic
1264 3632 1533 3688 statuitur
1568 3632 1715 3703 (can.
1754 3636 1804 3701 1,
1836 3649 1904 3687 ex

188 3727 466 3798 ejusdem
512 3725 844 3791 versione):
886 3742 915 3777 ί(
947 3723 1261 3794 Presbyter,
1314 3722 1362 3775 si
1410 3738 1647 3776 uxorem
1679 3737 1905 3792 accepe-

186 3816 283 3879 rit,
325 3816 402 3869 ab
439 3813 645 3868 ordine
692 3814 1033 3884 deponatur.
1084 3812 1143 3866 Si
1189 3828 1321 3866 vero
1362 3810 1675 3865 fornicatus
1708 3810 1901 3877 fuerit,

183 3910 287 3958 aut
312 3903 675 3959 adulterium
706 3902 1139 3972 perpetraverit,
1177 3901 1425 3972 amplius
1453 3900 1591 3970 pelli
1621 3900 1809 3967 debet,
1851 3903 1907 3952 et

182 3994 257 4048 ad
322 3992 739 4064 paenitentiam
791 3990 996 4061 redigi.
1041 4011 1068 4040 ι
1103 3990 1264 4055 Quod
1311 3990 1368 4043 hi
1404 4005 1653 4043 canones
1705 3989 1905 4043 decer—

181 4089 361 4151 nunt,
402 4084 683 4137 hactenus
724 4085 780 4134 et
822 4080 1066 4135 Ecclesia
1114 4081 1371 4134 Romana
1399 4084 1455 4132 et
1497 4094 1699 4132 omnes
1748 4077 1905 4132 Occi-

180 4172 467 4225 dentales
521 4186 747 4223 servare
793 4168 1159 4236 studuerunt,
1225 4169 1464 4221 scientes
1520 4166 1740 4220 cunctis
1788 4182 1907 4220 esse

181 4260 559 4316 servandum
602 4258 755 4329 quod
797 4262 956 4328 patet
1002 4274 1120 4311 esse
1174 4257 1529 4326 religiosum,
1589 4259 1646 4308 et
1701 4254 1908 4308 divinis

3604 314 3710 371 330

2090 439 2151 493 In
2205 439 2446 493 concilio
2503 439 2939 510 Carthagiuensi
2986 443 3149 513 (conc.
3192 444 3396 511 Afric.,
3449 462 3522 500 an
3582 450 3706 514 424,

2012 545 2137 582 can.
2173 529 2298 598 37):
2336 548 2363 578 ‹‹
2402 530 2702 595 Prazterea,
2754 546 2882 583 cum
2926 531 2995 584 de
3033 534 3416 602 quorumdam
3467 537 3705 591 clerico-

2012 634 2163 683 rum,
2214 617 2476 689 quamvis
2514 634 2648 687 erga
2696 634 2894 671 uxores
2940 622 3225 690 proprias,
3287 623 3708 680 incontinentia

2012 706 2339 773 referretur,
2372 706 2588 776 placuit
2627 706 2944 776 episcopos,
2976 713 3029 762 et
3051 711 3439 781 presbyteros,
3484 720 3540 768 et
3577 716 3706 768 dia-

2012 812 2185 849 conos
2232 796 2545 850 secundum
2598 796 2791 865 priora
2840 801 3072 864 statuta,
3106 800 3279 853 etiam
3311 802 3381 855 ab
3433 804 3706 857 uxoribus

2012 885 2326 939 continere.
2361 884 2526 949 Quod
2557 884 2667 937 nisi
2710 885 2966 951 fecerint,
3000 887 3072 940 ab
3104 889 3484 945 ecclesiastico
3524 908 3705 946 remo-

2013 978 2250 1026 veantur
2284 973 2496 1027 officio.
2532 994 2558 1021 ››
2583 974 2858 1026 Praesenti
2882 975 3137 1043 capitulo
3178 992 3297 1029 non
3344 979 3528 1033 solum
3557 997 3703 1050 prae-

2011 1061 2114 1114 fati
2141 1061 2350 1129 gradus
2383 1078 2581 1115 uxores
2612 1061 2818 1115 ducere
2844 1063 3244 1132 prohibentur,
3277 1080 3475 1119 verum
3508 1082 3540 1119 a
3569 1083 3707 1136 pro-

2012 1149 2173 1220 priis,
2205 1166 2347 1220 quas
2399 1151 2736 1221 priusquam
2776 1151 3179 1206 ordinarentur
3221 1154 3497 1217 habuere,
3529 1159 3709 1210 conti-

2013 1255 2148 1292 nere
2181 1239 2642 1309 praecipiuntur:
2696 1241 2851 1309 quod
2905 1242 2951 1293 si
3015 1258 3131 1295 non
3176 1242 3434 1310 fecerint,
3494 1244 3707 1314 deponi

2007 1327 2303 1398 jubentur.
2357 1328 2724 1383 Consentitur
2765 1327 2824 1382 in
2872 1329 2977 1383 hoc
3027 1331 3252 1384 decreto
3302 1336 3417 1384 tam
3478 1332 3707 1387 Nicwno

2012 1432 2184 1485 quam
2238 1417 2679 1472 Neocaesariensi
2710 1420 2990 1473 concilio:
3037 1435 3171 1472 nam
3204 1424 3513 1490 utrumque
3552 1437 3709 1491 prae-

2012 1504 2145 1573 cipit
2176 1505 2533 1575 presbyteros
2579 1508 2649 1560 ab
2680 1508 2953 1561 uxoribus
2985 1506 3183 1561 arceri.
3234 1508 3354 1571 Qua
3408 1510 3475 1563 de
3524 1526 3583 1563 re
3626 1510 3709 1563 vi-

2011 1592 2182 1646 deant
2211 1595 2539 1664 imperiales
2572 1596 3067 1666 reprehensiones,
3102 1597 3590 1667 qualiterjustum
3637 1599 3711 1652 sit

2012 1688 2211 1735 contra
2257 1683 2483 1736 decreta
2526 1685 2807 1754 majorum
2840 1685 3200 1755 presbyteros
3233 1702 3438 1739 uxores
3478 1686 3705 1753 ducere,

2013 1771 2221 1840 quibus
2269 1772 2566 1826 inhibetur
2612 1773 2882 1844 propriis,
2918 1790 3060 1843 quas
3111 1779 3240 1827 ante
3286 1774 3706 1828 ordinationem

2010 1860 2309 1929 duxerant,
2360 1861 2661 1914 abstinere.
2715 1862 2865 1926 Quas
2919 1864 3071 1931 leges
3120 1863 3169 1915 si
3213 1878 3436 1915 servare
3482 1864 3703 1916 malue-

2011 1949 2147 2013 rint,
2176 1954 2521 2019 cognoscant
2552 1951 2701 2020 quod
2734 1951 2944 2020 injuste
2990 1951 3278 2004 Romanos
3309 1951 3659 2021 redarguant
3691 1970 3702 2005 :

2012 2038 2164 2108 quod
2192 2038 2237 2090 si
2270 2038 2579 2105 noluerint,
2615 2040 2785 2092 etiam
2819 2055 2947 2091 cum
2996 2039 3264 2092 Romanis
3298 2040 3473 2093 totius
3504 2041 3705 2097 Africae

2012 2126 2386 2197 provinciales
2443 2127 2742 2197 episcopos
2811 2127 3255 2197 reprehendant,
3315 2136 3372 2180 et
3430 2144 3559 2182 cum
3619 2130 3707 2182 his

2014 2216 2183 2269 etiam
2223 2232 2356 2269 suos
2386 2216 2721 2282 Orientales,
2765 2217 2862 2286 qui
2890 2216 3202 2269 constituta
3253 2217 3540 2286 majorum
3589 2233 3708 2269 ser-

2012 2310 2226 2372 vantes,
2277 2305 2595 2375 episcopos,
2656 2305 3040 2376 presbyteros,
3102 2309 3157 2357 et
3214 2304 3486 2359 diaconos
3517 2304 3705 2358 vivere

2009 2394 2371 2447 continenter
2399 2395 2634 2447 omnino
2666 2394 3005 2475 decernunt,
3064 2393 3175 2447 nisi
3224 2410 3458 2447 suorum
3490 2393 3707 2463 delege-

2010 2482 2127 2536 rint
2156 2482 2301 2536 forte
2332 2483 2685 2536 decretorum
2717 2489 3185 2553 transgressores.

2082 2573 2146 2624 In
2196 2571 2341 2625 libro
2393 2572 2877 2625 Constitutionum
2934 2571 3142 2626 Justini
3199 2571 3568 2641 imperatoris
3628 2572 3707 2624 ita

2010 2660 2337 2714 decernitur
2356 2662 2603 2731 capitulo
2628 2660 2902 2731 vigesimo
2926 2666 3130 2731 quarto
3157 2678 3168 2713 :
3204 2682 3230 2709 ‹‹
3256 2662 3494 2730 Oportet
3514 2664 3703 2713 autem

2009 2766 2138 2803 eum
2176 2750 2273 2819 qui
2306 2750 2607 2820 episcopus
2638 2751 2719 2816 tit,
2756 2766 2943 2820 neque
2976 2766 3211 2803 uxorem
3242 2750 3475 2812 habere,
3509 2765 3697 2819 neque

2011 2839 2411 2905 concubinam,
2433 2838 2865 2909 nequeliberos,
2888 2854 2987 2891 seu
3016 2837 3238 2908 legibus
3272 2837 3609 2907 incognitos.
3641 2837 3706 2890 Et

2010 2927 2058 2981 si
2089 2927 2218 2998 quis
2248 2933 2446 2980 contra
2471 2927 2591 2980 haec
2620 2926 2833 2993 fecerit,
2852 2932 2908 2980 et
2929 2926 2975 2979 is
3006 2926 3104 2997 qui
3128 2927 3306 2979 factus
3320 2932 3422 2992 est,
3457 2926 3579 2979 etis
3602 2926 3702 2995 qui

1955 3046 1967 3086 τ
2009 3032 2141 3071 eum
2171 3016 2320 3079 fecit,
2353 3015 2709 3086 episcopatus
2731 3016 3050 3084 expellatur
3080 3015 3296 3068 honore
3319 3024 3361 3067 δ.
3392 3035 3420 3063 ››
3464 3014 3703 3068 Videant

2012 3120 2161 3157 nunc
2191 3105 2517 3158 Graecorum
2550 3103 2945 3173 imperatores,
2978 3102 3075 3171 qui
3106 3102 3389 3154 Romanos
3432 3102 3703 3155 damnare
3764 3128 3773 3135 -

2009 3192 2236 3263 nuptias
2280 3191 2728 3256 calumniantur,
2773 3207 2838 3243 eo
2872 3190 3023 3259 quod
3054 3205 3169 3241 nou
3218 3190 3536 3259 episcopos,
3590 3207 3703 3243 non

2009 3280 2393 3353 presbyteros,
2423 3297 2538 3333 non
2568 3280 2861 3339 diaconos,
2888 3294 3092 3331 uxores
3125 3278 3330 3332 ducere
3359 3279 3699 3345 concedunt,

2011 3386 2125 3441 quo
2156 3368 2215 3422 in
2255 3370 2379 3423 loco
2404 3368 2581 3422 velint
2611 3368 2821 3421 habere
2854 3383 2984 3419 suas
3032 3367 3210 3435 leges,
3262 3366 3318 3419 id
3362 3371 3465 3431 est,
3508 3383 3539 3419 a
3588 3366 3704 3419 suis

2011 3458 2323 3529 majoribus
2344 3458 2651 3512 institutas.
2677 3458 2813 3511 Ecce
2833 3454 3087 3510 Justinus
3111 3458 3501 3511 Romanorum
3519 3455 3595 3507 im
3608 3470 3703 3523 pe-

2011 3550 2164 3599 rator
2196 3545 2419 3615 legibus
2449 3543 2700 3599 decrevit
2729 3559 2862 3597 eum
2885 3542 2983 3613 qui
3015 3543 3318 3612 episcopus
3348 3542 3573 3594 futurus
3609 3536 3702 3608 sit,

2010 3649 2199 3704 neque
2241 3648 2478 3686 uxorem
2509 3632 2737 3694 habere,
2786 3648 2973 3702 neque
3005 3631 3380 3685 concubinam
3417 3645 3428 3683 :
3466 3646 3564 3682 vos
3607 3646 3706 3683 au-

2010 3727 2126 3776 tem
2159 3737 2188 3774 e
2238 3719 2527 3774 contrario
2574 3718 2918 3772 constituitis
2961 3724 3026 3772 ut
3056 3723 3170 3772 tam
3220 3717 3475 3788 episcopi
3533 3734 3705 3786 quam

2012 3808 2331 3881 presbyteri
2363 3807 2712 3861 matrimonii
2752 3807 2884 3877 jura
2916 3807 3247 3860 sortiantur.
3296 3806 3471 3875 Leges
3514 3823 3544 3859 a
3596 3823 3710 3859 ma-

2006 3898 2235 3968 joribus
2266 3897 2466 3949 vestris
2513 3894 2862 3962 constituite,
2910 3893 3010 3964 qui
3056 3894 3165 3947 hoc
3200 3893 3464 3957 fecerint,
3498 3892 3709 3962 gradus

2014 3987 2103 4040 sui
2131 3984 2479 4056 praecipiunt
2506 3985 2721 4038 honore
2751 3984 3005 4054 privare;
3040 3999 3138 4036 vos
3186 3987 3378 4035 autem
3410 3982 3559 4046 illos,
3610 3982 3710 4051 qui

2013 4092 2131 4130 non
2170 4074 2427 4142 fecerint,
2479 4073 2719 4143 culpatis
2766 4072 2995 4141 nuptias
3052 4070 3457 4137 condemnare,
3514 4086 3617 4122 nec
3650 4069 3710 4122 in

2014 4170 2259 4218 vestram
2288 4180 2383 4217 eos
2412 4162 2581 4216 vultis
2622 4161 2879 4230 recipere
2918 4158 3407 4212 communionem.
3459 4162 3709 4227 Apparet

2016 4252 2192 4323 igitur
2220 4256 2338 4305 tam
2388 4248 2778 4305 ecclesiasticis
2823 4248 3068 4318 legibus,
3116 4262 3290 4317 quam
3341 4247 3537 4299 vestris
3584 4261 3712 4298 san-

178 4349 530 4405 cultorihus
581 4348 841 4418 dignum.
890 4346 1128 4400 Videant
1169 4346 1365 4413 Graeci,
1425 4346 1473 4398 si
1522 4344 1677 4416 quod
1723 4348 1901 4397 statu-
1938 4342 1979 4394 D
2020 4340 2303 4394 ctionibus
2336 4356 2435 4392 vos
2463 4353 2829 4409 repugnare:
2862 4340 3210 4407 quapropter
3239 4335 3483 4404 duplicis
3525 4340 3716 4388 reatus

178 4444 313 4493 tum
352 4442 453 4492 est
477 4442 671 4490 tenere
701 4435 1098 4501 contendunt;
1134 4435 1285 4505 quod
1332 4433 1378 4486 si
1416 4433 1653 4499 faciunt,
1704 4430 1912 4486 frustra
2020 4444 2118 4483 vos
2170 4429 2337 4499 culpa
2387 4426 2796 4497 coustringitis,
2865 4424 3045 4478 veluti
3091 4428 3540 4493 transgressores
3598 4428 3715 4476 tam

178 4529 503 4581 Romanos
550 4525 927 4595 redarguunt,
960 4538 1103 4594 quos
1133 4522 1240 4576 sibi
1284 4537 1449 4593 pares
1482 4521 1538 4574 in
1574 4520 1911 4574 ecclesiasti-
2019 4518 2197 4574 divini
2240 4523 2295 4571 et
2326 4516 2563 4572 humani
2589 4515 2755 4586 juris,
2791 4530 2965 4584 quam
3007 4512 3399 4566 ecclesiasticae
3433 4512 3715 4565 constitu-

174 4617 263 4669 cis
306 4614 629 4670 servandis
662 4613 921 4667 conciliis
959 4612 1195 4665 omnino
1229 4609 1601 4681 perspiciunt.
1656 4609 1818 4673 Quod
1866 4608 1914 4663 si
2019 4607 2195 4662 tionis
2228 4606 2581 4677 (Justinian.,
2629 4603 2729 4658 ubi
2779 4619 2973 4674 supra,
3020 4603 3213 4656 nevolt.
3270 4605 3390 4663 123,
3432 4618 3555 4671 cap.
3603 4603 3713 4666 29).

174 4706 592 4761 constitutum
634 4703 740 4756 hoc
780 4702 1019 4755 licenter
1060 4699 1529 4770 praevaricantur,
1577 4697 1915 4752 ecclesiasti-
2025 4718 2053 4746 «
2108 4694 2457 4765 Presbyteris
2508 4698 2701 4745 autem
2758 4696 2814 4745 et
2858 4689 3132 4755 diaconis,
3184 4694 3239 4742 et
3293 4689 3418 4743 aliis
3476 4690 3536 4742 in
3569 4690 3717 4742 clero

176 4811 402 4849 carum
438 4791 922 4846 constitutionum
953 4789 1039 4843 rei
1085 4787 1635 4859 deprehenduntur:
1670 4790 1727 4840 et
1776 4786 1915 4839 dum
2024 4782 2269 4853 scriptis,
2324 4797 2442 4834 non
2490 4778 2833 4834 habentibus
2877 4795 3085 4833 uxores
3133 4777 3448 4831 secundum
3502 4778 3718 4830 divinas

173 4886 240 4938 in
277 4882 542 4938 Oriente
572 4879 749 4934 fuerit
799 4878 906 4931 hoc
937 4876 1338 4942 constitutum,
1373 4880 1431 4929 et
1468 4874 1747 4928 nimirum
1799 4889 1916 4927 ser-
2026 4872 2276 4943 regulas,
2304 4870 2704 4925 interdicimus
2728 4873 2785 4922 et
2811 4885 2915 4923 nos
2946 4868 3249 4922 mulierem
3288 4867 3500 4920 habere
3531 4866 3589 4917 in
3618 4881 3718 4916 sua

171 4978 361 5025 vetur
389 4969 474 5023 ab
521 4965 930 5030 Orientalibus,
990 4964 1142 5035 quod
1195 4980 1301 5033 pro
1332 4962 1590 5016 Ecclesiae
1619 4961 1916 5032 disciplina
2026 4962 2214 5027 domo,
2273 4962 2506 5029 excepta
2562 4963 2768 5023 matre,
2825 4962 2881 5011 et
2937 4956 3076 5022 tilia,
3137 4960 3192 5009 et
3224 4970 3441 5020 sorore,
3504 4959 3558 5004 ct
3597 4950 3721 5003 aliis

171 5060 495 5131 probatur
522 5072 642 5109 esse
695 5054 1001 5119 sancitum,
1034 5052 1249 5106 mirum
1298 5067 1399 5104 cur
1438 5050 1497 5103 in
1543 5049 1918 5105 Occidentali-
2025 5046 2288 5118 personis
2328 5062 2454 5116 quae
2495 5061 2727 5098 omnem
2779 5045 3092 5114 qiimrelam
3141 5041 3446 5112 effugiunt.
3482 5039 3538 5093 Si
3594 5037 3721 5131 quis

173 5124 289 5203 bus
320 5148 583 5217 culpare
614 5144 903 5207 nituntur,
934 5142 1088 5212 quod
1132 5141 1283 5212 apud
1340 5139 1655 5194 Orientales
1695 5152 1920 5191 servare
2026 5140 2219 5189 autem
2272 5134 2542 5187 adversus
2588 5133 2760 5187 istam
2791 5132 3251 5186 observationem
3319 5127 3620 5181 mulierem
3665 5124 3723 5177 in

174 5254 301 5293 non
333 5214 649 5290 dubitant.
682 5231 845 5296 Quod
894 5231 942 5285 si
987 5232 1141 5301 leges
1189 5228 1596 5283 ecclesiasticas
1628 5227 1918 5297 ignorant,
2029 5240 2131 5277 sua
2162 5223 2333 5276 domo
2372 5221 2659 5288 habuerit,
2706 5236 2836 5290 quae
2867 5225 3057 5290 potest
3089 5216 3478 5286 suspicionem
3510 5214 3725 5267 inferre

174 5328 317 5398 quis
347 5323 555 5380 nescit
594 5322 720 5375 fore
750 5320 959 5375 merito
989 5300 1461 5384 contemnendos,
1494 5333 1639 5387 quos
1669 5331 1787 5369 non
1832 5330 1923 5368 sa-
2030 5309 2423 5382 turpitudinis,
2478 5312 2537 5361 et
2588 5308 2683 5361 ille
2738 5324 2771 5360 a
2809 5307 3028 5361 clericis
3088 5304 3205 5398 suis
3258 5300 3525 5366 audierit,
3572 5303 3727 5398 quod

174 5390 450 5488 pientiw
488 5410 758 5480 gravitas,
805 5410 903 5465 sed
932 5408 1277 5481 ignorantia:
1316 5405 1513 5460 levitas
1567 5405 1635 5458 ad
1684 5405 1921 5475 loqueu-
2032 5416 2160 5454 cum
2202 5398 2303 5452 tali
2356 5396 2596 5451 muliere
2649 5412 2767 5488 non
2821 5396 3025 5488 debeat
3071 5391 3344 5488 habitare,
3380 5393 3435 5442 et
3484 5390 3731 5488 noluerit

174 5483 331 5562 dum
363 5499 709 5575 propellit?
2033 5506 2159 5543 eam
2190 5504 2292 5541 sua
2332 5487 2503 5541 domo
2534 5485 2853 5555 repellere;
2886 5483 2971 5535 vel
3031 5483 3350 5534 accusatore
3396 5485 3730 5550 emergente

248 5651 279 5679 ι
312 5629 547 5687 Verbis
577 5630 875 5701 aliquanto
904 5626 1141 5683 diversis
1171 5626 1264 5681 lex
1290 5624 1399 5678 ista
1429 5620 1775 5692 exprimitur
1808 5619 2022 5675 Novell.
2055 5622 2231 5672 const.
2264 5615 2390 5671 coll.
2425 5631 2461 5681 ι,
2494 5613 2579 5667 tit.
2618 5616 2669 5677 6,
2704 5626 2832 5665 nov.
2878 5613 2931 5676 6,
2965 5624 3086 5678 cap.
3126 5612 3172 5661 t.

556 5727 848 5788 PATROL.
896 5724 1121 5786 CXXI.
3342 5707 3411 5764 11
