4086 6182
415 295 508 350 331
1559 275 1924 334 ΒΑΤΗᾹΜΝΙ
1960 274 2122 332 CORl

2287 274 2416 331 tSIS
2454 270 2765 330 MONACHI

3815 268 3920 323 33‘2

414 426 692 497 probatus
731 415 905 474 fuerit
930 413 1231 469 inhoneste
1282 427 1409 465 cum
1444 409 1545 465 tali
1576 412 1815 466 muliere
1861 407 2103 472 versari;
2144 409 2187 461 A
2221 406 2477 478 quotidie
2510 406 2817 469 celebrare,
2851 420 2955 457 nec
2997 420 3030 456 a
3066 402 3241 457 sacris
3270 402 3578 474 aliquando
3630 402 3919 468 recedere,

413 522 549 568 tunc
628 510 925 581 episcopus
1000 501 1319 556 secnndum
1392 500 1803 554 ecclesiasticos
1863 513 2110 551 canones

416 606 564 657 clero
595 615 729 655 eum
762 595 1022 665 repellat,
1058 591 1233 645 curia:
1264 589 1512 643 civitatis
1554 590 1717 659 cujus
1760 589 1997 641 clericus
2028 592 2112 640 est

414 690 830 745 tradendum.»
865 681 1144 752 Superior
1174 682 1262 733 lex
1295 678 1621 749 specialiter
1652 696 1824 748 super
1856 677 2110 748 episcopi

414 792 658 849 persona
685 775 1026 831 decreverat.
1054 770 1188 822 licet
1218 769 1431 838 pariter
1469 768 1950 837 presbyterorum,
1982 765 2110 818 dia—

413 879 807 933 conorumque
852 875 1126 931 personas
1180 856 1698 927 comprehenderit.
1745 855 1904 919 Quod
1954 854 2109 908 enim

413 957 681 1026 episcopo
720 968 837 1005 non
875 948 1224 1009 conceditur,
1262 946 1540 999 ministris
1578 950 1993 1015 consequenter
2023 945 2109 996 al-

412 1044 574 1111 taris,
625 1048 682 1095 et
728 1038 996 1110 mysteria
1051 1036 1329 1089 Dominici
1388 1035 1644 1104 corporis
1703 1040 1760 1087 et
1816 1031 2111 1102 sanguinis

416 1129 922 1187 contrectantibus,
978 1126 1195 1195 pariter
1245 1124 1625 1177 interdicitur.
1680 1122 1845 1186 Quod
1894 1123 1941 1174 si
1993 1137 2110 1175 non

417 1222 533 1274 illic
566 1220 635 1273 ad
690 1216 973 1287 liquidum
1023 1215 1091 1267 de
1123 1214 1590 1283 presbyterorum
1626 1213 2111 1280 diaconorumque

417 1324 587 1362 causa
617 1305 963 1368 decernitur,
1006 1318 1258 1372 praesens
1290 1302 1507 1354 sanctio
1548 1300 1852 1354 dubietatis
1881 1315 2111 1353 omnem

418 1398 725 1466 caliginem
768 1409 1065 1447 removere
1114 1391 1497 1460 cognoscitur,
1548 1388 1897 1442 interdicens
1932 1388 2115 1441 mani-

418 1486 559 1539 festo
616 1500 732 1536 non
796 1482 978 1534 solum
1040 1479 1406 1549 presbyteris,
1484 1484 1540 1530 et
1603 1476 1953 1539 diaconibus,
2016 1475 2112 1527 sed

419 1574 591 1627 etiam
646 1569 1031 1632 subdiaconis,
1078 1576 1132 1620 et
1177 1568 1303 1619 aliis
1353 1567 1791 1636 quibuscunque
1840 1565 1897 1617 in
1961 1565 2112 1617 clero

420 1658 856 1714 matrimonium
902 1656 1284 1721 interdicitur,
1332 1662 1391 1708 ut
1428 1654 1485 1708 in
1536 1671 1638 1706 sua
1685 1656 1854 1707 domo
1908 1658 2118 1723 praeter

422 1755 689 1814 matrem,
713 1752 770 1799 et
795 1763 887 1798 eas
920 1761 1194 1814 personas
1226 1760 1355 1813 quae
1386 1744 1709 1813 suspicione
1741 1742 2114 1812 turpitudinis

421 1837 669 1896 careant,
702 1830 958 1883 habitare
992 1830 1149 1881 nullo
1208 1830 1379 1881 modo
1431 1827 1801 1896 permittant;
1853 1826 2119 1896 praevari-

421 1927 641 1973 catores
673 1925 887 1983 autem,
928 1917 973 1969 si
1000 1917 1244 1969 convicti
1294 1916 1528 1979 fuerint,
1561 1915 1711 1968 clero
1763 1915 1973 1984 depelli
2020 1915 2116 1968 de-

419 2010 624 2074 cernit,
658 2015 715 2061 et
765 2008 832 2060 ad
870 2006 1205 2076 ignominias
1256 2021 1481 2075 pinnam
1523 2005 1664 2057 tales
1694 2004 1866 2056 curiae
1900 2005 2117 2056 manci-

422 2098 643 2169 pandos
664 2112 784 2149 esse
806 2096 969 2165 jubet
1011 2094 1233 2146 officiis.

496 2186 618 2238 Non
652 2184 935 2235 credimus
983 2181 1133 2251 quod
1191 2180 1447 2233 Ecclesiae
1508 2180 1837 2233 Graecorum
1882 2179 2017 2231 talia
2052 2179 2121 2232 de

426 2272 891 2343 presbyterorum
923 2269 1225 2322 connubiis
1268 2268 1535 2332 sentiant,
1577 2267 1768 2337 qualia
1798 2267 2119 2320 Constanti-

424 2359 745 2430 nopolitani
802 2358 1087 2427 principes
1162 2357 1371 2409 sentire
1427 2356 1892 2424 comprobantur.
1963 2356 2124 2409 Absit

426 2449 603 2518 igitur
668 2453 730 2500 ut
788 2447 1058 2499 adversus
1120 2445 1498 2497 ecclesiastica
1554 2443 1867 2496 constituta
1928 2445 2121 2498 venire

426 2540 798 2607 praesumant,
831 2540 886 2587 et
916 2551 982 2585 ea
1028 2533 1448 2602 reprehendere
1498 2537 1790 2592 conentur,
1833 2545 1962 2599 quae
1995 2544 2125 2579 con-

427 2631 537 2678 stat
568 2624 636 2677 ab
670 2622 929 2675 Ecclesiis
969 2627 1208 2685 servata,
1244 2628 1299 2672 et
1334 2621 1464 2689 jure
1513 2627 1790 2689 perpetuo
1822 2617 2116 2670 custodita.

428 2714 590 2777 Quod
633 2713 677 2764 si
728 2716 1039 2780 potestates
1091 2710 1283 2761 saeculi
1334 2726 1437 2761 sua
1485 2707 1932 2778 praesumptione
1990 2704 2127 2757 talia

429 2802 802 2871 redarguunt,
836 2799 1026 2868 qualia
1074 2797 1382 2866 prohibent
1426 2802 1482 2849 et
1510 2797 1897 2848 condemnant
1939 2799 1994 2845 et
2042 2808 2126 2844 ec-

430 2890 758 2943 clesiasticae
812 2885 965 2955 leges
1000 2892 1055 2938 et
1082 2886 1371 2952 humanae,
1428 2885 1636 2937 mirum
1698 2900 1800 2936 cur
1856 2899 1970 2934 nou
2003 2879 2123 2933 ani-

430 2979 797 3032 madvertunt
828 2974 982 3045 quod
1015 2990 1215 3027 eorum
1245 2975 1595 3027 sanctionem
1646 2990 1761 3026 non
1802 2972 1985 3025 solum
2026 2970 2124 3022 Oc-

429 3066 726 3120 cidentalis
759 3064 997 3118 Ecclesia
1044 3064 1407 3128 condemnet,
1455 3079 1649 3116 verum
1701 3061 1870 3115 etiam
1923 3060 2122 3114 Orien-

431 3157 562 3209 talis
589 3170 703 3208 non
751 3152 1008 3223 recipiat,
1041 3152 1151 3205 nisi
1208 3152 1463 3205 fortassis
1516 3150 1831 3222 tyrannidis
1879 3148 2126 3203 crudeli-

431 3252 545 3298 tate
580 3244 813 3313 fatigata
840 3242 1104 3311 quaedam
1135 3258 1267 3310 pars
1302 3241 1357 3293 in
1390 3240 1621 3294 Oriente
1662 3245 1995 3308 susceptura
2015 3236 2124 3289 sit:

433 3334 531 3386 sed
563 3339 776 3385 terrere
810 3330 977 3383 debet
994 3346 1091 3381 eos
1133 3329 1417 3380 sententia
1448 3328 1673 3381 Domini
1706 3327 1945 3379 dicentis
1972 3342 1983 3378 :
2021 3326 2129 3388 Qui

433 3420 891 3475 scandalizaverit
915 3433 1078 3469 unum
1129 3416 1195 3469 de
1239 3417 1460 3484 pusillis
1501 3418 1621 3469 istis
1648 3418 1745 3482 qui
1782 3418 1840 3467 in
1887 3430 1968 3466 me
2016 3428 2125 3465 cre-

436 3508 594 3571 dunt,
626 3505 847 3574 expedit
876 3506 925 3556 ei
945 3508 1004 3555 ut
1035 3504 1401 3570 suspendatur
1422 3504 1564 3555 mola
1593 3504 1839 3554 asinaria
1884 3505 1942 3554 in
2000 3502 2130 3553 collo

437 3595 575 3661 ejus,
607 3600 655 3646 et
682 3592 1027 3656 demergatur
1057 3593 1115 3642 in
1144 3592 1480 3659 profundum
1507 3592 1675 3642 maris
1712 3591 1931 3658 (Matth.
1978 3605 2129 3655 xviii,

437 3683 515 3749 6).
552 3682 758 3734 Verum
790 3681 900 3733 fixa
926 3684 1031 3731 stat
1070 3679 1350 3732 sententia
1382 3679 1686 3733 Salvatoris
1718 3677 2005 3749 loquentis
2061 3677 2133 3731 ad

438 3774 671 3825 Petrum
705 3786 717 3823 :
754 3770 835 3823 Tu
883 3784 935 3822 es
1000 3771 1189 3822 Petrus
1235 3774 1285 3822 et
1330 3784 1493 3837 super
1543 3770 1679 3821 hanc
1722 3774 1933 3838 petram
1964 3766 2135 3837 aedi/i-

436 3861 566 3923 cabo
598 3860 901 3913 Ecclesium
931 3874 1103 3911 meam
1130 3860 1373 3925 (Matth.,
1395 3873 1510 3923 1m,
1548 3859 1650 3927 l8).

509 3951 650 4004 Item
686 3949 745 4001 in
781 3948 984 4002 eodem
1020 3948 1164 4000 libro
1212 3947 1403 4015 (lbid.,
1436 3950 1493 3998 in
1522 3949 1626 4014 ﬁne
1668 3944 1907 4015 ejusdem
1936 3946 2083 4013 cap.)
2117 3960 2129 3996 :

438 4060 466 4091 α
502 4040 700 4093 Nullus
726 4039 1024 4107 episcopus
1047 4052 1177 4089 cum
1212 4036 1451 4088 muliere
1482 4035 1713 4104 penitus
1744 4034 1960 4086 habitet
2001 4048 2014 4084 :
2047 4032 2136 4084 sin

438 4135 630 4180 autem
671 4127 943 4195 probatus
996 4124 1169 4177 fuerit
1201 4123 1305 4175 hoc
1355 4138 1469 4175 non
1525 4122 1868 4187 observasse,
1930 4120 2138 4189 episco-

440 4220 608 4284 patus
636 4215 853 4266 honore
884 4212 1220 4280 dejiciatur;
1267 4211 1403 4279 quia
1446 4210 1567 4278 ipse
1612 4224 1670 4260 se
1718 4207 2021 4277 indignum
2056 4223 2138 4259 sa-

436 4302 688 4355 cerdotio
738 4299 1009 4354 ostendit.
1074 4300 1277 4351 Dicant
1322 4298 1500 4365 igitur
1556 4297 1793 4367 gloriosi
1849 4296 2136 4365 principes

440 4389 765 4442 Graecorum
813 4403 928 4456 qua
974 4385 1439 4455 praesumptionis
1484 4385 1721 4438 audacia
1778 4384 1907 4437 freti
1938 4394 2138 4436 contra

439 4476 747 4529 constituta
808 4476 1110 4544 majorum,
1161 4480 1359 4528 contra
1408 4476 1562 4544 leges
1612 4474 1892 4541 Ecclesite,
1940 4479 2138 4526 contra

440 4564 917 4618 consuetudinem
967 4564 1243 4616 hactenus
1275 4563 1632 4617 observatam
1684 4562 1877 4615 venire
1908 4578 2022 4615 non
2054 4578 2137 4615 ve-

440 4658 658 4719 rentur,
694 4653 976 4705 Romanos
1000 4658 1171 4722 atque
1204 4651 1429 4704 Latinos
1451 4652 1952 4722 reprehendentes,
1982 4652 2135 4720 quod

442 4740 741 4810 episcopis,
794 4740 1161 4810 presbyteris,
1228 4740 1431 4806 levitis,
1509 4746 1679 4811 atque
1744 4738 2133 4802 subdiaconis,

441 4844 644 4883 uxores
672 4828 877 4881 ducere
908 4844 1021 4882 non
1069 4828 1408 4882 concedunt.
1467 4829 1603 4882 Ecce
1662 4828 1816 4881 enim
1865 4828 2137 4896 imperia-

440 4918 588 4971 libus
636 4921 1025 4986 coarguuntur
1088 4917 1329 4987 legibus,
1364 4933 1493 4985 qua).
1543 4932 1672 4969 cum
1718 4933 1821 4985 pro
1868 4916 2136 4969 Romanis

440 5015 613 5076 atque
648 5005 862 5058 Latinis
919 5004 1197 5069 sauciant,
1246 5021 1343 5057 eos
1376 5004 1471 5074 qui
1524 5004 1959 5057 contraveniunt
2000 5020 2134 5073 pro-

437 5099 527 5149 cul
560 5093 735 5148 dubio
767 5092 1171 5145 condemnant.
1232 5093 1295 5145 In
1330 5093 1516 5145 Veteri
1563 5094 1923 5146 Testamento
1954 5092 2137 5145 taber-

438 5184 663 5249 naculo,
712 5182 829 5235 sive
881 5182 1095 5250 templo
1133 5180 1512 5234 deservientes
1562 5182 1787 5246 Levitae,
1846 5182 1960 5234 sive
2006 5198 2134 5251 pre-

438 5272 673 5341 sbyteri,
706 5269 979 5324 uxoribus
1024 5285 1141 5322 non
1179 5269 1746 5339 appropinquabant,
1797 5287 1895 5323 nec
1941 5278 2135 5324 sancta

440 5362 523 5411 vel
556 5359 785 5427 ingredi
816 5360 900 5412 vel
936 5357 1269 5427 contingere
1304 5357 1747 5427 prtesumebant,
1783 5358 1893 5411 nisi
1924 5359 2135 5411 sancti-

442 5446 747 5499 ticarentur
778 5464 789 5500 :
826 5453 883 5500 et
934 5463 1031 5499 vos
1088 5446 1273 5500 dicitis
1327 5445 1463 5515 quia
1524 5446 1871 5513 sacerdotes,
1924 5448 2134 5517 quibus

442 5534 695 5588 ofﬁcium
726 5541 811 5590 est
838 5535 1095 5605 corporis
1134 5541 1189 5589 et
1213 5533 1510 5605 sanguinis
1544 5534 1772 5589 Domini
1797 5536 2134 5605 mysterium

2223 495 2371 566 quod
2427 511 2629 547 uxores
2692 494 2898 547 ducere
2951 492 3215 556 debeant,
3267 508 3371 545 nec
3432 492 3582 545 inter
3636 493 3811 545 laicos
3866 497 3923 545 et

2222 583 2365 637 sacri
2391 583 2587 637 altaris
2613 582 2902 636 ministros
2934 583 3107 635 ullam
3152 580 3533 634 differentiam
3583 581 3917 634 consistere.

2221 673 2378 736 Quod
2409 672 2455 725 si
2495 672 2819 742 requiratur
2848 687 2881 723 a
2913 670 3067 723 vobis
3118 671 3267 724 unde
3318 676 3452 723 nata
3493 671 3667 723 fuerit
3723 669 3921 738 opinio

2221 763 2368 827 talis,
2397 778 2511 815 non
2541 762 2710 815 aliam
2742 760 2937 831 procul
2966 759 3140 813 dubio
3176 764 3491 812 monstrare
3527 760 3760 827 potestis
3824 775 3922 811 au-

2220 849 2563 912 ctoritatem,
2610 863 2783 918 quam
2834 846 3183 915 imperitiam
3220 852 3390 915 atque
3427 845 3792 914 jactantiam,
3851 845 3919 897 de

2222 937 2432 1003 quibus
2452 936 2699 990 levitatis
2730 935 2884 988 nasci
2915 935 3056 987 solet
3085 933 3340 987 audacia.

2877 1040 3101 1094 CAPUT
3144 1041 3256 1093 VII.

2222 1132 2653 1197 Conﬁrmationis
2723 1132 3119 1181 sacramentum
3173 1144 3207 1179 a
3287 1126 3618 1194 presbyteris
3681 1127 3925 1190 conferri

2290 1216 2445 1269 posse
2474 1198 2799 1253 contendunt
2830 1201 3022 1251 Graeci.
3062 1202 3163 1251 llos
3201 1199 3404 1264 refellit
3452 1205 3668 1253 auctor.
3708 1228 3777 1236 —
3815 1201 3925 1263 Qui

2294 1271 2479 1338 differt
2511 1270 2758 1324 sacerdos
2792 1270 2859 1323 ab
2890 1272 3155 1337 episcopo.

2296 1377 2455 1429 Nunc
2484 1376 2550 1429 ad
2582 1376 2721 1429 illud
2747 1375 3046 1428 veniamus
3077 1375 3227 1446 quod
3258 1375 3548 1445 objicitur,
3574 1375 3715 1446 quia
3746 1391 3925 1445 penes

2227 1466 2509 1518 Romanos
2542 1464 2960 1533 baptizatorum
3008 1464 3220 1516 frontes
3268 1464 3585 1534 presbyteri
3614 1464 3926 1517 chrismate

2226 1569 2344 1606 non
2377 1553 2603 1605 liniunt.
2641 1553 2798 1615 Quod
2831 1552 3138 1621 objectum,
3166 1553 3310 1605 sicut
3351 1558 3409 1606 et
3444 1552 3684 1622 reliqua,
3746 1552 3929 1621 magis

2227 1642 2455 1695 levitate
2485 1658 2655 1711 quam
2690 1640 2910 1693 ratione
2959 1641 3317 1709 propositum
3341 1646 3425 1693 est
3458 1656 3470 1693 :
3504 1640 3794 1709 siquidem
3832 1641 3926 1692 Ec-

2225 1731 2409 1784 clesiae
2450 1747 2563 1783 suae
2600 1729 3071 1783 consuetudinem
3094 1735 3395 1797 sequentes
3430 1728 3534 1781 ista
3567 1734 3925 1797 proponunt,

2227 1836 2342 1872 non
2385 1820 2634 1889 aliquam
2665 1819 2870 1871 divina:
2904 1817 3045 1885 legis
3077 1818 3494 1869 auctoritatem.
3548 1816 3822 1880 Quamvis
3866 1825 3926 1869 ut

2229 1909 2332 1961 hoc
2363 1907 2462 1960 fiat
2488 1913 2542 1960 et
2574 1907 2721 1977 apud
2755 1906 3063 1973 Romanos,
3106 1911 3161 1958 et
3195 1905 3345 1975 apud
3373 1906 3765 1959 Occidentales
3802 1921 3929 1958 om-

2228 2013 2347 2061 nes,
2380 2001 2499 2049 tam
2540 2012 2605 2048 ex
2659 1995 2981 2064 Evangelio,
3036 2011 3205 2064 quam
3242 2011 3306 2047 ex
3348 1996 3743 2065 apostolorum
3774 1995 3931 2047 Actis

2229 2101 2349 2138 esse
2376 2090 2597 2137 constat
2626 2089 3004 2153 assumptum.

2301 2176 2530 2227 Constat
2577 2190 2822 2242 namque
2866 2173 3107 2242 Spiritus
3165 2172 3343 2224 sancti
3389 2173 3631 2241 gratiam
3681 2188 3787 2242 per
3834 2186 3932 2223 un-

2228 2265 2473 2316 ctionem
2508 2262 2710 2315 frontis
2761 2278 2824 2314 ex
2876 2261 3179 2313 chrismate
3237 2263 3309 2314 ab
3360 2260 3640 2329 episcopis
3701 2261 3930 2323 donari,

2231 2352 2382 2421 quod
2423 2350 2565 2404 nulli
2611 2357 2821 2419 praeter
2871 2350 3166 2419 episcopos
3198 2364 3320 2401 esse
3365 2365 3697 2402 concessum
3750 2365 3929 2401 evan-

2230 2438 2409 2509 gelica
2445 2442 2685 2489 testatur
2725 2436 3048 2489 auctoritas.
3103 2436 3427 2502 Resurgens
3466 2435 3678 2489 etenim
3726 2436 3928 2488 Domi-

2232 2543 2361 2590 nus,
2395 2531 2450 2577 et
2474 2525 2767 2593 discipulis
2796 2540 3104 2592 apparens,
3152 2524 3479 2583 insufflauit,
3516 2530 3573 2576 et
3622 2524 3763 2577 dixit
3794 2526 3881 2577 eis
3912 2542 3924 2577 :

2232 2616 2479 2682 Accipite
2533 2616 2799 2682 Spiritum
2842 2619 3117 2666 sanctum:
3158 2629 3387 2681 quorum
3416 2616 3736 2667 remiserltis
3794 2630 3929 2682 pec—

2232 2710 2378 2769 cata,
2410 2705 2761 2755 remittuntur
2789 2704 2899 2770 eis;
2952 2708 3000 2753 et
3055 2717 3283 2768 quorum
3330 2705 3689 2766 retinueritis,
3722 2708 3939 2755 retenta

2230 2798 2355 2845 sunt
2388 2792 2578 2861 (Joan.
2626 2808 2717 2858 xx,
2784 2791 2894 2859 2'2).
2948 2790 3095 2859 Ergo
3147 2792 3193 2843 si
3239 2791 3501 2844 remissio
3565 2796 3936 2860 peccatorum

2233 2897 2334 2951 per
2390 2880 2666 2949 Spiritum
2725 2886 2985 2932 sanctum
3017 2880 3425 2944 contribuitur,
3467 2886 3523 2933 et
3580 2880 3690 2933 hoc
3722 2897 3940 2933 munus

2192 3011 2202 3025 .
2232 2969 2508 3037 apostolis
2548 2967 2867 3037 specialiter
2898 2973 3115 3020 constat
3141 2983 3261 3021 esse
3289 2968 3600 3033 donatum;
3642 2969 3769 3039 jure
3795 2969 3941 3021 solis

2188 3045 2205 3061 ’
2235 3057 2516 3128 episcopis
2565 3057 2685 3109 haec
2732 3056 2916 3126 gratia
2973 3061 3315 3122 reservatur,
3366 3074 3510 3127 quos
3569 3057 3629 3110 in
3684 3058 3940 3110 Ecclesia

2235 3152 2456 3199 constat
2514 3146 2905 3215 apostolorum
2946 3145 3381 3211 successionem,
3441 3150 3496 3198 et
3543 3144 3939 3198 ministerium

2237 3237 2479 3288 sortitos.
2515 3236 2741 3303 Moysen
2773 3250 3000 3303 quoque
3037 3234 3280 3303 legimus
3312 3234 3373 3286 in
3421 3234 3610 3287 Exodo
3656 3238 3851 3287 Aaron
3886 3242 3945 3287 et

2239 3323 2387 3376 ﬁlios
2411 3323 2532 3392 ejus
2562 3324 2620 3375 in
2645 3323 2990 3377 sacerdotale
3035 3322 3415 3378 ministerium
3450 3322 3761 3375 chrismate
3810 3339 3944 3375 san-

2239 3418 2329 3464 cto
2381 3412 2732 3480 perunxisse.
2798 3412 3015 3465 Deinde
3068 3427 3230 3481 reges
3292 3417 3348 3464 et
3424 3411 3746 3465 sacerdotes
3800 3412 3934 3465 oleo

2241 3506 2434 3553 sancto
2461 3506 2764 3568 perunctos
2786 3501 2845 3553 in
2886 3501 3075 3553 Veteri
3105 3502 3469 3555 Testamento
3498 3515 3599 3571 per
3631 3500 3941 3569 pontifices

2242 3588 2562 3654 exstitisse;
2596 3605 2737 3658 quos
2768 3595 2990 3643 constat
3033 3589 3276 3659 gessisse
3307 3588 3555 3658 figuram
3612 3588 3731 3642 veri
3782 3590 3945 3658 regis

2244 3683 2415 3747 atque
2490 3677 2779 3732 Pontificis
2856 3678 3083 3732 Domini
3142 3679 3321 3732 nostri
3375 3679 3508 3732 Jesu
3538 3678 3777 3742 Christi;
3852 3678 3948 3731 cui

2243 3766 2541 3820 Psalmista
2566 3767 2849 3837 praecinit,
2881 3768 3112 3821 dicens:
3144 3770 3311 3822 Unmit
3344 3772 3391 3820 te
3428 3769 3585 3833 Deus,
3624 3770 3760 3821 Deus
3792 3772 3944 3833 tuus,

2243 3855 2351 3908 oleo
2382 3856 2579 3908 latitia
2606 3872 2720 3923 prz
2750 3856 3083 3909 consortibus
3107 3858 3215 3909 tuis
3245 3856 3412 3925 (Psal.
3444 3870 3589 3919 κων,
3626 3858 3705 3923 8).

2317 3945 2547 3998 Constat
2576 3950 2767 3997 autem
2800 3961 3028 3998 omnem
3063 3946 3367 3999 Ecclesiam
3394 3960 3599 4014 corpus
3627 3961 3751 3997 esse
3785 3944 3950 3998 Chri-

2244 4032 2334 4093 sti,
2358 4033 2593 4100 etenim,
2621 4033 2879 4086 videlicet
2910 4033 3060 4102 regis
3104 4038 3156 4087 et
3189 4033 3527 4101 Sacerdotis,
3552 4032 3709 4086 unde
3743 4049 3949 4086 omnes

2247 4121 2551 4176 Christiani
2582 4138 2761 4192 genus
2817 4138 3015 4175 sumus
3056 4121 3405 4175 sacerdotele
3451 4126 3507 4175 et
3544 4122 3765 4191 regale;
3812 4138 3945 4191 pro-

2247 4216 2374 4278 pter
2405 4210 2559 4279 quod
2589 4216 2719 4280 post
2738 4211 3025 4264 lavacrum
3052 4210 3341 4281 angimur,
3366 4215 3430 4263 ut
3461 4208 3671 4264 Christi
3704 4209 3947 4263 nomine

2180 4310 2610 4367 Dcenseamur;
2670 4305 2727 4354 et
2782 4316 2895 4353 non
2946 4300 3055 4352 nisi
3116 4316 3217 4370 per
3270 4299 3590 4369 pontifices,
3639 4315 3672 4350 a
3734 4299 3949 4369 quibus

2245 4403 2409 4457 reges
2467 4393 2523 4441 et
2587 4389 2903 4442 sacerdotes
2958 4388 3321 4458 ungebantur
3368 4388 3429 4441 in
3480 4389 3622 4457 lege.
3676 4388 3740 4440 In
3791 4389 3949 4441 Actis

2246 4475 2418 4529 habes
2496 4476 2670 4529 ctiam
2740 4479 3151 4547 apostolorum,
3228 4477 3409 4547 quia:
3472 4478 3601 4532 Cum
3659 4476 3948 4529 audissent

2246 4565 2476 4633 apostoli
2502 4567 2597 4632 qui
2634 4571 2787 4618 erant
2826 4566 3233 4633 Hierosolymis,
3283 4568 3416 4633 quia
3458 4568 3657 4633 recepit
3689 4566 3949 4620 Samaria

2244 4652 2463 4707 verbum
2493 4655 2609 4719 Dei,
2656 4657 2917 4707 miserunt
2948 4654 3022 4706 ad
3059 4668 3143 4707 eos
3180 4656 3392 4707 Petrum
3441 4658 3490 4706 et
3510 4656 3792 4707 Joannem.
3842 4656 3953 4719 Qui

2244 4754 2362 4792 cum
2392 4743 2678 4805 venissent,
2722 4744 3011 4794 oravcrunt
3038 4757 3140 4810 pro
3170 4743 3329 4809 ipsis,
3362 4746 3423 4794 ut
3470 4744 3785 4809 acciperent
3817 4742 3947 4811 Spi—

2244 4833 2413 4882 ritum
2455 4835 2719 4883 sanctum.
2770 4830 3021 4884 Nondum
3072 4832 3214 4883 enim
3264 4831 3320 4882 in
3358 4845 3681 4897 quemquam
3726 4831 3953 4883 illorum

2245 4924 2484 4983 venerat,
2517 4918 2611 4971 sed
2637 4918 2905 4985 baptizati
2939 4923 3149 4972 tantum
3178 4923 3337 4972 erant
3375 4920 3434 4972 in
3475 4920 3687 4971 nomine
3734 4921 3955 4973 Domini

2245 5007 2386 5059 Jesu.
2428 5009 2573 5059 Tunc
2619 5006 2965 5074 imponebant
3015 5022 3207 5060 manus
3246 5022 3410 5076 super
3442 5008 3584 5074 illos,
3630 5013 3681 5060 et
3712 5010 3949 5077 accipie-

2246 5094 2374 5147 bant
2403 5095 2671 5163 Spiritum
2714 5102 2973 5149 sanctum.
3027 5098 3169 5163 (Act.
3225 5112 3342 5161 vui,
3385 5097 3447 5149 14
3494 5101 3544 5151 et
3589 5111 3702 5164 seq.
3742 5108 3755 5159 )
3814 5097 3951 5150 Vide

2245 5199 2359 5252 qua
2405 5184 2656 5253 primum
2712 5184 2984 5253 baptizati
3039 5184 3269 5237 fuerant
3322 5185 3380 5237 in
3436 5184 3667 5237 nomine
3730 5194 3949 5238 sancta:

2243 5271 2553 5337 Trinitatis,
2588 5273 2740 5342 quod
2772 5278 2856 5326 est
2900 5274 2956 5325 in
2994 5273 3227 5326 nomine
3274 5272 3505 5326 Domini
3546 5273 3714 5337 Jesu;
3768 5274 3947 5343 siqui-

2246 5359 2374 5414 dem
2429 5362 2599 5413 totius
2645 5362 2933 5414 Trinitatis
2974 5362 3256 5414 invocatio
3298 5362 3356 5413 in
3415 5361 3650 5414 nomine
3712 5360 3948 5414 Domini

2242 5447 2373 5502 Jesu
2404 5448 2751 5501 continetur.
2796 5450 2905 5501 Nec
2929 5454 3121 5502 tamen
3165 5449 3349 5502 adhuc
3378 5453 3717 5517 acceperant
3767 5448 3952 5518 Spirio

2245 5542 2367 5590 tam
2390 5543 2669 5591 sanctum.
2705 5538 2904 5591 Postea
2928 5554 3054 5591 vere
3086 5553 3291 5591 manus
3311 5535 3745 5607 imponentibus
3775 5552 3950 5608 super
