4130 6184
198 229 302 285 333

1196 229 1467 288 CONTRA
1506 229 1912 289 GRACCOBUM
1951 229 2304 288 OPPOSITA.
2337 260 2398 270 —
2431 230 2559 286 LIB.
2601 230 2686 288 ιν.

3601 241 3704 296 33$

199 383 297 420 eos
353 364 650 437 apostolis,
709 370 1052 437 acceperunt
1103 366 1380 438 Spiritum
1430 373 1710 422 sanctum.
1760 368 1898 432 Quae
1936 373 1975 422 A
2009 366 2320 422 cidentales
2375 367 2647 438 episcopi,
2699 368 2982 440 majorum
3027 379 3331 443 sequentes
3377 373 3700 433 institutio-

198 457 385 510 forma
419 462 675 509 servatur
719 456 1002 527 hodieque
1043 457 1100 510 in
1144 457 1506 520 Ecclesiaput
1538 458 1900 528 baptizentur

199 544 434 615 quidem
480 544 678 598 fideles
713 561 816 614 per
858 545 1243 616 presbyteros,
1277 546 1461 614 gratia
1491 562 1626 599 vero
1655 547 1898 617 Spiritus

198 633 376 686 sancti
409 650 515 704 per
553 633 983 702 impositionem
1023 650 1300 687 manuum
1345 635 1630 688 tribuatur
1669 635 1739 688 ab
1777 635 1898 706 epi-

197 720 418 789 scopis:
456 721 610 790 quod
660 727 792 774 tunc
839 723 922 782 tit,
957 722 1190 792 quando
1223 723 1438 776 frontes
1475 723 1894 794 baptizatorum

195 807 502 862 chrismate
533 815 723 863 sancto
757 809 1042 863 liniuntur
1068 810 1136 863 ab
1169 811 1468 881 episcopis.

267 897 412 950 Item
469 898 529 951 in
593 898 806 951 eisdem
868 898 1058 951 Actis:
1113 899 1340 953 Factum
1403 904 1480 954 est
1539 905 1716 954 autem
1777 917 1894 954 cum

196 986 391 1054 Apollo
445 992 578 1040 esset
634 987 904 1053 Corinthi,
964 992 1014 1040 et
1078 988 1300 1053 Paulus,
1361 991 1677 1057 peragratis
1736 1004 1891 1057 supe-

194 1075 434 1128 rioribus
463 1076 740 1143 partibus,
772 1078 976 1130 veniret
1013 1077 1303 1145 Ephesum,
1346 1080 1396 1130 et
1438 1078 1706 1130 inveniret
1735 1091 1893 1145 quos-

193 1162 320 1216 dam
352 1163 678 1232 discipulos,
729 1164 877 1217 dixit
920 1165 994 1217 ad
1039 1179 1161 1218 eos:
1214 1165 1276 1219 Si
1325 1165 1599 1233 Spiritum
1647 1168 1895 1218 sanctum

194 1255 480 1320 accepistis
541 1253 852 1306 credentes?
901 1254 978 1307 At
1026 1254 1112 1306 illi
1157 1254 1418 1307 dixerunt
1463 1254 1538 1307 ad
1587 1270 1736 1308 eum:
1789 1255 1894 1309 Sed

187 1357 360 1409 neque
411 1343 464 1394 si
514 1341 759 1410 Spiritus
805 1347 1023 1395 sanctus
1074 1347 1170 1408 est,
1220 1343 1554 1397 audivimus.
1610 1343 1706 1395 Ille
1767 1357 1892 1395 vero

188 1432 311 1482 ait:
357 1431 420 1482 In
469 1446 572 1498 quo
621 1447 746 1498 ergo
793 1431 1064 1499 baptizati
1107 1434 1275 1484 estis?
1332 1433 1436 1496 Qui
1481 1431 1777 1484 dixerunt:
1829 1433 1888 1484 In

185 1517 431 1570 Joannis
490 1518 833 1586 baptismate.
897 1522 1052 1573 Dixit
1118 1526 1296 1572 autem
1360 1519 1599 1573 Paulus:
1661 1521 1889 1572 Joannes

190 1604 496 1673 baptizavit
546 1607 815 1674 baptismo
868 1610 1198 1676 pwnitentize
1251 1610 1532 1677 populum,
1600 1607 1782 1661 dicens
1832 1610 1889 1660 in

188 1709 306 1746 eum
338 1697 440 1761 qui
467 1701 724 1748 tenturus
755 1702 888 1749 esset
918 1701 1038 1764 post
1067 1698 1245 1764 ipsum
1276 1701 1335 1748 ut
1362 1696 1656 1761 crederent,
1690 1697 1784 1749 hoc
1813 1704 1888 1748 est

189 1783 244 1833 in
270 1783 476 1835 Jesum.
511 1785 610 1838 llis
637 1784 862 1850 auditis,
896 1785 1164 1852 baptizati
1197 1790 1322 1839 sunt
1351 1788 1407 1838 in
1436 1789 1648 1839 nomine
1681 1787 1893 1839 Domini

187 1871 330 1923 Iesu.
377 1873 450 1924 Et
492 1887 612 1925 cum
670 1874 1012 1941 imposuisset
1074 1875 1187 1928 illis
1237 1890 1428 1927 manus
1474 1876 1694 1938 Paulus,
1747 1878 1891 1928 venit

187 1974 352 2026 super
382 1975 470 2013 eos
519 1961 760 2045 Spiritus
806 1969 1056 2028 sanctus;
1089 1969 1140 2017 et
1182 1963 1538 2030 loquebantur
1575 1963 1800 2030 linguis,
1842 1968 1892 2015 et

187 2047 771 2118 prophetabant(.»1ct.
805 2066 920 2114 xix,
970 2056 988 2103 l
1036 2055 1086 2104 et
1132 2051 1290 2120 seq.).
1324 2051 1389 2103 Et
1419 2051 1510 2104 hic
1559 2051 1716 2104 vides
1757 2051 1893 2121 quia

191 2137 400 2189 Paulus
440 2153 557 2190 non
600 2137 975 2207 baptizaverit
1004 2155 1120 2206 eos,
1164 2140 1259 2193 sed
1298 2139 1532 2210 jusserit
1576 2139 1880 2210 baptizari.

192 2225 501 2293 Baptizatis
567 2231 759 2280 autem
826 2243 1030 2281 manus
1093 2229 1302 2282 Paulus
1347 2228 1653 2298 imposuit;
1709 2234 1766 2281 et
1814 2229 1893 2282 ita

188 2312 422 2366 demum
461 2315 616 2367 venit
660 2331 834 2385 super
863 2333 958 2369 eos
1009 2317 1251 2387 Spiritus
1298 2323 1550 2370 sanctus.
1612 2317 1894 2370 Docemur

190 2402 368 2470 igitur
398 2403 670 2473 baptismi
701 2405 942 2474 gratiam
986 2422 1089 2476 per
1131 2405 1500 2476 presbyteros
1544 2421 1708 2474 posse
1749 2422 1891 2459 con-

189 2489 389 2557 tribui,
434 2492 652 2546 donum
692 2509 825 2547 vero
872 2493 1116 2563 Spiritus
1155 2495 1355 2558 sancti,
1413 2493 1566 2564 quod
1618 2495 1895 2548 tribuitur

187 2595 288 2648 per
325 2595 607 2634 manuum
639 2581 1091 2652 impositionem,
1136 2583 1366 2652 quando
1395 2582 1611 2636 frontes
1638 2583 1889 2653 baptiza-

188 2673 379 2720 torum
426 2669 735 2722 chrismate
767 2675 960 2722 sancto
993 2670 1296 2736 liniuntur,
1328 2687 1446 2724 non
1490 2671 1598 2724 nisi
1631 2688 1734 2742 per
1764 2672 1889 2742 epi-

185 2773 386 2826 scopos
418 2774 588 2827 posse
616 2758 954 2828 promereri.

254 2847 322 2900 Et
370 2863 572 2900 revera
604 2847 754 2900 inter
783 2847 1099 2901 sacerdotes
1129 2852 1184 2900 et
1230 2849 1530 2918 episcopos
1567 2848 1893 2903 differentia

185 2953 297 2990 non
353 2952 532 3006 parva
576 2936 853 2990 consistit.
906 2936 1238 2991 Sacerdotes
1282 2953 1556 3008 namque,
1607 2937 1753 2993 sicut
1798 2955 1888 2992 re-
1930 2971 1969 3024 ρ

185 3025 326 3095 liqui
370 3024 584 3093 gradus
618 3024 1002 3092 ecclesiastici,
1053 3042 1154 3096 per
1184 3026 1584 3097 episcoporum
1631 3028 1891 3082 ministe-

183 3114 338 3167 rium
389 3120 826 3180 consecrantur;
881 3120 938 3168 at
987 3115 1239 3184 episcopi
1277 3132 1391 3168 non
1423 3132 1456 3168 a
1505 3117 1891 3171 sacerdotibus

180 3202 626 3256 benedicuntur.
682 3202 795 3272 ipsi
845 3219 1076 3274 quoque
1116 3210 1376 3258 sanctum
1409 3203 1655 3258 chrisma
1683 3205 1890 3258 sancti-

181 3290 382 3354 ﬁcant,
418 3295 478 3344 et
509 3291 700 3347 oleum
733 3296 1104 3344 consecrant:
1141 3292 1445 3362 omnisque
1478 3293 1689 3361 gradus
1720 3293 1889 3345 eccle-

178 3380 448 3432 siasticus
487 3379 724 3433 illorum
759 3379 1135 3450 dispositione
1165 3381 1479 3450 peragitur.
1514 3381 1672 3445 Quod
1704 3382 1891 3435 consi-

179 3467 452 3522 derantes
526 3469 890 3522 ecclesiastici
964 3469 1091 3536 viri,
1159 3474 1482 3523 statuerunt
1550 3475 1613 3522 ut
1677 3471 1890 3524 frontes

177 3557 614 3628 baptizatorum
661 3573 780 3610 non
828 3573 861 3610 a
921 3557 1287 3627 presbyteris,
1341 3557 1434 3610 sed
1496 3557 1566 3610 ab
1612 3558 1890 3628 episcopis

179 3647 497 3700 chrismate
547 3651 741 3699 sancto
791 3645 1115 3698 linirentur.
1168 3646 1326 3700 Sicut
1356 3646 1426 3699 de
1468 3652 1661 3698 sancto
1710 3645 1886 3699 Silve-

176 3740 295 3787 stro
355 3735 424 3788 in
487 3733 670 3788 Gestis
723 3733 1047 3804 apostolicis
1095 3734 1305 3804 legitur
1361 3733 1502 3800 (Lib.
1557 3735 1890 3799 Pontiﬁcalis

95 3827 98 3830 ’
179 3825 415 3877 Damasi
456 3825 664 3891 papae),
725 3823 820 3874 ubi
884 3822 962 3874 sic
1014 3823 1289 3891 scriptum
1339 3821 1662 3875 invenitur:
1715 3842 1737 3869 ι
1793 3821 1891 3875 llic

176 3911 493 3966 constituit
543 3916 605 3963 ut
643 3909 890 3963 chrisma
918 3909 990 3963 ab
1025 3910 1292 3979 episcopo
1336 3909 1645 3975 efﬁciatur;
1688 3917 1743 3962 et
1775 3910 1890 3980 pri-

175 4001 468 4070 vilegium
500 4000 573 4053 sit
597 4000 896 4069 episcopis,
930 4005 991 4052 ut
1019 3999 1335 4068 baptizatos
1362 3998 1666 4051 chrismate
1698 4003 1889 4051 sancto

173 4090 553 4158 consignant,
621 4092 861 4158 propter
907 4087 1233 4141 haereticam
1290 4086 1806 4142 insimulationem.
1860 4109 1887 4136 »

173 4179 325 4231 Hinc
389 4176 569 4230 etiam
617 4176 984 4230 Innocentius
1033 4193 1182 4246 papa
1234 4175 1293 4228 in
1340 4175 1457 4228 suis
1507 4175 1892 4229 Decretalibus

169 4266 285 4319 hoc
340 4264 524 4318 modo
575 4263 832 4318 decernit
876 4267 1057 4333 (epist.
1115 4267 1160 4328 l,

169 4354 434 4423 gnandis
453 4352 773 4407 infantibus
805 4353 1170 4407 manifestum
1193 4358 1295 4419 est,
1330 4368 1442 4406 non
1475 4353 1544 4406 ab
1575 4352 1687 4406 alio
1720 4369 1892 4422 quam

168 4444 239 4497 ab
284 4443 572 4514 episcopo
619 4443 746 4496 ﬁeri
796 4443 985 4496 licere.
1033 4443 1174 4496 Nam
1221 4441 1562 4511 presbyteri,
1609 4441 1740 4495 licet
1783 4443 1896 4496 sint

168 4534 536 4598 sacerdotes,
569 4530 937 4602 pontiﬁcatus
967 4535 1163 4584 tamen
1205 4529 1426 4601 apicem
1456 4546 1572 4584 non
1602 4529 1833 4584 habent.
1864 4549 1890 4580 ››

168 4622 292 4674 Hoc
349 4626 551 4674 autem
601 4620 969 4690 pontiﬁcibus
1018 4619 1153 4674 solis
1201 4619 1415 4683 deberi,
1453 4624 1517 4672 ut
1560 4620 1648 4672 vel
1699 4618 1892 4672 consi-

167 4713 385 4778 gnent,
420 4709 510 4762 vel
533 4709 886 4777 pararzletum
908 4708 1187 4778 Spiritum
1218 4712 1476 4761 sanctum
1501 4706 1747 4770 tradant,
1781 4722 1896 4758 non

166 4798 365 4850 solum
424 4797 782 4850 consuetudo
831 4797 1214 4851 ecclesiastica
1263 4797 1642 4862 demonstrat,
1697 4810 1897 4848 verum

168 4888 272 4940 illa
307 4885 490 4939 lectio
515 4888 762 4939 Actuum
796 4886 1218 4955 apostolorum,
1262 4901 1390 4955 quas
1431 4883 1632 4938 asserit
1664 4884 1896 4938 Petrum

168 4983 226 5030 et
275 4977 580 5029 Joannem
633 4991 752 5028 esse
799 4975 1068 5042 directos,
1115 4974 1215 5046 qui
1251 4974 1374 5044 jam
1431 4971 1732 5042 baptizatis
1781 4977 1896 5024 tra-

169 5064 318 5118 dant
362 5063 652 5133 Spiritum
684 5069 963 5116 sanctum.
1010 5063 1152 5117 Nam
1203 5060 1556 5131 presbyteris
1594 5075 1694 5113 seu
1743 5064 1899 5112 extra

168 5153 554 5223 episcopum,
602 5168 703 5204 seu
736 5157 1019 5221 praesente
1067 5151 1361 5221 episcopo,
1401 5165 1530 5202 cum
1577 5147 1893 5217 baptizant,

168 5243 504 5296 chrismate
564 5240 881 5308 baptizatos
953 5255 1171 5308 ungere
1231 5237 1386 5302 licet,
1455 5237 1551 5289 sed
1617 5236 1771 5306 quod
1827 5237 1898 5290 ab

170 5332 463 5400 episcopo
521 5329 697 5382 fuerit
750 5332 1172 5393 consecratum;
1240 5341 1355 5379 non
1409 5329 1602 5378 tamen
1647 5324 1896 5377 frontem

170 5421 396 5475 eodem
457 5419 582 5470 oleo
643 5417 890 5488 signare,
945 5417 1101 5486 quod
1140 5415 1274 5470 solis
1327 5413 1567 5468 debetur
1618 5411 1898 5482 episcopis

172 5525 313 5563 cum
365 5507 617 5560 tradunt
665 5505 943 5576 Spiritum
975 5503 1346 5574 paracletum.
1399 5502 1539 5555 Hinc
1570 5517 1769 5554 omnes
1800 5500 1898 5554 Oc-

2010 473 2158 520 nem,
2203 474 2498 528 sumpsere
2547 461 3017 515 consuetudinem
3073 470 3135 516 ut
3193 465 3406 519 frontes
3448 466 3703 537 baptiza-

2006 550 2197 600 torum
2233 547 2540 600 chrismate
2573 546 2812 602 liniendi
2844 567 2957 604 non
2989 553 3335 622 presbyteris
3365 559 3700 624 concedant,

2006 637 2103 688 sed
2154 635 2519 706 privilegium
2565 636 2673 690 sibi
2719 644 3050 692 reservent:
3099 656 3212 694 non
3265 648 3458 696 autem
3509 643 3698 713 ipsum

2005 724 2250 778 chrisma
2278 725 2447 795 (quod
2475 726 2834 779 mentiuntur
2855 727 3054 796 Graeci)
3089 729 3157 782 de
3178 729 3336 784 fonte
3365 732 3698 799 conﬁciunt,

2005 813 2103 866 sed
2143 830 2209 866 ex
2261 831 2425 866 succo
2477 814 2735 879 balsami,
2788 814 2873 866 vel
2916 814 3080 868 olivae
3129 817 3390 886 liquore:
3436 821 3590 891 quod
3638 823 3702 876 tit

2004 917 2120 954 non
2169 902 2351 956 solum
2402 919 2434 954 a
2497 903 2725 969 Graecis,
2778 918 2976 956 verum
3034 904 3105 959 ab
3157 906 3432 962 universis
3492 911 3698 965 Christi

2008 989 2286 1043 Ecclesiis.

2645 1081 2874 1134 CAPUT
2915 1081 3057 1135 Vill.

2003 1187 2236 1258 Romano
2295 1188 2541 1254 pontiﬁci
2602 1189 2980 1254 patriarcham
3029 1189 3129 1243 ΟΡ.
3199 1192 3463 1258 praeferre
3532 1207 3696 1245 cona-

2073 1256 2272 1308 bantur
2321 1259 2668 1324 imperutores
2717 1260 2915 1313 Graeci.
2954 1256 3468 1315 Ecclesia—Romana
3520 1279 3696 1316 omnes

2065 1327 2206 1380 alias
2237 1327 2505 1395 dignitate
2534 1330 2812 1396 praecellit.

2069 1432 2177 1486 Sed
2230 1433 2610 1488 criminantur
2665 1435 2818 1489 istud
2890 1434 3052 1501 falso,
3112 1436 3258 1489 sicut
3314 1442 3371 1489 et
3430 1437 3499 1490 de
3559 1440 3695 1508 agni

1999 1521 2466 1589 consecratione;
2520 1539 2744 1576 necnon
2792 1524 2947 1594 quod
3001 1529 3274 1594 arguunt,
3332 1525 3528 1578 levitas
3575 1528 3695 1597 epi-

2001 1625 2200 1678 scopos
2239 1609 2383 1674 ﬁeri,
2437 1611 2784 1680 presbyterii
2831 1611 3010 1680 gradu
3060 1628 3176 1665 non
3228 1612 3387 1682 prius
3434 1621 3698 1683 accepto;

2004 1713 2119 1749 non
2147 1703 2479 1767 reputantes
2511 1698 2666 1767 quod
2712 1699 2771 1750 in
2820 1698 3039 1751 caeteris
3071 1699 3182 1751 sibi
3227 1700 3460 1755 demant
3503 1707 3700 1754 aucto-

2001 1785 2232 1838 ritatem
2287 1786 2442 1852 ﬁdei,
2493 1785 2958 1856 quandoquidem
3015 1786 3072 1838 in
3132 1787 3254 1840 istis
3307 1794 3422 1840 tam
3469 1788 3698 1842 eviden-

1999 1878 2085 1926 ter
2135 1873 2532 1926 mentiuntur:
2587 1891 2701 1927 non
2760 1880 3016 1926 verentes
3070 1875 3222 1944 quod
3267 1875 3511 1945 Spiritus
3559 1893 3694 1928 san-

1999 1969 2122 2015 ctus
2148 1963 2433 2032 loquitur:
2496 1962 2691 2016 Virum
2732 1965 3061 2028 sanguinum
3103 1969 3152 2016 et
3195 1963 3435 2017 dolosum
3481 1965 3693 2019 abomi-

1999 2052 2223 2104 nabitur
2275 2054 2532 2104 Dominus
2587 2051 2750 2119 (Psal.
2808 2067 2859 2104 v.
2913 2050 2985 2120 7).
3033 2051 3116 2116 Et,
3157 2053 3350 2106 Perdes
3380 2067 3556 2106 omnes
3600 2057 3696 2120 qui

2001 2143 2293 2211 loquuntur
2319 2141 2655 2194 mendacium
2687 2140 2894 2210 (Ibid).
2932 2142 2996 2193 Et
3039 2141 3096 2193 in
3127 2141 3464 2195 Salomone:
3501 2143 3695 2196 Falsus

2001 2233 2150 2283 testis
2198 2246 2302 2282 non
2333 2233 2436 2282 erit
2467 2231 2764 2296 impunitus
2815 2231 2994 2297 (Prov.
3034 2244 3150 2294 XIX,
3207 2230 3275 2297 5).
3310 2229 3473 2293 Quod
3503 2235 3695 2283 autem

2000 2318 2348 2387 redarguunt
2388 2317 2616 2370 levitam
2658 2317 2994 2387 episcopum
3039 2317 3381 2383 consecrari,
3434 2334 3535 2370 cur
3581 2334 3695 2370 non

1999 2411 2198 2460 contra
2230 2422 2287 2458 se
2317 2405 2531 2458 dictum
2563 2405 2883 2472 advertunt,
2919 2405 3020 2474 qui
3054 2406 3123 2459 de
3151 2405 3307 2458 laicis
3339 2405 3528 2459 subito
3561 2411 3692 2460 ton-

2000 2494 2076 2548 sis
2123 2494 2343 2548 faciunt
2372 2493 2690 2564 episcopos,
2741 2500 2942 2547 contra
2989 2494 3213 2564 regulas
3259 2494 3688 2560 ecclesiasticas,

2001 2589 2058 2638 et
2089 2583 2409 2654 imperialia
2449 2582 2715 2638 decreta?
2753 2583 3050 2653 Siquidem
3084 2582 3356 2653 prohibet
3391 2582 3697 2653 Apostolus

2002 2675 2046 2743 (Ι
2077 2675 2213 2725 Tim.
2260 2689 2342 2736 iu,
2392 2671 2443 2741 6)
2483 2673 2840 2742 neophytum
2890 2671 3218 2741 episcopum
3256 2670 3402 2724 ﬁeri.
3437 2669 3692 2724 Justinus

2001 2777 2229 2831 quoque
2276 2761 2588 2830 imperator
2634 2760 2694 2812 in
2743 2759 3134 2812 ecclesiasticis
3189 2758 3697 2812 constitutionibus

2003 2850 2230 2919 (novella
2267 2850 2322 2916 6,
2375 2865 2497 2918 cap.
2539 2853 2583 2911 1,
2622 2847 2726 2900 sub
2774 2846 2945 2917 init.),
2986 2847 3065 2900 ita
3103 2846 3394 2900 decernit:
3433 2867 3455 2895 ι
3505 2847 3697 2916 Neque

2001 2954 2066 2990 ex
2089 2936 2229 2990 laico
2261 2936 2453 2990 statim
2476 2935 2545 2989 ad
2575 2935 2965 3005 episcopatum
2986 2935 3293 2988 ascendere
3319 2935 3486 2989 licet:
3510 2951 3697 3005 neque

1999 3026 2295 3079 clericatus
2342 3025 2622 3077 honorem
2668 3023 2837 3076 simul
2869 3022 3134 3076 habuisse
3182 3022 3412 3077 sufﬁcit.
3457 3023 3697 3093 Oportet

1999 3120 2190 3168 autem
2242 3129 2375 3167 eum
2407 3111 2508 3182 qui
2547 3111 2846 3182 episcopus
2877 3110 2941 3164 ﬁt
2971 3127 3157 3180 neque
3192 3127 3425 3164 uxorem
3462 3112 3694 3176 habere,

1999 3218 2188 3273 neque
2218 3201 2617 3264 concubinam,
2641 3216 2829 3270 neque
2862 3199 3092 3268 liberos,
3119 3215 3305 3269 neque
3339 3204 3576 3269 nepotes
3598 3215 3694 3252 seu

1999 3293 2312 3362 legitimos,
2361 3305 2457 3342 seu
2500 3288 2723 3358 legibus
2762 3287 3102 3358 incognitos.
3140 3288 3208 3341 Et
3248 3287 3296 3340 si
3326 3287 3456 3358 quis
3500 3293 3696 3340 contra

1999 3382 2119 3435 hinc
2150 3379 2367 3444 fecerit,
2408 3383 2464 3430 et
2497 3378 2544 3430 is
2585 3377 2684 3447 qui
2718 3377 2897 3429 factus
2935 3381 3041 3440 est,
3077 3382 3131 3429 et
3163 3375 3209 3428 is
3240 3375 3340 3446 qui
3371 3392 3502 3429 eum
3542 3376 3692 3443 fecit,

1998 3468 2359 3536 episcopatus
2405 3466 2724 3536 expellatur
2770 3465 3005 3519 honore.
3061 3465 3171 3518 Nec
3228 3465 3395 3518 liceat
3438 3465 3694 3536 pecunia:

1996 3556 2232 3609 datione
2259 3555 2592 3626 episcopum
2621 3554 2765 3608 ﬁeri.
2798 3555 2929 3608 Esse
2958 3559 3148 3607 autem
3182 3559 3410 3624 oportet
3439 3571 3569 3608 eum
3597 3554 3698 3624 qui

1999 3643 2298 3714 episc0pus
2325 3644 2388 3696 ﬁt
2417 3644 2505 3697 vel
2538 3643 2906 3708 monachum,
2939 3644 3022 3695 vel
3056 3643 3325 3696 clericum
3356 3659 3368 3696 :
3400 3643 3480 3696 ita
3504 3647 3697 3696 tamen

1997 3737 2060 3784 ut
2092 3748 2206 3784 non
2241 3731 2431 3784 minus
2450 3748 2544 3784 sex
2575 3731 2870 3784 mensibus
2891 3737 3164 3801 appareat
3185 3747 3318 3784 eum
3340 3732 3400 3784 in
3431 3731 3697 3784 clericatu

1997 3818 2194 3885 fuisse,
2227 3838 2254 3869 »
2289 3825 2390 3871 etc.
2424 3819 2690 3871 Videmus
2713 3834 2824 3871 non
2853 3818 3038 3870 solum
3063 3818 3472 3884 ecclesiasticis,
3500 3835 3698 3872 verum

1999 3908 2170 3961 etiam
2226 3908 2623 3977 imperialibus
2672 3906 2893 3964 obviari
2943 3906 3465 3970 constitutionibus,
3519 3913 3585 3960 ut
3633 3923 3697 3960 ex

2004 3997 2142 4050 laico
2171 3995 2363 4050 statim
2393 3996 2461 4049 ad
2486 3995 2847 4066 episcopatus
2881 3996 3156 4048 honorem
3187 3994 3394 4064 aliquis
3435 4011 3696 4049 assuma-

2000 4090 2112 4153 tur,
2155 4101 2284 4139 cum
2315 4085 2522 4139 debeat
2558 4084 2718 4154 prius
2748 4084 2810 4136 in
2848 4084 3089 4136 Ecclesia
3121 4083 3372 4152 probari,
3407 4087 3460 4136 et
3489 4099 3693 4136 secun-

2001 4175 2138 4229 dum
2197 4172 2575 4228 ecclesiastica
2629 4173 2937 4226 constituta
2992 4171 3211 4237 doceri;
3261 4178 3546 4241 quatenus
3610 4173 3701 4224 via

1212 4280 1334 4334 cap.
1386 4265 1462 4333 3).
1507 4285 1534 4314 οι
1582 4264 1662 4316 De
1705 4264 1889 4317 consi-
1932 4270 1972 4322 D
2003 4263 2163 4334 regia
2185 4280 2285 4334 per
2317 4263 2600 4332 graduum
2627 4262 3039 4315 successionem
3061 4261 3469 4327 conscendens,
3491 4261 3702 4330 dignus

2003 4352 2327 4405 inveniatur
2355 4351 2567 4404 summi
2602 4350 2868 4403 culminis
2915 4350 3133 4421 apicem
3170 4349 3450 4403 obtinere.
3490 4351 3701 4404 Verum

2003 4442 2333 4495 Graecorum
2386 4440 2785 4509 imperatores,
2837 4445 2952 4492 tam
3003 4439 3201 4493 divina
3241 4454 3413 4508 quam
3449 4439 3700 4494 humana

1997 4530 2132 4600 jura
2192 4528 2701 4599 transgredientes,
2754 4528 2972 4582 faciunt
3023 4527 3130 4581 sibi
3184 4528 3252 4581 de
3311 4528 3468 4581 laicis
3517 4529 3700 4582 subito

2004 4618 2180 4672 tonsis
2212 4618 2529 4688 episcopos,
2580 4623 2637 4670 et
2674 4633 2772 4670 eos
2812 4617 2910 4686 qui
2943 4617 3196 4671 nondum
3227 4616 3456 4670 minimi
3491 4617 3702 4688 gradus

2003 4707 2284 4760 honorem
2319 4705 2479 4776 digni
2523 4705 2820 4776 percipere
2871 4705 3121 4769 fuerant,
3169 4705 3383 4759 summi
3432 4705 3700 4759 culminis

2003 4795 2215 4848 vertice
2262 4795 2600 4847 sustollunt:
2660 4801 2715 4846 et
2761 4793 2897 4847 talia
2957 4799 3218 4864 gerentes
3263 4811 3379 4848 non
3437 4800 3704 4848 verentur

2006 4883 2212 4938 Christi
2249 4883 2549 4936 Ecclesiam
2583 4882 2944 4948 calumniari,
2977 4883 3116 4936 falsa
3135 4899 3241 4952 pro
3274 4883 3423 4937 veris
3455 4884 3700 4953 loquen-

2005 4977 2108 5034 tes,
2151 4987 2256 5041 pro
2292 4970 2472 5023 nihilo
2503 4971 2772 5024 ducentes
2803 4971 2955 5040 quod
2989 4972 3248 5025 Salvator
3284 4971 3366 5025 ait
3415 4971 3474 5024 in
3519 4971 3699 5024 Evan-

2006 5061 2186 5131 gelio:
2226 5060 2330 5124 Qui
2358 5059 2822 5113 scandalizaverit
2850 5075 3016 5112 unum
3057 5058 3121 5112 de
3162 5060 3385 5128 pusillis
3434 5059 3558 5110 istis
3607 5059 3704 5125 qui

2005 5152 2064 5203 in
2090 5163 2170 5202 me
2201 5147 2444 5212 credunt,
2480 5148 2701 5216 expedit
2727 5150 2777 5200 ei
2805 5152 2866 5200 ut
2885 5146 3255 5215 suspendatur
3285 5145 3423 5198 mola
3453 5146 3703 5196 asinaria

2007 5237 2137 5291 collo
2165 5236 2300 5304 ejus,
2334 5239 2384 5287 et
2431 5234 2776 5301 demergatur
2803 5236 2862 5288 in
2889 5233 3232 5304 profundum
3269 5234 3437 5286 maris
3460 5231 3694 5296 (Matth.

2008 5339 2162 5387 xvui,
2214 5321 2287 5391 6).
2327 5323 2393 5375 Ut
2439 5338 2606 5392 poena
2640 5323 2837 5376 mortis
2880 5324 2942 5376 in
2984 5337 3079 5375 eos
3111 5320 3377 5383 vindicet,
3415 5325 3474 5374 et
3515 5320 3701 5374 flucti-

2007 5412 2112 5465 bus
2161 5410 2500 5481 perditionis
2548 5411 2981 5478 absorbeantur,
3033 5425 3175 5480 quos
3217 5408 3462 5462 charitas
3508 5409 3727 5464 timori.

2007 5504 2200 5553 sancto
2236 5515 2348 5552 non
2381 5499 2514 5553 fecit
2543 5516 2663 5554 esse
2695 5500 2995 5569 subjectos.
