4098 6180
416 264 518 319 333

1567 256 1927 317 RA'l‘RAllNl
1970 253 2426 317 CORBEIENSlS
2466 252 2773 316 MONAClll

3819 260 3923 317 336

501 402 608 457 Sed
646 399 794 456 unde
822 399 953 455 talis
974 397 1168 453 innata
1199 398 1272 452 sit
1292 398 1691 468 prtesnmptio,
1718 401 1787 451 'ut
1808 398 2123 451 Romanam
2164 399 2210 449 A
2228 395 2395 466 jectis
2448 396 2553 451 sibi
2603 412 2705 467 per
2746 397 2922 451 totius
2974 395 3128 451 orbis
3168 394 3533 450 latitudinem
3574 395 3784 450 Christi
3832 397 3928 451 Ec-

431 508 545 544 non
577 494 879 544 vereantur
913 486 1215 542 Ecclesiam
1264 486 1418 540 falsis
1461 491 1733 557 oppetere
1774 486 2124 540 criminatio-

429 579 637 633 nibus?
656 577 937 632 Nimirum
957 576 1110 641 inde,
1144 574 1294 645 quod
1314 575 1400 628 sui
1436 590 1761 628 mensuram
1791 574 2121 644 ignorantes

431 674 629 729 status,
680 665 946 720 ambiunt
1003 665 1110 717 sibi
1155 663 1443 717 vindicare
1489 663 1897 733 principatum,
1948 680 2120 735 quem

430 772 531 808 nec
564 754 820 809 Christus
859 753 958 819 eis,
1002 768 1105 806 nec
1137 751 1398 822 apostoli,
1435 768 1535 805 nec
1573 751 1946 805 Ecclesiarum
2002 768 2120 805 ma-

427 842 609 912 gistri,
680 858 783 895 nec
848 842 964 894 ulla
1033 841 1387 894 consuetudo
1431 839 1765 906 contribuit,
1814 840 1909 894 sed
1966 840 2122 893 illius

426 931 745 984 imitatores
795 929 999 995 effecti,
1034 929 1134 999 qui
1164 928 1385 981 dicebat
1429 928 1489 981 in
1520 928 1686 981 corde
1718 945 1819 981 suo
1846 945 1858 982 :
1912 933 2119 983 Ascen-

428 1020 555 1073 dam
593 1034 753 1087 super
797 1017 1145 1070 altitudinem
1186 1017 1433 1083 nubium,
1482 1022 1531 1070 et
1580 1032 1743 1085 super
1779 1016 1963 1070 sidera
1999 1019 2121 1072 caeli

395 1101 401 1107 ’
427 1108 678 1162 cxaltabo
721 1108 913 1162 solium
943 1122 1114 1159 meum
1141 1119 1152 1159 ;
1182 1120 1378 1174 ponam
1407 1119 1572 1173 super
1600 1105 1945 1158 altitudinem
1970 1121 2119 1158 mon-

430 1198 584 1257 tium,
653 1201 703 1249 et
757 1197 814 1248 in
867 1196 1132 1249 lateribus
1197 1195 1486 1263 Aquilonis
1535 1194 1709 1247 sedem
1753 1210 1943 1247 meam.
2004 1195 2121 1248 Ero

426 1285 622 1337 similis
671 1285 953 1337 Altissimo
998 1285 1129 1352 (Isa.
1178 1299 1287 1349 xw,
1348 1284 1431 1345 l3,
1480 1282 1586 1350 14).
1631 1282 1777 1346 Quid
1825 1282 1978 1335 enim
2028 1282 2121 1335 isti

426 1370 751 1424 Graecorum
775 1370 1062 1440 principes
1086 1370 1240 1423 aliud
1267 1370 1568 1423 altitudine
1586 1370 1771 1422 cordis
1788 1369 1877 1423 sui
1900 1369 2118 1435 dicunt,

426 1459 525 1529 qni
560 1459 815 1512 Ecclesiae
847 1458 954 1511 sibi
985 1459 1369 1529 principatum
1401 1463 1700 1527 usurpant,
1743 1462 1797 1510 et
1842 1457 2123 1527 apostolo-

426 1544 552 1601 rum
597 1548 1006 1601 sublimitatem
1059 1548 1223 1617 (quos
1268 1546 1442 1599 Isaias
1474 1546 1754 1616 propheta
1804 1546 1983 1599 nubes
2022 1561 2117 1597 vo-

423 1637 605 1689 lantes
636 1636 908 1705 appellat)
939 1636 1046 1689 sibi
1075 1636 1395 1688 vindicant:
1432 1634 1725 1705 cupientes
1766 1634 1969 1687 solium
2003 1650 2118 1686 sum

422 1724 718 1793 dignitatis
758 1740 932 1793 super
978 1728 1126 1777 astra
1169 1724 1296 1777 coeli
1343 1739 1712 1793 componere,
1744 1722 1799 1776 id
1829 1728 1913 1776 est
1958 1722 2117 1775 omni

420 1820 744 1866 sanctorum
791 1812 963 1866 coetui
1006 1813 1297 1882 praeferre,
1345 1818 1400 1865 et
1440 1811 1897 1881 patriarcharum
1946 1828 2115 1863 vene-

418 1903 702 1955 rationem
772 1918 1077 1971 usurpare;
1138 1907 1419 1971 quatenus
1483 1902 1640 1953 omni
1700 1899 1941 1954 Ecclesia
2009 1899 2114 1953 sibi

419 1991 671 2060 subjecta
700 1990 926 2044 Christo
968 1990 1182 2043 similes
1235 1988 1592 2043 efficiantur:
1645 2006 1774 2042 cum
1812 1988 1971 2041 nulla
2003 2005 2116 2042 ma-

413 2079 608 2147 jorum
641 2078 951 2130 auctoritas
981 2078 1088 2130 hoc
1120 2078 1199 2130 eis
1225 2079 1571 2143 contribuat,
1608 2094 1709 2131 nec
1739 2076 2116 2130 ecclesiastica

415 2169 546 2235 jura
568 2166 903 2231 concedant,
928 2182 1123 2218 verum
1159 2182 1260 2219 nec
1289 2167 1556 2218 humanm
1598 2166 1753 2235 leges
1785 2165 2069 2219 ascribant
2088 2167 2116 2218 ?

418 2255 553 2318 Quae
585 2258 785 2307 cuncta
817 2254 920 2307 sibi
953 2253 1242 2307 vindicare
1277 2254 1418 2307 velle
1449 2253 1814 2321 potissimum
1842 2269 2114 2323 compro—

419 2344 577 2406 bant,
613 2344 769 2414 quod
810 2342 1197 2422 patriarcham
1243 2342 1940 2413 Constantinopolitanum
1972 2358 2115 2412 pras-

418 2448 633 2501 ponere
687 2432 945 2485 Romano
986 2431 1243 2500 pontifici
1283 2431 1559 2501 gestiunt,
1613 2437 1666 2485 et
1713 2431 1917 2485 urbem
1964 2431 2111 2485 Con-

419 2519 851 2589 stantinopolim
877 2520 1069 2573 Romae
1092 2519 1359 2589 praeferre
1391 2525 1693 2585 conantur,
1718 2525 1993 2590 tanquam
2026 2521 2113 2574 sui

410 2608 560 2679 juris
606 2609 813 2662 existat
867 2610 1021 2678 leges
1077 2609 1483 2662 ecclesiasticas
1532 2609 1863 2676 immutare,
1919 2614 1974 2661 et
2022 2624 2111 2662 re-

417 2714 663 2768 gnorum
699 2696 916 2766 apicem
952 2696 1279 2766 disponere.

489 2787 809 2840 Meminisse
856 2791 1051 2839 tamen
1098 2786 1418 2839 debuerant
1463 2785 1752 2839 Christum
1799 2786 1971 2839 totius
2007 2787 2111 2840 Ec-

415 2875 601 2928 clesiae
644 2882 817 2945 caput
849 2876 1108 2940 existere,
1159 2880 1216 2927 et
1262 2874 1313 2927 ei
1347 2876 1573 2928 Patrem
1616 2890 1721 2944 per
1766 2875 2109 2945 Prophetam

414 2964 663 3019 dixisse:
717 2965 864 3018 Dabo
906 2964 1006 3017 tibi
1055 2969 1235 3030 gentes
1276 2965 1643 3018 hazreditatem
1676 2970 1854 3030 tuam;
1886 2971 1935 3018 et
1978 2980 2112 3034 pos-

414 3056 699 3107 sessionem
748 3059 894 3106 tuam
935 3055 1189 3106 terminos
1238 3058 1394 3107 terra:
1442 3054 1609 3123 (Psal.
1658 3070 1715 3117 ιι,
1769 3052 1844 3124 8).
1890 3053 2110 3123 Ipsum-

413 3158 525 3213 que
556 3143 674 3195 fore
718 3142 966 3212 lapidem
996 3142 1306 3196 abscissum
1338 3144 1405 3196 de
1437 3146 1630 3195 monte
1666 3142 1789 3195 sine
1821 3142 2106 3206 manibus,

414 3231 512 3301 qui
558 3231 921 3300 confregerit,
971 3236 1028 3285 et
1074 3230 1132 3284 in
1184 3232 1477 3300 pulverem
1524 3230 1812 3301 redegerit
1841 3231 2109 3285 universa

411 3335 590 3390 regna
621 3320 820 3373 mundi
852 3320 1081 3385 (Matth.
1115 3336 1224 3373 xvx.
1264 3319 1373 3388 l8).
1408 3320 1711 3389 Ipsumque
1743 3319 1910 3371 Petro
1943 3318 2109 3372 dixis-

410 3424 507 3462 se:
570 3411 648 3461 Tu
703 3424 755 3462 es
809 3412 1021 3473 Petrus,
1069 3414 1119 3461 et
1171 3423 1334 3475 super
1380 3409 1518 3461 hanc
1565 3413 1775 3476 petram
1823 3406 2106 3476 aediﬁcabo

410 3498 701 3551 Ecclesium
763 3511 972 3549 meam:
1033 3502 1082 3550 et
1128 3502 1301 3565 porta:
1355 3498 1525 3562 inferi
1578 3511 1684 3549 non
1736 3495 2105 3563 praevalebunt

408 3584 670 3638 adversus
697 3600 834 3637 eam.
866 3584 945 3636 Et
976 3584 1074 3636 tibi
1098 3584 1237 3637 dabo
1268 3585 1441 3637 claves
1470 3585 1626 3650 regni
1655 3585 1921 3638 calorum.
1958 3585 2103 3638 Pau-

406 3672 528 3726 lum
562 3688 791 3743 quoque
823 3672 1221 3726 testificantem
1251 3687 1264 3725 :
1317 3674 1422 3738 Qui
1448 3676 1700 3741 operatus
1747 3677 1826 3727 est
1862 3674 2016 3727 Petro
2046 3676 2105 3727 in

405 3762 765 3829 apostolatum
813 3763 1235 3816 circumcisionis
1279 3765 1531 3829 operatus
1567 3766 1644 3815 est
1691 3766 1741 3815 et
1784 3763 1922 3815 mihi
1962 3764 2105 3816 inter

403 3856 582 3917 gentes
610 3850 757 3919 (Gal.
803 3868 866 3915 ιι,
900 3854 972 3919 8).
1009 3851 1161 3915 Quos
1194 3850 1393 3904 ambos
1424 3850 1482 3903 in
1519 3850 1765 3904 Ecclesia
1805 3850 2102 3921 principa-

402 3944 527 3993 tum
583 3956 616 3993 a
669 3938 893 3994 Christo
956 3939 1198 4008 positos,
1266 3944 1323 3992 et
1379 3939 1573 3991 Romae
1640 3938 1904 4005 directos,
1968 3955 2098 3992 cum

401 4028 777 4082 ecclesiastica
825 4027 1053 4094 veritas,
1103 4033 1226 4081 tum
1275 4027 1456 4097 ipsius
1495 4026 1774 4097 passionis
1818 4032 2101 4081 monstrat

401 4117 726 4170 auctoritas.
792 4118 937 4169 Illuc
984 4132 1233 4186 namque
1282 4115 1451 4168 ambo
1501 4114 1789 4185 principes
1832 4120 1968 4168 sunt
2009 4116 2097 4169 di-

397 4205 560 4270 recti,
620 4205 717 4259 ubi
770 4204 1128 4275 principatus
1187 4203 1479 4257 eminebat
1525 4203 1759 4258 mundi:
1811 4209 2097 4274 quatenus

2230 485 2435 539 clesiis.

2303 576 2415 628 Hoc
2447 574 2525 627 ita
2548 574 2669 628 fore
2701 581 2757 627 et
2790 573 3103 643 antiquitas
3129 573 3253 643 ipsa
3278 573 3631 644 comprobat,
3665 580 3721 628 et
3776 576 3929 629 litte-

2230 678 2425 715 rarum
2486 662 2843 716 monimenta
2909 663 3271 715 conﬁtentur.
3327 662 3624 733 Siquidem
3674 663 3929 717 Socrates

2230 751 2287 804 in
2321 751 2567 806 Historia
2614 751 2993 804 ecclesiastica
3033 750 3283 804 scribens
3323 752 3391 804 de
3424 752 3669 816 Ariauis,
3722 752 3819 823 qui
3866 753 3927 806 in

2229 839 2530 893 Antiochia
2575 839 2748 910 Syrias
2778 841 3065 910 synodum
3110 841 3459 910 collegerant
3502 842 3574 893 ad
3609 840 3929 895 subversio-

2229 944 2383 993 nem,
2436 934 2608 999 atque
2653 929 3098 982 destructionem
3145 928 3359 981 Nicaeni
3404 928 3650 993 concilii,
3701 936 3757 981 et
3797 946 3932 982 con-

2230 1016 2655 1070 demuationem
2685 1016 3007 1082 Athanasii;
3044 1022 3349 1087 postquam
3376 1023 3928 1071 commemoraverat

2230 1107 2521 1176 praesules,
2552 1122 2799 1176 quorum
2824 1106 3160 1159 auctoritate
3183 1106 3429 1176 synodus
3459 1106 3693 1158 collecta
3722 1106 3927 1165 fuerat.

2230 1195 2559 1264 subjunxit:
2626 1216 2651 1242 ‹‹
2709 1195 2814 1249 Sed
2884 1211 3070 1265 neque
3119 1195 3301 1249 Julius
3355 1195 3617 1248 interfuit
3663 1196 3931 1248 maximae

2230 1284 2424 1337 Roma
2455 1285 2685 1353 praesul,
2730 1299 2919 1353 neque
2962 1284 3015 1336 in
3052 1284 3240 1336 locum
3271 1300 3440 1336 suum
3474 1284 3722 1353 aliquem
3756 1283 3930 1336 desti-

2230 1372 2410 1439 navit;
2463 1388 2592 1424 cum
2636 1372 2836 1442 utique
2892 1372 3092 1442 regula
3148 1371 3528 1424 ecclesiastica
3566 1371 3764 1440 jubeat
3806 1387 3928 1424 non

2230 1466 2493 1529 oportere
2536 1466 2741 1528 praeter
2782 1460 3123 1513 sententiam
3171 1460 3411 1513 Romani
3458 1460 3741 1529 pontificis
3787 1476 3927 1512 cou-

2229 1549 2360 1602 cilia
2413 1549 2686 1602 celebrari
2745 1564 2784 1603 δ.
2838 1570 2864 1597 ››
2921 1550 3054 1602 Εεςθ
3092 1548 3202 1601 fuit
3246 1548 3337 1601 hic
3385 1549 3609 1602 Graecus
3652 1547 3929 1600 historio-

2230 1637 2504 1707 graphus,
2557 1654 2659 1690 nec
2716 1643 2905 1691 tamen
2964 1638 3523 1705 Constantinopolim
3577 1637 3715 1689 dicit
3769 1640 3929 1688 tanta

2231 1726 2443 1796 pollere
2495 1726 2835 1779 auctoritate
2879 1726 3052 1778 Veluti
3106 1726 3375 1791 Romam;
3438 1726 3750 1778 testificans
3802 1726 3929 1777 sine

2228 1814 2468 1867 Romani
2494 1815 2777 1884 pontificis
2810 1816 2893 1867 vel
2919 1830 3153 1867 assensu
3182 1814 3266 1866 vel
3293 1813 3552 1883 jussioue
3575 1814 3732 1866 nulla
3762 1829 3930 1882 posse

2226 1902 2467 1956 concilia
2499 1902 2795 1955 celebrari.

2296 1992 2357 2043 In
2389 1990 2628 2043 concilio
2659 1990 2981 2043 Tardicensi
3032 1993 3175 2059 (cap.
3239 1995 3285 2053 7,
3334 2006 3399 2043 ex
3450 1989 3929 2058 interpretatione

2228 2079 2480 2148 Dionysii
2527 2079 2747 2148 Exigui)
2784 2079 2881 2131 tali
2935 2080 3099 2132 modo
3150 2080 3439 2132 sancitur:
3502 2100 3522 2127 ι
3585 2079 3819 2143 Placuit,
3862 2084 3927 2130 ut

2225 2169 2269 2221 si
2301 2170 2600 2238 episcopus
2639 2174 2930 2221 accusatus
2970 2168 3161 2229 fuerit,
3206 2174 3263 2221 et
3295 2184 3496 2220 omnes
3539 2167 3932 2235 judicaverint

2223 2256 2555 2326 congregati
2590 2257 2838 2326 episcopi
2873 2257 3125 2327 regionis
3158 2257 3357 2327 ipsius,
3401 2262 3457 2309 et
3493 2256 3561 2308 de
3594 2256 3779 2325 gradu
3808 2272 3920 2309 suo

2227 2362 2359 2398 eum
2392 2345 2740 2414 dejecerint:
2778 2346 2821 2397 si
2854 2347 3227 2415 appellaverit
3259 2343 3356 2414 qui
3389 2345 3639 2414 dejeetus
3673 2344 3923 2410 videtur,

2224 2439 2279 2487 et
2308 2434 2628 2504 confugerit
2672 2434 2737 2487 ad
2773 2434 3167 2487 beatissimum
3202 2433 3461 2487 Ecclesiae
3491 2434 3763 2486 Romanae
3798 2433 3929 2502 epi-

2224 2539 2484 2593 scopum,
2535 2529 2589 2576 et
2630 2523 2875 2577 voluerit
2922 2540 2979 2576 se
3011 2523 3236 2576 audiri:
3269 2522 3316 2575 si
3343 2524 3563 2592 justum
3612 2523 3922 2592 putaverit,

2224 2618 2287 2664 ut
2333 2618 2641 2665 renovetur
2692 2628 2950 2675 examen,
3008 2612 3255 2665 scribere
3311 2611 3594 2681 episcopis
3647 2612 3928 2680 dignetur

2225 2701 2519 2753 Romanus
2553 2700 2855 2769 episcopus
2885 2699 2973 2752 his
3007 2699 3105 2769 qui
3128 2699 3185 2752 in
3212 2700 3462 2753 tinitima
3495 2704 3551 2752 et
3590 2700 3930 2770 prOpinqua

2221 2788 2400 2841 altera
2422 2788 2716 2857 provincia
2746 2792 2899 2856 sunt,
2930 2794 2991 2841 ut
3020 2787 3127 2858 ipsi
3158 2788 3468 2857 diligenter
3497 2788 3693 2841 omnia
3721 2791 3926 2859 requi-

2222 2882 2365 2943 rant,
2397 2882 2461 2929 ut
2501 2876 2663 2946 juxta
2707 2877 2879 2930 fidem
2920 2876 3171 2930 veritatis
3198 2876 3393 2929 omnia
3425 2876 3717 2930 deliniant.
3752 2878 3927 2941 Quod

2151 2996 2190 3050 Ο
2222 2966 2269 3018 si
2300 2965 2347 3018 is
2393 2966 2492 3035 qui
2543 2972 2706 3035 rogat
2752 2982 2978 3019 causam
3032 2982 3193 3019 suam
3226 2965 3434 3019 iterum
3466 2965 3676 3032 audiri,
3711 2966 3928 3038 depre-

2220 3054 2443 3108 catione
2493 3071 2596 3106 sua
2660 3054 2907 3107 moverit
2960 3053 3293 3124 episcopum
3366 3054 3710 3116 Romanum,
3771 3062 3838 3109 ut
3895 3074 3929 3110 e

2219 3145 2393 3197 latere
2424 3160 2526 3197 suo
2558 3143 2923 3213 presbyteros
2953 3142 3165 3211 mittat,
3198 3142 3306 3196 erit
3336 3142 3395 3196 iu
3422 3146 3703 3212 potestate
3734 3142 3927 3212 ipsius

2217 3233 2354 3303 quid
2386 3232 2517 3285 velit
2558 3237 2615 3285 et
2641 3231 2775 3302 quid
2812 3231 3076 3287 aestimet.
3135 3233 3196 3286 Et
3242 3231 3287 3284 si
3339 3231 3651 3284 decreverit
3680 3232 3930 3286 mitten-

2216 3322 2318 3375 dos
2370 3337 2489 3374 esse
2549 3321 2650 3391 qui
2695 3326 3003 3391 praesentes
3053 3337 3183 3374 cum
3216 3319 3495 3391 episcopis
3534 3320 3818 3390 judicent,
3855 3330 3933 3375 ut

2214 3410 2466 3463 habeant
2516 3410 2685 3463 etiam
2748 3410 3144 3463 auctoritatem
3202 3426 3463 3479 personae
3508 3409 3663 3462 illius
3710 3426 3745 3462 a
3799 3427 3925 3480 quo

2215 3498 2485 3553 destinati
2534 3502 2687 3565 sunt,
2722 3498 2830 3551 erit
2866 3497 2923 3551 in
2954 3497 3077 3567 ejus
3106 3497 3363 3552 arbitrio.
3402 3497 3456 3551 Si
3490 3514 3621 3551 Vero
3653 3498 3927 3552 credide-

2213 3585 2287 3640 rit
2334 3586 2593 3639 sufficere
2650 3585 2947 3656 episcopos
2978 3585 3377 3655 provinciales,
3430 3592 3492 3640 ut
3535 3588 3769 3655 negotio
3800 3594 3932 3641 ter-

2215 3675 2435 3729 minum
2475 3674 2795 3744 imponant,
2830 3674 3000 3728 faciat
3030 3674 3183 3744 quod
3219 3674 3639 3744 sapientissimo
3673 3676 3933 3729 consitio

2210 3780 2310 3817 suo
2364 3764 2727 3834 judicaverit.
2776 3784 2803 3813 ››
2855 3766 2967 3818 lloc
3025 3762 3333 3817 concilium
3388 3763 3457 3816 ab
3518 3764 3935 3819 Orientalibus

2212 3853 2491 3924 episcopis
2531 3854 2593 3906 in
2639 3853 2780 3907 Asia:
2820 3852 3109 3923 provincia
3139 3854 3164 3894 δ
3197 3856 3443 3921 gestum,
3478 3852 3667 3904 taliter
3697 3850 3771 3904 de
3802 3852 3935 3905 Ro—

2212 3942 2367 3996 mani
2413 3940 2700 4012 pontificis
2746 3940 3024 4011 dignitate
3070 3939 3320 3994 decrevit
3365 3940 3470 3994 sub
3503 3940 3766 3993 Romano
3799 3940 3936 3994 im—

2209 4034 2467 4100 peratore
2529 4029 2897 4083 Constantino
2966 4029 3193 4099 Magno,
3261 4027 3364 4099 qui
3419 4028 3704 4081 civitatem
3772 4030 3937 4083 Con-

2207 4118 2636 4187 stantinopolim
2694 4116 3017 4184 aedificavit,
3066 4116 3365 4187 voluitque
3432 4116 3728 4171 Juniorem
3799 4118 3932 4171 Ru-

2210 4223 2361 4259 mam
2433 4205 2685 4259 vocitari.
2758 4206 2905 4259 Num
2967 4206 3035 4259 de
3101 4205 3740 4275 Constantinopolitano
3814 4208 3939 4260 Pa-

398 4293 655 4347 Romana
694 4293 911 4355 civitas,
961 4293 1107 4346 sicut
1137 4292 1424 4362 imperiali
1456 4293 1715 4363 potentia
1757 4298 1943 4347 totum
1983 4294 2090 4348 sibi
2130 4297 2171 4351 D
2202 4294 2448 4348 triarcha
2486 4294 2597 4347 tale
2646 4293 2785 4364 quid
2831 4293 2898 4347 ab
2930 4292 3213 4364 episcopis
3244 4293 3458 4364 legitur
3486 4294 3936 4350 constitutum?

397 4380 716 4451 subjecerat
744 4380 962 4447 orbem,
996 4380 1076 4434 sic
1117 4380 1411 4450 religionis
1439 4381 1712 4447 culmine,
1763 4385 1818 4434 et
1862 4386 2090 4450 aposto-

394 4469 545 4523 latus
578 4468 879 4539 dignitate,
927 4469 1102 4523 totius
1152 4469 1355 4523 mundi
1394 4469 1586 4539 regnis
1619 4469 1971 4539 praesideret.
2026 4471 2093 4524 Et

394 4557 540 4611 sicut
585 4557 765 4612 voluit
819 4557 1079 4612 Salvator
1127 4558 1575 4627 Hierosolymam
1624 4558 1918 4611 nativitate
1965 4574 2086 4626 sua,

392 4644 670 4712 doctrina,
720 4646 1030 4712 miraculis,
1087 4651 1296 4713 morte,
1344 4648 1658 4716 sepultura,
1722 4648 2090 4702 resurrectio-

393 4750 579 4804 neque
605 4735 841 4789 reddere
870 4735 1192 4799 sublimem,
1219 4734 1297 4788 sic
1317 4735 1488 4788 etiam
1521 4734 1736 4805 delegit
1766 4737 2087 4791 Romanam

390 4822 592 4876 urbem
632 4824 1026 4893 apostolorum
1075 4824 1404 4893 principum
1450 4823 1751 4894 sanguine,
1800 4824 2087 4895 sepulcro,

392 4912 687 4976 memoria,
720 4912 1001 4978 doctrina,
1034 4912 1274 4966 reddere
1315 4911 1663 4982 gloriosam:
1702 4916 1764 4965 ut
1811 4912 2085 4982 quoniam

389 5000 647 5055 Christus
681 5000 998 5054 Jerusalem
1043 5000 1288 5054 caelestis
1329 5000 1388 5054 in
1429 4999 1625 5053 dextra
1672 4999 1855 5054 Patris
1901 4999 2085 5053 consi-

390 5089 550 5155 dens,
583 5089 702 5143 Rex
733 5094 788 5143 et
829 5088 1106 5143 Dominus
1136 5089 1450 5142 honoratur
1487 5088 1821 5158 angelorum
1856 5093 1912 5141 et
1954 5105 2084 5142 sau-

387 5182 610 5232 ctorum
669 5177 935 5232 omnium
988 5177 1296 5243 famulatu;
1357 5176 1437 5230 sic
1502 5178 1703 5231 Petrus
1758 5182 1816 5231 et
1873 5178 2082 5231 Paulus

383 5263 700 5319 Jerusalem
738 5265 1162 5337 peregrinantis
1206 5264 1461 5319 obtineat
1498 5264 1909 5335 principatum,
1956 5265 2085 5319 sub-

457 5395 481 5422 ι
513 5389 790 5456 Socrates,
845 5389 944 5444 lib.
983 5407 1040 5459 ιι,
1083 5406 1206 5460 cap.
1255 5392 1338 5457 l3,
1385 5388 1573 5457 med.;
1613 5389 1712 5444 sed
1744 5390 1870 5444 aliis
1894 5389 2082 5445 verbis

388 5472 617 5512 sensum
660 5461 945 5529 exprimit.

457 5531 482 5571 δ
514 5532 575 5584 In
624 5534 775 5585 Asiae
800 5534 1103 5600 provincia.
1152 5533 1546 5601 Nequaquam,
1590 5530 1685 5583 sed
1725 5530 1782 5583 in
1816 5531 2078 5601 Illyrico:

2201 4382 2499 4437 Cernimus
2561 4382 2799 4435 omnino
2851 4381 3098 4435 Romani
3163 4380 3450 4450 pontificis
3498 4382 3931 4437 auctoritatem

2199 4487 2372 4539 super
2401 4475 2631 4524 cunctas
2672 4470 2947 4523 Ecclesias
2996 4468 3202 4524 Christi
3252 4469 3645 4539 praeeminere,
3678 4476 3746 4523 ut
3773 4472 3940 4537 Iom-

2199 4575 2301 4612 nes
2349 4557 2603 4629 episcopi
2649 4558 2813 4611 illum
2860 4557 3109 4611 habeant
3144 4562 3337 4629 caput,
3384 4563 3441 4611 et
3480 4557 3551 4611 ad
3591 4558 3715 4627 ejus
3742 4558 3935 4629 judi-

2198 4646 2350 4701 cium
2400 4646 2646 4717 pendeat
2678 4645 2957 4717 quidquid
2988 4645 3045 4699 in
3075 4645 3472 4715 ecclesiasticis
3505 4645 3756 4716 negotiis
3788 4647 3938 4703 dis-

2197 4735 2462 4805 ponitur;
2498 4741 2558 4788 ut
2595 4751 2664 4788 ex
2696 4735 2820 4804 ejus
2848 4733 3087 4788 arbitrio
3120 4735 3204 4788 vel
3245 4740 3476 4788 maneat
3496 4734 3937 4805 constitutum,

2197 4824 2284 4877 vel
2342 4824 2664 4893 corrigatur
2715 4828 2991 4890 erratum,
3041 4824 3129 4877 vel
3176 4823 3464 4877 sanciatur
3507 4823 3939 4897 quodcunque

2195 4912 2368 4966 fuerit
2396 4912 2811 4967 innovandum.

2263 5003 2524 5055 Testatur
2570 5005 2624 5054 et
2680 4992 3109 5055 hocEusebius
3158 5000 3519 5055 Caesariensis
3568 4990 3943 5074 episcopus,

2195 5089 2379 5159 quiin
2427 5088 2665 5142 historia
2697 5089 2766 5142 de
2813 5090 2939 5143 Vita
2981 5089 3236 5143 Silvestri
3269 5091 3425 5158 (Vita
3463 5105 3563 5144 ms.
3606 5106 3787 5160 supra
3857 5100 3949 5150 ci.

2194 5180 2333 5246 tata)
2364 5176 2443 5231 sic
2473 5177 2586 5231 ait:
2651 5198 2679 5226 «
2728 5176 2942 5241 Quarta
2992 5178 3082 5230 die
3134 5178 3447 5247 imperator
3488 5179 3947 5238 Constantinus

2192 5265 2560 5337 privilegium
2596 5265 2853 5319 Ecclesiae
2905 5266 3176 5321 Romanae
3213 5266 3472 5337 pontifici
3516 5267 3784 5333 contulit,
3832 5272 3951 5328 uti

2192 5390 2537 5512 Ratpaénnus
2567 5389 2878 5457 Sardieam,
2911 5390 3028 5443 sive
3077 5389 3388 5454 Serdicam,
3438 5406 3568 5444 cum
3610 5390 3946 5451 Sardibus

2192 5476 2291 5512 con
2326 5476 2355 5512 u
2408 5466 2463 5512 it.

2190 5466 2463 5515 confudit.
