4086 6182
182 351 263 403 337
1132 344 1410 401 CONTRA
1449 343 1826 401 GRIECORU!

1944 344 2247 401 PPOSITA.
2278 373 2351 386 —
2390 343 2515 399 LIB.
2559 343 2646 399 IV.

3532 350 3635 402 338

181 486 278 535 toto
321 480 447 534 orbe
496 481 748 535 Romano
797 478 1117 534 sacerdotes
1176 479 1255 534 ita
1301 480 1454 533 hunc
1501 486 1674 551 caput
1716 481 1823 535 ha-
1864 483 1910 535 A
1939 481 2145 546 cunda,
2172 487 2302 555 post
2327 481 2729 536 salutationem
2761 484 2817 534 et
2845 480 3201 551 prazfationis
3232 483 3635 539 allocutionem

180 572 344 637 beant,
373 574 434 623 ut
471 568 690 639 judices
722 585 933 639 regem.
971 588 997 619 ι)
1026 568 1162 632 Quae
1212 585 1301 622 res
1346 585 1412 623 ex
1460 570 1834 624 conciliorum

180 658 327 727 gestis
368 657 753 727 approbatur:
809 656 1093 727 siquidem
1155 673 1326 709 omne
1389 657 1694 711 concilium
1746 659 1833 711 vel

178 746 307 817 quod
352 746 407 798 in
455 745 704 807 Oriente,
752 746 840 799 vel
889 745 1045 815 quod
1096 745 1153 798 in
1201 746 1390 799 Africa
1442 751 1664 816 gestum
1710 762 1833 801 esse

178 834 513 903 dignoscitur,
564 834 653 887 vel
703 832 941 887 Romani
991 833 1276 902 pontiﬁcis
1326 833 1563 887 vicarius
1610 850 1835 905 semper

175 924 349 977 habuit
380 922 765 991 praesidentes,
821 922 907 974 vel
960 921 1081 991 ejus
1107 922 1438 975 auctoritate
1487 922 1831 991 litterarum,

177 1027 283 1081 quas
307 1011 531 1063 fuerunt
552 1010 779 1063 decreta
806 1008 1219 1062 ﬁrmitudinem
1256 1017 1617 1079 acceperunt.
1650 1011 1834 1080 Siqui-

175 1100 281 1153 dem
317 1098 613 1152 concilium
659 1098 973 1164 Niczenum,
1016 1098 1282 1151 omnibus
1324 1098 1529 1153 Christi
1574 1100 1833 1153 Ecclesiis

175 1189 567 1254 venerandum,
612 1188 896 1241 Victorem
949 1192 1005 1240 et
1059 1187 1423 1241 Vincentium
1471 1190 1833 1259 presbyteros

177 1277 308 1331 urbis
346 1278 558 1343 Romae,
616 1276 860 1331 Romani
907 1275 1197 1346 pontiﬁcis
1242 1276 1421 1330 vicem
1471 1282 1723 1346 agentes,
1773 1276 1833 1329 in

175 1367 545 1436 episcoporum
596 1365 1017 1436 subscriptione
1068 1365 1288 1435 primos
1344 1381 1587 1436 posuere
1639 1365 1832 1418 statim

173 1461 279 1525 post
304 1454 489 1508 Osium
528 1453 861 1524 episcopum
909 1453 1153 1507 civitatis
1190 1453 1570 1507 Cordubensis
1600 1452 1831 1523 provin-

171 1543 252 1595 ciae
298 1543 593 1612 Hispaniae,
653 1542 750 1612 qui
804 1541 988 1595 fuerat
1028 1540 1165 1594 illuc
1197 1558 1229 1593 a
1271 1541 1529 1595 Romano
1561 1541 1831 1610 pontiﬁce

171 1630 407 1695 directus,
444 1631 720 1699 quoniam
753 1630 873 1700 ipse
908 1630 1098 1682 venire
1124 1636 1416 1684 senectute
1446 1630 1833 1700 praepediente

168 1735 265 1771 non
314 1719 569 1771 valuerit.
635 1718 723 1771 Sic
784 1718 1006 1788 reliqua
1063 1718 1301 1771 concilia
1359 1719 1544 1787 primo
1599 1719 1659 1771 in
1706 1720 1831 1771 loco

1943 572 2207 626 scribitur
2254 571 2334 625 sic
2363 572 2526 642 (Ibid.
2578 573 2736 640 epist.
2771 572 2861 640 34)
2893 586 2906 624 :
2955 592 2981 620 (ι
3015 570 3303 641 Superest,
3338 578 3402 625 ut
3425 573 3471 625 si
3514 574 3634 641 pla-

1943 660 2124 713 cuerit
2156 666 2267 714 tuae
2312 659 2657 714 Beatitudini
2697 659 2786 712 his
2818 659 3076 728 partibus
3100 659 3389 725 advenire,
3422 666 3478 714 et
3506 678 3633 732 syn-

1943 748 2118 801 odum
2175 748 2481 811 celebrare,
2536 748 2643 801 hoc
2699 746 2884 800 facere
2947 747 3240 817 religionis
3298 748 3499 801 affectu
3550 748 3635 802 di-

1942 841 2181 906 gnetur;
2251 836 2461 889 nostris
2515 836 2714 905 utique
2769 834 3063 888 desideriis
3114 842 3299 888 vestra
3361 836 3637 890 Sanctitas

1941 923 2266 989 satisfaciet,
2321 928 2377 975 et
2422 938 2593 975 sacrae
2654 920 2923 990 religioni
2976 937 3103 991 quae
3150 921 3309 975 utilia
3358 928 3493 976 sunt
3538 923 3635 975 de-

1942 1018 2154 1065 cernat.
2211 1010 2270 1065 Si
2328 1027 2460 1064 vero
2512 1012 2617 1063 hoc
2666 1026 2972 1064 onerosum
3029 1016 3132 1075 est,
3186 1015 3249 1064 ut
3300 1017 3361 1065 tu
3405 1011 3473 1063 ad
3536 1011 3636 1063 has

1942 1106 2131 1170 partes
2171 1100 2459 1166 advenias,
2512 1100 2620 1152 hoc
2664 1099 2852 1169 ipsum
2906 1099 3071 1151 nobis
3100 1098 3350 1169 propriis
3380 1104 3476 1151 tua
3504 1098 3636 1151 San-

1941 1189 2103 1242 ctitas
2133 1187 2339 1241 litteris
2373 1188 2734 1252 manifestet;
2768 1192 3052 1258 quatenus
3084 1187 3141 1239 in
3174 1202 3405 1239 omnem
3439 1185 3635 1240 Orien-

1940 1281 2077 1343 tem,
2145 1283 2202 1331 et
2255 1278 2311 1330 in
2370 1277 2549 1347 ipsam
2610 1276 2925 1341 Thraciam,
2984 1278 3040 1328 et
3089 1276 3396 1347 Illyricum,
3465 1290 3638 1327 sacra:

1941 1371 2140 1419 vestra:
2192 1366 2392 1419 litterae
2448 1363 2798 1433 dirigantur;
2860 1368 2922 1417 ut
2967 1364 3039 1417 ad
3088 1364 3395 1434 quemdam
3428 1362 3637 1417 deﬁni-

1942 1456 2063 1504 tum
2136 1453 2321 1505 locum
2396 1468 2597 1505 omnes
2666 1450 3009 1504 sanctissimi
3078 1450 3331 1522 episcopi
3396 1450 3641 1504 debeant

1941 1541 2273 1604 convenire;
2330 1546 2387 1593 et
2446 1556 2574 1610 quas
2627 1539 3082 1593 Christianorum
3137 1539 3406 1609 religioni
3467 1545 3639 1609 atque

1943 1630 2234 1682 catholicas
2283 1630 2413 1682 ﬁdei
2449 1635 2728 1699 .‘prusuut,
2781 1629 2923 1681 sicut
2970 1629 3249 1683 Sanctitas
3290 1634 3387 1682 tua
3439 1645 3638 1682 secun-

1942 1720 2081 1773 dum
2135 1718 2538 1772 ecclesiasticas
2597 1719 2821 1788 regulas
2880 1718 3188 1784 deﬁnierit,
3249 1734 3351 1770 sua
3405 1718 3640 1785 disposi-

167 1823 365 1877 semper
393 1806 646 1860 habuere
679 1807 966 1860 Romanus
1016 1807 1334 1877 pontiﬁces,
1380 1808 1463 1859 vel
1505 1824 1703 1859 eorum
1750 1808 1827 1859 le-
1872 1780 1910 1833 Β
1943 1808 2097 1862 tione
2156 1808 2465 1861 declarent.
2495 1827 2520 1859 ι)
2578 1808 2677 1862 His
2736 1808 2940 1861 litteris
3000 1808 3391 1861 Romanorum
3448 1806 3639 1875 impe-

166 1901 319 1965 gatos,
394 1902 670 1966 tauquam
737 1897 1121 1962 apostolorum
1183 1894 1437 1947 vicarius.
1504 1896 1567 1947 Et
1632 1911 1829 1947 revera

164 2000 333 2036 omnes
383 1984 701 2037 Orientales
759 1983 1041 2043 Ecclesiae,
1093 1982 1261 2034 simul
1318 1987 1375 2035 et
1420 1982 1824 2049 Occidentales,

164 2071 403 2124 Romanae
471 2069 717 2123 civitatis
784 2071 1088 2139 praesulem
1158 2084 1385 2139 semper
1440 2068 1603 2139 quasi
1660 2074 1831 2139 caput

163 2159 532 2228 episcoporum
585 2159 838 2212 venerati
888 2164 1037 2221 sunt,
1102 2164 1157 2210 et
1204 2159 1273 2210 ad
1304 2157 1428 2227 ejus
1483 2158 1827 2211 sententiam

163 2252 526 2316 respexerunt,
564 2252 623 2301 et
664 2248 732 2301 de
762 2247 931 2301 rebus
971 2247 1162 2299 dubiis
1194 2262 1552 2317 quaecunque
1580 2246 1829 2299 decrevit

161 2337 263 2403 ejus
284 2336 558 2405 judicium
606 2336 1023 2398 sustinuerunt,
1067 2336 1336 2405 illiusque
1369 2336 1595 2389 decreto
1624 2350 1826 2405 parue-

160 2429 288 2475 runt.
334 2423 703 2493 Quaecunque
752 2422 995 2476 concilia
1047 2423 1170 2492 ejus
1234 2424 1511 2475 sententia
1558 2423 1827 2476 roborata

159 2517 286 2577 sunt,
316 2518 434 2565 rata
481 2515 854 2577 manserunt;
901 2527 1030 2581 quae
1062 2527 1197 2565 vero
1245 2510 1556 2579 damnavit,
1607 2527 1709 2581 pro
1739 2510 1826 2564 ni-

160 2599 257 2652 hilo
284 2605 540 2671 reputata
572 2600 827 2665 fuerunt,
857 2616 962 2654 nec
992 2600 1389 2654 auctoritatem
1416 2601 1590 2653 ullam
1619 2600 1827 2654 habere

159 2695 455 2755 potuerunt.

214 2778 333 2841 Quae
386 2780 514 2831 licet
569 2777 945 2849 antiquorum
996 2776 1365 2831 monimentis
1418 2778 1650 2831 Patrum
1696 2793 1827 2830 vera

156 2881 256 2917 esse
285 2883 406 2935 quae
432 2867 682 2920 dicimus
711 2866 1129 2936 approbantur,
1165 2866 1335 2919 unius
1358 2870 1547 2919 tamen
1582 2865 1827 2919 Romani

154 2955 412 3020 pontiﬁcis
459 2957 651 3024 placet
707 2955 913 3008 litteris
974 2956 1278 3008 ostendere
1327 2971 1455 3024 quae.
1512 2954 1822 3024 loquimur.

154 3043 270 3096 Nam
299 3061 425 3097 cum
457 3044 764 3099 Flavianus
792 3044 1464 3114 Constantinopolitanus
1501 3044 1823 3113 episcopus,
1867 3079 1907 3133 ρ

152 3133 233 3200 qui
262 3133 544 3203 Eutychen
588 3132 1096 3186 archimandritam
1131 3132 1823 3200 Cunstantinopolitanum

152 3220 277 3274 male
313 3222 379 3275 de
412 3220 817 3276 incarnatione
868 3221 1162 3274 Dominica
1198 3222 1538 3274 sentientem
1580 3220 1824 3273 damna-

150 3316 303 3375 verat,
365 3312 488 3381 ipse
546 3326 783 3381 quoque
830 3309 1030 3363 fuisset
1075 3327 1105 3362 ει
1153 3309 1389 3380 synodo,
1442 3326 1569 3379 quae
1620 3308 1824 3379 Ephesi

149 3399 354 3453 collecta
394 3406 502 3467 est,
548 3406 752 3453 contra
786 3400 1014 3469 regulas
1054 3399 1458 3452 ecclesiasticas
1496 3399 1819 3459 damnatus,

151 3488 445 3543 Romanum
498 3491 608 3544 hac
638 3489 706 3543 de
753 3504 922 3542 causa
972 3489 1215 3542 Leonem
1264 3487 1598 3557 pontiﬁcem
1645 3486 1821 3540 inter-

150 3578 409 3645 pellasset,
476 3578 710 3648 scripsit
767 3577 1089 3631 Theodosio
1137 3576 1473 3647 imperatori
1539 3575 1822 3646 synodum

148 3668 566 3733 retractandam,
619 3671 677 3719 et
729 3682 796 3719 ea
840 3682 967 3736 quae
1016 3682 1187 3735 prave
1235 3664 1544 3718 constituta
1597 3665 1825 3719 fuerant

148 3758 413 3809 cassanda.
472 3756 639 3819 Quod
673 3771 800 3808 cum
834 3756 935 3808 sub
974 3754 1287 3808 Theodosio
1320 3754 1668 3824 imperatore
1700 3754 1823 3807 ﬁeri

148 3859 241 3896 non
264 3847 468 3914 potuit,
505 3849 693 3898 morte
736 3843 1140 3913 praeveniente,
1173 3843 1277 3895 sub
1327 3842 1682 3912 principibus
1718 3843 1821 3895 Va-

147 3930 436 3986 lentiniano
472 3938 528 3986 et
576 3932 882 3997 Marciano,
931 3931 1030 4001 qui
1073 3930 1392 3984 Theodosio
1424 3930 1573 3999 patri
1602 3947 1820 3983 succes-

144 4028 327 4087 serant,
362 4028 557 4076 actum
605 4025 706 4074 est.
741 4021 996 4084 Quorum
1041 4020 1265 4083 litteras,
1317 4020 1387 4072 ad
1438 4020 1683 4097 Leonem
1726 4035 1818 4071 ve-

143 4112 430 4165 nerabilem
476 4111 818 4180 episcopum
868 4109 1137 4162 Romanae
1187 4107 1345 4160 urbis
1385 4106 1592 4171 missae,
1633 4107 1824 4161 taliter

142 4198 402 4252 habentur
458 4200 617 4269 (ante
674 4199 862 4251 concil.
913 4196 1230 4253 Chalcedon.
1280 4198 1438 4265 epist.
1491 4199 1627 4262 33):
1683 4217 1703 4243 ι
1733 4194 1821 4248 Vi-

142 4290 302 4339 ctores
348 4286 795 4341 Valentinianus
840 4290 897 4337 et
945 4283 1279 4348 Marcianus,
1329 4283 1565 4351 gloriosi
1611 4283 1815 4336 trium-

1938 1901 2196 1949 ratorum
2228 1912 2345 1949 non
2379 1896 2722 1961 ostenditur,
2764 1896 2911 1965 quod
2948 1894 3271 1965 patriarcha
3294 1893 3635 1962 }Constanti-

1938 1986 2308 2055 nopolitauus
2366 1985 2620 2039 Romano
2674 1984 2933 2053 pontiﬁci
2988 1985 3257 2053 prazlatus
3315 1983 3636 2036 habeatur:

1940 2091 2135 2127 verum
2188 2074 2338 2145 quod
2390 2075 2682 2128 Romanus
2728 2073 2984 2141 pontifex
3033 2071 3433 2142 iprincipatum
3483 2070 3637 2124 obti-

1942 2168 2072 2216 neat
2098 2163 2520 2233 episcoporum,
2569 2161 2731 2230 cujus
2762 2162 2998 2214 arbitrio
3030 2161 3234 2215 debeat
3274 2160 3465 2229 colligi
3498 2175 3634 2228 syn-

1939 2253 2100 2317 odus,
2142 2258 2197 2305 et
2238 2269 2367 2322 quas
2408 2257 2542 2305 sunt
2573 2251 2866 2306 tractanda
2909 2267 3012 2321 per
3042 2252 3165 2321 ejus
3196 2249 3635 2320 dispositionem

1938 2340 2181 2395 debeant
2212 2340 2488 2393 ordinari.

2008 2431 2314 2484 Testantur
2362 2429 2531 2483 etiam
2578 2428 2782 2485 litterae
2834 2427 3219 2482 Valentiniani
3268 2426 3633 2496 imperatoris

1938 2518 2008 2572 ad
2036 2518 2416 2572 Theodosium
2474 2523 2695 2588 patrem
2749 2521 3092 2587 Augustum,
3149 2533 3322 2587 quam
3379 2517 3628 2586 dignita-

1938 2612 2074 2674 tem,
2108 2613 2280 2678 atque
2312 2607 2591 2660 honorem
2626 2606 2918 2660 Romanus
2949 2605 3210 2675 pontifex
3243 2621 3414 2675 super
3435 2621 3633 2658 omnes

1937 2696 2231 2767 episcopus
2285 2696 2488 2749 debeat
2541 2695 2798 2748 obtinere
2834 2712 2847 2748 :
2903 2711 3030 2765 quae
3073 2694 3150 2747 ita
3199 2710 3255 2747 se
3289 2693 3499 2747 habere
3532 2710 3630 2746 no-

1937 2790 2172 2838 scuntur
2206 2785 2391 2854 (lbid.,
2425 2787 2582 2854 epist.
2614 2786 2706 2853 25)
2745 2800 2756 2837 :
2794 2804 2819 2834 (ι
2858 2783 3102 2836 Domino
3133 2782 3471 2848 Theodosio,
3508 2784 3630 2851 glo-

1940 2872 2253 2926 riosissimo
2293 2873 2513 2939 victori,
2547 2889 2610 2925 ac
2647 2872 3053 2940 triumphaturi
3101 2871 3631 2942 praecellentissimo

1937 2960 2270 3031 imperatori
2303 2965 2354 3014 et
2399 2960 2567 3030 patri,
2626 2960 3056 3013 Valentinianus
3108 2963 3286 3012 victor
3326 2960 3629 3029 gloriosus,

1939 3067 2000 3103 ac
2030 3050 2437 3119 triumphator,
2486 3065 2713 3118 semper
2741 3052 3033 3118 Augustus
3078 3054 3129 3101 et
3165 3048 3335 3101 lilius.
3372 3049 3511 3101 Cum
3545 3065 3631 3099 ve-

1937 3139 2147 3192 nissem
2204 3138 2264 3191 in
2314 3138 2518 3191 urbem
2571 3139 2807 3191 Romam
2855 3137 2925 3189 ob
2977 3136 3343 3190 Divinitatem
3394 3136 3631 3204 placan—

1933 3228 2086 3291 dam,
2140 3226 2404 3297 sequenti
2458 3226 2549 3279 die
2594 3226 2663 3279 ad
2697 3226 2990 3279 basilicam
3036 3225 3278 3293 apostoli
3312 3224 3463 3277 Petri
3490 3240 3629 3293 pro—

1932 3317 2094 3381 cessi,
2153 3320 2208 3368 et
2267 3316 2383 3369 illic
2434 3320 2557 3385 post
2599 3314 2984 3367 venerabilem
3045 3319 3269 3367 noctem
3318 3312 3432 3367 diei
3489 3328 3629 3382 apo—

1933 3405 2085 3468 stoli,
2153 3410 2207 3457 et
2256 3420 2288 3456 a
2344 3404 2603 3457 Romano
2656 3402 2943 3472 episc0po,
3004 3407 3060 3454 et
3107 3402 3175 3455 ab
3225 3401 3350 3454 aliis
3382 3416 3510 3453 eum
3563 3417 3628 3453 eu

1933 3509 1997 3547 ex
2074 3493 2311 3546 diversis
2391 3491 2695 3561 provinciis
2758 3489 3137 3560 congregatis,
3204 3495 3437 3559 rogatus
3502 3506 3627 3541 sum

1934 3581 2180 3635 scribere
2235 3591 2434 3633 vestrae
2482 3580 2909 3633 mansuetudini
2960 3580 3029 3632 de
3061 3578 3194 3645 ﬁde,
3237 3595 3365 3649 quae
3396 3594 3523 3631 cum
3558 3576 3630 3630 sit

1932 3670 2315 3725 conservatrix
2375 3669 2633 3722 omnium
2688 3669 2943 3722 ﬁdelium
3008 3668 3352 3727 animarum.
3424 3666 3630 3721 dicitur

1934 3760 2308 3828 perturbata:
2363 3774 2533 3828 quam
2590 3773 2693 3810 nos
2741 3773 2773 3808 a
2821 3757 3027 3809 nostris
3080 3756 3395 3826 majoribus
3443 3755 3627 3809 tradi-

1930 3852 2048 3901 tam
2113 3848 2389 3900 debemus
2471 3862 2599 3899 cnm
2674 3845 2829 3898 omni
2894 3846 3241 3915 competenti
3299 3845 3625 3905 ,devotione

1932 3936 2258 4001 defendere,
2292 3946 2347 3988 et
2375 3934 2717 4004 dignitatem
2766 3934 3012 4004 proprias
3046 3933 3427 3986 venerationis
3458 3934 3624 3986 beato

1931 4025 2185 4094 apostolo
2260 4026 2425 4077 Petro
2508 4023 2905 4076 intemeratam
2988 4023 3192 4075 nostris
3274 4021 3625 4091 temporibus

1930 4127 2288 4175 conservare,
2370 4115 2649 4181 quatenus
2718 4108 3079 4163 beatissimus
3149 4111 3421 4163 Romana:
3494 4109 3624 4162 civi-

1928 4200 2058 4254 tatis
2112 4201 2433 4269 episcopus,
2506 4200 2595 4252 cui
2655 4199 3041 4269 principatum
3100 4198 3398 4252 sacerdotii
3456 4215 3627 4267 super

1930 4305 2127 4343 omnes
2175 4288 2484 4358 antiquitas
2518 4287 2777 4351 contulit,
2812 4289 2997 4341 locum
3029 4288 3237 4341 habeat
3286 4293 3343 4341 et
3388 4286 3621 4341 faculta-

139 4374 407 4441 phatores,
480 4390 713 4443 semper
780 4372 1042 4444 Augusti,
1114 4371 1286 4426 Leoni
1351 4372 1822 4426 reverendissimo
1865 4373 1905 4425 υ
1932 4383 2045 4431 tem
2076 4378 2143 4431 de
2166 4377 2277 4430 ﬁde
2307 4380 2363 4429 et
2384 4376 3061 4445 sacerdotibusjudicare,
3099 4376 3337 4430 Domine
3370 4378 3627 4429 sacratis-

141 4460 555 4532 archiepiscopo
635 4462 897 4532 gloriosae
968 4460 1206 4515 civitatis
1268 4461 1485 4515 Romae.
1561 4461 1645 4515 Ad
1716 4460 1824 4514 hoc

141 4550 434 4605 maximum
498 4550 809 4621 imperium
871 4550 1131 4604 venimus
1194 4550 1291 4603 Dei
1337 4550 1719 4619 providentia,
1770 4555 1826 4604 et

140 4644 346 4692 senatus
419 4638 916 4701 excellentissimi,
974 4643 1309 4708 cunctaeque
1367 4638 1609 4692 militia.
1670 4639 1823 4694 Unde

138 4740 225 4792 pro
270 4729 595 4783 reverenda
647 4733 701 4781 et
731 4728 1008 4781 catholica
1043 4727 1321 4796 religione
1370 4727 1821 4781 Christianorum

138 4817 273 4883 ﬁdei,
303 4819 470 4888 cujus
493 4817 721 4870 auxiliis
742 4820 1012 4869 virtutem
1044 4820 1251 4869 nostra:
1282 4817 1553 4885 potentia:
1584 4817 1822 4870 conﬁdi-

136 4919 246 4957 mus
292 4906 637 4977 gubernari,
699 4912 856 4958 tuam
912 4905 1273 4958 sanctitatem
1332 4906 1715 4975 principatum
1765 4904 1823 4958 in

135 4994 447 5064 episcopatu
502 4995 715 5047 divina:
763 4993 894 5047 ﬁdei
936 4994 1347 5064 possidentem,
1400 4994 1571 5047 sacris
1622 4993 1826 5046 litteris

136 5078 182 5132 in
208 5083 498 5154 principio
536 5084 756 5153 justum
798 5083 1084 5136 credimus
1123 5083 1546 5153 alloquendam,
1580 5082 1821 5135 invitan-

134 5173 203 5222 tes
245 5179 417 5241 atque
451 5178 747 5241 rogantes,
802 5177 864 5225 ut
902 5188 1006 5241 pro
1046 5171 1318 5225 ﬁrmitate
1358 5176 1413 5224 et
1465 5177 1612 5225 statu
1644 5171 1826 5225 nostri

135 5256 366 5329 imperii,
453 5267 734 5314 aeternam
794 5261 1153 5314 divinitatem
1225 5266 1321 5313 tua
1384 5261 1660 5313 Sanctitas
1724 5260 1823 5313 de-

136 5358 403 5418 precetur,
459 5356 528 5402 ut
579 5355 635 5402 et
682 5350 792 5402 tale
837 5350 1195 5420 propositum
1240 5356 1295 5401 et
1335 5349 1682 5403 desiderium
1724 5350 1825 5402 lia-

137 5436 370 5503 beamus,
407 5448 706 5510 quatenus
738 5438 897 5491 omni
931 5439 1110 5509 impio
1143 5455 1333 5492 errore
1357 5438 1581 5492 sublato
1612 5455 1714 5508 per
1744 5455 1828 5491 ce-

138 5525 453 5581 lebrandam
500 5527 808 5596 synodum,
851 5534 904 5581 te
945 5534 1200 5592 auctore,
1246 5528 1490 5581 maxima
1531 5544 1636 5598 pax
1680 5527 1827 5580 circa

139 5629 315 5668 omnes
364 5618 674 5686 episcopos
727 5615 859 5669 ﬁdei
902 5616 1195 5670 catholicae
1248 5618 1359 5669 ﬁat.
1401 5640 1418 5661 ι»
1479 5617 1618 5669 Item
1652 5618 1709 5669 in
1742 5633 1827 5669 se-

1931 4467 2074 4521 sime
2098 4471 2278 4535 pater,
2304 4469 2359 4517 et
2378 4464 2721 4518 venerabilis
2747 4465 3061 4535 imperator
3084 4482 3095 4518 :
3120 4466 3224 4518 hac
3242 4465 3394 4517 enim
3419 4467 3624 4534 gratia,

1931 4555 2245 4610 secundum
2310 4554 2733 4608 solemnitatem
2794 4553 3165 4607 conciliorum
3225 4558 3283 4607 et
3348 4554 3627 4607 Constan-

1930 4643 2345 4713 tinopolitanus
2389 4641 2692 4712 episcopus
2731 4658 2861 4695 eum
2908 4658 3010 4711 per
3042 4642 3266 4695 libellos
3296 4642 3625 4711 appellavit,

1930 4736 2167 4805 propter
2212 4730 2645 4784 contentionem
2690 4746 2818 4800 qua:
2846 4734 2982 4796 .orta
3015 4734 3099 4782 est
3142 4731 3210 4783 de
3239 4730 3371 4783 ﬁde.
3416 4750 3436 4777 ι
3472 4730 3628 4785 Galla

1933 4835 2163 4892 quoque
2201 4818 2465 4885 Placidia,
2511 4822 2695 4871 mater
2722 4817 2980 4887 Augusti,
3034 4817 3251 4871 litteras
3289 4818 3487 4871 eadem
3523 4833 3627 4885 pro

1933 4926 1992 4962 re
2026 4908 2141 4962 ﬁlio
2175 4908 2428 4977 dirigens
2474 4909 2749 4976 Augusto,
2792 4905 2940 4958 inter
2970 4910 3175 4959 caetera
3213 4906 3291 4959 sic
3321 4906 3400 4958 ait
3437 4904 3624 4974 (lbid.,

1933 5000 2091 5067 epist.
2145 5000 2212 5051 26
2246 5001 2376 5067 post
2408 4994 2559 5064 init.)
2594 5011 2606 5049 :
2665 5017 2686 5043 ι
2724 4995 2847 5048 Non
2882 4995 3167 5048 modicum
3218 4993 3625 5048 detrimentum

1934 5091 2019 5139 est
2040 5101 2105 5138 ex
2133 5085 2221 5138 his
2252 5100 2381 5154 quae
2410 5090 2571 5154 gesta
2596 5088 2755 5147 sunt;
2796 5088 2855 5135 ut
2885 5083 3043 5149 ﬁdes,
3093 5098 3220 5152 quae
3265 5080 3439 5135 tantis
3482 5086 3627 5133 tem-

1934 5172 2172 5243 poribus
2204 5172 2547 5241 regulariter
2577 5170 2859 5224 custodita
2891 5174 2974 5223 est
3004 5188 3037 5223 a
3068 5169 3445 5223 sacratissimo
3468 5175 3627 5238 patre

1935 5267 2129 5315 nostro
2180 5260 2553 5315 Constantino
2608 5259 2731 5330 (qui
2781 5259 3001 5331 primus
3049 5258 3291 5329 imperio
3339 5257 3632 5328 splenduit

1936 5348 2317 5417 Christianus)
2369 5364 2556 5419 nuper
2604 5348 2834 5403 turbata
2879 5347 2972 5416 sit,
3004 5348 3070 5401 ad
3112 5346 3417 5400 arbitrium
3460 5346 3629 5401 unius

1934 5436 2205 5504 hominis,
2249 5438 2349 5508 qui
2395 5437 2455 5490 in
2495 5438 2711 5507 synodo
2744 5438 3046 5506 Ephesium
3076 5435 3320 5489 civitatis
3350 5435 3543 5488 odium
3576 5440 3631 5488 et

1935 5526 2334 5580 contentiones
2391 5527 2580 5597 potius
2645 5525 2963 5579 exercuisse
3035 5531 3322 5589 narratur,
3378 5523 3629 5577 militum

1938 5615 2239 5686 praesentia
2273 5622 2329 5670 et
2360 5622 2514 5669 metu
2566 5622 2841 5687 appetens
2873 5613 3518 5685 Constantinopolitanw
3552 5613 3628 5664 υἰ-
