4098 6180
423 414 525 465 339

1574 412 1801 466 RATRA
1816 411 1930 465 MNI
1969 412 2424 467 CORBEIENSIS
2462 409 2767 465 MONACHI

3822 412 3926 465 340

422 545 613 599 vitatis
642 543 973 615 episcopum
1032 540 1387 607 Flavianum,
1421 558 1486 596 eo
1542 542 1694 612 quod
1744 543 2004 596 libellum
2045 542 2114 595 ad
2154 546 2195 598 A
2228 544 2304 596 De
2345 543 2431 595 his
2480 546 2694 608 autem,
2749 540 2849 611 qui
2900 540 2959 594 in
3014 541 3119 595 hac
3168 557 3337 594 causa
3386 541 3616 611 gravius
3649 558 3925 612 peccave-

423 634 790 705 apostolicam
840 632 1032 686 sedem
1079 630 1299 685 miserit
1346 648 1449 702 per
1497 649 1592 685 eos
1622 624 1722 701 'qui
1760 632 1957 685 directi
1987 632 2116 685 fue-

422 727 553 776 rant
582 721 641 774 in
682 721 985 775 concilium
1016 738 1048 773 a
1080 720 1556 773 reverendissimo
1588 721 1854 791 episcopo
1897 723 2114 785 Romae,

421 810 517 881 qui
552 810 869 863 secundum
914 810 1282 863 definitiones
1328 810 1543 863 Nicmni
1594 811 1819 863 concilii
1860 809 2118 863 consueti

420 903 555 952 sunt
601 898 900 966 interesse,
951 898 1194 951 Domine
1246 899 1597 952 sanctissime
1640 899 1742 966 fili,
1779 899 2119 953 venerabilis

420 988 755 1058 imperator.
790 990 902 1041 Hac
928 988 1123 1057 itaque
1158 987 1361 1056 gratia,
1390 993 1486 1041 tua
1527 990 1906 1042 mansuetudo
1946 988 2119 1042 tantis

422 1078 607 1131 turbis
655 1077 943 1143 resistens,
998 1077 1295 1129 veritatem
1347 1076 1773 1130 immaculatam
1828 1078 2118 1132 catholica?

423 1166 555 1219 fidei
590 1168 802 1219 servari
834 1166 1148 1235 praecipiat,
1199 1171 1256 1220 et
1298 1167 1609 1220 secundum
1663 1168 1905 1221 formam
1937 1172 1991 1221 et
2022 1168 2119 1221 de-

424 1253 745 1307 finitionem
802 1256 1133 1323 apostolica:
1190 1254 1360 1322 sedis,
1413 1272 1584 1325 quam
1627 1256 1798 1309 etiam
1853 1274 1950 1310 nos
2002 1263 2123 1310 tau-

424 1357 597 1410 quam
657 1343 1083 1411 praecellentem
1134 1344 1401 1397 similiter
1453 1362 1812 1411 veneramur,
1870 1346 1928 1398 in
1972 1351 2120 1399 statu

425 1432 728 1484 sacerdotii
776 1432 955 1485 illmso
1006 1438 1275 1486 manente
1330 1450 1432 1503 per
1471 1435 1669 1487 omnia
1716 1435 2002 1499 Flaviano,
2052 1436 2119 1489 ad

425 1520 651 1573 concilii
710 1526 766 1574 et
818 1522 1147 1591 apostolica:
1205 1523 1354 1575 sedis
1403 1523 1688 1592 judicium
1738 1524 2119 1591 transmittat;

426 1607 487 1660 in
519 1625 629 1678 qua
676 1609 897 1679 primus
942 1610 1058 1674 ille,
1120 1610 1219 1681 qui
1249 1611 1504 1665 caelestes
1556 1612 1739 1665 claves
1781 1613 1988 1682 dignus
2018 1613 2123 1666 fuit

430 1698 706 1767 accipere,
788 1698 1182 1768 principatum
1253 1700 1612 1770 episcopatus
1657 1702 1963 1755 ordinavit.
2018 1703 2122 1755 De-

428 1791 515 1838 cet
548 1786 739 1856 itaque
786 1803 888 1839 nos
934 1786 1069 1840 huic
1118 1787 1383 1841 maximae
1422 1787 1660 1855 civitati,
1714 1806 1841 1859 qua:
1891 1789 2125 1843 domina

429 1874 692 1927 omnium
744 1880 846 1941 est,
901 1875 960 1927 in
1019 1875 1289 1929 omnibus
1331 1877 1709 1931 reverentiam
1763 1894 2120 1933 conservare.

431 1962 774 2032 Diligentius
832 1969 1024 2017 autem
1073 1964 1180 2017 hoc
1235 1965 1546 2034 providete,
1601 1982 1669 2019 ne
1722 1967 1876 2035 quod
1928 1966 2127 2036 priscis

430 2051 782 2119 temporibus
840 2056 1029 2104 nostra
1084 2052 1378 2120 generatio
1441 2053 1759 2115 custodivit,
1801 2054 1905 2107 sub
1964 2055 2127 2107 nobis

432 2138 699 2191 imminui
741 2138 1019 2205 videatur,
1072 2144 1127 2192 et
1177 2157 1282 2209 per
1326 2157 1577 2209 praesens
1607 2143 1933 2213 exemplum
1980 2144 2125 2196 schi-

433 2232 615 2279 smata
656 2231 1005 2293 generentur
1052 2228 1203 2282 inter
1249 2229 1541 2298 episcopos
1588 2245 1651 2283 ac
1686 2236 1907 2285 sanctas
1946 2232 2126 2285 Eccle~

434 2312 563 2367 sias.
596 2336 623 2361 ››
675 2318 924 2384 Apparet
970 2314 1148 2384 igitur
1196 2332 1261 2369 ex
1299 2316 1389 2369 his
1428 2318 1748 2371 Romanum
1798 2319 2127 2388 pontificem

434 2417 730 2471 nunquam
774 2402 949 2455 fuisse
993 2402 1310 2472 subjectum
1359 2406 1694 2474 patriarchae
1729 2408 2127 2463 Constantino-

432 2490 711 2561 politano,
763 2492 903 2562 quin
930 2492 1119 2562 potius
1163 2493 1262 2546 ubi
1301 2495 1605 2548 necessitas
1637 2498 1962 2566 postulavit,
1996 2515 2125 2552 eum

433 2579 803 2647 apostolicam
834 2579 1026 2633 sedem
1058 2581 1383 2650 expetiisse,
1427 2588 1483 2636 et
1516 2585 1829 2639 secundum
1877 2586 2002 2656 ejus
2036 2587 2127 2655 ju-

434 2666 649 2719 dicium
683 2683 845 2720 suam
877 2668 1187 2722 terminum
1231 2669 1439 2724 habere
1488 2688 1715 2726 causam
1763 2675 2125 2744 poposcisse:

435 2755 906 2826 quandoquidem
956 2757 1031 2810 sit
1080 2758 1335 2811 Romana
1366 2760 1561 2813 civitas
1602 2762 1872 2816 omnibus
1900 2763 2128 2834 imperii

435 2843 677 2897 Romani
728 2844 1051 2899 civitatibus
1092 2846 1507 2915 honorabilior,
1557 2856 1613 2904 et
1657 2851 1945 2905 Romanus
1986 2869 2127 2922 pon-

433 2932 567 2986 tifex
617 2933 1004 3006 principatum
1054 2936 1310 2991 obtineat
1366 2940 1670 2993 sacerdotii
1716 2958 1886 3011 super
1932 2958 2130 2996 omnes

434 3020 762 3091 episc0pos;
806 3026 868 3075 ut
914 3028 1044 3092 poto
1075 3040 1223 3092 ~cum
1254 3026 1327 3080 sit
1356 3026 1550 3081 civitas
1583 3028 1703 3082 haec
1737 3030 1970 3085 domina
2012 3048 2131 3085 om-

2225 635 2378 697 runt,
2416 636 2471 685 et
2502 631 2574 684 ob
2606 632 2711 684 hoc
2740 629 3095 699 superiorem
3128 630 3234 683 sibi
3266 630 3455 683 locum
3498 630 3556 683 in
3596 630 3797 684 eadem
3829 629 3924 683 in-

2226 722 2375 775 felici
2415 722 2628 792 synodo
2665 720 3043 785 vindicarunt,
3087 725 3151 773 ut
3183 720 3486 772 humilium
3514 720 3755 772 fratrum
3787 720 3926 772 sim-

2226 811 2537 880 plicitatem
2595 810 2931 878 arrogantia
2986 808 3335 877 przejudiciis
3394 815 3822 878 aggravarent:
3876 808 3923 861 si

2228 898 2372 950 forte
2424 897 2760 965 resipiscant
2790 904 2845 950 et
2894 898 3020 949 ιιι.ιί
3071 898 3156 950 sui
3199 897 3593 951 defensionem
3643 903 3927 950 cassantes

2227 986 2286 1038 in
2315 984 2853 1038 condemnationem
2887 986 3103 1055 proprii
3123 989 3532 1038 convertuntur
3564 985 3796 1050 erroris,
3829 985 3931 1037 lio-

2229 1090 2356 1126 rum
2416 1073 2723 1127 satisfactio
2782 1073 2911 1126 talis
2970 1073 3219 1139 accedat,
3261 1090 3389 1144 quae
3446 1090 3561 1126 non
3624 1074 3932 1127 refutanda

2230 1162 2507 1229 videatur,
2552 1161 2650 1215 sed
2684 1162 3095 1215 maturioribus
3135 1162 3461 1231 apostolicae
3488 1162 3638 1216 sedis
3675 1162 3931 1215 consiliis

2231 1256 2581 1315 reservetur;
2614 1255 2695 1317 ut,
2730 1250 3070 1303 examinatis
3102 1252 3372 1305 omnibus
3401 1256 3573 1321 atque
3606 1251 3926 1321 perpensis,

2230 1339 2341 1409 ipsi
2388 1356 2587 1393 eorum
2622 1339 3035 1409 agnitionibus,
3064 1340 3201 1410 quid
3234 1340 3503 1393 constitui
3535 1340 3755 1402 debeat,
3790 1339 3935 1393 aesti-

2235 1435 2441 1483 metur.
2494 1430 2686 1499 Neque
2730 1431 2888 1499 prius
2935 1429 2993 1482 in
3028 1429 3290 1496 Ecclesia,
3324 1430 3413 1482 cui
3445 1435 3499 1482 te
3532 1430 3807 1483 Dominus
3836 1446 3935 1481 vo-

2232 1519 2341 1573 luit
2370 1519 2698 1589 przesidere,
2747 1518 3083 1588 cujusquam
3112 1519 3313 1571 talium
3347 1521 3432 1585 (ut
3462 1518 3529 1572 ad
3560 1524 3613 1571 te
3639 1519 3762 1587 jam
3791 1518 3930 1570 scri-

2234 1608 2473 1678 psimus)
2505 1624 2709 1660 nomen
2740 1608 2806 1661 ad
2835 1608 3009 1660 altare
3038 1609 3325 1669 recitetur,
3366 1624 3539 1678 quam
3573 1608 3711 1677 quid
3746 1607 3817 1660 de
3849 1607 3933 1660 eis

2235 1697 2505 1751 constitui
2562 1697 2787 1765 debeat,
2850 1712 3039 1750 rerum
3090 1713 3390 1766 processus
3443 1696 3722 1750 ostendat.
3782 1718 3803 1743 »
3870 1697 3936 1750 Et

2237 1776 2364 1855 post
2394 1801 2573 1855 pauca
2603 1802 2615 1839 :
2662 1806 2687 1833 α
2720 1785 2994 1839 Annitere
3023 1786 3235 1855 itaque,
3284 1786 3455 1838 frater
3485 1785 3838 1851 charissime,
3870 1791 3935 1838 ut

2237 1890 2365 1945 qua:
2400 1874 2658 1928 Ecclesiae
2702 1875 2801 1928 Dei
2832 1880 3175 1944 congruunt,
3226 1874 3471 1928 fideliter
3519 1878 3574 1927 et
3624 1875 3936 1928 efﬁcaciter

2234 1979 2364 2016 cum
2413 1963 2499 2016 his
2530 1963 2798 2016 fratribus
2840 1968 3187 2029 constanter,
3222 1980 3364 2033 quos
3402 1962 3639 2016 idoneos
3671 1970 3936 2017 auctores

2236 2051 2535 2120 elegimus,
2588 2052 2932 2122 exsequaris.
2982 2071 3008 2101 ››
3054 2051 3395 2105 Monstratur
3446 2052 3532 2105 his
3581 2052 3787 2104 litteris
3823 2054 3935 2105 Ro-

2235 2156 2472 2193 manum
2503 2139 2834 2210 pontificem
2869 2155 3112 2210 praeesse
3154 2140 3493 2210 patriarchae
3536 2139 3937 2195 Constantino-

2238 2229 2516 2299 politano,
2566 2229 2657 2281 cui
2710 2228 2856 2282 vices
2905 2245 3031 2281 suas
3080 2229 3138 2280 iu
3179 2228 3395 2299 synodo
3447 2229 3738 2281 habendas
3780 2244 3939 2282 com-

2238 2316 2447 2370 mittit:
2507 2317 2712 2387 cuique
2793 2317 2861 2369 de
2934 2315 3174 2385 singulis
3251 2317 3497 2385 qualiter
3561 2324 3931 2386 exsequatur,

2236 2406 2590 2477 praescribit;
2647 2411 2703 2459 et
2760 2405 2896 2475 quid
2954 2422 3055 2458 suo
3099 2404 3313 2475 judicio
3368 2406 3777 2459 reservandum
3838 2406 3931 2469 sit,

2238 2494 2464 2560 indicit;
2499 2495 2637 2565 quid
2670 2511 2802 2547 vero
2848 2494 2966 2564 ipse
3015 2493 3399 2547 determinare
3442 2494 3666 2561 debeat,
3700 2494 3933 2559 deﬁnit;

2237 2600 2341 2636 nec
2380 2588 2571 2637 tamen
2618 2584 2769 2637 solus
2812 2589 3151 2654 potestatem
3204 2582 3414 2636 habere
3455 2582 3755 2652 judicandi
3801 2599 3936 2653 per-

2239 2671 2505 2737 mittitur,
2562 2688 2757 2725 verum
2815 2673 3001 2725 socius
3058 2671 3188 2739 illis,
3248 2672 3348 2743 qui
3396 2671 3625 2724 fuerant
3673 2672 3743 2724 ah
3791 2688 3937 2741 apo-

2238 2760 2433 2814 stolica
2488 2761 2620 2815 sede
2675 2761 2896 2823 directi,
2956 2777 3128 2831 super
3182 2761 3633 2815 determinandis
3688 2762 3939 2831 negotiis

2237 2849 2558 2904 adhibetur.

2307 2937 2513 2991 Scribit
2564 2938 2736 2991 etiam
2778 2939 2927 2992 idem
2976 2937 3176 2991 beatus
3215 2938 3325 2992 Leo
3380 2939 3679 3009 episcopus
3717 2943 3938 2991 sanctas

2238 3027 2452 3096 synodo
2523 3027 2967 3081 Chalcedonensi
3032 3027 3352 3081 constitutae
3421 3030 3596 3096 (epist.
3660 3028 3769 3094 40),
3826 3044 3939 3096 pro

433 3108 617 3170 nium,
651 3114 707 3162 et
740 3108 822 3163 illi
845 3110 1055 3165 civitati
1089 3113 1349 3185 quisquis
1392 3116 1683 3185 praefuerit
1707 3118 2027 3188 episcopus,
2060 3135 2128 3173 ex
2168 3148 2207 3200 ρ
2238 3115 2673 3169 condemnanda
2720 3116 2999 3186 Ephesina
3033 3116 3249 3185 synodo
3281 3117 3545 3183 secunda,
3573 3116 3630 3168 in
3663 3132 3777 3185 qua
3806 3115 3938 3169 fne-

433 3197 789 3267 antiquitatis
819 3200 1224 3255 constitutione
1262 3204 1530 3275 princeps
1559 3207 1819 3259 omnium
1850 3208 2127 3262 habeatur

432 3286 833 3342 Ecclesiarum.

504 3376 616 3427 Hac
672 3375 848 3444 igitur
905 3377 1239 3431 auctoritate
1300 3381 1407 3432 Leo
1465 3382 1807 3436 venerabilis
1855 3385 2128 3438 Romana:

432 3461 675 3513 civitatis
727 3469 1027 3533 episcopus
1075 3465 1272 3529 fretus,
1312 3468 1536 3537 scripsit
1566 3472 1830 3524 Anatolio
1862 3473 2127 3543 episcopo

433 3550 1071 3620 Constantinopolitano
1117 3554 1317 3621 (Epist.
1362 3556 1471 3624 46),
1522 3573 1692 3626 quam
1725 3559 1967 3613 formam
2001 3578 2130 3613 con-

433 3634 549 3686 cilii
587 3641 782 3689 tenere
828 3637 1132 3707 debuisset,
1180 3640 1505 3695 damnando
1550 3646 1890 3712 Nestorium,
1934 3652 1989 3702 et
2023 3650 2127 3703 Eu-

434 3723 659 3791 tychen,
721 3724 797 3779 ita
858 3727 1156 3782 scribens:
1214 3752 1236 3779 ι
1296 3731 1447 3785 LiCet
1488 3750 1709 3803 sperem
1766 3737 2126 3792 dilectionem

434 3817 591 3864 tuam
620 3813 691 3866 ad
723 3831 893 3868 omne
935 3834 1076 3887 opus
1107 3836 1226 3871 esse
1256 3820 1541 3889 devotam,
1591 3829 1651 3876 ut
1700 3830 1893 3878 tamen
1937 3828 2130 3880 effica-

432 3899 551 3952 cior
596 3908 693 3955 tua
730 3904 854 3957 fieri
886 3907 1063 3973 pessit
1112 3907 1417 3977 industria,
1464 3914 1844 3967 necessarium
1876 3920 1933 3967 et
1983 3933 2131 3969 com-

433 3990 668 4043 modum
718 3992 843 4057 fuit,
877 3993 1082 4047 fratres
1114 4012 1268 4048 meos
1301 3997 1613 4052 Licentium
1655 4002 1986 4071 episcopum
2026 4004 2131 4058 Ba-

433 4077 622 4131 silium
700 4082 1096 4151 presbyterum
1180 4090 1263 4147 (ut
1339 4088 1731 4159 promisimus)
1821 4092 2126 4158 destinare,

433 4166 642 4235 quibus
684 4172 782 4220 tua
820 4169 1048 4222 dilectio
1091 4172 1359 4240 societur,
1393 4181 1454 4227 ut
1493 4176 1637 4229 nihil
1681 4177 1737 4230 in
1770 4178 1858 4231 his
1897 4196 2025 4249 quea
2062 4183 2128 4236 ad

436 4253 767 4307 universalis
844 4256 1105 4311 Ecclesiae
1176 4266 1383 4313 statum
1447 4264 1751 4332 pertinent,
1814 4273 1911 4320 aut
1957 4270 2129 4324 dubie

433 4346 640 4409 agatur
666 4348 766 4395 aut
799 4345 1090 4413 segniter:
1124 4364 1254 4401 cum
1299 4350 1678 4407 residentibus
1715 4354 1891 4423 vobis,
1925 4358 2129 4427 quibus

2238 3208 2325 3255 rat
2372 3203 2695 3272 patriarcha
2736 3203 3403 3273 Constantinopolitanus
3441 3204 3782 3256 venerabilis
3816 3203 3941 3257 Fla-

2238 3291 2437 3343 vianus
2479 3292 2860 3360 nonjustitia,
2907 3293 3003 3345 sed
3044 3292 3313 3345 violentia
3351 3293 3783 3345 condemnatus.
3833 3293 3940 3346 Cu-

2232 3380 2326 3448 jus
2358 3380 2463 3432 ista
2512 3386 2645 3432 sunt
2701 3380 2892 3443 verba,
2926 3381 3265 3433 salutatione
3315 3382 3627 3450 przrmissa.
3666 3403 3691 3429 ‹‹
3751 3380 3942 3450 Opta-

2238 3484 2429 3520 veram
2487 3468 2740 3539 quidem,
2814 3468 3187 3532 dilectissimi,
3249 3486 3349 3538 pro
3404 3474 3598 3523 nostra
3655 3470 3941 3523 charitate

2237 3556 2476 3626 collegii,
2524 3572 2723 3609 omnes
2775 3556 2999 3610 Domini
3033 3558 3350 3611 sacerdotes
3383 3557 3441 3610 in
3484 3574 3599 3610 una
3636 3558 3941 3611 catholicae

2238 3645 2370 3698 fidei
2401 3644 2699 3698 devotione
2732 3645 3058 3713 persistere,
3102 3662 3205 3699 nec
3239 3662 3587 3716 quemquam
3627 3647 3812 3715 gratia
3838 3654 3945 3700 aut

2237 3734 2544 3787 formidine
2602 3734 2959 3787 saecularium
3012 3734 3360 3788 sacerdotem
3405 3735 3724 3805 depravari,
3771 3742 3876 3788 aut
3913 3753 3945 3788 a

2237 3824 2329 3875 via
2380 3822 2632 3875 veritatis
2666 3823 2990 3876 abscedere.
3040 3824 3145 3876 Sed
3198 3823 3332 3893 quia
3378 3825 3559 3876 multa
3604 3840 3754 3894 saepe
3807 3841 3945 3894 quae

2240 3909 2651 3979 pmnitudinem
2675 3911 2896 3979 possint
2918 3927 3211 3979 generare,
3237 3913 3600 3981 proveniunt,
3626 3919 3683 3965 et
3702 3920 3949 3983 superat

2238 3999 2433 4067 culpas
2480 3997 2941 4067 delinquentium
2990 3999 3383 4052 misericordia
3433 4001 3550 4062 Dei,
3600 4005 3771 4070 atque
3803 4001 3946 4055 ideo

2240 4087 2606 4156 suspenditur
2637 4087 2800 4147 ultio,
2859 4092 2921 4140 ut
2964 4087 3145 4157 possit
3176 4089 3360 4141 locum
3393 4088 3601 4141 habere
3634 4090 3945 4155 correctio,

2238 4175 2698 4245 amplectendum
2750 4180 2834 4229 est
2887 4176 3314 4229 clementissimi
3365 4177 3641 4247 principis
3694 4178 3945 4248 plenum

2239 4264 2514 4334 religione
2542 4264 2887 4329 ,consilium,
2939 4282 3051 4335 quo
3098 4272 3351 4318 sanctam
3401 4266 3816 4319 fraternitatem
3853 4285 3951 4321 ve-

2239 4360 2414 4406 stram
2445 4354 2512 4405 ad
2561 4353 2933 4406 destruendas
2965 4353 3199 4407 insidias
3231 4354 3467 4419 diaboli,
3519 4360 3573 4407 et
3616 4354 3950 4409 reforman-

434 4430 861 4483 εΧδΘευὶίοῑιΘῑη
912 4440 1120 4487 nostra:
1191 4437 1579 4507 dispositionis
1628 4442 2004 4511 injunximus,
2061 4463 2125 4499 ea
2165 4441 2208 4494 D
2240 4443 2368 4497 dam
2413 4442 2849 4495 ecclesiasticam
2888 4458 3085 4511 pacem
3128 4443 3332 4496 maluit
3368 4444 3693 4511 convenire,
3736 4444 3953 4497 beatis-

433 4517 654 4585 possint
699 4520 789 4589 agi
822 4527 1023 4575 cuncta
1068 4539 1197 4577 cum
1230 4528 1650 4597 moderatione;
1706 4537 1770 4585 ut
1820 4549 1923 4586 nec
1951 4534 2126 4588 bene-

433 4606 697 4660 volentia:
726 4614 937 4678 partes,
972 4628 1074 4665 nec
1099 4614 1339 4683 justitiae
1372 4618 1757 4687 negligantur,
1792 4621 1885 4673 sed
1911 4622 2127 4692 absque

431 4709 806 4763 personarum
839 4702 1165 4770 acceptione
1189 4704 1445 4757 divinum
1468 4707 1527 4759 in
1558 4708 1822 4761 omnibus
1845 4710 2127 4779 judicium

432 4783 737 4852 cogitetur.
794 4806 820 4835 ι)
883 4789 945 4841 Et
995 4792 1293 4844 nonnullis
1349 4794 1752 4864 interpositis:
1816 4799 1943 4851 «Et
1996 4801 2128 4869 quia

432 4874 758 4943 evangelica
806 4882 862 4930 et
891 4880 1203 4946 apostolica
1247 4882 1388 4935 fides
1419 4900 1617 4936 omnes
1648 4894 1937 4954 expugnat
1967 4904 2129 4941 erro-

433 4974 542 5025 res,
585 4962 740 5015 etab
772 4978 888 5016 uno
934 4965 1111 5019 latere
1161 4968 1485 5023 Nestorium
1520 4972 1731 5040 dejicit,
1776 4973 1845 5026 ab
1887 4975 1995 5027 alio
2028 4977 2129 5028 Eu-

431 5049 635 5117 tychen
669 5057 725 5103 et
773 5053 1077 5124 participes
1133 5059 1257 5126 ejus
1315 5059 1491 5125 elidit,
1525 5059 1670 5113 hanc
1714 5063 1970 5130 regulam
2008 5080 2126 5117 me-

432 5140 685 5192 mentote
731 5143 1107 5197 servandam:
1169 5150 1231 5197 ut
1277 5147 1603 5217 quicunque
1634 5148 1694 5201 in
1744 5150 1840 5203 illa
1888 5153 2124 5220 synodo,

432 5240 560 5293 qua-
595 5242 804 5280 nomen
836 5230 1037 5299 synodi
1080 5247 1183 5285 nec
1213 5232 1422 5286 habere
1456 5236 1686 5304 poterit,
1720 5254 1821 5290 nec
1853 5250 2123 5306 meretur,

432 5318 486 5363 et
517 5312 575 5365 in
607 5331 717 5384 qua
754 5317 1213 5373 malevolentiam
1240 5338 1400 5375 suam
1431 5323 1749 5389 Dioscorus,
1786 5326 2125 5382 industriam

430 5405 624 5454 autem
681 5405 973 5459 Juvenalis
1020 5408 1287 5475 ostendit,
1352 5412 1723 5467 satisfactioni
1771 5432 1967 5469 eorum
2018 5434 2124 5486 pax

430 5488 684 5543 fraterna
732 5500 1036 5562 praestetur
1068 5512 1080 5549 :
1275 5497 1352 5551 ita
1386 5506 1451 5554 ut
1508 5518 1620 5555 non
1671 5502 1861 5557 dubiis
1907 5506 2124 5573 profes-

430 5577 692 5631 sionibus
720 5581 1004 5651 Eutychen
1035 5601 1165 5639 cum
1194 5603 1295 5641 suo
1327 5589 1613 5660 dogmate,
1648 5596 1703 5644 et
1732 5608 1863 5645 cum
1892 5606 2125 5644 consor-

436 5666 590 5720 tibus
643 5668 777 5735 suis,
825 5672 1206 5752 anathematis
1245 5679 1669 5733 consecratione
1715 5679 2122 5733 condemnent.

2237 4530 2366 4583 simi
2395 4531 2639 4601 apostoli
2671 4530 2820 4585 Petri
2851 4531 3005 4583 sedis
3025 4532 3156 4600 jure
3189 4537 3244 4584 et
3274 4532 3490 4585 honore
3516 4538 3759 4597 servato,
3791 4534 3951 4587 adeo

2238 4624 2299 4673 ut
2332 4636 2433 4672 nos
2464 4636 2689 4689 quoque
2738 4620 2806 4672 ad
2856 4619 2964 4672 hoc
3014 4625 3075 4672 ut
3122 4621 3235 4672 suis
3286 4621 3486 4673 litteris
3536 4621 3821 4688 invitaret,
3888 4632 3956 4677 ut

2239 4705 2546 4758 venerabili
2582 4706 2799 4776 synodo
2834 4711 3086 4759 nostram
3128 4707 3474 4760 sententiam
3505 4708 3952 4777 praeberemus:

2238 4794 2391 4864 quod
2423 4794 2658 4864 quidem
2690 4810 2793 4847 nec
2824 4794 3128 4846 necessitas
3159 4796 3453 4864 temporis,
3482 4812 3585 4848 nec
3623 4797 3737 4849 ulla
3771 4804 3955 4867 pote-

2238 4887 2325 4935 rat
2355 4883 2706 4935 consuetudo
2756 4884 3091 4953 permittere
3130 4900 3142 4936 :
3189 4889 3377 4937 tamen
3431 4885 3485 4937 in
3518 4886 3605 4938 his
3637 4886 3955 4951 fratribus,

2239 4973 2344 5024 hoc
2390 4977 2492 5035 est,
2547 4971 2815 5025 Pacasino
2865 4976 2919 5024 et
2970 4973 3238 5026 Lucentio
3298 4972 3597 5042 episcopis,
3649 4974 3959 5028 Bonifacio

2238 5065 2292 5112 et
2330 5060 2535 5112 Basilio
2575 5059 2943 5129 presbyteris,
2987 5061 3085 5130 qui
3118 5062 3188 5114 ab
3220 5062 3526 5129 apostolica
3557 5062 3689 5115 sede
3736 5063 3961 5119 directi

2237 5153 2384 5213 sunt,
2419 5163 2510 5201 me
2535 5148 2752 5217 synodo
2784 5154 2969 5201 vestra
2991 5148 3319 5202 fraternitas
3341 5150 3583 5203 aestimet
3603 5151 3957 5220 praesidere,

2237 5252 2341 5288 nec
2380 5236 2695 5305 sejunctam
2735 5253 2767 5289 a
2807 5237 2965 5289 vobis
2996 5239 3358 5305 praesentiam
3397 5255 3602 5301 meam,
3650 5240 3749 5309 qui
3784 5257 3961 5296 nunc

2236 5324 2294 5377 in
2328 5324 2550 5377 vicariis
2580 5326 2721 5378 meis
2760 5324 2983 5389 adsum,
3013 5327 3183 5379 etiam
3219 5326 3435 5380 dudum
3476 5328 3532 5380 in
3567 5327 3702 5380 fidei
3736 5329 3961 5383 catho-

2238 5414 2358 5467 licae
2396 5414 2799 5484 praedicatione
2831 5431 2946 5467 non
2972 5414 3191 5468 desum.
3225 5434 3251 5465 ››
3296 5416 3360 5468 Et
3385 5422 3516 5485 post
3544 5416 3693 5469 alia:
3730 5440 3761 5465 ‹‹
3794 5417 3963 5481 Quia

2234 5517 2368 5554 vero
2406 5517 2521 5554 non
2568 5500 2922 5571 ignoramus,
2969 5519 3071 5572 per
3101 5519 3300 5573 pravas
3343 5504 3741 5581 aemulationes
3781 5509 3964 5561 mul—

2234 5596 2421 5643 tarum
2479 5590 2849 5643 Ecclesiarum
2909 5596 3119 5644 statum
3178 5591 3347 5644 fuisse
3394 5593 3709 5656 turbatum,
3762 5595 3967 5664 pluri-

2236 5694 2471 5749 mosque
2521 5678 2738 5739 fratres,
2788 5679 2922 5749 quia
2973 5680 3239 5733 haeresim
3290 5697 3400 5733 non
3446 5688 3810 5751 receperunt,
3865 5702 3968 5740 se-
