4086 6182
192 323 284 376 341

1191 322 1465 379 CONTRA
1504 325 1897 383 GRECOBUM
1940 329 2298 385 OPPOSITA.
2348 359 2415 369 —
2467 329 2596 384 LIB.
2640 330 2727 384 IV.

3591 339 3696 395 342

185 452 352 507 dibus
383 454 499 508 suis
543 456 759 525 pulsos,
802 459 860 508 et
902 455 962 508 in
992 454 1189 509 exsilia
1234 456 1562 527 deportatos
1607 463 1779 529 atque
1820 461 1880 513 in
1921 462 1964 513 Α
1994 461 2178 515 deres.
2233 460 2531 532 Siquidem
2581 462 2902 516 continenti
2954 468 3398 537 opportunoque
3450 484 3695 540 prospe-

188 543 375 596 locum
408 545 784 612 superstitum
815 544 955 596 alios
986 545 1304 610 institutos;
1346 546 1433 599 his
1466 547 1732 615 primitus
1764 548 1886 600 vul-

187 632 421 685 neribus
455 633 802 686 adhibeatur
833 634 1117 686 medicina
1143 635 1408 703 justitia;
1449 651 1552 689 nec
1582 638 1887 706 quisquam

187 721 264 773 ita
296 727 490 773 careat
541 722 806 791 propriis,
856 728 916 775 ut
956 724 1099 775 alter
1125 728 1321 776 utatur
1364 724 1607 778 alienis:
1642 741 1772 778 cum
1819 726 1886 791 si,

186 816 249 861 nt
271 809 561 879 cupimus,
605 826 858 863 errorem
888 826 1087 863 omnes
1119 812 1471 881 relinquunt,
1506 813 1723 866 nemini
1755 813 1889 882 qui-

188 898 316 951 dem
352 898 541 950 honor
568 898 757 968 perire
790 899 1013 961 debeat,
1054 899 1149 953 sed
1188 900 1301 952 illis
1327 901 1423 971 qui
1452 918 1556 971 pro
1588 901 1697 955 ﬁde
1732 902 1887 955 labo-

186 991 483 1049 raverunt,
530 1003 661 1040 cum
711 987 869 1040 omni
921 988 1223 1058 privilegio
1291 994 1555 1057 oporteat
1615 991 1696 1042 eis
1754 1006 1889 1060 pro-

186 1076 384 1145 prium
434 1076 767 1128 reformare.
823 1076 1033 1129 Prioris
1078 1082 1268 1130 autem
1324 1078 1620 1147 Ephesina
1667 1079 1888 1149 synodi,

185 1164 275 1216 cui
317 1169 532 1217 sancta
577 1165 869 1218 memoria
917 1164 1158 1234 Cyrillus
1205 1182 1506 1235 episcopus
1556 1173 1692 1220 tunc
1739 1183 1888 1236 pra»-

184 1252 356 1311 sedit,
418 1259 619 1306 contra
662 1254 985 1307 Nestorium
1043 1254 1367 1322 specialiter
1420 1260 1629 1308 statuta
1663 1272 1887 1325 perma-

185 1347 399 1395 neant:
443 1357 516 1394 ne
564 1347 699 1394 tunc
744 1342 1013 1395 damnata
1065 1342 1329 1411 impietas
1379 1344 1613 1396 demum
1665 1343 1773 1395 sibi
1830 1344 1888 1396 in

185 1428 383 1497 aliquo
431 1428 784 1493 blandiatur,
839 1445 951 1499 qua
999 1430 1273 1499 Eutyches
1297 1429 1450 1498 justa
1505 1430 1889 1484 exsecratione

185 1517 540 1587 percellitur.
594 1517 817 1570 Puritas
848 1516 1001 1569 enim
1034 1517 1168 1570 ﬁdei
1204 1522 1374 1588 atque
1406 1517 1687 1584 doctrina,
1714 1535 1887 1589 quam

184 1605 412 1670 eodem,
476 1621 592 1675 quo
649 1604 827 1658 sancti
887 1606 1076 1659 Patres
1146 1607 1347 1672 nostri,
1409 1606 1615 1675 spiritu
1680 1608 1887 1677 pradi-

184 1709 407 1757 camus,
458 1699 515 1746 et
570 1692 964 1747 Nestorianam
1022 1699 1078 1747 et
1140 1695 1549 1764 Eutychianam
1599 1712 1728 1749 cum
1772 1696 1890 1749 suis

184 1780 529 1835 auctoribus
560 1782 903 1836 condemnat
934 1783 1149 1853 pariter
1187 1788 1245 1837 et
1291 1784 1659 1855 persequitur
1701 1784 1890 1855 pravi-

185 1874 386 1924 tatem.
430 1891 459 1921 u
1556 1880 1559 1883 “

254 1959 631 2013 Advertimus
679 1964 831 2013 certe
887 1960 1158 2014 Romana
1206 1961 1355 2015 sedis
1404 1961 1736 2031 pontificem
1787 1979 1891 2016 nec

186 2049 459 2119 supponi,
496 2065 598 2102 nec
647 2048 915 2115 conferri,
954 2049 1053 2102 sed
1100 2050 1361 2119 praeferri
1412 2051 1891 2121 Constantinopo-

186 2137 369 2190 litano
415 2137 793 2210 patriarcha;
853 2138 1323 2209 quandoquidem
1370 2139 1890 2194 Chalcedoneusem

185 2227 477 2295 synodum
527 2225 822 2280 videamus
879 2227 1003 2296 ejus
1048 2226 1428 2297 permissione
1487 2228 1660 2282 fuisse
1717 2230 1890 2282 colle-

182 2320 378 2367 ctam:
432 2313 645 2384 cuique
700 2314 1010 2384 prasidere
1063 2315 1267 2369 maluit
1314 2332 1418 2386 per
1462 2332 1593 2369 suos
1648 2317 1887 2386 legatos,

182 2404 397 2473 cuique
430 2403 609 2456 etiam
650 2402 892 2457 formam
933 2403 1088 2457 dedit
1119 2404 1368 2475 propriis
1417 2405 1622 2458 litteris
1650 2406 1787 2476 quid
1822 2406 1891 2459 de

184 2493 446 2547 secunda
488 2492 707 2562 synodo
756 2493 966 2562 Ephesi
996 2494 1235 2547 collecta
1288 2493 1437 2547 foret
1484 2494 1887 2548 statuendum:

183 2582 326 2653 quid
361 2597 600 2651 quoque
648 2581 718 2634 de
748 2582 836 2635 his
880 2581 979 2652 qui
1009 2582 1239 2636 fuerant
1286 2581 1345 2635 in
1379 2598 1445 2636 ea
1490 2590 1728 2652 propter
1759 2583 1891 2636 ﬁdei

181 2672 491 2724 veritatem
536 2669 765 2723 sedibus
803 2671 1055 2740 propriis
1088 2671 1330 2741 expulsi,
1364 2672 1508 2725 etin
1547 2671 1744 2726 exsilia
1786 2671 1892 2725 de-

186 2760 442 2830 portati;
490 2775 714 2813 necnon
762 2764 817 2812 et
864 2776 931 2813 ex
974 2760 1046 2813 iis
1093 2760 1192 2830 qui
1225 2760 1394 2813 minis
1443 2765 1614 2831 atque
1658 2760 1890 2814 terrori-

182 2850 291 2904 bus
354 2847 642 2917 compulsi
701 2856 903 2902 contra
949 2848 1119 2902 ﬁdem
1173 2849 1455 2919 judicium
1509 2850 1889 2919 protulerunt,

184 2945 367 3009 atque
430 2943 863 3002 consenserunt,
917 2938 961 2990 si
1019 2938 1229 2991 reverti
1277 2938 1347 2991 ab
1398 2954 1592 2991 errore
1639 2940 1890 3000 mallent,

183 3033 241 3082 et
288 3027 604 3081 veritatem
650 3026 783 3080 ﬁdei
832 3027 1117 3096 profiteri:
1169 3026 1451 3096 synodum
1499 3043 1726 3097 quoque
1769 3026 1893 3096 pri-
1933 3057 1972 3111 Ο

182 3131 348 3168 mam
406 3115 752 3185 Ephesinam
804 3132 907 3184 per
954 3116 1184 3169 beatum
1231 3115 1505 3185 Cyrillum
1554 3114 1891 3168 Alexandri-

182 3220 331 3257 num
374 3205 713 3273 episcopum
749 3206 961 3257 factum
1010 3204 1207 3257 statuit
1236 3204 1504 3257 omnibus
1550 3204 1735 3256 modis
1774 3220 1890 3256 ser-

184 3293 464 3357 vandam,
533 3293 921 3346 coudemnans
979 3298 1095 3346 tam
1160 3293 1484 3346 Nestorium
1538 3308 1709 3362 quam
1779 3293 1890 3345 Eu-

182 3382 401 3451 tychen
446 3381 517 3435 de
550 3382 943 3435 incarnatione
995 3381 1223 3435 Domini
1271 3381 1452 3435 nostri
1501 3382 1629 3435 Jesu
1684 3380 1891 3435 Christi

180 3486 361 3539 prave
393 3470 729 3523 sentientes.
773 3470 992 3533 Quibus
1023 3469 1293 3523 omnibus
1324 3469 1623 3523 evidenter
1652 3469 1893 3522 instrui-

182 3576 337 3627 mur,
389 3575 512 3611 non
558 3559 743 3611 solum
802 3558 1458 3627 Constantinopolitano,
1501 3574 1702 3613 verum
1753 3574 1893 3611 cnn-

181 3649 289 3702 ctis
359 3648 756 3703 Orientalibus
818 3647 1099 3717 episcopis
1166 3648 1490 3701 Romanum
1560 3647 1893 3716 pontiﬁcem

183 3737 413 3791 honore
463 3737 793 3806 pralatum,
852 3736 1026 3790 veluti
1080 3736 1179 3806 qui
1227 3739 1562 3790 cunctorum
1616 3736 1891 3789 sollicitu-

183 3826 385 3881 dinem
438 3826 673 3894 plenam
728 3825 939 3878 habere
994 3825 1200 3878 debeat
1250 3825 1676 3895 episcoporum,
1710 3829 1766 3878 et
1802 3824 1894 3878 cui

185 3915 530 3985 specialiter
578 3913 874 3967 incumbat
919 3929 1023 3982 pro
1073 3914 1291 3966 cunctis
1348 3914 1605 3967 Ecclesiis
1652 3914 1893 3983 pervigil

186 4003 547 4059 sollicitudo.

261 4096 335 4148 Ut
385 4098 584 4146 autem
645 4090 963 4144 evidentius
1009 4094 1282 4160 appareat
1329 4094 1544 4160 quanto
1602 4091 1895 4144 Romanus

185 4182 502 4251 episcopus
548 4181 762 4233 honore
806 4180 1095 4250 pracellat
1139 4194 1313 4250 supra
1361 4183 1594 4231 cunctos
1650 4179 1748 4248 qui
1796 4195 1897 4249 per

186 4274 495 4328 Orientem
566 4269 853 4323 habentur
916 4268 1233 4339 episcopos,
1303 4284 1367 4321 ex
1436 4268 1679 4337 epistola
1747 4268 1894 4321 beati

188 4359 402 4414 Leonis
449 4357 707 4426 episc0pi
765 4356 922 4409 urbis
989 4357 1206 4421 Roma,
1270 4356 1565 4409 Anastasio
1626 4355 1893 4426 episcopo

183 4446 698 4502 Thessalonicensi
749 4446 964 4499 directa
1025 4446 1203 4515 (epist.
1267 4447 1375 4513 8i),
1441 4444 1655 4515 placuit
1713 4452 1897 4498 osten-

184 4538 359 4602 dere;
385 4536 479 4588 cui
501 4534 842 4589 salutatione
864 4534 1162 4603 pramissa
1188 4534 1266 4587 sic
1293 4534 1551 4605 loquitur
1576 4550 1588 4587 :
1625 4556 1649 4583 α
1674 4536 1897 4598 Quanta

184 4623 545 4679 fraternitati
610 4628 722 4676 tua
767 4638 801 4675 a
849 4622 1167 4676 beatissimi
1215 4622 1367 4676 Petri
1420 4623 1665 4692 apostoli
1710 4629 1899 4675 aucto-

186 4715 361 4770 ritate
394 4712 701 4765 commissa
732 4710 866 4777 sint,
912 4716 970 4765 et
1014 4711 1208 4781 qualia
1235 4710 1406 4764 etiam
1458 4716 1650 4765 nostro
1680 4711 1784 4765 tibi
1814 4711 1896 4764 fa-

188 4818 327 4856 vore
395 4800 510 4853 sint
557 4799 791 4862 credita,
845 4799 893 4851 si
951 4815 1087 4853 vera
1132 4798 1353 4852 ratione
1402 4799 1777 4869 perspiceres,
1843 4805 1899 4852 et

180 4891 343 4961 justo
380 4888 646 4943 examine
684 4888 1053 4958 ponderares,
1098 4888 1347 4941 multum
1379 4904 1676 4959 possemus
1704 4887 1775 4942 de
1809 4886 1900 4940 in-

184 4981 413 5050 juncta
462 4978 567 5031 tibi
617 4977 1018 5031 sollicitudinis
1067 4977 1371 5031 devotione
1422 4977 1708 5047 gaudere:
1754 4992 1896 5046 quo-

190 5070 354 5123 niam
390 5068 536 5120 sicut
582 5082 958 5137 pracessores
1002 5066 1114 5119 mei
1159 5066 1603 5135 pracessoribus
1635 5065 1770 5129 tuis,
1822 5064 1901 5117 ita

190 5175 302 5230 ego
337 5154 633 5210 dilectioni
662 5160 776 5208 tua
816 5155 1076 5225 priorum
1107 5160 1332 5208 secutus
1363 5155 1710 5223 exemplum,
1752 5152 1901 5206 vices

194 5248 312 5301 mei
368 5244 781 5298 moderaminis
839 5244 1128 5314 delegavi;
1182 5249 1246 5297 ut
1294 5259 1489 5296 curam
1539 5258 1711 5313 quam
1770 5241 1900 5295 uni-

190 5336 381 5389 versis
426 5333 692 5387 Ecclesiis
735 5332 1134 5403 principaliter
1183 5349 1252 5385 ex
1301 5332 1494 5385 divina
1545 5331 1903 5384 institutione

197 5425 504 5487 debemus,
562 5422 825 5476 imitator
881 5426 1091 5475 nostra
1144 5419 1603 5474 mansuetudinis
1670 5420 1905 5473 effectus

197 5513 534 5583 adjuvares,
587 5515 642 5563 et
696 5510 1031 5580 longinquis
1094 5526 1124 5561 a
1180 5508 1344 5562 nobis
1411 5507 1719 5577 provinciis
1766 5524 1906 5577 pra-

202 5601 454 5656 sentiam
514 5599 944 5670 quodammodo
1011 5602 1224 5651 nostra
1277 5596 1617 5650 visitationis
1675 5597 1906 5665 impen-

1997 556 2087 603 ctu
2143 556 2474 621 promptum
2530 550 2635 604 tibi
2685 556 2832 604 esset
2884 568 3214 622 agnoscere,
3268 555 3409 625 quid
3456 558 3517 611 in
3565 561 3694 629 qui-

1999 639 2219 709 busque
2253 641 2422 692 rebus
2459 640 2544 692 vel
2578 646 2676 693 tuo
2720 640 2909 693 studio
2941 657 3335 711 componeres,
3383 644 3467 697 vel
3501 651 3695 701 nostro

1992 726 2209 796 judicio
2261 742 2597 781 reservares.
2668 728 2810 781 Nam
2875 744 3003 782 cum
3074 730 3296 799 majora
3361 733 3593 801 negotia
3640 740 3696 787 et

2000 814 2351 868 difﬁciliores
2398 832 2700 869 causarum
2755 817 2940 870 exitus
2969 817 3215 871 liberum
3262 819 3366 872 tibi
3412 826 3559 874 esset
3589 823 3693 876 sub

1998 908 2193 955 nostra
2264 904 2561 957 sententia
2636 906 3059 974 exspectatione
3137 908 3507 977 suspendere,
3588 926 3695 963 nec

2000 992 2144 1043 ratio
2178 991 2279 1044 tibi
2328 1008 2433 1045 nec
2463 993 2769 1046 necessitas
2817 993 2945 1059 fuit,
2979 995 3036 1047 in
3068 993 3121 1047 id
3160 995 3316 1065 quod
3364 1012 3691 1051 mensuram

1999 1080 2083 1133 tui
2128 1080 2444 1147 excederet,
2497 1081 2797 1135 deviandi:
2856 1083 3152 1136 abundant
3214 1084 3373 1137 enim
3422 1086 3573 1155 apud
3638 1092 3692 1139 te

2000 1172 2350 1223 monitorum
2399 1170 2610 1240 scripta
2656 1177 3005 1237 nostrorum,
3083 1172 3291 1243 quibus
3334 1178 3387 1226 te
3434 1174 3503 1227 de
3568 1190 3689 1226 om-

2000 1256 2159 1310 nium
2222 1259 2512 1311 actionum
2571 1260 2951 1328 temperantia
3008 1260 3342 1330 frequenter
3416 1263 3695 1315 instruxi-

1999 1361 2155 1410 mus;
2223 1351 2283 1399 ut
2350 1347 2779 1401 commendatus
2844 1348 2946 1401 tibi
3000 1349 3206 1403 Christi
3268 1350 3540 1403 Ecclesias
3594 1367 3696 1420 per

1999 1434 2454 1489 exhortationem
2507 1436 2801 1489 charitatis
2857 1436 2929 1489 ad
2986 1438 3377 1492 salubritatem
3433 1439 3696 1493 obedien-

2003 1522 2094 1575 tia
2144 1538 2500 1592 provocares.
2552 1546 2578 1571 ››
2620 1525 2684 1577 Et
2732 1532 2863 1593 post
2910 1526 3016 1578 alia
3051 1526 3367 1579 istiusmodi
3415 1528 3694 1597 redargu-

1997 1610 2251 1664 tionibus
2284 1620 2619 1682 conquesta,
2659 1613 2867 1667 iterum
2898 1615 3070 1667 infert
3100 1616 3320 1684 (ibat):
3380 1638 3405 1667 α
3451 1617 3516 1669 Et
3556 1617 3693 1671 dum

2001 1698 2283 1753 dominari
2325 1701 2509 1771 magis
2557 1718 2731 1772 quam
2780 1704 3077 1757 consulere
3121 1704 3363 1757 subditis
3408 1711 3689 1775 quarant,

2000 1789 2185 1859 placet
2236 1789 2444 1853 honor,
2498 1790 2663 1843 inflat
2729 1791 3017 1861 superbia,
3074 1797 3131 1845 et
3187 1793 3340 1862 quod
3401 1794 3692 1862 provisum

2000 1882 2085 1931 est
2152 1877 2224 1931 ad
2290 1878 2679 1944 concordiam,
2742 1880 2927 1933 tendit
2987 1880 3057 1933 ad
3116 1896 3338 1934 noxam.
3410 1881 3567 1945 Quod
3631 1887 3695 1933 ut

1999 1981 2230 2019 necesse
2269 1966 2584 2020 habeamus
2624 1967 2704 2021 ita
2749 1968 2959 2033 dicere,
3012 1986 3126 2023 non
3175 1970 3243 2023 de
3295 1986 3467 2040 parvo
3512 1969 3692 2023 animi

2001 2054 2196 2108 dolore
2283 2055 2583 2125 procedit:
2664 2057 2949 2126 meipsum
3038 2058 3193 2111 enim
3267 2058 3694 2127 quodammodo

1999 2142 2153 2196 trahi
2197 2143 2258 2196 in
2306 2144 2532 2214 culpam
2585 2144 2783 2207 sentio,
2832 2161 2962 2199 cum
3012 2152 3065 2199 te
3104 2163 3136 2199 a
3182 2146 3405 2199 traditis
3454 2147 3561 2200 tibi
3604 2163 3693 2199 re-

2000 2232 2149 2301 gulis
2213 2232 2521 2285 immodice
2585 2232 2908 2286 discessisse
2965 2250 3268 2303 cognosco.
3320 2234 3425 2297 Qui
3476 2234 3522 2287 si
3580 2240 3694 2288 tua

2000 2320 2436 2374 existimationis
2495 2338 2703 2391 parum
2761 2322 3006 2393 diligens
3068 2338 3211 2390 eras,
3280 2338 3422 2375 mea
3492 2322 3693 2376 saltem

1999 2409 2163 2463 fama
2210 2426 2441 2480 parcere
2489 2411 2761 2475 debuisti;
2819 2428 2890 2464 ne
2950 2428 3079 2481 qua
3130 2418 3229 2465 tuo
3279 2415 3504 2465 tantum
3552 2411 3693 2465 facta

2000 2499 2134 2548 sunt
2186 2494 2400 2562 animo,
2458 2500 2655 2548 nostro
2714 2495 3045 2549 viderentur
3098 2497 3247 2550 facta
3284 2496 3525 2566 judicio.
3592 2497 3700 2549 Re-

2002 2584 2154 2652 legat
2224 2584 2553 2637 fraternitas
2614 2590 2715 2638 tua
2776 2585 3017 2655 paginas
3066 2590 3311 2649 nostras,
3383 2584 3696 2654 omniaque

2000 2673 2066 2725 ad
2114 2677 2242 2725 tuos
2293 2673 2465 2726 missa
2515 2674 2759 2743 majores
2807 2674 3135 2744 apostolicae
3182 2674 3333 2728 sedis
3377 2674 3689 2742 prasulum

2001 2760 2208 2830 scripta
2239 2761 2522 2827 decurrat,
2566 2768 2622 2816 et
2667 2763 2752 2816 vel
2789 2780 2819 2815 a
2869 2779 2979 2827 me,
3035 2763 3123 2817 vel
3171 2780 3203 2816 a
3249 2762 3695 2834 pracessoribus

2003 2850 2145 2903 meis
2206 2850 2460 2905 inveniet
2513 2852 2864 2918 ordinatum,
2921 2852 3076 2922 quod
3137 2869 3171 2905 a
3218 2857 3273 2905 te
3323 2850 3695 2921 cognovimus

2001 2954 2123 2993 esse
2164 2945 2602 3009 prasumptum.
2652 2940 2818 2994 Venit
2867 2957 3114 3011 namque
3146 2941 3218 2993 ad
3268 2956 3371 2993 nos
3402 2956 3532 2993 cum
3572 2939 3694 3008 epi-

2001 3028 2189 3097 scopis
2222 3029 2532 3097 provincia
2574 3045 2691 3083 sua
2740 3029 2915 3082 frater
2959 3034 3153 3082 noster
3200 3028 3439 3094 Atticus,
3490 3028 3697 3081 veteris

2006 3115 2157 3184 Epiri
2215 3118 2683 3184 metropolitauus
2744 3116 2999 3182 antistes,
3050 3121 3107 3168 et
3152 3116 3220 3168 de
3288 3113 3697 3183 indignissima

2001 3204 2309 3257 afﬂictione
2354 3220 2527 3275 quam
2575 3205 2829 3274 pertulit,
2882 3203 3237 3275 lacrymabili
3287 3202 3509 3255 actione
3553 3218 3693 3254 con~

2002 3299 2237 3362 questus
2285 3298 2371 3346 est
2422 3309 2614 3346 coram
2659 3293 2977 3346 astantibus
3026 3290 3357 3345 diaconibus
3406 3288 3542 3355 tuis,
3593 3288 3694 3358 qui

2000 3381 2245 3451 querelis
2290 3381 2579 3435 ﬂebilibus
2625 3383 2747 3453 ejus
2804 3381 2950 3435 nihil
3011 3386 3209 3434 contra
3260 3377 3582 3441 referendo,
3629 3393 3696 3429 ea

2002 3485 2131 3540 qua
2170 3469 2335 3522 nobis
2386 3469 2798 3539 ingerebantur
2842 3468 2952 3522 ﬁde
3006 3484 3121 3521 non
3171 3481 3362 3519 carere
3408 3467 3690 3517 monstra-

2000 3559 2156 3613 bant.
2194 3560 2512 3630 Legebatur
2560 3576 2792 3630 quoque
2824 3560 2884 3612 in
2928 3558 3134 3612 litteris
3178 3558 3308 3621 tuis,
3347 3571 3488 3626 quas
3520 3554 3692 3608 iidem

2001 3648 2074 3701 ad
2124 3664 2215 3701 me
2263 3647 2488 3702 diaconi
2528 3649 2614 3701 tui
2661 3648 3010 3715 detulerunt,
3056 3645 3211 3717 quod
3259 3646 3435 3697 frater
3477 3643 3696 3697 Atticus

2000 3736 2459 3790 Thessalonicam
2494 3736 2754 3789 venisset.
2792 3756 2817 3786 ι)

2074 3826 2141 3877 Et
2166 3829 2293 3894 post
2320 3824 2431 3877 alia
2465 3824 2650 3891 (Ιὸἰιλ.)
2682 3840 2694 3877 :
2731 3843 2757 3874 α
2790 3823 2946 3877 Unde
2977 3821 3465 3891 deplorationibus
3496 3836 3693 3889 supra-

2003 3913 2141 3968 dicti
2174 3912 2345 3966 verba
2394 3912 2648 3983 epistola
2694 3918 2807 3965 tua
2855 3910 3252 3965 testimonium
3303 3908 3693 3979 prabuerunt,

2004 4008 2060 4055 et
2087 4016 2189 4072 per
2219 4001 2345 4065 hoc,
2383 4000 2535 4071 quod
2577 4016 2692 4053 non
2728 4005 2813 4053 est
2842 3998 3100 4065 tacitum,
3133 3998 3412 4051 nudatum
3445 4000 3529 4049 est
3555 3996 3695 4048 illud

2004 4090 2161 4161 quod
2235 4090 2460 4142 silentio
2531 4089 2720 4143 fuerat
2777 4089 3153 4158 adopertum:
3212 4085 3424 4139 aditam
3484 4084 3697 4137 scilicet

2005 4178 2212 4249 Illyrici
2255 4179 2675 4249 prafecturam,
2722 4184 2779 4232 et
2825 4176 3296 4231 sublimissimaln
3328 4174 3479 4227 inter
3528 4188 3695 4225 iuun-

2004 4267 2182 4321 danos
2234 4267 2423 4336 apices
2479 4271 2821 4337 potestatem
2874 4266 2935 4319 in
2984 4264 3399 4319 exhibitionem
3451 4260 3699 4316 insontis

1938 4353 1978 4405 ι)
2009 4355 2276 4409 antistitis
2322 4356 2642 4422 incitatam,
2691 4355 2975 4415 ut.missa
3026 4353 3389 4409 exsecutione
3434 4349 3696 4415 terribili,

2004 4461 2133 4516 qua
2182 4445 2376 4498 omnia
2408 4445 2514 4497 sibi
2555 4445 2743 4499 ofﬁcia
2781 4444 3009 4515 publica
3052 4443 3121 4496 ad
3170 4442 3433 4495 effectum
3484 4454 3698 4510 prace-

2004 4532 2217 4603 ptionis
2250 4533 2607 4602 adjungeret,
2643 4549 2676 4585 a
2705 4534 2878 4586 sacris
2911 4533 3170 4585 Ecclesia
3203 4530 3391 4595 aditis,
3425 4529 3583 4582 nullo
3612 4527 3699 4579 vel

2005 4622 2143 4674 falso
2174 4621 2539 4673 insimulatus
2578 4620 2820 4673 crimine
2851 4620 3245 4673 extraheretur
3288 4617 3570 4682 sacerdos,
3607 4616 3697 4668 cui

2006 4726 2121 4763 non
2150 4709 2221 4763 ob
2254 4709 2577 4763 molestiam
2612 4708 2992 4779 agritudinis,
3030 4725 3143 4760 non
3168 4707 3240 4761 ob
3271 4706 3546 4760 savitiam
3571 4704 3701 4774 hye-

2007 4798 2115 4852 mis
2157 4798 2432 4852 darentur
2477 4798 2746 4863 inducia,
2794 4797 2889 4849 sed
2923 4797 3030 4850 iter
3072 4811 3340 4865 asperum
3372 4799 3427 4847 et
3474 4792 3697 4862 pericu-

2009 4888 2079 4941 lis
2117 4889 2353 4958 plennni
2404 4903 2509 4955 per
2557 4885 2738 4939 invias
2775 4886 2928 4937 nives
2970 4900 3139 4953 agere
3169 4888 3484 4953 cogeretur.
3538 4880 3698 4942 Quod

2008 4978 2151 5029 tanti
2190 4976 2419 5041 laboris,
2460 4974 2717 5044 tantique
2749 4973 3094 5027 discriminis
3128 4972 3253 5037 fuit,
3282 4976 3347 5024 ut
3372 4986 3439 5023 ex
3483 4968 3570 5020 bis
3601 4965 3700 5035 qui

2011 5066 2341 5135 episcopum
2373 5063 2629 5116 comitati
2661 5069 2795 5115 sunt
2831 5062 3066 5133 quidam
3100 5058 3369 5114 defecisse
3417 5056 3698 5109 dicantur.

2012 5155 2249 5208 Multum
2282 5159 2499 5223 stapeo,
2539 5152 2714 5205 frater
2751 5149 3104 5211 charissime,
3143 5147 3243 5201 sed
3282 5151 3338 5199 et
3387 5143 3703 5215 plurimum

2013 5243 2199 5309 doleo,
2234 5242 2388 5312 quod
2434 5241 2493 5294 in
2537 5257 2669 5294 eum
2704 5240 2793 5310 (de
2824 5256 2939 5310 quo
2972 5238 3111 5290 nihil
3144 5236 3389 5305 amplius
3419 5232 3703 5288 indicave-

2013 5348 2126 5397 ras,
2170 5346 2343 5401 quam
2376 5331 2530 5400 quod
2578 5334 2846 5384 evocatus
2886 5327 3084 5381 adesse
3124 5324 3400 5390 differret,
3433 5326 3490 5375 et
3533 5336 3705 5374 excu-

2014 5420 2297 5473 sationem
2350 5420 2703 5474 inﬁrmitatis
2758 5416 3117 5480 obtenderet)
3177 5420 3291 5467 tam
3342 5412 3611 5466 atrociter
3652 5415 3708 5464 et

2014 5512 2131 5561 tam
2197 5508 2568 5562 vehementer
2629 5506 2889 5576 potueris
2941 5500 3319 5570 commoveri;
3385 5500 3706 5571 prasertim

2015 5612 2146 5651 cum
2196 5597 2241 5650 si
2288 5597 2401 5651 tale
2451 5595 2668 5667 aliquid
2727 5598 3066 5661 mereretur,
3116 5589 3557 5662 exspectandum
3605 5586 3711 5640 tibi
