4086 6182
370 290 472 347 343

727 290 1083 348 RATRAMNI
1122 289 1582 347 CORBEIENSIS
1623 288 1934 347 MONACHI
1977 289 2254 348 CONTRA
2292 289 2693 348 GRECORUM
2730 288 3083 348 OPPOSlTA.
3130 320 3199 331 —
3246 289 3374 346 LIB.
3416 288 3510 347 ιν.

3769 289 3871 345 344

372 429 560 484 fuerat
611 429 748 501 quid
796 429 867 484 ad
913 432 1013 483 tua
1070 428 1331 483 consulta
1385 428 1777 483 rescriberem.
1843 429 1953 484 Sed
2002 433 2065 483 ut
2101 427 2151 484 A
2181 429 2439 493 Ecclesia,
2487 427 2780 500 totiusque
2830 428 3032 482 mundi
3071 428 3426 500 principatus
3467 429 3729 498 contulit,
3772 430 3874 485 im-

372 518 538 573 video
568 519 712 572 bene
759 518 827 572 de
860 517 1002 570 meis
1036 517 1291 571 moribus
1323 518 1638 583 aestimasti,
1671 524 1727 571 et
1772 534 1943 589 quam
1989 518 2065 572 ci-

373 608 506 662 vilia
534 623 637 677 pro
682 607 1071 660 conservanda
1103 606 1439 660 sacerdotali
1480 607 1785 661 concordia
1832 623 2065 677 respon-

372 713 536 749 surus
567 712 750 748 essem
786 696 1078 750 verissime
1108 696 1443 765 przevidisti,
1478 701 1531 749 et
1564 696 1691 749 ideo
1721 702 1910 750 motus
1942 702 2067 749 tuos

372 784 601 853 exsequi
634 784 755 838 sine
804 784 1079 839 dilatione
1132 784 1475 854 properasti,
1522 801 1595 838 ne
1629 801 1760 838 eum
1809 787 2068 839 modera-

370 872 541 926 tionis
572 878 779 927 nostrae
831 873 983 928 aliud
1027 874 1393 943 disponentia
1444 875 1658 944 scripta
1707 875 2066 944 sumpsisses,

370 962 614 1015 faciendi
656 962 712 1017 id
744 962 897 1033 quod
945 963 1155 1016 factum
1211 968 1294 1016 est
1324 963 1613 1017 licentiam
1649 980 1764 1018 non
1802 964 2062 1018 haberes.

370 1054 457 1104 An
507 1051 651 1104 forte
700 1051 919 1122 aliquid
953 1051 1055 1104 tibi
1106 1051 1325 1105 facinus
1378 1052 1568 1105 fratris
1620 1052 1963 1118 innotuerat,
2012 1058 2069 1106 et

372 1139 881 1208 metropolitanum
932 1139 1261 1209 episcopum
1312 1140 1443 1193 novi
1508 1140 1659 1211 apud
1705 1147 1758 1195 te
1807 1141 2067 1195 criminis

373 1228 599 1296 pondus
649 1228 925 1297 urgebat?
979 1232 1049 1281 At
1101 1228 1211 1281 hoc
1263 1228 1494 1299 quidem
1546 1230 1802 1283 alienum
1848 1230 1917 1283 ab
1968 1230 2066 1283 illo

373 1333 515 1380 esse,
578 1316 752 1369 etiam
801 1322 859 1369 tu
916 1316 1054 1370 nihil
1100 1317 1152 1370 ei
1212 1317 1535 1386 objiciendo
1582 1318 1914 1383 confirmas;
1968 1320 2066 1372 sed

375 1406 545 1459 etiam
580 1407 627 1459 si
676 1406 813 1477 quid
854 1423 1022 1476 grave
1068 1407 1613 1479 intolerandumque
1660 1409 2061 1471 committeret,

376 1501 568 1548 nostra
607 1500 729 1548 erat
759 1496 1133 1565 exspectanda
1162 1512 1428 1559 censura;
1470 1502 1532 1550 ut
1572 1497 1714 1550 nihil
1747 1497 1905 1566 prius
1948 1499 2068 1568 ipse

376 1584 733 1651 decerneres,
779 1600 948 1654 quam
1003 1585 1143 1654 quid
1188 1585 1354 1639 nobis
1387 1586 1654 1654 placeret,
1706 1602 2064 1655 agnosceres.

376 1672 533 1725 Vices
577 1672 729 1725 enim
767 1677 989 1725 nostras
1027 1672 1107 1725 ita
1145 1677 1260 1727 tua:
1307 1673 1656 1727 credidimus
1688 1674 1971 1739 charitati,
2008 1682 2071 1729 ut

374 1760 432 1813 in
466 1765 686 1829 partem
710 1760 782 1813 sis
814 1766 1042 1814 vocatus
1072 1762 1490 1826 sollicitudinis,
1527 1779 1643 1816 non
1674 1763 1733 1816 in
1766 1764 2069 1834 plenitudi-

373 1864 505 1901 nem
540 1849 853 1917 potestatis.
892 1849 1051 1902 Unde
1088 1850 1225 1903 sicut
1257 1851 1503 1904 multum
1550 1868 1654 1905 nos
1685 1868 1751 1905 ea
1796 1869 1924 1923 quae
1954 1858 2069 1907 ate

376 1938 465 2007 pie
498 1940 630 1990 sunt
660 1942 876 2005 curata,
919 1938 1233 2005 laetificant,
1282 1939 1361 1993 ita
1390 1939 1641 1994 nimium
1672 1957 1738 1994 ea
1777 1959 1906 2013 quae
1937 1959 2068 2013 per-

372 2043 571 2096 peram
617 2032 749 2080 sunt
791 2032 970 2093 gesta,
1019 2029 1374 2081 contristant.
1422 2030 1485 2082 Et
1535 2045 1759 2083 necesse
1808 2036 1910 2098 est,
1945 2036 2071 2102 post

376 2116 685 2168 multarum
719 2116 1109 2185 experimenta
1133 2132 1431 2170 causarum
1466 2119 1765 2173 sollicitius
1800 2121 2068 2191 prospici,

377 2210 433 2258 et
494 2202 829 2271 diligentius
876 2205 1218 2272 praecaveri;
1299 2211 1579 2274 quatenus
1627 2225 1731 2279 per
1794 2209 2067 2279 Spiritum

376 2290 683 2344 charitatis
724 2297 781 2345 et
827 2293 984 2362 pacis
1033 2293 1221 2346 omnis
1271 2294 1510 2347 materia
1559 2296 1957 2350 scandalorum
2001 2297 2071 2351 de

380 2378 639 2432 Ecclesiis
685 2380 937 2446 Domini,
996 2398 1136 2452 quas
1177 2382 1281 2435 tibi
1324 2384 1872 2449 commendavimus,
1906 2385 2072 2439 aufe-

380 2473 554 2533 ratur,
590 2469 1002 2537 praaeminente
1034 2470 1269 2541 quidem
1298 2471 1358 2525 in
1379 2471 1492 2525 illis
1522 2473 1830 2542 provinciis
1861 2474 2075 2543 episco-

378 2562 545 2625 patus
578 2556 661 2609 tui
707 2558 958 2628 fastigio,
995 2560 1094 2613 sed
1137 2564 1432 2630 amputato
1474 2560 1648 2613 totius
1681 2562 2072 2631 usurpationis

380 2660 631 2698 exeessu.
675 2646 857 2715 Igitur
904 2648 1222 2702 secundum
1270 2653 1596 2702 sanctorum
1629 2651 1859 2704 Patrum
1899 2666 2071 2705 cano-

381 2748 500 2797 nes,
534 2732 751 2802 Spiritu
783 2735 884 2788 Dei
932 2735 1209 2803 conditos,
1263 2740 1319 2790 et
1348 2737 1524 2792 totius
1554 2738 1754 2791 mundi
1800 2754 2073 2793 reveren-

380 2820 457 2873 tia
505 2827 885 2889 consecratos,
936 2825 1409 2895 metropolitanos
1454 2825 1810 2895 singularum
1844 2828 2072 2897 provin-

381 2909 600 2963 ciarum
678 2912 993 2982 episcopos,
1068 2913 1275 2983 quibus
1343 2930 1406 2967 ex
1464 2915 1822 2984 delegatione
1881 2921 2074 2969 nostra

383 2998 754 3053 fraternitatis
785 3006 899 3054 tuae
939 3018 1076 3055 cura
1126 3003 1523 3072 praetenditur,
1567 3005 1658 3073 jus
1698 3005 1918 3058 traditae
1969 3004 2076 3059 sibi

384 3087 699 3157 antiquitus
753 3088 1049 3159 dignitatis
1102 3090 1507 3145 intemeratum
1558 3093 1769 3163 habere
1820 3094 2076 3148 decerni-

384 3191 541 3235 mus;
589 3176 666 3230 ita
702 3181 767 3230 ut
821 3195 853 3232 a
895 3180 1113 3249 regulis
1157 3180 1514 3250 praestitutis,
1563 3182 1720 3235 nulla
1751 3188 1849 3236 aut
1894 3182 2074 3253 negli-

383 3264 594 3334 gentia,
646 3270 747 3319 aut
807 3267 1254 3337 praesumptione
1300 3269 1628 3323 discedant:
1682 3290 1708 3319 »
1758 3275 1816 3323 et
1872 3276 2079 3325 caetera

384 3369 512 3422 quae
544 3355 742 3407 statuit
771 3355 1264 3409 Thessalonicensi
1296 3357 1563 3426 episcopo
1601 3357 1659 3411 in
1688 3359 2079 3413 ecclesiasticis

388 3441 630 3509 negotiis
669 3444 1075 3496 conservanda.

458 3528 672 3589 Quibus
694 3528 950 3582 videmus
981 3546 1345 3600 nequaquam
1379 3532 2079 3602 Constantinopolitanum

389 3615 723 3684 episcopum
767 3617 1024 3671 Ecclesiis
1056 3618 1281 3684 Christi,
1315 3620 1424 3673 nisi
1455 3625 1677 3674 tantum
1717 3638 1834 3675 suae
1872 3623 2077 3677 dicace-

389 3720 534 3770 seos,
588 3720 707 3756 esse
755 3706 1083 3775 praelatum,
1142 3708 1239 3761 sed
1293 3710 1547 3763 Romano
1601 3710 2079 3783 pontifici-hujus

389 3792 790 3847 sollicitudinis
830 3810 1026 3849 curam
1071 3797 1385 3866 antiquitus
1431 3815 1549 3851 esse
1581 3799 1966 3866 commissam,
2010 3802 2079 3856 ad

389 3896 559 3950 quem
607 3899 804 3937 omnes
869 3885 1127 3938 Ecclesiae
1177 3886 1386 3941 Christi
1431 3888 1765 3957 respiciant;
1818 3896 1875 3942 et
1917 3891 2080 3959 cujus

388 3970 462 4023 sit
504 3970 675 4025 officii
706 3973 775 4026 de
812 3974 1053 4043 singulis
1101 3975 1491 4029 ecclesiasticis
1521 3977 1838 4030 rationibus
1887 3979 2078 4049 dispo-

386 4076 543 4125 nere,
580 4077 822 4131 eamque
855 4069 1049 4115 tenere
1090 4064 1347 4134 singulas
1390 4065 1706 4133 provincias
1738 4067 2077 4120 ecclesiasti-

387 4165 579 4200 carum
623 4166 922 4204 causarum
974 4152 1238 4217 formam,
1291 4169 1461 4221 quam
1496 4153 1749 4222 pontifex
1787 4156 2079 4209 Romanus

388 4237 475 4288 vel
535 4238 915 4303 constituerit,
981 4240 1069 4291 vel
1129 4241 1496 4306 concesserit;
1551 4242 1705 4310 quod
1760 4244 2080 4313 approbant

2179 523 2399 572 mutare
2463 534 2657 587 posse;
2725 516 3195 588 quandoquidem
3257 518 3546 572 civitatem
3604 519 3867 587 Romam,

2177 623 2308 676 qua:
2368 612 2704 660 cunctarum
2764 606 3150 678 principatum
3204 607 3577 661 Eeclesiarum
3630 608 3871 675 obtinet,

2176 696 2247 748 ab
2304 694 2550 764 imperio
2599 713 2701 749 suo
2750 695 2940 747 vident
2988 700 3291 759 remotam,
3343 701 3399 750 et
3445 712 3677 749 omnem
3719 698 3873 752 Occi-

2178 782 2408 836 dentem
2477 782 2584 836 sibi
2652 783 2957 835 sublainm.
3025 782 3412 854 Africamque,
3470 789 3526 837 et
3584 785 3872 839 Orientem

2175 888 2323 941 pene
2371 876 2659 939 cunctum,
2704 881 2915 941 praeter
2966 872 3360 941 paucissimas,
3412 873 3671 942 Europae,
3705 874 3874 927 Asiae-

2178 976 2289 1030 que
2321 960 2659 1029 provincias,
2694 964 2749 1014 et
2776 976 3088 1031 paucarum
3121 960 3373 1014 ambitus
3402 961 3747 1014 insularum.

2246 1052 2425 1115 Quam
2502 1059 2696 1105 autem
2764 1051 3143 1105 reverentiam
3204 1051 3874 1122 Constantinopolitanus

2175 1141 2427 1210 pontifex
2478 1139 2739 1194 obtinere
2789 1141 3012 1205 debeat,
3047 1156 3161 1194 non
3193 1156 3296 1193 suo
3332 1141 3560 1204 merito,
3595 1141 3694 1194 sed
3742 1141 3877 1211 quia

2177 1230 2422 1283 secunda
2462 1230 2702 1282 vocitata
2750 1229 2823 1282 sit
2868 1231 3069 1294 Roma,
3120 1234 3360 1283 testatur
3402 1229 3709 1283 Justiniani
3746 1246 3873 1299 pra-

2177 1319 2488 1389 gmaticum
2541 1318 2904 1387 imperatoris
2954 1319 3156 1383 (Nocet.
3209 1334 3386 1385 eam,
3429 1334 3554 1388 cap,
3604 1318 3679 1386 '2),
3714 1319 3870 1389 quod

2177 1407 2254 1459 ita
2291 1407 2509 1460 fertur:
2557 1430 2578 1456 ι
2627 1409 2778 1476 Papa
2825 1409 3114 1461 Romanus
3145 1407 3303 1476 prior
3346 1408 3615 1460 omnibus
3648 1407 3876 1477 episco-

2178 1495 2265 1564 pis
2300 1502 2355 1549 et
2399 1496 2739 1566 patriarchis
2771 1496 2987 1563 sedeat,
3018 1501 3074 1549 et
3107 1502 3236 1566 post
3270 1496 3431 1548 illum
3465 1496 3875 1550 Constantino-

2178 1583 2444 1655 politanae
2488 1584 2730 1637 civitatis
2761 1584 3244 1654 archiepiscopus.
3287 1606 3307 1631 ι
3343 1586 3466 1637 Non
3497 1584 3590 1637 hie
3639 1587 3875 1655 przpfer-

2178 1677 2273 1725 tur
2309 1688 2496 1741 neque
2544 1673 2836 1725 confertur
2868 1688 3031 1741 papa:
3076 1673 3359 1733 Romano,
3398 1672 3496 1725 sed
3526 1673 3879 1742 supponitur

2179 1760 2503 1830 patriarcha
2593 1760 3283 1830 Constantinopolitanns.
3379 1760 3877 1815 Considerandum

2178 1864 2430 1918 quoque,
2467 1849 2615 1919 quod
2642 1848 2828 1902 honor
2855 1849 3000 1902 sedis
3028 1849 3111 1902 illi
3142 1849 3542 1910 contribuitur.
3578 1850 3879 1920 potestatis

2178 1944 2369 1990 autem
2403 1938 2628 1991 culmen
2660 1938 2992 1990 nullatenus
3014 1937 3327 1990 confertur.
3362 1938 3503 1991 Item
3534 1938 3594 1991 in
3624 1938 3880 1992 Historia

2179 2026 2423 2079 Socratis
2456 2027 2570 2094 (lib.
2606 2043 2657 2093 ν,
2703 2042 2823 2094 cap.
2875 2028 2930 2092 8)
2971 2026 3051 2079 sic
3082 2026 3385 2079 scribitur:
3448 2048 3467 2073 ι
3501 2027 3659 2080 Tune
3705 2028 3877 2080 etiam

2181 2117 2436 2186 regulam
2472 2117 2849 2185 praetulerunt
2900 2114 3199 2179 (nimirum
3232 2114 3484 2186 episcopi
3532 2116 3633 2186 qui
3682 2117 3883 2170 Necta-

2180 2205 2331 2259 rium
2384 2203 2879 2273 Constantinopoli
2924 2204 3347 2257 constituerunt
3385 2209 3448 2258 ut
3485 2211 3632 2259 esset
3673 2206 3883 2275 episco-

2179 2294 2330 2362 pus),
2367 2298 2430 2347 ut
2477 2292 3145 2361 Constantinopolitanus
3180 2292 3485 2362 episcopus
3515 2292 3755 2346 haberet
3784 2293 3882 2345 ho-

2180 2382 2337 2435 noris
2371 2381 2667 2452 privilegia
2707 2387 2835 2451 post
2874 2381 3203 2452 pontiﬁcem
3245 2382 3591 2443 Romanum,
3624 2398 3693 2434 eo
3726 2382 3881 2451 quod

2181 2471 2252 2524 sit
2282 2487 2425 2524 nova
2458 2472 2657 2524 Roma.
2693 2491 2719 2521 ››
2766 2470 2875 2524 Sed
2908 2486 3095 2541 neque
3131 2471 3426 2541 potestatis
3459 2471 3551 2524 hic
3578 2472 3886 2542 privilegia

2180 2559 2467 2612 donantur
2510 2559 2613 2625 illi,
2665 2575 2794 2629 quae
2848 2559 3105 2628 pontifici
3155 2576 3386 2613 manere
3424 2561 3683 2614 Romano
3724 2577 3885 2613 com-

2180 2648 2516 2719 probantur.
2552 2647 2709 2701 Unde
2732 2648 2909 2716 igitur
2937 2647 3330 2701 auctoritatem
3364 2650 3692 2703 Graecorum
3726 2650 3888 2719 prin-

2181 2737 2333 2808 cipes
2379 2736 2687 2805 accipiunt,
2723 2740 2785 2789 ut
2814 2736 3513 2807 Constantinopolitanum
3542 2737 3885 2809 episcopum

2183 2827 2452 2881 omnibus
2510 2826 2768 2880 Ecclesiis
2816 2826 3165 2895 praeferant?
3212 2827 3536 2897 Antiquitas
3592 2828 3675 2880 eis
3720 2830 3887 2882 nulla

2182 2916 2545 2985 suffragatur,
2594 2915 2943 2986 synodorum
2988 2915 3214 2969 decreta
3250 2917 3425 2982 nulla,
3460 2916 3885 2986 imperatorum

2115 3024 2155 3078 ο
2182 3004 2538 3073 pragmatica
2568 3005 2744 3068 nulla,
2787 3020 2917 3073 quae
2958 3004 3087 3057 licet
3118 3004 3221 3057 etsi
3257 3005 3449 3075 aliqua
3497 3011 3887 3059 monstraren-

2183 3098 2299 3160 tur,
2329 3092 2681 3145 auctoritatis
2727 3092 2953 3161 pondus
2995 3091 3253 3145 obtinere
3285 3093 3594 3163 nequirent
3624 3094 3752 3147 sine
3789 3096 3889 3149 Ro.

2184 3181 2339 3234 mani
2386 3180 2674 3251 pontiﬁcis
2734 3180 3178 3250 astipulatione:
3249 3182 3410 3250 cujus
3460 3187 3634 3235 tantae
3684 3188 3889 3237 manet

2185 3270 2526 3340 antiquitate
2571 3269 2858 3323 tribuente
2899 3268 3193 3337 potestatis
3222 3269 3339 3339 jus,
3389 3274 3450 3323 ut
3480 3270 3601 3323 sine
3632 3272 3885 3341 permis-

2185 3358 2361 3410 sionis
2422 3357 2576 3411 illius
2631 3358 2965 3411 auctoritate
3016 3374 3118 3411 nec
3177 3358 3723 3429 Constantinopolis,
3779 3377 3887 3415 nec

2185 3446 2303 3498 ulla
2333 3446 2527 3499 civitas
2571 3446 2873 3501 Orientalis
2922 3447 3009 3501 vel
3055 3446 3430 3501 Oceidentalis
3472 3449 3735 3502 obtinere
3770 3451 3889 3520 pri-

2186 3534 2393 3603 vilegia
2422 3535 2605 3588 valeat
2633 3535 2949 3604 potestatis,
2991 3536 3101 3589 nisi
3135 3552 3262 3606 qua:
3302 3536 3529 3589 fuerant
3557 3553 3589 3589 a
3618 3537 3888 3592 Romano

2186 3623 2460 3691 pontifice
2504 3623 2591 3677 vel
2644 3639 2911 3677 concessa
2960 3624 3043 3677 vel
3092 3625 3391 3678 roborata:
3430 3625 3540 3694 ipsi
3577 3641 3709 3679 vero
3761 3643 3887 3679 ma-

2187 3716 2319 3763 neat
2349 3717 2595 3780 potestas
2630 3718 2803 3783 atque
2834 3711 3159 3767 sollicitudo
3188 3713 3445 3766 omnium
3480 3713 3887 3780 Eeclesiarum,

2186 3800 2557 3868 concedendi,
2594 3800 2683 3853 vel
2723 3800 3067 3869 disponendi
3100 3817 3457 3871 quaecunque
3489 3802 3891 3856 ecclesiasticis

2188 3888 2525 3941 utilitatibus
2556 3888 2870 3943 secundum
2920 3890 3325 3943 ecclesiasticas
3370 3891 3600 3960 regulus
3645 3892 3891 3960 probata

2185 3976 2399 4029 fuerint
2441 3976 2743 4029 deservire.
2796 3977 2954 4039 Quod
3006 3978 3199 4030 multis
3237 3980 3592 4048 approbatur
3623 3980 3887 4050 Scriptu-

2184 4079 2377 4117 rarum
2430 4065 2837 4129 monumentis,
2886 4082 2987 4135 per
3039 4066 3329 4120 universas
3374 4068 3647 4121 Eeclesias
3696 4085 3730 4121 a
3780 4070 3890 4124 Ro-

2186 4168 2357 4205 mano
2390 4138 2662 4221 pontifice
2694 4153 3007 4207 destinatis.

2261 4243 2418 4295 Unde
2475 4243 2707 4296 Aeacius
2758 4243 3060 4312 episcopus
3103 4244 3768 4313 Constantinopolitanus
3819 4247 3888 4299 ad

386 4323 721 4391 pontificum
772 4326 1009 4397 decreta
1062 4328 1477 4396 Romanorum,
1546 4331 1814 4383 omnibus
1867 4331 2073 4385 Christi
2116 4325 2157 4377 Ι)
2188 4330 2542 4399 Simplicium
2595 4330 2928 4401 episcopum
2957 4331 3113 4384 urbis
3155 4332 3348 4385 Romae
3380 4333 3633 4387 scribens
3683 4335 3887 4403 (Epist.

387 4412 645 4465 Ecclesiis
688 4418 803 4466 tam
851 4431 953 4485 per
999 4415 1288 4469 Orientem
1344 4433 1517 4487 quam
1568 4434 1669 4488 per
1715 4419 2076 4474 Occidentem

384 4501 588 4569 positis
655 4501 889 4572 directa,
946 4521 1072 4574 quae
1130 4505 1306 4559 veluti
1356 4507 1510 4577 leges
1561 4507 2074 4562 ecclesiasticorum

386 4590 743 4657 negotiorum
776 4598 834 4646 et
876 4594 1249 4647 observantur
1278 4596 1346 4648 ab
1375 4595 1641 4649 omnibus
1669 4601 1723 4650 et
1754 4597 2073 4666 suspiciun-

382 4684 477 4729 tur
522 4679 805 4735 Ecclesiis.
862 4682 998 4745 Quis
1029 4689 1221 4737 autem
1262 4684 1408 4738 ferat
1452 4690 1512 4738 ut
1562 4686 2076 4757 Constantinopoli-

381 4771 550 4819 tanus
580 4768 905 4837 patriarcha
935 4772 1154 4824 cunctis
1185 4773 1393 4826 Christi
1424 4773 1760 4843 praeferatur
1791 4775 2069 4843 Ecclesiis,

381 4856 533 4925 quod
586 4872 690 4910 nec
738 4858 1047 4929 antiquitas
1096 4860 1147 4912 ei
1201 4861 1458 4928 contulit,
1516 4878 1619 4915 nec
1680 4863 1794 4914 ulla
1850 4863 2070 4916 decreta

379 4945 660 5014 majorum
694 4947 1065 5013 constituunt,
1104 4965 1205 5001 nec
1230 4949 1470 5002 rationis
1504 4950 1746 5003 habetur
1774 4952 1860 5004 vel
1902 4954 2071 5006 eccle-

378 5034 619 5087 siastica:
668 5035 755 5088 vel
799 5035 1069 5089 humana:
1095 5038 1225 5106 jure
1272 5038 1599 5093 firmatum:
1635 5039 1744 5093 nisi
1788 5040 1934 5093 forte
1965 5058 2072 5110 pu-

375 5127 495 5175 tant
526 5124 852 5178 Graecorum
880 5124 1256 5196 imperatores
1289 5126 1569 5195 moderni,
1600 5145 1712 5182 non
1739 5129 1824 5181 illi
1858 5131 2068 5183 Roma-

373 5226 605 5279 norum,
669 5229 915 5283 quorum
959 5214 1271 5283 imperium
1320 5216 1494 5269 totius
1543 5217 1697 5271 orbis
1743 5218 2066 5287 provincias

372 5298 730 5368 disponebat,
764 5303 868 5356 hoc
913 5303 1021 5356 sibi
1057 5303 1249 5369 licere,
1296 5306 1451 5375 quod
1483 5305 1595 5359 illis
1622 5323 1736 5360 non
1782 5307 1972 5362 licuit:
2009 5313 2066 5361 et

374 5385 675 5443 Ecclesiam
727 5392 1063 5459 Romanam,
1116 5410 1289 5464 quam
1350 5394 1431 5447 illi
1484 5400 1761 5465 tanquam
1820 5409 2062 5451 matrem

370 5477 620 5529 venerati
661 5485 811 5544 sunt,
843 5497 947 5549 pro
989 5482 1154 5536 libito
1185 5500 1288 5537 suo
1319 5483 1642 5552 disponere,
1673 5491 1729 5537 et
1757 5486 2061 5540 auctorita-

371 5565 482 5615 tem
517 5580 688 5633 quam
734 5567 899 5623 beato
949 5574 1113 5627 Petro
1160 5579 1276 5627 tam
1326 5572 1601 5636 Christus,
1654 5590 1827 5644 quam
1873 5575 2062 5629 omnis

2187 4422 2218 4473 6
2250 4419 2565 4488 Simplicii),
2617 4419 2695 4472 sic
2746 4420 2859 4473 ait:
2896 4441 2923 4467 (‹
2974 4421 3216 4473 Domino
3271 4426 3465 4474 saneto
3513 4422 3661 4490 patri
3697 4424 3890 4476 archi-

2186 4508 2455 4578 episcopo
2486 4508 2778 4577 Simplicio
2805 4509 3060 4562 Aeacius.
3111 4509 3567 4596 Sollicitudinem
3614 4512 3889 4566 omnium

2188 4599 2561 4651 Eeclesiarum
2623 4597 2935 4651 secundum
2999 4598 3335 4668 Apostolum
3394 4600 3886 4662 circumferentes,

2182 4704 2286 4741 nos
2349 4687 2743 4741 indesinenter
2792 4687 3122 4753 hortamini,
3182 4688 3446 4758 quamvis
3494 4694 3697 4758 sponte
3746 4691 3888 4759 vigi-

2182 4777 2363 4829 lantes
2402 4781 2459 4829 et
2495 4780 2935 4845 praecurrentes;
2980 4776 3075 4829 sed
3125 4793 3223 4829 vos
3271 4776 3465 4829 divino
3505 4778 3625 4830 zelo
3675 4778 3889 4832 sollici-

2180 4874 2270 4918 tos
2298 4864 2721 4931 demonstratis,
2769 4870 2983 4918 statum
3014 4865 3417 4919 Alexandrina!
3457 4865 3717 4919 Ecclesia:
3758 4883 3884 4919 cer-

2178 4953 2292 5007 tius
2341 4954 2720 5023 requirentes,
2775 4960 2835 5007 ut
2877 4970 2982 5022 pro
3026 4954 3281 5025 paternis
3328 4954 3642 5008 canonibus
3695 4957 3887 5009 susci-

2179 5043 2346 5112 piatis
2390 5042 2664 5108 laborem,
2723 5042 2980 5114 piissimo
3030 5044 3310 5096 stillantes
3368 5044 3575 5097 sudore
3627 5060 3731 5113 pro
3763 5045 3881 5112 his,

2178 5133 2325 5185 sicut
2371 5147 2600 5200 semper
2639 5137 2722 5185 est
2768 5132 3175 5202 approbatum,
3222 5151 3250 5182 »
3288 5137 3344 5185 et
3376 5132 3611 5202 reliqua.
3646 5134 3881 5203 Cogno-

2176 5220 2385 5273 scimns
2416 5220 2568 5290 quod
2618 5220 2858 5274 Aeacius
2900 5220 3153 5290 pontifex
3201 5221 3882 5290 Constantinopolitanus

2175 5310 2496 5364 Romanum
2526 5309 2852 5378 pontificem
2900 5315 3137 5363 testatur
3176 5309 3436 5363 omnium
3489 5310 3877 5365 Eeclesiarum

2174 5398 2487 5451 secundum
2511 5398 2843 5468 Apostolum
2876 5398 3314 5451 sollicitudinem
3344 5397 3873 5467 circumferentem,

2173 5492 2230 5540 et
2272 5486 2419 5539 bane
2457 5486 2507 5539 ei
2539 5502 2767 5556 semper
2804 5486 2997 5539 adesse
3034 5503 3096 5539 ex
3128 5485 3467 5556 antiquitate
3500 5486 3871 5556 superimpo-

2170 5575 2372 5629 sitam:
2408 5575 2560 5645 quod
2592 5575 2803 5638 dicens,
2848 5575 2955 5630 sibi
2983 5576 3139 5629 nullo
3179 5575 3353 5629 modo
3385 5574 3699 5629 contribuit
3729 5592 3859 5630 om-
