4098 6180
192 323 278 378 345
1194 332 1794 394 GOTTESCHALCUS.
1828 368 1897 379 -
1925 338 2201 397 NOTITIA
2242 336 2628 399 HISTORICK.

3553 348 3658 407 3H5

192 456 328 510 nium
378 458 746 514 Ecclesiarum
797 464 1259 531 procurationem
1303 469 1506 524 :novit
1549 471 1702 524 enim
1751 471 1857 525 hoc
1895 473 2098 539 Alica,
2147 491 2368 529 necnon
2410 477 2585 530 etiam
2634 496 2665 531 a
2711 478 2968 533 fidelium
3022 495 3261 534 numero
3304 486 3656 552 segregatus,

191 563 217 598 a
245 562 334 598 suo
366 546 527 616 longe
560 556 844 604 remotum
880 552 1087 620 ofﬁcio,
1132 572 1233 608 nec
1266 574 1541 628 usurpare
1572 559 1675 612 sibi
1709 577 1853 630 prie-

190 637 361 704 sumit,
390 654 421 691 a
451 655 565 708 quo
605 657 661 692 se
693 646 887 710 procul
922 644 1117 698 abesse
1152 663 1262 699 non
1295 648 1541 717 ignorat.
1576 650 1679 704 Cui
1708 656 1853 704 Aca-

188 726 279 789 cio,
316 742 439 779 cum
478 736 680 781 contra
732 733 957 801 regulas
1013 736 1414 790 ecclesiasticas
1465 739 1855 809 deprehensus

188 816 360 868 fuisset
389 817 591 885 egisse,
633 821 785 889 quod
815 821 923 874 sibi
956 824 1111 877 nulla
1143 826 1286 879 ratio
1315 828 1469 897 justa
1505 828 1685 882 facere
1716 845 1853 882 con—

187 904 436 971 cessisset,
470 907 621 960 Felix
656 909 955 979 episcopus
997 912 1258 968 Ecclesiae
1308 922 1517 970 sancite
1562 918 1855 971 catholicas

188 992 322 1046 urbis
379 994 596 1062 Romae,
652 999 730 1050 sic
788 1000 982 1053 scribit
1039 1002 1233 1070 (Epist.
1288 1006 1339 1073 6)
1392 1022 1404 1059 :
1464 1028 1482 1053 ι
1550 1008 1853 1061 Multarum

186 1087 677 1154 transgressionum
716 1090 976 1157 reperiris
1000 1092 1300 1159 obnoxius,
1334 1100 1391 1149 et
1428 1097 1484 1149 in
1518 1097 1855 1150 venerabilis

184 1175 382 1227 concilii
413 1176 625 1229 Nicami
656 1180 1001 1232 contumelia
1041 1199 1189 1251 saepe
1232 1187 1504 1251 versatus,
1535 1186 1852 1240 alienarum

184 1263 272 1315 tibi
320 1265 737 1332 provinciarum
776 1269 905 1337 jura
955 1273 1258 1326 temerarie
1298 1274 1615 1327 vindicasti.
1660 1276 1852 1329 Hazre-

186 1353 305 1405 ticos
351 1359 403 1405 et
438 1372 818 1423 perversores,
866 1366 1037 1429 atque
1086 1361 1157 1414 ab
1205 1362 1488 1416 hiereticis
1537 1364 1852 1430 ordinatos,

183 1447 228 1492 et
262 1458 396 1509 quos
428 1442 549 1511 ipse
589 1444 978 1514 damnaveras,
1026 1454 1197 1519 atque
1249 1450 1319 1503 ab
1361 1452 1670 1521 apostolica
1719 1453 1853 1506 sede

181 1529 347 1601 petisti
397 1532 678 1598 damnari,
728 1550 838 1586 non
885 1537 1051 1589 modo
1100 1539 1494 1592 communioni
1548 1545 1659 1593 tum
1710 1541 1851 1594 reci-

178 1618 396 1685 piendos
444 1622 682 1689 putasti;
732 1639 928 1676 verum
978 1626 1149 1678 etiam
1202 1626 1462 1680 Ecclesiis
1508 1628 1656 1694 aliis,
1700 1630 1854 1699 quod

179 1719 268 1757 nec
318 1706 383 1760 de
450 1708 739 1763 catholicis
804 1708 928 1764 ﬁeri
979 1718 1220 1783 poterat,
1285 1717 1590 1786 praesidere
1648 1718 1848 1785 fecisti,

176 1802 327 1865 atque
365 1798 699 1865 honoribus,
749 1801 904 1870 quod
952 1818 1069 1855 non
1128 1805 1516 1874 merebantur,
1565 1807 1794 1861 auxisti.
1826 1830 1845 1855 ι

180 1887 232 1937 Et
259 1902 378 1940 cum
410 1889 594 1941 multa
628 1892 696 1942 de
729 1892 1276 1959 transgressionibus
1307 1893 1461 1948 illius
1513 1895 1849 1965 scripsisset,

176 1974 225 2025 in
273 1977 633 2031 conclusione
687 1979 765 2031 sic
813 1979 1056 2034 intulit:
1105 2002 1131 2029 α
1180 1982 1331 2036 Habe
1388 1999 1525 2053 ergo
1582 2000 1709 2037 cum
1767 1984 1855 2038 his

177 2078 302 2129 quos
348 2063 594 2118 libenter
639 2068 1015 2137 amplecteris,
1066 2071 1409 2139 portionem,
1462 2078 1515 2124 et
1573 2073 1855 2135 sententia

175 2153 442 2219 praesenti,
480 2171 655 2225 quam
687 2172 790 2225 per
821 2164 933 2209 llltB
966 2158 1069 2211 tibi
1101 2158 1413 2211 direximus
1464 2159 1719 2213 Ecclesiae
1750 2161 1851 2214 dc-

177 2239 465 2307 fensorem,
498 2245 832 2298 sacerdotali
861 2245 1105 2312 honore,
1138 2253 1195 2300 et
1224 2247 1633 2301 communione
1663 2250 1855 2303 catho-

1962 564 2250 617 sublatum
2285 566 2385 618 tibi
2432 582 2644 619 nomen
2683 573 2737 619 et
2786 584 2995 621 munus
3040 569 3342 623 ministerii
3390 572 3658 625 sacerdo-

1964 653 2093 705 talis
2123 670 2386 722 agnosce,
2439 654 2686 724 Spiritus
2736 657 2913 709 sancti
2960 657 3192 726 judicio,
3243 666 3299 712 et
3341 660 3657 729 apostolica

1964 758 2067 810 per
2097 760 2199 795 nos
2227 744 2562 797 auctoritate
2589 744 2915 808 damnatus,
2964 762 3063 799 nec
3107 748 3225 815 jam
3276 749 3655 804 anathematis

1962 832 2203 885 vinculis
2235 834 2545 885 exuendus.
2584 854 2610 880 »
2646 834 2789 886 Num
2834 834 3005 886 modo
3046 836 3398 889 convincitur
3447 839 3651 891 Roma-

1963 936 2069 973 nus
2101 923 2354 991 pontifex
2402 924 2738 993 patriarchae
2790 924 3414 993 Constantinopolitano
3463 927 3652 994 subje-

1962 1014 2104 1077 ctus,
2140 1027 2242 1079 per
2279 1028 2451 1081 quem
2483 1013 2550 1065 de
2581 1014 2698 1065 suis
2729 1012 3278 1081 transgressionibus
3311 1031 3424 1067 non
3463 1015 3656 1068 leviter

1962 1099 2347 1169 redarguitur,
2384 1106 2440 1153 et
2466 1100 2845 1154 anatliematis
2878 1101 3161 1154 sententia
3198 1102 3655 1156 condemnatur?

1962 1189 2309 1241 Immensum
2342 1188 2441 1241 tiet
2471 1188 2517 1241 si
2548 1196 2752 1241 cuncta
2782 1190 3254 1259 congesserimus,
3302 1191 3510 1260 quibus
3542 1192 3653 1246 Ro-

1963 1292 2165 1328 manus
2198 1277 2448 1345 pontifex
2472 1278 2823 1346 approbatur
2844 1278 3480 1347 Constantinopolitano
3510 1294 3655 1348 pou-

1962 1363 2100 1417 titici
2131 1366 2251 1417 fore
2280 1367 2568 1435 praelatus.
2604 1366 2711 1419 Sed
2756 1366 3043 1419 sulliciant
3088 1384 3215 1436 qua":
3266 1367 3454 1437 posita
3500 1373 3655 1429 sunt,

1963 1454 2171 1523 quibus
2202 1454 2491 1507 evidenter
2521 1460 2811 1507 ostensum
2843 1461 2926 1507 est
2959 1455 3656 1525 Constantinopolitanum

1963 1542 2338 1612 patriarcham
2406 1543 2665 1596 Ecclesiis
2732 1543 2937 1598 Christi
3008 1544 3332 1597 nullatenus
3392 1544 3658 1597 omnibus

1963 1631 2404 1701 praeferendum,
2438 1633 2535 1685 sed
2568 1632 2655 1685 sui
2689 1648 2955 1685 mensura
3000 1632 3234 1685 honoris
3284 1650 3405 1685 esse
3453 1632 3658 1686 debere

1963 1726 2328 1785 contentum;
2357 1736 2425 1773 ne
2449 1726 2647 1774 contra
2676 1721 2892 1776 Nicaeni
2922 1719 3149 1773 concilii
3178 1721 3405 1774 decreta
3426 1720 3656 1787 faciens,

1961 1809 2196 1862 honoris
2223 1810 2440 1877 proprii
2473 1809 2681 1862 damna
2711 1809 3009 1863 sustineat.

2038 1898 2267 1967 Egimus
2308 1898 2461 1949 velut
2506 1898 2822 1966 potuimus,
2871 1898 3284 1960 respondentes
3330 1897 3402 1951 ad
3433 1913 3500 1950 ea
3530 1913 3659 1967 quae

1966 1986 2127 2039 nobis
2157 1986 2365 2055 scripta
2400 1986 2647 2039 misistis.
2685 1986 2821 2050 Qum
2851 1987 2896 2039 si
2930 1987 3267 2057 placuerint,
3306 1987 3416 2040 Deo
3450 1986 3660 2055 gratias

1963 2074 2229 2143 agimus:
2272 2074 2360 2126 sin
2400 2090 2532 2127 vero
2580 2075 2995 2144 displicuerint,
3051 2081 3251 2127 vestrae
3294 2074 3660 2128 correctionis

1963 2178 2263 2215 censuram
2295 2164 2714 2232 priestolamur.

2036 2252 2359 2320 (Epistolum
2385 2252 2450 2304 de
2478 2253 2864 2322 Cynocephalis
2902 2253 3039 2307 Vide
3067 2252 3141 2305 ad
3165 2253 3361 2305 calcem
3390 2252 3529 2321 vol.)

1470 2514 1639 2558 ANNO
1692 2514 1917 2558 DOMINI
1967 2515 2346 2559 DCCCLXVIII.

644 2649 3173 2793 GOTTESCHALCUS

1372 2854 1901 2917 ORBACENSIS
1947 2855 2444 2917 MUNACHUS.

966 3074 1325 3157 ΝΟΤΙΤΙΑ
1380 3076 1836 3159 HISTORICA

1966 3076 1985 3156 l
2043 3073 2828 3155 GOTTESCHALCUM.

1303 3222 1475 3287 (Apud
1506 3222 1821 3281 Fabricium,
1853 3220 1983 3271 Bibl.
2016 3221 2152 3271 med.
2186 3224 2238 3270 et
2260 3221 2355 3270 inf.
2390 3220 2517 3273 Lat.)

232 3448 378 3502 Inter
410 3450 708 3503 Walafridi
740 3450 928 3505 Strabi
969 3456 1232 3521 poemata
1279 3452 1488 3517 legitur
1530 3468 1760 3505 carmen
1790 3452 1855 3505 ad
1898 3451 1937 3506 C
1968 3450 2235 3516 beiensis,
2263 3454 2369 3504 etc.
2404 3451 2597 3520 Neque
2631 3449 2780 3505 ultra
2810 3450 3115 3519 Augustini
3146 3449 3486 3521 sententiam
3526 3465 3660 3521 pro-

172 3520 587 3591 Gotteschalcum
647 3520 1014 3588 monachum,
1069 3524 1165 3591 qui
1215 3529 1273 3576 et
1321 3524 1659 3589 Fulgentius.
1716 3529 1853 3577 tom.

170 3590 244 3641 XV
290 3593 660 3645 Bibliotliecee
704 3594 936 3646 Patrum
984 3590 1401 3664 Lugdunensis,
1438 3610 1566 3664 pag.
1601 3597 1724 3649 232.
1761 3596 1859 3647 Hic

171 3664 243 3713 est
270 3664 766 3716 nominatissimus
796 3665 889 3717 ille
935 3665 1378 3726 Gotteschalcus,
1423 3665 1639 3717 ordinis
1676 3666 1855 3717 Bene-

170 3732 351 3785 dictini
388 3735 728 3801 monachus,
763 3736 1079 3790 Orbaceusis
1104 3736 1159 3788 in
1188 3736 1415 3789 dioecesi
1445 3736 1855 3802 Sucssionensi,

172 3804 256 3871 qui
302 3805 374 3857 ob
428 3805 620 3857 acrius
669 3812 850 3859 motas
896 3806 961 3859 de
1007 3807 1488 3862 Praidestinutione
1534 3813 1857 3859 controver-

171 3873 266 3926 sias
308 3878 725 3931 condemnatus
765 3878 824 3929 in
858 3879 1070 3947 synodo
1103 3878 1433 3947 Moguntina
1465 3894 1614 3931 anno
1646 3878 1769 3943 848,
1804 3882 1861 3930 et

170 3953 432 4018 conventu
472 3948 840 4001 Carisiacensi
873 3964 1025 4001 anno
1067 3949 1190 4014 849,
1238 3950 1607 4018 inclususque
1647 3948 1704 4001 in
1748 3964 1856 4002 coa-

172 4016 795 4089 nobioAltivillarensi,
850 4026 980 4089 post
1028 4020 1229 4088 viginti
1278 4016 1528 4089 amplius
1573 4035 1857 4072 annorum

171 4088 501 4151 custodiam,
536 4090 679 4142 obiit
708 4088 865 4142 circa
884 4106 1099 4144 annum
1132 4093 1253 4144 870.
1302 4088 1507 4144 Durius
1553 4106 1681 4143 cum
1724 4091 1856 4143 Got-

168 4160 433 4230 tesclialco
467 4166 657 4213 actum
691 4161 759 4213 ab
792 4162 1095 4215 Hincmaro
1130 4162 1438 4216 Bliemensi
1479 4160 1575 4230 (ιι),
1627 4160 1858 4214 Rabano

172 4228 371 4303 glauro,
405 4232 685 4303 Amolone
716 4232 831 4303 sive
862 4236 1153 4287 Amalario
1204 4228 1593 4303 LugdunciiSi,
1643 4234 1857 4285 Joanne

171 4298 716 4373 scoto,irzeterisque
752 4302 874 4371 ejus
904 4304 1257 4366 adversariis,
1288 4298 1416 4356 iion
1451 4304 1689 4356 obscure
1716 4319 1855 4373 que-

170 4369 302 4442 ritur
349 4372 552 4424 Florus
597 4369 794 4425 contra
844 4375 1116 4427 Joannem
1178 4375 1407 4427 Scotum
1458 4380 1514 4428 et
1562 4369 1857 4442 Remigius

172 4437 649 4515 Liigdune’usisrin
682 4443 827 4515 libro
880 4446 1136 4498 Ecclesia:
1182 4445 1579 4515 Lugdunensis
1628 4437 1858 4498 nomine

169 4512 361 4585 scripto
396 4514 468 4565 de
496 4512 686 4585 tribus
721 4514 1005 4582 lipistolis,
1058 4516 1155 4585 qui
1204 4512 1383 4569 exstat
1431 4522 1587 4569 tomo
1631 4517 1717 4570 XV
1771 4517 1857 4568 Bi-

166 4578 453 4657 bliotli_ec_a:
489 4578 1174 4657 Patrumilmgdunen'sis,
1208 4604 1262 4656 p.
1297 4590 1398 4641 666
1431 4604 1549 4657 seq.
1596 4588 1858 4640 Pruden-

165 4654 263 4704 tius
310 4654 689 4720 Tricassinus,
736 4656 1079 4710 Batramnus
1126 4654 1243 4712 sive
1302 4654 1671 4712 Bertramnus
1720 4660 1854 4712 Cor-

1965 3524 2198 3576 cessisse
2249 3523 2321 3589 (ὁ)
2366 3522 2821 3576 Gottliescalcum
2871 3522 3166 3575 contendit
3212 3520 3450 3575 Jacobus
3499 3520 3661 3574 Usseé

1967 3594 2085 3646 rius
2115 3594 2173 3646 in
2205 3592 2577 3647 Gottesclialci
2610 3598 2664 3645 et
2692 3592 3216 3646 Prazdestiuatianm
3262 3592 3662 3645 controversia:

1971 3665 2236 3729 llistoria,
2270 3670 2399 3733 post
2432 3665 2738 3717 editionem
2774 3664 3177 3717 Dublinenseui
3206 3664 3437 3729 1631,4ο
3467 3679 3663 3715 recusa

1970 3736 2258 3795 Hanovite,
2296 3738 2451 3796 1662,
2485 3738 2537 3798 8,
2577 3735 2643 3787 ad
2676 3735 2847 3803 hujus
2877 3736 3087 3788 calcem
3121 3735 3258 3788 duas
3293 3733 3664 3788 Gotteschalci

1966 3808 2332 3871 Confessiones
2365 3805 2691 3873 publicavit,
2728 3821 2898 3858 unam
2940 3806 3283 3868 breviorem,
3320 3812 3375 3857 et
3422 3804 3662 3857 alteram

1966 3877 2304 3945 longiorem.
2356 3878 2415 3929 ln
2465 3880 2707 3945 utraque
2756 3876 3170 3947 praescientiam
3222 3876 3537 3947 divinamga
3568 3874 3663 3947 de-

1966 3952 2119 3999 creto
2151 3948 2345 3999 divino
2388 3963 2498 3999 non
2552 3945 2772 4017 patitur
2806 3947 2980 4000 dividi
3013 3964 3024 3999 :
3054 3947 3113 3999 in
3160 3952 3402 4017 utraque
3450 3945 3658 3998 identi-

1966 4018 2096 4072 dem
2136 4018 2205 4071 ad
2237 4018 2618 4086 Augustinum
2666 4023 2722 4070 et
2768 4018 3131 4087 Fulgeiitium
3179 4016 3250 4085 (c)
3300 4016 3660 4084 Ruspensem

1967 4095 2255 4158 provocat,
2289 4097 2345 4141 et
2385 4089 2453 4142 de
2483 4087 2766 4140 sententia
2797 4105 2899 4140 sua
2940 4095 3051 4141 tam
3085 4088 3325 4141 tirmiter
3356 4087 3663 4156 protitetur

1967 4177 2026 4213 se
2058 4176 2180 4213 esse
2218 4175 2577 4228 persuasum,
2613 4164 2673 4211 ut
2703 4175 2833 4227 pag.
2870 4160 2970 4212 345
3004 4158 3251 4212 aflirmet
3280 4174 3359 4222 se,
3393 4159 3444 4210 si
3482 4161 3661 4225 posset

1964 4234 2106 4300 ﬁeri,
2170 4232 2363 4284 millies
2426 4234 2607 4299 potius
2660 4246 2758 4298 pro
2814 4235 3037 4282 veritate
3092 4236 3279 4297 optare
3334 4228 3660 4293 occumbere,

1967 4319 2131 4370 quam
2179 4303 2336 4355 semet
2383 4301 2551 4368 (quod
2594 4302 2761 4370 absit)
2811 4301 3027 4353 cuilibet
3075 4315 3221 4353 secus
3270 4301 3524 4369 loquenti,
3578 4315 3657 4351 ce-

1966 4373 2139 4426 dendo
2181 4373 2535 4426 succumbere.
2581 4373 2647 4425 Et
2696 4389 2750 4441 p.
2793 4374 2915 4431 353,
2962 4372 3029 4423 ab
3077 4373 3201 4434 ipsa
3252 4372 3491 4424 Veritate
3537 4370 3661 4422 edo-

1966 4451 2108 4498 ctum
2139 4450 2187 4496 et
2216 4446 2391 4510 gratis
2424 4444 2491 4495 ab
2520 4458 2582 4495 ca
2622 4446 2813 4511 pieque
2851 4445 2986 4496 satis
3015 4443 3289 4509 afﬂatum,
3334 4444 3659 4505 animatum,

1966 4521 2256 4579 armatum,
2306 4514 2832 4580 misericorditerque
2870 4515 3033 4566 simul
3073 4529 3135 4566 ac
3185 4513 3511 4565 mirabiliter
3558 4512 3662 4563 ad-

1959 4587 2144 4654 jutum
2175 4592 2223 4638 et
2249 4590 2446 4651 tutum,
2476 4588 2680 4651 fretum
2711 4590 2760 4638 et
2788 4585 3010 4648 fultu'm.
3054 4584 3289 4636 ﬁdeliter
3315 4584 3402 4636 illi
3426 4582 3660 4647 credere,

1964 4659 2187 4723 fortiter
2234 4664 2423 4721 tenere,
2482 4657 2747 4709 veraciter
2820 4658 3189 4724 patienterque
3248 4654 3552 4720 defendere,
3612 4659 3663 4707 et

224 4820 291 4885 (a)
322 4822 461 4875 Vide
497 4823 772 4888 Bulaaum,
807 4824 940 4877 hist.
972 4825 1294 4878 Academia:
1327 4825 1680 4885 Parisiensis,
1706 4830 1840 4877 tom.
1890 4825 1931 4878 Ι)
1963 4828 2193 4891 ptorum
2228 4839 2355 4877 smc.
2404 4839 2456 4876 ix
2493 4823 2560 4876 de
2598 4822 3099 4876 Prmdestiuatione
3130 4826 3187 4875 et
3216 4822 3425 4887 Gratia,
3479 4820 3653 4874 Paris.

162 4889 196 4962 l.
242 4908 367 4961 pag.
426 4897 528 4947 178
575 4910 693 4962 seq.
748 4896 1144 4949 Summarische
1197 4898 1555 4951 Nachrichten
1604 4912 1704 4949 ron
1755 4896 1851 4947 der

164 4961 561 5018 Thomusischen
594 4961 927 5034 Bibliothec,
961 4973 1101 5019 tom.
1140 4968 1179 5031 Ι,
1211 4983 1339 5037 pag.
1370 4969 1492 5020 681.
1543 4983 1686 5037 seq.,
1723 4967 1845 5020 734.

159 5047 261 5101 seq.

215 5105 282 5171 (ὁ)
314 5105 441 5157 Non
476 5106 643 5174 plane
700 5107 954 5161 Usserius
1001 5108 1107 5161 hoc
1155 5106 1440 5177 persuasit
1488 5106 1703 5173 Vossio,
1755 5107 1846 5160 cui

157 5170 350 5248 librum
387 5170 557 5229 suum
588 5178 965 5232 dedicaverat.
1001 5170 1348 5232 Vide'Vossii
1378 5178 1542 5247 epist.
1586 5170 1700 5244 156,
1733 5196 1846 5248 qua

159 5243 364 5329 tisserio
406 5248 624 5327 gratias
678 5249 815 5317 agit,
858 5254 922 5329 et
981 5250 1146 5329 epist.
1212 5252 1328 5314 158,
1379 5243 1445 5302 ad
1498 5243 1843 5329 Guilelhmum

157 5313 429 5375 laudum.—
464 5313 807 5388 episcopum»
857 5313 1275 5373 Londinensem
1310 5313 1321 5374 ἐ
1361 5337 1463 5373 nec
1505 5336 1617 5373 non
1665 5321 1844 5374 Grotii

157 5392 301 5451 epist.
335 5390 465 5445 292.
506 5389 685 5442 Vossii
732 5391 989 5445 Historia:
1041 5392 1357 5459 Pelagiana;
1408 5392 1505 5445 lib.
1551 5408 1645 5455 vii,
1695 5397 1839 5459 part.

157 5470 217 5515 iv.
242 5465 379 5533 tom.
417 5460 487 5512 Vl
519 5460 794 5533 Operum,
828 5477 960 5530 pag.
1004 5464 1106 5515 812
1140 5479 1258 5533 seq.
1294 5463 1373 5516 Ad
1410 5463 1617 5515 Usserii
1650 5469 1841 5515 tamen

156 5532 413 5603 accedunt
442 5531 792 5584 sententiam
830 5539 1036 5601 praeter
1072 5531 1385 5587 Gilbertum
1417 5534 1743 5603 Magninum
1783 5534 1840 5587 in

158 5594 411 5653 V'iudiciis
442 5594 968 5670 przedestinatioiiis
998 5610 1055 5658 et
1083 5604 1283 5675 gratiae
1328 5611 1385 5657 et
1424 5594 1650 5674 Sylloge
1699 5604 1842 5658 scri-

1966 4896 2119 4960 1650,
2149 4895 2226 4957 4ο,
2261 4896 2302 4946 11
2331 4895 2440 4947 vol.
2477 4900 2534 4947 et
2564 4895 2863 4947 cardinalis
2896 4894 3173 4960 Norisius,
3200 4896 3360 4957 cujus
3394 4891 3657 4963 synopsis

1962 4965 2215 5017 historia:
2248 4965 2792 5019 Gottheschalcianm
2822 4966 3033 5035 prodiit
3063 4971 3202 5018 tom.
3238 4965 3303 5017 IV
3340 4962 3463 5033 ers
3506 4962 3654 5031 Ope-

1954 5051 2107 5099 rum,
2137 5052 2192 5103 p.
2229 5038 2354 5096 681,
2384 5039 2509 5103 720,
2547 5042 2804 5102 Veronae,
2840 5039 2993 5101 1732,
3026 5036 3123 5089 fol.

2025 5106 2093 5175 (ο)
2120 5106 2379 5175 Suspicio
2415 5120 2498 5161 est
2540 5108 2608 5159 ab
2644 5108 2753 5160 hoc
2789 5108 3105 5177 Fiilgentio,
3154 5106 3225 5160 ad
3275 5104 3436 5177 cujus
3472 5103 3654 5177 libros

1952 5181 2068 5248 tam
2132 5174 2355 5231 fortiter
2409 5184 2693 5248 provocat,
2754 5174 3184 5232 Gottbeschalco
3230 5176 3501 5248 Fulgentii
3533 5174 3651 5226 INB-

1952 5246 2091 5301 sisse
2151 5246 2618 5317 cognomentum,
2686 5250 2819 5303 licet
2884 5249 2981 5302 alii
3040 5246 3650 5317 dicantappellatum,

1952 5319 2105 5387 quod
2139 5316 2257 5381 ipse
2294 5336 2407 5388 prie
2440 5321 2564 5372 aliis
2596 5316 2829 5389 ingenio
2882 5326 2938 5373 et
2988 5316 3452 5389 litterisqfulgere
3498 5316 3651 5389 visus

1952 5397 2118 5441 esset.
2154 5387 2566 5443 Vide’Caveum
2596 5387 2930 5444 iii—Historia
2981 5388 3255 5442 litteraria
3296 5387 3352 5441 S.
3404 5388 3487 5453 E.;
3519 5388 3648 5440 Cas-

1950 5461 2566 5583 parené7S()agittai'ium,
2598 5462 2909 5517 introduct.
2952 5460 3012 5513 in
3044 5461 3183 5513 llist.
3237 5458 3467 5524 Eccles.,
3505 5464 3646 5513 tom.

1979 5573 1991 5583 .
2026 5547 2081 5583 Ο.
2255 5549 2375 5583 880.

1979 5573 1992 5599 ,
2024 5547 2081 5602 p.
2120 5534 2222 5585 970
2255 5549 2375 5604 seq.
