  <div class='ocr_page' id='page_1' title='image "/cluster/home/n/w/nwhite01/storage/ocr_20150623/121/hvd.32044054759832/179.png"; bbox 0 0 4086 6182; ppageno 0'>
   <div class='ocr_carea' id='block_1_1' title="bbox 376 302 479 355">
    <p class='ocr_par' dir='ltr' id='par_1_1' title="bbox 376 302 479 355">
     <span class='ocr_line' id='line_1_1' title="bbox 376 302 479 355; baseline 0 0"><span class='ocrx_word' id='word_1_1' title='bbox 376 302 479 355; x_wconf 81' lang='grc'><strong><em>347</em></strong></span> 
     </span>
    </p>
   </div>
   <div class='ocr_carea' id='block_1_2' title="bbox 378 431 1873 504">
    <p class='ocr_par' dir='ltr' id='par_1_2' title="bbox 378 431 1873 504">
     <span class='ocr_line' id='line_1_2' title="bbox 378 431 1873 504; baseline -0.001 -16"><span class='ocrx_word' id='word_1_2' title='bbox 378 450 743 504; x_wconf 85' lang='lat' dir='ltr'><strong><em>quemcunque</em></strong></span> <span class='ocrx_word' id='word_1_3' title='bbox 801 433 1077 486; x_wconf 90' lang='lat' dir='ltr'><strong><em>contraria</em></strong></span> <span class='ocrx_word' id='word_1_4' title='bbox 1155 431 1528 498; x_wconf 79' lang='lat' dir='ltr'><strong><em>dogmatizare</em></strong></span> <span class='ocrx_word' id='word_1_5' title='bbox 1600 447 1873 500; x_wconf 86' lang='lat' dir='ltr'><strong><em>cognosco,</em></strong></span> 
     </span>
    </p>
   </div>
   <div class='ocr_carea' id='block_1_3' title="bbox 377 504 2069 576">
    <p class='ocr_par' dir='ltr' id='par_1_3' title="bbox 377 504 2069 576">
     <span class='ocr_line' id='line_1_3' title="bbox 377 504 2069 576; baseline -0.001 -17"><span class='ocrx_word' id='word_1_6' title='bbox 377 522 541 576; x_wconf 90' lang='lat' dir='ltr'><strong><em>quam</em></strong></span> <span class='ocrx_word' id='word_1_7' title='bbox 591 512 789 576; x_wconf 81' lang='lat' dir='ltr'><strong><em>pestem</em></strong></span> <span class='ocrx_word' id='word_1_8' title='bbox 838 505 993 576; x_wconf 78' lang='lat' dir='ltr'><strong><em>fugio</em></strong></span> <span class='ocrx_word' id='word_1_9' title='bbox 1050 507 1099 555; x_wconf 89' lang='lat' dir='ltr'><strong><em>et</em></strong></span> <span class='ocrx_word' id='word_1_10' title='bbox 1152 508 1414 576; x_wconf 82' lang='lat' dir='ltr'><strong><em>tanquam</em></strong></span> <span class='ocrx_word' id='word_1_11' title='bbox 1476 505 1784 576; x_wconf 72' lang='lat' dir='ltr'><strong><em>haereticum</em></strong></span> <span class='ocrx_word' id='word_1_12' title='bbox 1850 504 2069 571; x_wconf 83' lang='lat' dir='ltr'><strong><em>abjicio.</em></strong></span> 
     </span>
    </p>
   </div>
   <div class='ocr_carea' id='block_1_4' title="bbox 298 573 2068 645">
    <p class='ocr_par' dir='ltr' id='par_1_4' title="bbox 298 573 2068 645">
     <span class='ocr_line' id='line_1_4' title="bbox 298 573 2068 645; baseline -0.001 -15"><span class='ocrx_word' id='word_1_13' title='bbox 298 576 303 579; x_wconf 80' lang='grc'><em>’</em></span> <span class='ocrx_word' id='word_1_14' title='bbox 378 573 443 630; x_wconf 81' lang='lat' dir='ltr'><strong><em>Et</em></strong></span> <span class='ocrx_word' id='word_1_15' title='bbox 474 592 601 645; x_wconf 85' lang='lat' dir='ltr'><strong><em>pag.</em></strong></span> <span class='ocrx_word' id='word_1_16' title='bbox 651 575 772 636; x_wconf 83' lang='grc'>354,</span> <span class='ocrx_word' id='word_1_17' title='bbox 820 574 891 626; x_wconf 90' lang='lat' dir='ltr'><strong><em>ad</em></strong></span> <span class='ocrx_word' id='word_1_18' title='bbox 939 575 1115 626; x_wconf 91' lang='lat' dir='ltr'><strong><em>Deum</em></strong></span> <span class='ocrx_word' id='word_1_19' title='bbox 1152 573 1339 643; x_wconf 84' lang='lat' dir='ltr'><strong><em>ipsum</em></strong></span> <span class='ocrx_word' id='word_1_20' title='bbox 1388 582 1659 642; x_wconf 87' lang='lat' dir='ltr'><strong><em>provocat</em></strong></span> <span class='ocrx_word' id='word_1_21' title='bbox 1706 575 1795 628; x_wconf 90' lang='lat' dir='ltr'><strong><em>his</em></strong></span> <span class='ocrx_word' id='word_1_22' title='bbox 1841 576 2068 629; x_wconf 82' lang='lat' dir='ltr'><strong><em>verbis:</em></strong></span> 
     </span>
    </p>
   </div>
   <div class='ocr_carea' id='block_1_5' title="bbox 375 645 2074 715">
    <p class='ocr_par' dir='ltr' id='par_1_5' title="bbox 375 645 2074 715">
     <span class='ocr_line' id='line_1_5' title="bbox 375 645 2074 715; baseline -0.002 -13"><span class='ocrx_word' id='word_1_23' title='bbox 375 649 554 714; x_wconf 81' lang='lat' dir='ltr'><strong><em>Atque</em></strong></span> <span class='ocrx_word' id='word_1_24' title='bbox 583 649 792 697; x_wconf 88' lang='lat' dir='ltr'><strong><em>utinam</em></strong></span> <span class='ocrx_word' id='word_1_25' title='bbox 822 646 1055 712; x_wconf 83' lang='lat' dir='ltr'><strong><em>placeret</em></strong></span> <span class='ocrx_word' id='word_1_26' title='bbox 1102 645 1220 707; x_wconf 89' lang='lat' dir='ltr'><strong><em>tibi,</em></strong></span> <span class='ocrx_word' id='word_1_27' title='bbox 1273 647 1821 712; x_wconf 79' lang='lat' dir='ltr'><strong><em>cunetipotentissime</em></strong></span> <span class='ocrx_word' id='word_1_28' title='bbox 1862 650 2074 715; x_wconf 87' lang='lat' dir='ltr'><strong><em>pariter</em></strong></span> 
     </span>
    </p>
   </div>
   <div class='ocr_carea' id='block_1_6' title="bbox 375 717 2070 783">
    <p class='ocr_par' dir='ltr' id='par_1_6' title="bbox 375 717 2070 783">
     <span class='ocr_line' id='line_1_6' title="bbox 375 717 2070 783; baseline -0.001 -13"><span class='ocrx_word' id='word_1_29' title='bbox 375 733 437 770; x_wconf 91' lang='lat' dir='ltr'><strong><em>ac</em></strong></span> <span class='ocrx_word' id='word_1_30' title='bbox 466 718 869 769; x_wconf 86' lang='lat' dir='ltr'><strong><em>clementissime</em></strong></span> <span class='ocrx_word' id='word_1_31' title='bbox 902 720 1142 779; x_wconf 82' lang='lat' dir='ltr'><strong><em>Domine,</em></strong></span> <span class='ocrx_word' id='word_1_32' title='bbox 1172 721 1232 769; x_wconf 93' lang='lat' dir='ltr'><strong><em>ut</em></strong></span> <span class='ocrx_word' id='word_1_33' title='bbox 1261 720 1401 769; x_wconf 80' lang='lat' dir='ltr'><strong><em>sicut</em></strong></span> <span class='ocrx_word' id='word_1_34' title='bbox 1433 720 1491 768; x_wconf 87' lang='lat' dir='ltr'><strong><em>in</em></strong></span> <span class='ocrx_word' id='word_1_35' title='bbox 1520 722 1567 768; x_wconf 90' lang='lat' dir='ltr'><strong><em>te</em></strong></span> <span class='ocrx_word' id='word_1_36' title='bbox 1595 717 1751 770; x_wconf 87' lang='lat' dir='ltr'><strong><em>credo</em></strong></span> <span class='ocrx_word' id='word_1_37' title='bbox 1798 723 1849 771; x_wconf 89' lang='lat' dir='ltr'><strong><em>et</em></strong></span> <span class='ocrx_word' id='word_1_38' title='bbox 1894 733 2070 783; x_wconf 86' lang='lat' dir='ltr'><strong><em>spero,</em></strong></span> 
     </span>
    </p>
   </div>
   <div class='ocr_carea' id='block_1_7' title="bbox 373 787 2072 855">
    <p class='ocr_par' dir='ltr' id='par_1_7' title="bbox 373 787 2072 855">
     <span class='ocr_line' id='line_1_7' title="bbox 373 787 2072 855; baseline 0.001 -16"><span class='ocrx_word' id='word_1_39' title='bbox 373 788 500 839; x_wconf 88' lang='lat' dir='ltr'><strong><em>dato</em></strong></span> <span class='ocrx_word' id='word_1_40' title='bbox 528 788 664 839; x_wconf 88' lang='lat' dir='ltr'><strong><em>mihi</em></strong></span> <span class='ocrx_word' id='word_1_41' title='bbox 692 789 868 853; x_wconf 87' lang='lat' dir='ltr'><strong><em>gratis</em></strong></span> <span class='ocrx_word' id='word_1_42' title='bbox 897 802 1070 854; x_wconf 80' lang='lat' dir='ltr'><strong><em>posse,</em></strong></span> <span class='ocrx_word' id='word_1_43' title='bbox 1110 792 1270 855; x_wconf 88' lang='lat' dir='ltr'><strong><em>prout</em></strong></span> <span class='ocrx_word' id='word_1_44' title='bbox 1306 787 1638 855; x_wconf 84' lang='lat' dir='ltr'><strong><em>jamdudum</em></strong></span> <span class='ocrx_word' id='word_1_45' title='bbox 1689 787 1822 840; x_wconf 88' lang='lat' dir='ltr'><strong><em>dare</em></strong></span> <span class='ocrx_word' id='word_1_46' title='bbox 1866 788 2072 855; x_wconf 84' lang='lat' dir='ltr'><strong><em>digna-</em></strong></span> 
     </span>
    </p>
   </div>
   <div class='ocr_carea' id='block_1_8' title="bbox 374 858 2072 925">
    <p class='ocr_par' dir='ltr' id='par_1_8' title="bbox 374 858 2072 925">
     <span class='ocr_line' id='line_1_8' title="bbox 374 858 2072 925; baseline 0.001 -15"><span class='ocrx_word' id='word_1_47' title='bbox 374 864 458 911; x_wconf 91' lang='lat' dir='ltr'><strong><em>tus</em></strong></span> <span class='ocrx_word' id='word_1_48' title='bbox 501 872 573 922; x_wconf 89' lang='lat' dir='ltr'><strong><em>es,</em></strong></span> <span class='ocrx_word' id='word_1_49' title='bbox 624 863 673 910; x_wconf 88' lang='lat' dir='ltr'><strong><em>et</em></strong></span> <span class='ocrx_word' id='word_1_50' title='bbox 716 858 848 910; x_wconf 89' lang='lat' dir='ltr'><strong><em>dare</em></strong></span> <span class='ocrx_word' id='word_1_51' title='bbox 893 858 1134 925; x_wconf 81' lang='lat' dir='ltr'><strong><em>quotidie</em></strong></span> <span class='ocrx_word' id='word_1_52' title='bbox 1174 858 1425 925; x_wconf 83' lang='lat' dir='ltr'><strong><em>dignaris</em></strong></span> <span class='ocrx_word' id='word_1_53' title='bbox 1469 862 1632 910; x_wconf 82' lang='lat' dir='ltr'><strong><em>etiam</em></strong></span> <span class='ocrx_word' id='word_1_54' title='bbox 1684 859 1813 911; x_wconf 86' lang='lat' dir='ltr'><strong><em>velle</em></strong></span> <span class='ocrx_word' id='word_1_55' title='bbox 1845 873 1856 911; x_wconf 90' lang='lat'>:</span> <span class='ocrx_word' id='word_1_56' title='bbox 1892 874 2072 912; x_wconf 89' lang='lat' dir='ltr'><strong><em>coram</em></strong></span> 
     </span>
    </p>
   </div>
   <div class='ocr_carea' id='block_1_9' title="bbox 370 928 2069 996">
    <p class='ocr_par' dir='ltr' id='par_1_9' title="bbox 370 928 2069 996">
     <span class='ocr_line' id='line_1_9' title="bbox 370 928 2069 996; baseline 0 -15"><span class='ocrx_word' id='word_1_57' title='bbox 370 928 612 996; x_wconf 84' lang='lat' dir='ltr'><strong><em>undique</em></strong></span> <span class='ocrx_word' id='word_1_58' title='bbox 663 930 829 981; x_wconf 84' lang='lat' dir='ltr'><strong><em>electa</em></strong></span> <span class='ocrx_word' id='word_1_59' title='bbox 877 930 1199 996; x_wconf 88' lang='lat' dir='ltr'><strong><em>populorum</em></strong></span> <span class='ocrx_word' id='word_1_60' title='bbox 1248 933 1295 981; x_wconf 85' lang='lat' dir='ltr'><strong><em>te</em></strong></span> <span class='ocrx_word' id='word_1_61' title='bbox 1349 931 1652 981; x_wconf 75' lang='lat' dir='ltr'><strong><em>timentium</em></strong></span> <span class='ocrx_word' id='word_1_62' title='bbox 1702 930 2069 993; x_wconf 80' lang='lat' dir='ltr'><strong><em>multitudine,</em></strong></span> 
     </span>
    </p>
   </div>
   <div class='ocr_carea' id='block_1_10' title="bbox 366 1000 2073 1068">
    <p class='ocr_par' dir='ltr' id='par_1_10' title="bbox 366 1000 2073 1068">
     <span class='ocr_line' id='line_1_10' title="bbox 366 1000 2073 1068; baseline 0.004 -19"><span class='ocrx_word' id='word_1_63' title='bbox 366 1001 628 1068; x_wconf 56' lang='lat' dir='ltr'><strong><em>presenti</em></strong></span> <span class='ocrx_word' id='word_1_64' title='bbox 652 1001 816 1051; x_wconf 87' lang='lat' dir='ltr'><strong><em>etiam</em></strong></span> <span class='ocrx_word' id='word_1_65' title='bbox 842 1002 1001 1052; x_wconf 85' lang='lat' dir='ltr'><strong><em>istius</em></strong></span> <span class='ocrx_word' id='word_1_66' title='bbox 1030 1002 1187 1066; x_wconf 82' lang='lat' dir='ltr'><strong><em>regni</em></strong></span> <span class='ocrx_word' id='word_1_67' title='bbox 1217 1002 1471 1067; x_wconf 82' lang='lat' dir='ltr'><strong><em>principe</em></strong></span> <span class='ocrx_word' id='word_1_68' title='bbox 1504 1000 1573 1068; x_wconf 75' lang='grc' dir='ltr'><strong><em>(α)</em></strong></span> <span class='ocrx_word' id='word_1_69' title='bbox 1606 1015 1721 1052; x_wconf 89' lang='lat' dir='ltr'><strong><em>cum</em></strong></span> <span class='ocrx_word' id='word_1_70' title='bbox 1761 1003 2073 1068; x_wconf 77' lang='lat' dir='ltr'><strong><em>pontificum</em></strong></span> 
     </span>
    </p>
   </div>
   <div class='ocr_carea' id='block_1_11' title="bbox 372 1070 2073 1138">
    <p class='ocr_par' dir='ltr' id='par_1_11' title="bbox 372 1070 2073 1138">
     <span class='ocr_line' id='line_1_11' title="bbox 372 1070 2073 1138; baseline 0 -15"><span class='ocrx_word' id='word_1_71' title='bbox 372 1076 421 1124; x_wconf 90' lang='lat' dir='ltr'><strong><em>et</em></strong></span> <span class='ocrx_word' id='word_1_72' title='bbox 470 1070 831 1132; x_wconf 88' lang='lat' dir='ltr'><strong><em>sacerdotum,</em></strong></span> <span class='ocrx_word' id='word_1_73' title='bbox 881 1073 1367 1138; x_wconf 76' lang='lat' dir='ltr'><strong><em>monachorumque</em></strong></span> <span class='ocrx_word' id='word_1_74' title='bbox 1416 1086 1508 1123; x_wconf 91' lang='lat' dir='ltr'><strong><em>seu</em></strong></span> <span class='ocrx_word' id='word_1_75' title='bbox 1548 1074 1927 1124; x_wconf 83' lang='lat' dir='ltr'><strong><em>canonicorum</em></strong></span> <span class='ocrx_word' id='word_1_76' title='bbox 1984 1088 2073 1125; x_wconf 76' lang='lat' dir='ltr'><strong><em>ve-</em></strong></span> 
     </span>
    </p>
   </div>
   <div class='ocr_carea' id='block_1_12' title="bbox 373 1141 2073 1208">
    <p class='ocr_par' dir='ltr' id='par_1_12' title="bbox 373 1141 2073 1208">
     <span class='ocr_line' id='line_1_12' title="bbox 373 1141 2073 1208; baseline 0.001 -14"><span class='ocrx_word' id='word_1_77' title='bbox 373 1141 608 1195; x_wconf 87' lang='lat' dir='ltr'><strong><em>nerabili</em></strong></span> <span class='ocrx_word' id='word_1_78' title='bbox 664 1142 827 1194; x_wconf 85' lang='lat' dir='ltr'><strong><em>simul</em></strong></span> <span class='ocrx_word' id='word_1_79' title='bbox 880 1144 1118 1208; x_wconf 80' lang='lat' dir='ltr'><strong><em>agmine,</em></strong></span> <span class='ocrx_word' id='word_1_80' title='bbox 1176 1142 1549 1195; x_wconf 84' lang='lat' dir='ltr'><strong><em>concederetur</em></strong></span> <span class='ocrx_word' id='word_1_81' title='bbox 1600 1143 1758 1206; x_wconf 82' lang='lat' dir='ltr'><strong><em>mihi,</em></strong></span> <span class='ocrx_word' id='word_1_82' title='bbox 1807 1144 1859 1195; x_wconf 97' lang='lat' dir='ltr'><strong><em>si</em></strong></span> <span class='ocrx_word' id='word_1_83' title='bbox 1925 1158 2073 1197; x_wconf 87' lang='lat' dir='ltr'><strong><em>secus</em></strong></span> 
     </span>
    </p>
   </div>
   <div class='ocr_carea' id='block_1_13' title="bbox 374 1212 2073 1279">
    <p class='ocr_par' dir='ltr' id='par_1_13' title="bbox 374 1212 2073 1279">
     <span class='ocr_line' id='line_1_13' title="bbox 374 1212 2073 1279; baseline 0.001 -14"><span class='ocrx_word' id='word_1_84' title='bbox 374 1212 514 1265; x_wconf 83' lang='lat' dir='ltr'><strong><em>hanc</em></strong></span> <span class='ocrx_word' id='word_1_85' title='bbox 545 1212 821 1265; x_wconf 68' lang='lat' dir='ltr'><strong><em>catholicae</em></strong></span> <span class='ocrx_word' id='word_1_86' title='bbox 866 1212 996 1279; x_wconf 84' lang='lat' dir='ltr'><strong><em>ﬁdei</em></strong></span> <span class='ocrx_word' id='word_1_87' title='bbox 1038 1212 1102 1265; x_wconf 90' lang='lat' dir='ltr'><strong><em>de</em></strong></span> <span class='ocrx_word' id='word_1_88' title='bbox 1130 1212 1603 1279; x_wconf 33' lang='lat' dir='ltr'><strong><em>prwdr‘vstinatione</em></strong></span> <span class='ocrx_word' id='word_1_89' title='bbox 1657 1217 1750 1265; x_wconf 88' lang='lat' dir='ltr'><strong><em>tua</em></strong></span> <span class='ocrx_word' id='word_1_90' title='bbox 1794 1215 2073 1267; x_wconf 80' lang='lat' dir='ltr'><strong><em>veritatem</em></strong></span> 
     </span>
    </p>
   </div>
   <div class='ocr_carea' id='block_1_14' title="bbox 372 1282 2075 1352">
    <p class='ocr_par' dir='ltr' id='par_1_14' title="bbox 372 1282 2075 1352">
     <span class='ocr_line' id='line_1_14' title="bbox 372 1282 2075 1352; baseline 0.001 -16"><span class='ocrx_word' id='word_1_91' title='bbox 372 1284 573 1336; x_wconf 88' lang='lat' dir='ltr'><strong><em>nollent</em></strong></span> <span class='ocrx_word' id='word_1_92' title='bbox 603 1282 858 1351; x_wconf 79' lang='lat' dir='ltr'><strong><em>recipere,</em></strong></span> <span class='ocrx_word' id='word_1_93' title='bbox 886 1287 945 1334; x_wconf 89' lang='lat' dir='ltr'><strong><em>ut</em></strong></span> <span class='ocrx_word' id='word_1_94' title='bbox 974 1287 1077 1335; x_wconf 85' lang='lat' dir='ltr'><strong><em>isto</em></strong></span> <span class='ocrx_word' id='word_1_95' title='bbox 1125 1299 1228 1352; x_wconf 87' lang='lat' dir='ltr'><strong><em>quo</em></strong></span> <span class='ocrx_word' id='word_1_96' title='bbox 1277 1283 1521 1336; x_wconf 82' lang='lat' dir='ltr'><strong><em>dicturus</em></strong></span> <span class='ocrx_word' id='word_1_97' title='bbox 1559 1298 1702 1346; x_wconf 91' lang='lat' dir='ltr'><strong><em>sum,</em></strong></span> <span class='ocrx_word' id='word_1_98' title='bbox 1734 1285 1951 1348; x_wconf 82' lang='lat' dir='ltr'><strong><em>favente</em></strong></span> <span class='ocrx_word' id='word_1_99' title='bbox 1982 1291 2075 1337; x_wconf 92' lang='lat' dir='ltr'><strong><em>tua</em></strong></span> 
     </span>
    </p>
   </div>
   <div class='ocr_carea' id='block_1_15' title="bbox 374 1354 2067 1422">
    <p class='ocr_par' dir='ltr' id='par_1_15' title="bbox 374 1354 2067 1422">
     <span class='ocr_line' id='line_1_15' title="bbox 374 1354 2067 1422; baseline 0.001 -16"><span class='ocrx_word' id='word_1_100' title='bbox 374 1356 577 1421; x_wconf 84' lang='lat' dir='ltr'><strong><em>gratia.</em></strong></span> <span class='ocrx_word' id='word_1_101' title='bbox 612 1354 673 1406; x_wconf 86' lang='lat' dir='ltr'><strong><em>id</em></strong></span> <span class='ocrx_word' id='word_1_102' title='bbox 701 1354 1080 1422; x_wconf 88' lang='lat' dir='ltr'><strong><em>approbarem,</em></strong></span> <span class='ocrx_word' id='word_1_103' title='bbox 1122 1355 1457 1407; x_wconf 85' lang='lat' dir='ltr'><strong><em>cernentibus</em></strong></span> <span class='ocrx_word' id='word_1_104' title='bbox 1497 1356 1724 1418; x_wconf 87' lang='lat' dir='ltr'><strong><em>cunctis,</em></strong></span> <span class='ocrx_word' id='word_1_105' title='bbox 1766 1358 2015 1407; x_wconf 59' lang='lat' dir='ltr'><strong><em>eaamine</em></strong></span> <span class='ocrx_word' id='word_1_106' title='bbox 2055 1370 2067 1408; x_wconf 91' lang='lat'><strong><em>:</em></strong></span> 
     </span>
    </p>
   </div>
   <div class='ocr_carea' id='block_1_16' title="bbox 373 1424 2068 1494">
    <p class='ocr_par' dir='ltr' id='par_1_16' title="bbox 373 1424 2068 1494">
     <span class='ocr_line' id='line_1_16' title="bbox 373 1424 2068 1494; baseline 0.001 -17"><span class='ocrx_word' id='word_1_107' title='bbox 373 1430 435 1477; x_wconf 89' lang='lat' dir='ltr'><strong><em>ut</em></strong></span> <span class='ocrx_word' id='word_1_108' title='bbox 462 1424 706 1477; x_wconf 86' lang='lat' dir='ltr'><strong><em>videlicet</em></strong></span> <span class='ocrx_word' id='word_1_109' title='bbox 735 1430 980 1493; x_wconf 80' lang='lat' dir='ltr'><strong><em>quatuor</em></strong></span> <span class='ocrx_word' id='word_1_110' title='bbox 1012 1424 1177 1476; x_wconf 88' lang='lat' dir='ltr'><strong><em>doliis</em></strong></span> <span class='ocrx_word' id='word_1_111' title='bbox 1223 1425 1291 1493; x_wconf 89' lang='lat' dir='ltr'><strong><em>(b)</em></strong></span> <span class='ocrx_word' id='word_1_112' title='bbox 1327 1442 1438 1476; x_wconf 89' lang='lat' dir='ltr'><strong><em>uno</em></strong></span> <span class='ocrx_word' id='word_1_113' title='bbox 1480 1431 1606 1492; x_wconf 89' lang='lat' dir='ltr'><strong><em>post</em></strong></span> <span class='ocrx_word' id='word_1_114' title='bbox 1638 1440 1815 1477; x_wconf 90' lang='lat' dir='ltr'><strong><em>unum</em></strong></span> <span class='ocrx_word' id='word_1_115' title='bbox 1855 1429 2068 1494; x_wconf 79' lang='lat' dir='ltr'><strong><em>positis,</em></strong></span> 
     </span>
    </p>
   </div>
   <div class='ocr_carea' id='block_1_17' title="bbox 374 1497 2108 1564">
    <p class='ocr_par' dir='ltr' id='par_1_17' title="bbox 374 1497 2108 1564">
     <span class='ocr_line' id='line_1_17' title="bbox 374 1497 2108 1564; baseline 0.002 -17"><span class='ocrx_word' id='word_1_116' title='bbox 374 1500 537 1563; x_wconf 90' lang='lat' dir='ltr'><strong><em>atque</em></strong></span> <span class='ocrx_word' id='word_1_117' title='bbox 564 1498 801 1560; x_wconf 80' lang='lat' dir='ltr'><strong><em>ferventi</em></strong></span> <span class='ocrx_word' id='word_1_118' title='bbox 843 1497 1166 1561; x_wconf 82' lang='lat' dir='ltr'><strong><em>singillatim</em></strong></span> <span class='ocrx_word' id='word_1_119' title='bbox 1215 1498 1433 1562; x_wconf 86' lang='lat' dir='ltr'><strong><em>repletis</em></strong></span> <span class='ocrx_word' id='word_1_120' title='bbox 1484 1512 1653 1563; x_wconf 86' lang='lat' dir='ltr'><strong><em>aqua,</em></strong></span> <span class='ocrx_word' id='word_1_121' title='bbox 1708 1497 1832 1548; x_wconf 91' lang='lat' dir='ltr'><strong><em>oleo</em></strong></span> <span class='ocrx_word' id='word_1_122' title='bbox 1882 1500 2108 1564; x_wconf 37' lang='lat' dir='ltr'><strong><em>pingui.</em></strong></span> 
     </span>
    </p>
   </div>
   <div class='ocr_carea' id='block_1_18' title="bbox 375 1566 2070 1636">
    <p class='ocr_par' dir='ltr' id='par_1_18' title="bbox 375 1566 2070 1636">
     <span class='ocr_line' id='line_1_18' title="bbox 375 1566 2070 1636; baseline 0.001 -18"><span class='ocrx_word' id='word_1_123' title='bbox 375 1571 422 1618; x_wconf 90' lang='lat' dir='ltr'><strong><em>et</em></strong></span> <span class='ocrx_word' id='word_1_124' title='bbox 452 1566 592 1636; x_wconf 79' lang='grc' dir='ltr'><strong><em>ρὶορ,</em></strong></span> <span class='ocrx_word' id='word_1_125' title='bbox 627 1571 675 1620; x_wconf 88' lang='lat' dir='ltr'><strong><em>et</em></strong></span> <span class='ocrx_word' id='word_1_126' title='bbox 706 1566 779 1617; x_wconf 89' lang='lat' dir='ltr'><strong><em>ad</em></strong></span> <span class='ocrx_word' id='word_1_127' title='bbox 805 1567 1054 1619; x_wconf 91' lang='lat' dir='ltr'><strong><em>ultimum</em></strong></span> <span class='ocrx_word' id='word_1_128' title='bbox 1088 1582 1304 1619; x_wconf 87' lang='lat' dir='ltr'><strong><em>accenso</em></strong></span> <span class='ocrx_word' id='word_1_129' title='bbox 1351 1568 1714 1634; x_wconf 84' lang='lat' dir='ltr'><strong><em>copiosissimo</em></strong></span> <span class='ocrx_word' id='word_1_130' title='bbox 1758 1568 1910 1636; x_wconf 84' lang='lat' dir='ltr'><strong><em>igne,</em></strong></span> <span class='ocrx_word' id='word_1_131' title='bbox 1946 1569 2070 1620; x_wconf 85' lang='lat' dir='ltr'><strong><em>lice-</em></strong></span> 
     </span>
    </p>
   </div>
   <div class='ocr_carea' id='block_1_19' title="bbox 374 1638 2071 1707">
    <p class='ocr_par' dir='ltr' id='par_1_19' title="bbox 374 1638 2071 1707">
     <span class='ocr_line' id='line_1_19' title="bbox 374 1638 2071 1707; baseline 0.001 -18"><span class='ocrx_word' id='word_1_132' title='bbox 374 1643 456 1689; x_wconf 84' lang='lat' dir='ltr'><strong><em>ret</em></strong></span> <span class='ocrx_word' id='word_1_133' title='bbox 502 1638 655 1703; x_wconf 84' lang='lat' dir='ltr'><strong><em>mihi,</em></strong></span> <span class='ocrx_word' id='word_1_134' title='bbox 710 1639 952 1690; x_wconf 77' lang='lat' dir='ltr'><strong><em>invocato</em></strong></span> <span class='ocrx_word' id='word_1_135' title='bbox 993 1639 1377 1701; x_wconf 87' lang='lat' dir='ltr'><strong><em>gloriosissimo</em></strong></span> <span class='ocrx_word' id='word_1_136' title='bbox 1417 1640 1629 1689; x_wconf 88' lang='lat' dir='ltr'><strong><em>nomine</em></strong></span> <span class='ocrx_word' id='word_1_137' title='bbox 1676 1643 1786 1703; x_wconf 86' lang='lat' dir='ltr'><strong><em>tuo,</em></strong></span> <span class='ocrx_word' id='word_1_138' title='bbox 1834 1638 1908 1690; x_wconf 85' lang='lat' dir='ltr'><strong><em>ad</em></strong></span> <span class='ocrx_word' id='word_1_139' title='bbox 1965 1655 2071 1707; x_wconf 90' lang='lat' dir='ltr'><strong><em>ap—</em></strong></span> 
     </span>
    </p>
   </div>
   <div class='ocr_carea' id='block_1_20' title="bbox 368 1708 2152 1789">
    <p class='ocr_par' dir='ltr' id='par_1_20' title="bbox 368 1708 2152 1789">
     <span class='ocr_line' id='line_1_20' title="bbox 368 1708 2152 1789; baseline 0.002 -30"><span class='ocrx_word' id='word_1_140' title='bbox 368 1708 713 1789; x_wconf 77' lang='lat' dir='ltr'><strong><em>probandam</em></strong></span> <span class='ocrx_word' id='word_1_141' title='bbox 747 1709 916 1789; x_wconf 31' lang='lat' dir='ltr'><strong><em>Ahanc.</em></strong></span> <span class='ocrx_word' id='word_1_142' title='bbox 938 1709 1107 1789; x_wconf 74' lang='lat' dir='ltr'><strong><em>ﬁdem</em></strong></span> <span class='ocrx_word' id='word_1_143' title='bbox 1146 1724 1339 1789; x_wconf 82' lang='lat' dir='ltr'><strong><em>meam,</em></strong></span> <span class='ocrx_word' id='word_1_144' title='bbox 1388 1709 1495 1760; x_wconf 91' lang='lat' dir='ltr'><strong><em>imo</em></strong></span> <span class='ocrx_word' id='word_1_145' title='bbox 1538 1708 1698 1789; x_wconf 76' lang='lat' dir='ltr'><strong><em>ﬁdem</em></strong></span> <span class='ocrx_word' id='word_1_146' title='bbox 1728 1710 2068 1789; x_wconf 75' lang='lat' dir='ltr'><strong><em>catholicam,</em></strong></span> <span class='ocrx_word' id='word_1_147' title='bbox 2110 1734 2152 1789; x_wconf 79' lang='grc' dir='ltr'><strong>Β</strong></span> 
     </span>
    </p>
   </div>
   <div class='ocr_carea' id='block_1_21' title="bbox 374 1778 2066 1846">
    <p class='ocr_par' dir='ltr' id='par_1_21' title="bbox 374 1778 2066 1846">
     <span class='ocr_line' id='line_1_21' title="bbox 374 1778 2066 1846; baseline 0.002 -16"><span class='ocrx_word' id='word_1_148' title='bbox 374 1780 432 1830; x_wconf 90' lang='lat' dir='ltr'><strong><em>in</em></strong></span> <span class='ocrx_word' id='word_1_149' title='bbox 474 1780 693 1844; x_wconf 90' lang='lat' dir='ltr'><strong><em>singula</em></strong></span> <span class='ocrx_word' id='word_1_150' title='bbox 739 1781 973 1832; x_wconf 86' lang='lat' dir='ltr'><strong><em>transire</em></strong></span> <span class='ocrx_word' id='word_1_151' title='bbox 1015 1778 1220 1831; x_wconf 89' lang='lat' dir='ltr'><strong><em>:donec</em></strong></span> <span class='ocrx_word' id='word_1_152' title='bbox 1258 1784 1308 1831; x_wconf 88' lang='lat' dir='ltr'><strong><em>te</em></strong></span> <span class='ocrx_word' id='word_1_153' title='bbox 1355 1782 1730 1846; x_wconf 69' lang='lat' dir='ltr'><strong><em>praeveniente,</em></strong></span> <span class='ocrx_word' id='word_1_154' title='bbox 1762 1782 2066 1846; x_wconf 87' lang='lat' dir='ltr'><strong><em>comitante,</em></strong></span> 
     </span>
    </p>
   </div>
   <div class='ocr_carea' id='block_1_22' title="bbox 374 1849 2074 1918">
    <p class='ocr_par' dir='ltr' id='par_1_22' title="bbox 374 1849 2074 1918">
     <span class='ocr_line' id='line_1_22' title="bbox 374 1849 2074 1918; baseline 0.001 -17"><span class='ocrx_word' id='word_1_155' title='bbox 374 1864 437 1901; x_wconf 90' lang='lat' dir='ltr'><strong><em>ac</em></strong></span> <span class='ocrx_word' id='word_1_156' title='bbox 483 1850 849 1917; x_wconf 85' lang='lat' dir='ltr'><strong><em>subsequente,</em></strong></span> <span class='ocrx_word' id='word_1_157' title='bbox 914 1849 1298 1916; x_wconf 67' lang='lat' dir='ltr'><strong><em>dexteramque</em></strong></span> <span class='ocrx_word' id='word_1_158' title='bbox 1350 1849 1619 1918; x_wconf 65' lang='lat' dir='ltr'><strong><em>praebente</em></strong></span> <span class='ocrx_word' id='word_1_159' title='bbox 1674 1865 1740 1904; x_wconf 90' lang='lat' dir='ltr'><strong><em>ac</em></strong></span> <span class='ocrx_word' id='word_1_160' title='bbox 1795 1852 2074 1904; x_wconf 89' lang='lat' dir='ltr'><strong><em>clementer</em></strong></span> 
     </span>
    </p>
   </div>
   <div class='ocr_carea' id='block_1_23' title="bbox 373 1919 2072 1988">
    <p class='ocr_par' dir='ltr' id='par_1_23' title="bbox 373 1919 2072 1988">
     <span class='ocr_line' id='line_1_23' title="bbox 373 1919 2072 1988; baseline 0.001 -15"><span class='ocrx_word' id='word_1_161' title='bbox 373 1919 623 1974; x_wconf 89' lang='lat' dir='ltr'><strong><em>educente</em></strong></span> <span class='ocrx_word' id='word_1_162' title='bbox 676 1921 909 1975; x_wconf 81' lang='lat' dir='ltr'><strong><em>valerem</em></strong></span> <span class='ocrx_word' id='word_1_163' title='bbox 956 1935 1135 1988; x_wconf 86' lang='lat' dir='ltr'><strong><em>sospes</em></strong></span> <span class='ocrx_word' id='word_1_164' title='bbox 1192 1923 1361 1980; x_wconf 67' lang='lat' dir='ltr'><strong><em>exire,</em></strong></span> <span class='ocrx_word' id='word_1_165' title='bbox 1412 1926 1680 1987; x_wconf 80' lang='lat' dir='ltr'><strong><em>quatenus</em></strong></span> <span class='ocrx_word' id='word_1_166' title='bbox 1726 1923 1781 1974; x_wconf 90' lang='lat' dir='ltr'><strong><em>in</em></strong></span> <span class='ocrx_word' id='word_1_167' title='bbox 1832 1923 2072 1975; x_wconf 87' lang='lat' dir='ltr'><strong><em>Ecclesia</em></strong></span> 
     </span>
    </p>
   </div>
   <div class='ocr_carea' id='block_1_24' title="bbox 374 1991 2071 2060">
    <p class='ocr_par' dir='ltr' id='par_1_24' title="bbox 374 1991 2071 2060">
     <span class='ocr_line' id='line_1_24' title="bbox 374 1991 2071 2060; baseline 0.002 -16"><span class='ocrx_word' id='word_1_168' title='bbox 374 1997 469 2045; x_wconf 92' lang='lat' dir='ltr'><strong><em>tua</em></strong></span> <span class='ocrx_word' id='word_1_169' title='bbox 530 1991 746 2044; x_wconf 87' lang='lat' dir='ltr'><strong><em>tandem</em></strong></span> <span class='ocrx_word' id='word_1_170' title='bbox 798 1991 1096 2059; x_wconf 82' lang='lat' dir='ltr'><strong><em>aliquando</em></strong></span> <span class='ocrx_word' id='word_1_171' title='bbox 1149 1993 1425 2044; x_wconf 72' lang='lat' dir='ltr'><strong><em>catholicae</em></strong></span> <span class='ocrx_word' id='word_1_172' title='bbox 1481 1993 1603 2043; x_wconf 84' lang='lat' dir='ltr'><strong><em>hinc</em></strong></span> <span class='ocrx_word' id='word_1_173' title='bbox 1662 1991 1795 2060; x_wconf 79' lang='lat' dir='ltr'><strong><em>ﬁdei</em></strong></span> <span class='ocrx_word' id='word_1_174' title='bbox 1847 1993 2071 2047; x_wconf 82' lang='lat' dir='ltr'><strong><em>claritas</em></strong></span> 
     </span>
    </p>
   </div>
   <div class='ocr_carea' id='block_1_25' title="bbox 374 2060 2071 2132">
    <p class='ocr_par' dir='ltr' id='par_1_25' title="bbox 374 2060 2071 2132">
     <span class='ocr_line' id='line_1_25' title="bbox 374 2060 2071 2132; baseline 0 -17"><span class='ocrx_word' id='word_1_175' title='bbox 374 2063 704 2125; x_wconf 88' lang='lat' dir='ltr'><strong><em>claresceret,</em></strong></span> <span class='ocrx_word' id='word_1_176' title='bbox 756 2067 804 2113; x_wconf 89' lang='lat' dir='ltr'><strong><em>et</em></strong></span> <span class='ocrx_word' id='word_1_177' title='bbox 846 2063 1070 2127; x_wconf 82' lang='lat' dir='ltr'><strong><em>falsitas</em></strong></span> <span class='ocrx_word' id='word_1_178' title='bbox 1119 2066 1467 2127; x_wconf 85' lang='lat' dir='ltr'><strong><em>evanesceret,</em></strong></span> <span class='ocrx_word' id='word_1_179' title='bbox 1520 2060 1763 2131; x_wconf 82' lang='lat' dir='ltr'><strong><em>ﬁdesque</em></strong></span> <span class='ocrx_word' id='word_1_180' title='bbox 1814 2063 2071 2132; x_wconf 85' lang='lat' dir='ltr'><strong><em>ﬁrmare—</em></strong></span> 
     </span>
    </p>
   </div>
   <div class='ocr_carea' id='block_1_26' title="bbox 377 2133 1149 2201">
    <p class='ocr_par' dir='ltr' id='par_1_26' title="bbox 377 2133 1149 2201">
     <span class='ocr_line' id='line_1_26' title="bbox 377 2133 1149 2201; baseline 0 -16"><span class='ocrx_word' id='word_1_181' title='bbox 377 2138 485 2195; x_wconf 89' lang='lat' dir='ltr'><strong><em>tur,</em></strong></span> <span class='ocrx_word' id='word_1_182' title='bbox 517 2137 567 2185; x_wconf 89' lang='lat' dir='ltr'><strong><em>et</em></strong></span> <span class='ocrx_word' id='word_1_183' title='bbox 593 2133 828 2201; x_wconf 81' lang='lat' dir='ltr'><strong><em>perﬁdia</em></strong></span> <span class='ocrx_word' id='word_1_184' title='bbox 862 2134 1149 2185; x_wconf 90' lang='lat' dir='ltr'><strong><em>vitaretur.</em></strong></span> 
     </span>
    </p>
   </div>
   <div class='ocr_carea' id='block_1_27' title="bbox 449 2203 2072 2272">
    <p class='ocr_par' dir='ltr' id='par_1_27' title="bbox 449 2203 2072 2272">
     <span class='ocr_line' id='line_1_27' title="bbox 449 2203 2072 2272; baseline 0.001 -17"><span class='ocrx_word' id='word_1_185' title='bbox 449 2203 579 2255; x_wconf 83' lang='lat' dir='ltr'><strong><em>Post</em></strong></span> <span class='ocrx_word' id='word_1_186' title='bbox 628 2204 935 2267; x_wconf 87' lang='lat' dir='ltr'><strong><em>Usserium,</em></strong></span> <span class='ocrx_word' id='word_1_187' title='bbox 997 2208 1286 2272; x_wconf 86' lang='lat' dir='ltr'><strong><em>utramque</em></strong></span> <span class='ocrx_word' id='word_1_188' title='bbox 1334 2203 1713 2257; x_wconf 89' lang='lat' dir='ltr'><strong><em>Gotteschalci</em></strong></span> <span class='ocrx_word' id='word_1_189' title='bbox 1762 2205 2072 2265; x_wconf 80' lang='lat' dir='ltr'><strong><em>Confessio-</em></strong></span> 
     </span>
    </p>
   </div>
   <div class='ocr_carea' id='block_1_28' title="bbox 375 2273 2071 2344">
    <p class='ocr_par' dir='ltr' id='par_1_28' title="bbox 375 2273 2071 2344">
     <span class='ocr_line' id='line_1_28' title="bbox 375 2273 2071 2344; baseline 0.001 -18"><span class='ocrx_word' id='word_1_190' title='bbox 375 2289 492 2327; x_wconf 90' lang='lat' dir='ltr'><strong><em>nem</em></strong></span> <span class='ocrx_word' id='word_1_191' title='bbox 536 2275 766 2327; x_wconf 80' lang='lat' dir='ltr'><strong><em>exhibet</em></strong></span> <span class='ocrx_word' id='word_1_192' title='bbox 809 2275 1093 2328; x_wconf 89' lang='lat' dir='ltr'><strong><em>Gilbertus</em></strong></span> <span class='ocrx_word' id='word_1_193' title='bbox 1141 2273 1481 2344; x_wconf 68' lang='lat' dir='ltr'><strong><em>Mainguinus</em></strong></span> <span class='ocrx_word' id='word_1_194' title='bbox 1527 2274 1595 2344; x_wconf 86' lang='lat' dir='ltr'><strong><em>(c)</em></strong></span> <span class='ocrx_word' id='word_1_195' title='bbox 1646 2276 1911 2327; x_wconf 84' lang='lat' dir='ltr'><strong><em>Veterum</em></strong></span> <span class='ocrx_word' id='word_1_196' title='bbox 1962 2292 2071 2328; x_wconf 64' lang='lat' dir='ltr'><strong><em>sa:-</em></strong></span> 
     </span>
    </p>
   </div>
   <div class='ocr_carea' id='block_1_29' title="bbox 375 2344 2072 2413">
    <p class='ocr_par' dir='ltr' id='par_1_29' title="bbox 375 2344 2072 2413">
     <span class='ocr_line' id='line_1_29' title="bbox 375 2344 2072 2413; baseline 0.002 -17"><span class='ocrx_word' id='word_1_197' title='bbox 375 2344 487 2397; x_wconf 92' lang='lat' dir='ltr'><strong><em>culi</em></strong></span> <span class='ocrx_word' id='word_1_198' title='bbox 543 2361 615 2411; x_wconf 85' lang='lat' dir='ltr'><strong><em>ix,</em></strong></span> <span class='ocrx_word' id='word_1_199' title='bbox 690 2344 1029 2413; x_wconf 86' lang='lat' dir='ltr'><strong><em>scriptorum</em></strong></span> <span class='ocrx_word' id='word_1_200' title='bbox 1088 2346 1156 2398; x_wconf 84' lang='lat' dir='ltr'><strong><em>de</em></strong></span> <span class='ocrx_word' id='word_1_201' title='bbox 1209 2345 1400 2399; x_wconf 81' lang='lat' dir='ltr'><strong><em>Gratia</em></strong></span> <span class='ocrx_word' id='word_1_202' title='bbox 1462 2351 1517 2399; x_wconf 90' lang='lat' dir='ltr'><strong><em>et</em></strong></span> <span class='ocrx_word' id='word_1_203' title='bbox 1570 2346 2072 2399; x_wconf 63' lang='lat' dir='ltr'><strong><em>Prasdestinatione</em></strong></span> 
     </span>
    </p>
   </div>
   <div class='ocr_carea' id='block_1_30' title="bbox 374 2416 2072 2485">
    <p class='ocr_par' dir='ltr' id='par_1_30' title="bbox 374 2416 2072 2485">
     <span class='ocr_line' id='line_1_30' title="bbox 374 2416 2072 2485; baseline 0.001 -18"><span class='ocrx_word' id='word_1_204' title='bbox 374 2420 515 2468; x_wconf 90' lang='lat' dir='ltr'><strong><em>tom.</em></strong></span> <span class='ocrx_word' id='word_1_205' title='bbox 550 2416 591 2481; x_wconf 91' lang='grc' dir='ltr'>Ι,</span> <span class='ocrx_word' id='word_1_206' title='bbox 627 2432 754 2485; x_wconf 88' lang='lat' dir='ltr'><strong><em>pag.</em></strong></span> <span class='ocrx_word' id='word_1_207' title='bbox 808 2420 954 2469; x_wconf 76' lang='lat'><strong><em>7-25.</em></strong></span> <span class='ocrx_word' id='word_1_208' title='bbox 1000 2416 1165 2485; x_wconf 84' lang='lat' dir='ltr'><strong><em>Apud</em></strong></span> <span class='ocrx_word' id='word_1_209' title='bbox 1213 2416 1479 2469; x_wconf 91' lang='lat' dir='ltr'><strong><em>eumdem</em></strong></span> <span class='ocrx_word' id='word_1_210' title='bbox 1529 2432 1659 2485; x_wconf 88' lang='lat' dir='ltr'><strong><em>pag.</em></strong></span> <span class='ocrx_word' id='word_1_211' title='bbox 1712 2421 1765 2482; x_wconf 87' lang='lat'><strong><em>6,</em></strong></span> <span class='ocrx_word' id='word_1_212' title='bbox 1813 2422 1869 2469; x_wconf 89' lang='lat' dir='ltr'><strong><em>et</em></strong></span> <span class='ocrx_word' id='word_1_213' title='bbox 1914 2423 2072 2485; x_wconf 88' lang='lat' dir='ltr'><strong><em>parte</em></strong></span> 
     </span>
    </p>
   </div>
   <div class='ocr_carea' id='block_1_31' title="bbox 374 2487 2074 2557">
    <p class='ocr_par' dir='ltr' id='par_1_31' title="bbox 374 2487 2074 2557">
     <span class='ocr_line' id='line_1_31' title="bbox 374 2487 2074 2557; baseline 0.001 -19"><span class='ocrx_word' id='word_1_214' title='bbox 374 2502 433 2548; x_wconf 93' lang='grc' dir='ltr'>ιι,</span> <span class='ocrx_word' id='word_1_215' title='bbox 469 2502 599 2554; x_wconf 84' lang='lat' dir='ltr'><strong><em>pag.</em></strong></span> <span class='ocrx_word' id='word_1_216' title='bbox 634 2490 663 2541; x_wconf 90' lang='lat'>3</span> <span class='ocrx_word' id='word_1_217' title='bbox 696 2503 839 2555; x_wconf 90' lang='lat' dir='ltr'><strong><em>seq.,</em></strong></span> <span class='ocrx_word' id='word_1_218' title='bbox 883 2487 1206 2557; x_wconf 81' lang='lat' dir='ltr'><strong><em>fragmenta</em></strong></span> <span class='ocrx_word' id='word_1_219' title='bbox 1255 2502 1317 2540; x_wconf 83' lang='lat' dir='ltr'><strong><em>ex</em></strong></span> <span class='ocrx_word' id='word_1_220' title='bbox 1366 2488 1744 2540; x_wconf 88' lang='lat' dir='ltr'><strong><em>Gotteschalci</em></strong></span> <span class='ocrx_word' id='word_1_221' title='bbox 1784 2488 1960 2542; x_wconf 89' lang='lat' dir='ltr'><strong><em>libello</em></strong></span> <span class='ocrx_word' id='word_1_222' title='bbox 2008 2488 2074 2540; x_wconf 83' lang='lat' dir='ltr'><strong><em>de</em></strong></span> 
     </span>
    </p>
   </div>
   <div class='ocr_carea' id='block_1_32' title="bbox 380 2558 2072 2623">
    <p class='ocr_par' dir='ltr' id='par_1_32' title="bbox 380 2558 2072 2623">
     <span class='ocr_line' id='line_1_32' title="bbox 380 2558 2072 2623; baseline 0.001 -12"><span class='ocrx_word' id='word_1_223' title='bbox 380 2558 853 2611; x_wconf 65' lang='lat' dir='ltr'><strong><em>Przdestinatione</em></strong></span> <span class='ocrx_word' id='word_1_224' title='bbox 908 2565 963 2611; x_wconf 82' lang='lat' dir='ltr'><strong><em>et</em></strong></span> <span class='ocrx_word' id='word_1_225' title='bbox 1025 2558 1285 2611; x_wconf 81' lang='lat' dir='ltr'><strong><em>chartula</em></strong></span> <span class='ocrx_word' id='word_1_226' title='bbox 1359 2559 1740 2623; x_wconf 81' lang='lat' dir='ltr'><strong><em>Professionis,</em></strong></span> <span class='ocrx_word' id='word_1_227' title='bbox 1815 2574 1909 2611; x_wconf 88' lang='lat' dir='ltr'><strong><em>an.</em></strong></span> <span class='ocrx_word' id='word_1_228' title='bbox 1969 2560 2072 2613; x_wconf 79' lang='grc'><strong><em>848</em></strong></span> 
     </span>
    </p>
   </div>
   <div class='ocr_carea' id='block_1_33' title="bbox 375 2628 2073 2695">
    <p class='ocr_par' dir='ltr' id='par_1_33' title="bbox 375 2628 2073 2695">
     <span class='ocr_line' id='line_1_33' title="bbox 375 2628 2073 2695; baseline 0.001 -15"><span class='ocrx_word' id='word_1_229' title='bbox 375 2628 607 2681; x_wconf 84' lang='lat' dir='ltr'><strong><em>Rabano</em></strong></span> <span class='ocrx_word' id='word_1_230' title='bbox 671 2629 863 2681; x_wconf 87' lang='lat' dir='ltr'><strong><em>Mauro</em></strong></span> <span class='ocrx_word' id='word_1_231' title='bbox 923 2629 1146 2694; x_wconf 71' lang='lat' dir='ltr'><strong><em>oblattn,</em></strong></span> <span class='ocrx_word' id='word_1_232' title='bbox 1220 2644 1349 2695; x_wconf 65' lang='lat' dir='ltr'><strong><em>quae</em></strong></span> <span class='ocrx_word' id='word_1_233' title='bbox 1416 2629 1659 2681; x_wconf 82' lang='lat' dir='ltr'><strong><em>servavit</em></strong></span> <span class='ocrx_word' id='word_1_234' title='bbox 1738 2630 2073 2682; x_wconf 85' lang='lat' dir='ltr'><strong><em>Hincmarns</em></strong></span> 
     </span>
    </p>
   </div>
   <div class='ocr_carea' id='block_1_34' title="bbox 375 2699 2069 2767">
    <p class='ocr_par' dir='ltr' id='par_1_34' title="bbox 375 2699 2069 2767">
     <span class='ocr_line' id='line_1_34' title="bbox 375 2699 2069 2767; baseline 0.001 -16"><span class='ocrx_word' id='word_1_235' title='bbox 375 2699 710 2752; x_wconf 80' lang='lat' dir='ltr'><strong><em>Rhemensis</em></strong></span> <span class='ocrx_word' id='word_1_236' title='bbox 745 2700 804 2753; x_wconf 87' lang='grc' dir='ltr'><strong><em>Τ.</em></strong></span> <span class='ocrx_word' id='word_1_237' title='bbox 842 2700 861 2752; x_wconf 93' lang='lat' dir='ltr'><strong><em>I</em></strong></span> <span class='ocrx_word' id='word_1_238' title='bbox 894 2700 1066 2767; x_wconf 90' lang='lat' dir='ltr'><strong><em>Opp.,</em></strong></span> <span class='ocrx_word' id='word_1_239' title='bbox 1098 2716 1153 2764; x_wconf 89' lang='lat' dir='ltr'><strong><em>p.</em></strong></span> <span class='ocrx_word' id='word_1_240' title='bbox 1188 2702 1277 2764; x_wconf 73' lang='lat' dir='ltr'><strong><em>2b,</em></strong></span> <span class='ocrx_word' id='word_1_241' title='bbox 1325 2701 1412 2764; x_wconf 89' lang='lat'><strong><em>26,</em></strong></span> <span class='ocrx_word' id='word_1_242' title='bbox 1465 2700 1584 2763; x_wconf 93' lang='grc'>118,</span> <span class='ocrx_word' id='word_1_243' title='bbox 1638 2700 1757 2764; x_wconf 84' lang='grc'>149,</span> <span class='ocrx_word' id='word_1_244' title='bbox 1789 2704 1913 2767; x_wconf 87' lang='grc'>211,</span> <span class='ocrx_word' id='word_1_245' title='bbox 1944 2702 2069 2765; x_wconf 91' lang='grc'>224,</span> 
     </span>
    </p>
   </div>
   <div class='ocr_carea' id='block_1_35' title="bbox 374 2769 2068 2840">
    <p class='ocr_par' dir='ltr' id='par_1_35' title="bbox 374 2769 2068 2840">
     <span class='ocr_line' id='line_1_35' title="bbox 374 2769 2068 2840; baseline 0.002 -19"><span class='ocrx_word' id='word_1_246' title='bbox 374 2771 497 2823; x_wconf 89' lang='lat'><strong>226.</strong></span> <span class='ocrx_word' id='word_1_247' title='bbox 528 2771 695 2840; x_wconf 79' lang='lat' dir='ltr'><strong><em>Apud</em></strong></span> <span class='ocrx_word' id='word_1_248' title='bbox 747 2770 1014 2823; x_wconf 90' lang='lat' dir='ltr'><strong><em>eumdem</em></strong></span> <span class='ocrx_word' id='word_1_249' title='bbox 1071 2769 1442 2839; x_wconf 85' lang='lat' dir='ltr'><strong><em>Manguinum</em></strong></span> <span class='ocrx_word' id='word_1_250' title='bbox 1486 2776 1642 2823; x_wconf 89' lang='lat' dir='ltr'><strong><em>tomo</em></strong></span> <span class='ocrx_word' id='word_1_251' title='bbox 1695 2772 1759 2837; x_wconf 92' lang='lat' dir='ltr'><strong><em>II,</em></strong></span> <span class='ocrx_word' id='word_1_252' title='bbox 1813 2788 1940 2840; x_wconf 89' lang='lat' dir='ltr'><strong><em>pag.</em></strong></span> <span class='ocrx_word' id='word_1_253' title='bbox 1980 2774 2068 2833; x_wconf 78' lang='grc'><strong><em>54,</em></strong></span> 
     </span>
    </p>
   </div>
   <div class='ocr_carea' id='block_1_36' title="bbox 375 2840 2069 2905">
    <p class='ocr_par' dir='ltr' id='par_1_36' title="bbox 375 2840 2069 2905">
     <span class='ocr_line' id='line_1_36' title="bbox 375 2840 2069 2905; baseline 0.002 -13"><span class='ocrx_word' id='word_1_254' title='bbox 375 2840 511 2893; x_wconf 86' lang='lat' dir='ltr'><strong><em>editi</em></strong></span> <span class='ocrx_word' id='word_1_255' title='bbox 544 2847 677 2893; x_wconf 89' lang='lat' dir='ltr'><strong><em>sunt</em></strong></span> <span class='ocrx_word' id='word_1_256' title='bbox 725 2843 941 2905; x_wconf 79' lang='lat' dir='ltr'><strong><em>Versus,</em></strong></span> <span class='ocrx_word' id='word_1_257' title='bbox 984 2844 1050 2894; x_wconf 91' lang='lat'><strong>26</strong></span> <span class='ocrx_word' id='word_1_258' title='bbox 1100 2841 1416 2894; x_wconf 82' lang='lat' dir='ltr'><strong><em>hexametri</em></strong></span> <span class='ocrx_word' id='word_1_259' title='bbox 1461 2841 1678 2895; x_wconf 88' lang='lat' dir='ltr'><strong><em>leonini</em></strong></span> <span class='ocrx_word' id='word_1_260' title='bbox 1727 2858 1794 2894; x_wconf 87' lang='lat' dir='ltr'><strong><em>ex</em></strong></span> <span class='ocrx_word' id='word_1_261' title='bbox 1841 2843 2069 2896; x_wconf 87' lang='lat' dir='ltr'><strong><em>Gotthe-</em></strong></span> 
     </span>
    </p>
   </div>
   <div class='ocr_carea' id='block_1_37' title="bbox 376 2911 2070 2983">
    <p class='ocr_par' dir='ltr' id='par_1_37' title="bbox 376 2911 2070 2983">
     <span class='ocr_line' id='line_1_37' title="bbox 376 2911 2070 2983; baseline 0.001 -19"><span class='ocrx_word' id='word_1_262' title='bbox 376 2912 542 2965; x_wconf 87' lang='lat' dir='ltr'><strong><em>scalci</em></strong></span> <span class='ocrx_word' id='word_1_263' title='bbox 572 2913 840 2981; x_wconf 90' lang='lat' dir='ltr'><strong><em>Epistola,</em></strong></span> <span class='ocrx_word' id='word_1_264' title='bbox 888 2928 1061 2982; x_wconf 87' lang='lat' dir='ltr'><strong><em>quam</em></strong></span> <span class='ocrx_word' id='word_1_265' title='bbox 1114 2928 1178 2965; x_wconf 87' lang='lat' dir='ltr'><strong><em>ex</em></strong></span> <span class='ocrx_word' id='word_1_266' title='bbox 1232 2912 1535 2966; x_wconf 84' lang='lat' dir='ltr'><strong><em>Germania</em></strong></span> <span class='ocrx_word' id='word_1_267' title='bbox 1578 2911 1803 2983; x_wconf 84' lang='lat' dir='ltr'><strong><em>scripsit</em></strong></span> <span class='ocrx_word' id='word_1_268' title='bbox 1848 2913 1923 2966; x_wconf 89' lang='lat' dir='ltr'><strong><em>ad</em></strong></span> <span class='ocrx_word' id='word_1_269' title='bbox 1961 2916 2070 2968; x_wconf 84' lang='lat' dir='ltr'><strong><em>Ra-</em></strong></span> 
     </span>
    </p>
   </div>
   <div class='ocr_carea' id='block_1_38' title="bbox 469 3070 1394 3141">
    <p class='ocr_par' dir='ltr' id='par_1_38' title="bbox 469 3070 1394 3141">
     <span class='ocr_line' id='line_1_38' title="bbox 469 3070 1394 3141; baseline 0.002 -18"><span class='ocrx_word' id='word_1_270' title='bbox 469 3070 518 3127; x_wconf 80' lang='lat' dir='ltr'><strong><em>al</em></strong></span> <span class='ocrx_word' id='word_1_271' title='bbox 553 3070 752 3125; x_wconf 90' lang='lat' dir='ltr'><strong><em>Carolo</em></strong></span> <span class='ocrx_word' id='word_1_272' title='bbox 785 3070 977 3137; x_wconf 90' lang='lat' dir='ltr'><strong><em>Calvo,</em></strong></span> <span class='ocrx_word' id='word_1_273' title='bbox 1011 3087 1144 3141; x_wconf 89' lang='lat' dir='ltr'><strong><em>rege</em></strong></span> <span class='ocrx_word' id='word_1_274' title='bbox 1180 3070 1394 3125; x_wconf 68' lang='lat' dir='ltr'><strong><em>Galliae.</em></strong></span> 
     </span>
    </p>
   </div>
   <div class='ocr_carea' id='block_1_39' title="bbox 469 3140 2073 3211">
    <p class='ocr_par' dir='ltr' id='par_1_39' title="bbox 469 3140 2073 3211">
     <span class='ocr_line' id='line_1_39' title="bbox 469 3140 2073 3211; baseline 0.002 -18"><span class='ocrx_word' id='word_1_275' title='bbox 469 3140 522 3210; x_wconf 75' lang='grc' dir='ltr'><strong><em>ὁ)</em></strong></span> <span class='ocrx_word' id='word_1_276' title='bbox 555 3142 638 3195; x_wconf 84' lang='lat' dir='ltr'><strong><em>Ad</em></strong></span> <span class='ocrx_word' id='word_1_277' title='bbox 669 3143 821 3195; x_wconf 89' lang='lat' dir='ltr'><strong><em>hunc</em></strong></span> <span class='ocrx_word' id='word_1_278' title='bbox 846 3142 1033 3195; x_wconf 91' lang='lat' dir='ltr'><strong><em>locum</em></strong></span> <span class='ocrx_word' id='word_1_279' title='bbox 1082 3140 1393 3211; x_wconf 86' lang='lat' dir='ltr'><strong><em>respiciens</em></strong></span> <span class='ocrx_word' id='word_1_280' title='bbox 1430 3143 1675 3197; x_wconf 84' lang='lat' dir='ltr'><strong><em>Joannes</em></strong></span> <span class='ocrx_word' id='word_1_281' title='bbox 1716 3144 1915 3198; x_wconf 90' lang='lat' dir='ltr'><strong><em>Scotus</em></strong></span> <span class='ocrx_word' id='word_1_282' title='bbox 1957 3145 2073 3196; x_wconf 90' lang='lat' dir='ltr'><strong><em>Eri-</em></strong></span> 
     </span>
    </p>
   </div>
   <div class='ocr_carea' id='block_1_40' title="bbox 375 3213 2073 3284">
    <p class='ocr_par' dir='ltr' id='par_1_40' title="bbox 375 3213 2073 3284">
     <span class='ocr_line' id='line_1_40' title="bbox 375 3213 2073 3284; baseline 0.002 -19"><span class='ocrx_word' id='word_1_283' title='bbox 375 3228 525 3282; x_wconf 89' lang='lat' dir='ltr'><strong><em>gena</em></strong></span> <span class='ocrx_word' id='word_1_284' title='bbox 554 3229 677 3283; x_wconf 86' lang='lat' dir='ltr'><strong><em>cap.</em></strong></span> <span class='ocrx_word' id='word_1_285' title='bbox 716 3216 745 3266; x_wconf 92' lang='lat'>3</span> <span class='ocrx_word' id='word_1_286' title='bbox 779 3213 848 3266; x_wconf 91' lang='lat' dir='ltr'><strong><em>de</em></strong></span> <span class='ocrx_word' id='word_1_287' title='bbox 894 3213 1422 3280; x_wconf 75' lang='lat' dir='ltr'><strong><em>Prcedestinatione,</em></strong></span> <span class='ocrx_word' id='word_1_288' title='bbox 1475 3231 1606 3284; x_wconf 85' lang='lat' dir='ltr'><strong><em>pag.</em></strong></span> <span class='ocrx_word' id='word_1_289' title='bbox 1662 3218 1782 3279; x_wconf 86' lang='grc'>123,</span> <span class='ocrx_word' id='word_1_290' title='bbox 1830 3215 1896 3267; x_wconf 91' lang='lat' dir='ltr'><strong><em>ad</em></strong></span> <span class='ocrx_word' id='word_1_291' title='bbox 1946 3216 2073 3269; x_wconf 88' lang='lat' dir='ltr'><strong><em>Got-</em></strong></span> 
     </span>
    </p>
   </div>
   <div class='ocr_carea' id='block_1_41' title="bbox 374 3284 2067 3352">
    <p class='ocr_par' dir='ltr' id='par_1_41' title="bbox 374 3284 2067 3352">
     <span class='ocr_line' id='line_1_41' title="bbox 374 3284 2067 3352; baseline 0.002 -16"><span class='ocrx_word' id='word_1_292' title='bbox 374 3284 720 3336; x_wconf 87' lang='lat' dir='ltr'><strong><em>teschalcum</em></strong></span> <span class='ocrx_word' id='word_1_293' title='bbox 757 3299 769 3336; x_wconf 89' lang='lat'>:</span> <span class='ocrx_word' id='word_1_294' title='bbox 798 3286 943 3337; x_wconf 85' lang='lat' dir='ltr'><strong><em>Inter</em></strong></span> <span class='ocrx_word' id='word_1_295' title='bbox 979 3286 1101 3347; x_wconf 85' lang='lat' dir='ltr'><strong><em>illa,</em></strong></span> <span class='ocrx_word' id='word_1_296' title='bbox 1144 3290 1204 3337; x_wconf 91' lang='lat' dir='ltr'><strong><em>ut</em></strong></span> <span class='ocrx_word' id='word_1_297' title='bbox 1231 3284 1389 3337; x_wconf 87' lang='lat' dir='ltr'><strong><em>video</em></strong></span> <span class='ocrx_word' id='word_1_298' title='bbox 1418 3284 1588 3351; x_wconf 89' lang='lat' dir='ltr'><strong><em>dolia,</em></strong></span> <span class='ocrx_word' id='word_1_299' title='bbox 1634 3300 1752 3352; x_wconf 73' lang='lat' dir='ltr'><strong><em>qua:</em></strong></span> <span class='ocrx_word' id='word_1_300' title='bbox 1802 3286 1903 3338; x_wconf 88' lang='lat' dir='ltr'><strong><em>tibi</em></strong></span> <span class='ocrx_word' id='word_1_301' title='bbox 1931 3301 2067 3352; x_wconf 59' lang='lat' dir='ltr'><strong><em>prx-</em></strong></span> 
     </span>
    </p>
   </div>
   <div class='ocr_carea' id='block_1_42' title="bbox 373 3354 2075 3423">
    <p class='ocr_par' dir='ltr' id='par_1_42' title="bbox 373 3354 2075 3423">
     <span class='ocr_line' id='line_1_42' title="bbox 373 3354 2075 3423; baseline 0.002 -17"><span class='ocrx_word' id='word_1_302' title='bbox 373 3356 571 3421; x_wconf 85' lang='lat' dir='ltr'><strong><em>parari</em></strong></span> <span class='ocrx_word' id='word_1_303' title='bbox 588 3355 768 3419; x_wconf 86' lang='lat' dir='ltr'><strong><em>jubes,</em></strong></span> <span class='ocrx_word' id='word_1_304' title='bbox 793 3354 914 3421; x_wconf 86' lang='lat' dir='ltr'><strong><em>jam</em></strong></span> <span class='ocrx_word' id='word_1_305' title='bbox 952 3355 1224 3407; x_wconf 88' lang='lat' dir='ltr'><strong><em>involutus</em></strong></span> <span class='ocrx_word' id='word_1_306' title='bbox 1267 3354 1551 3419; x_wconf 71' lang='lat' dir='ltr'><strong><em>su/focaris</em></strong></span> <span class='ocrx_word' id='word_1_307' title='bbox 1590 3370 1601 3407; x_wconf 88' lang='lat'><strong>:</strong></span> <span class='ocrx_word' id='word_1_308' title='bbox 1637 3358 1825 3408; x_wconf 85' lang='lat' dir='ltr'><strong><em>merito</em></strong></span> <span class='ocrx_word' id='word_1_309' title='bbox 1874 3358 2075 3423; x_wconf 86' lang='lat' dir='ltr'><strong><em>quippe</em></strong></span> 
     </span>
    </p>
   </div>
   <div class='ocr_carea' id='block_1_43' title="bbox 375 3424 2074 3491">
    <p class='ocr_par' dir='ltr' id='par_1_43' title="bbox 375 3424 2074 3491">
     <span class='ocr_line' id='line_1_43' title="bbox 375 3424 2074 3491; baseline 0.002 -16"><span class='ocrx_word' id='word_1_310' title='bbox 375 3427 435 3477; x_wconf 91' lang='lat' dir='ltr'><strong><em>in</em></strong></span> <span class='ocrx_word' id='word_1_311' title='bbox 464 3426 572 3477; x_wconf 89' lang='lat' dir='ltr'><strong><em>oleo</em></strong></span> <span class='ocrx_word' id='word_1_312' title='bbox 601 3430 764 3491; x_wconf 89' lang='lat' dir='ltr'><strong><em>atque</em></strong></span> <span class='ocrx_word' id='word_1_313' title='bbox 793 3427 909 3489; x_wconf 85' lang='lat' dir='ltr'><strong><em>pice</em></strong></span> <span class='ocrx_word' id='word_1_314' title='bbox 938 3425 1128 3476; x_wconf 85' lang='lat' dir='ltr'><strong><em>ardere</em></strong></span> <span class='ocrx_word' id='word_1_315' title='bbox 1166 3424 1422 3487; x_wconf 87' lang='lat' dir='ltr'><strong><em>debuisti,</em></strong></span> <span class='ocrx_word' id='word_1_316' title='bbox 1474 3428 1569 3490; x_wconf 90' lang='lat' dir='ltr'><strong><em>qui</em></strong></span> <span class='ocrx_word' id='word_1_317' title='bbox 1600 3430 1650 3476; x_wconf 92' lang='lat' dir='ltr'><strong><em>et</em></strong></span> <span class='ocrx_word' id='word_1_318' title='bbox 1681 3427 1856 3477; x_wconf 87' lang='lat' dir='ltr'><strong><em>lumen</em></strong></span> <span class='ocrx_word' id='word_1_319' title='bbox 1890 3427 2074 3479; x_wconf 81' lang='lat' dir='ltr'><strong><em>chari-</em></strong></span> 
     </span>
    </p>
   </div>
   <div class='ocr_carea' id='block_1_44' title="bbox 378 3494 2075 3564">
    <p class='ocr_par' dir='ltr' id='par_1_44' title="bbox 378 3494 2075 3564">
     <span class='ocr_line' id='line_1_44' title="bbox 378 3494 2075 3564; baseline 0.002 -18"><span class='ocrx_word' id='word_1_320' title='bbox 378 3497 530 3559; x_wconf 88' lang='lat' dir='ltr'><strong><em>tatis,</em></strong></span> <span class='ocrx_word' id='word_1_321' title='bbox 574 3499 625 3547; x_wconf 90' lang='lat' dir='ltr'><strong><em>et</em></strong></span> <span class='ocrx_word' id='word_1_322' title='bbox 656 3497 979 3561; x_wconf 81' lang='lat' dir='ltr'><strong><em>mysterium</em></strong></span> <span class='ocrx_word' id='word_1_323' title='bbox 1022 3494 1526 3561; x_wconf 81' lang='lat' dir='ltr'><strong><em>praedestinationis</em></strong></span> <span class='ocrx_word' id='word_1_324' title='bbox 1549 3510 1843 3564; x_wconf 81' lang='lat' dir='ltr'><strong><em>perperam</em></strong></span> <span class='ocrx_word' id='word_1_325' title='bbox 1890 3496 2075 3549; x_wconf 89' lang='lat' dir='ltr'><strong><em>docere</em></strong></span> 
     </span>
    </p>
   </div>
   <div class='ocr_carea' id='block_1_45' title="bbox 1458 298 2800 356">
    <p class='ocr_par' dir='ltr' id='par_1_45' title="bbox 1458 298 2800 356">
     <span class='ocr_line' id='line_1_45' title="bbox 1458 298 2800 356; baseline -0.001 -2"><span class='ocrx_word' id='word_1_326' title='bbox 1458 298 1981 355; x_wconf 73' lang='lat' dir='ltr'><strong><em>GOTTESCHALCI</em></strong></span> <span class='ocrx_word' id='word_1_327' title='bbox 2018 299 2447 356; x_wconf 80' lang='lat' dir='ltr'><strong><em>OBBACENSIS</em></strong></span> <span class='ocrx_word' id='word_1_328' title='bbox 2488 299 2800 355; x_wconf 84' lang='lat' dir='ltr'><strong><em>MONACHI</em></strong></span> 
     </span>
    </p>
   </div>
   <div class='ocr_carea' id='block_1_46' title="bbox 3776 296 3878 353">
    <p class='ocr_par' dir='ltr' id='par_1_46' title="bbox 3776 296 3878 353">
     <span class='ocr_line' id='line_1_46' title="bbox 3776 296 3878 353; baseline 0.02 -2"><span class='ocrx_word' id='word_1_329' title='bbox 3776 296 3878 353; x_wconf 75' lang='grc'><strong><em>348</em></strong></span> 
     </span>
    </p>
   </div>
   <div class='ocr_carea' id='block_1_47' title="bbox 1954 429 3882 502">
    <p class='ocr_par' dir='ltr' id='par_1_47' title="bbox 1954 429 3882 502">
     <span class='ocr_line' id='line_1_47' title="bbox 1954 429 3882 502; baseline -0.002 -16"><span class='ocrx_word' id='word_1_330' title='bbox 1954 437 2071 486; x_wconf 89' lang='lat' dir='ltr'><strong><em>tan-</em></strong></span> <span class='ocrx_word' id='word_1_331' title='bbox 2108 438 2149 488; x_wconf 85' lang='lat' dir='ltr'><strong>A</strong></span> <span class='ocrx_word' id='word_1_332' title='bbox 2184 435 2476 502; x_wconf 85' lang='lat' dir='ltr'><strong><em>tramnum,</em></strong></span> <span class='ocrx_word' id='word_1_333' title='bbox 2511 430 2854 484; x_wconf 87' lang='lat' dir='ltr'><strong><em>monachum</em></strong></span> <span class='ocrx_word' id='word_1_334' title='bbox 2904 429 3327 492; x_wconf 84' lang='lat' dir='ltr'><strong><em>Corbeiensem,</em></strong></span> <span class='ocrx_word' id='word_1_335' title='bbox 3363 446 3508 502; x_wconf 81' lang='lat' dir='ltr'><strong><em>quos</em></strong></span> <span class='ocrx_word' id='word_1_336' title='bbox 3546 430 3882 497; x_wconf 85' lang='lat' dir='ltr'><strong><em>vulgaverat</em></strong></span> 
     </span>
    </p>
   </div>
   <div class='ocr_carea' id='block_1_48' title="bbox 2183 501 3876 572">
    <p class='ocr_par' dir='ltr' id='par_1_48' title="bbox 2183 501 3876 572">
     <span class='ocr_line' id='line_1_48' title="bbox 2183 501 3876 572; baseline -0.001 -18"><span class='ocrx_word' id='word_1_337' title='bbox 2183 501 2513 555; x_wconf 88' lang='lat' dir='ltr'><strong><em>Sirmondns</em></strong></span> <span class='ocrx_word' id='word_1_338' title='bbox 2574 510 2734 556; x_wconf 86' lang='lat' dir='ltr'><strong><em>tomo</em></strong></span> <span class='ocrx_word' id='word_1_339' title='bbox 2793 502 2811 555; x_wconf 86' lang='grc' dir='ltr'>Ι</span> <span class='ocrx_word' id='word_1_340' title='bbox 2866 502 3116 572; x_wconf 87' lang='lat' dir='ltr'><strong><em>Operum</em></strong></span> <span class='ocrx_word' id='word_1_341' title='bbox 3185 501 3494 565; x_wconf 84' lang='lat' dir='ltr'><strong><em>Hincmari,</em></strong></span> <span class='ocrx_word' id='word_1_342' title='bbox 3562 518 3691 572; x_wconf 85' lang='lat' dir='ltr'><strong><em>pag.</em></strong></span> <span class='ocrx_word' id='word_1_343' title='bbox 3752 504 3876 554; x_wconf 77' lang='lat'><strong><em>555.</em></strong></span> 
     </span>
    </p>
   </div>
   <div class='ocr_carea' id='block_1_49' title="bbox 2182 573 3878 643">
    <p class='ocr_par' dir='ltr' id='par_1_49' title="bbox 2182 573 3878 643">
     <span class='ocr_line' id='line_1_49' title="bbox 2182 573 3878 643; baseline 0 -18"><span class='ocrx_word' id='word_1_344' title='bbox 2182 573 2337 625; x_wconf 86' lang='lat' dir='ltr'><strong><em>Alios</em></strong></span> <span class='ocrx_word' id='word_1_345' title='bbox 2402 589 2597 625; x_wconf 84' lang='lat' dir='ltr'><strong><em>versus</em></strong></span> <span class='ocrx_word' id='word_1_346' title='bbox 2653 573 3082 626; x_wconf 86' lang='lat' dir='ltr'><strong><em>anacreonticos</em></strong></span> <span class='ocrx_word' id='word_1_347' title='bbox 3134 590 3201 626; x_wconf 80' lang='lat' dir='ltr'><strong><em>ex</em></strong></span> <span class='ocrx_word' id='word_1_348' title='bbox 3253 573 3530 643; x_wconf 75' lang='lat' dir='ltr'><strong><em>prommio</em></strong></span> <span class='ocrx_word' id='word_1_349' title='bbox 3599 576 3668 625; x_wconf 87' lang='lat' dir='ltr'><strong><em>ad</em></strong></span> <span class='ocrx_word' id='word_1_350' title='bbox 3716 588 3878 625; x_wconf 89' lang='lat' dir='ltr'><strong><em>eum-</em></strong></span> 
     </span>
    </p>
   </div>
   <div class='ocr_carea' id='block_1_50' title="bbox 2182 643 3880 713">
    <p class='ocr_par' dir='ltr' id='par_1_50' title="bbox 2182 643 3880 713">
     <span class='ocr_line' id='line_1_50' title="bbox 2182 643 3880 713; baseline -0.001 -16"><span class='ocrx_word' id='word_1_351' title='bbox 2182 644 2312 697; x_wconf 88' lang='lat' dir='ltr'><strong><em>dem</em></strong></span> <span class='ocrx_word' id='word_1_352' title='bbox 2371 645 2742 697; x_wconf 79' lang='lat' dir='ltr'><strong><em>Ratramnum</em></strong></span> <span class='ocrx_word' id='word_1_353' title='bbox 2800 645 3080 713; x_wconf 87' lang='lat' dir='ltr'><strong><em>producit.</em></strong></span> <span class='ocrx_word' id='word_1_354' title='bbox 3130 644 3467 698; x_wconf 83' lang='lat' dir='ltr'><strong><em>Sirmondns</em></strong></span> <span class='ocrx_word' id='word_1_355' title='bbox 3514 643 3585 696; x_wconf 88' lang='lat' dir='ltr'><strong><em>ad</em></strong></span> <span class='ocrx_word' id='word_1_356' title='bbox 3635 644 3880 697; x_wconf 81' lang='lat' dir='ltr'><strong><em>Enuodii</em></strong></span> 
     </span>
    </p>
   </div>
   <div class='ocr_carea' id='block_1_51' title="bbox 2183 715 3880 785">
    <p class='ocr_par' dir='ltr' id='par_1_51' title="bbox 2183 715 3880 785">
     <span class='ocr_line' id='line_1_51' title="bbox 2183 715 3880 785; baseline -0.001 -18"><span class='ocrx_word' id='word_1_357' title='bbox 2183 715 2281 767; x_wconf 87' lang='lat' dir='ltr'><strong><em>lib.</em></strong></span> <span class='ocrx_word' id='word_1_358' title='bbox 2331 730 2384 779; x_wconf 88' lang='lat' dir='ltr'><strong><em>v,</em></strong></span> <span class='ocrx_word' id='word_1_359' title='bbox 2435 732 2506 785; x_wconf 91' lang='lat' dir='ltr'><strong><em>ep</em></strong></span> <span class='ocrx_word' id='word_1_360' title='bbox 2558 719 2588 768; x_wconf 82' lang='lat'><strong>7</strong></span> <span class='ocrx_word' id='word_1_361' title='bbox 2625 731 2637 769; x_wconf 94' lang='lat'><strong>:</strong></span> <span class='ocrx_word' id='word_1_362' title='bbox 2676 718 2793 779; x_wconf 84' lang='lat' dir='ltr'><strong><em>Age</em></strong></span> <span class='ocrx_word' id='word_1_363' title='bbox 2837 730 3032 784; x_wconf 71' lang='lat' dir='ltr'><strong><em>quaeso,</em></strong></span> <span class='ocrx_word' id='word_1_364' title='bbox 3083 731 3270 784; x_wconf 86' lang='lat' dir='ltr'><strong><em>perge,</em></strong></span> <span class='ocrx_word' id='word_1_365' title='bbox 3330 717 3461 780; x_wconf 88' lang='lat' dir='ltr'><strong><em>Clio,</em></strong></span> <span class='ocrx_word' id='word_1_366' title='bbox 3515 719 3619 768; x_wconf 85' lang='lat' dir='ltr'><strong><em>etc.</em></strong></span> <span class='ocrx_word' id='word_1_367' title='bbox 3685 715 3880 782; x_wconf 83' lang='lat' dir='ltr'><strong><em>Longe</em></strong></span> 
     </span>
    </p>
   </div>
   <div class='ocr_carea' id='block_1_52' title="bbox 2182 785 3881 856">
    <p class='ocr_par' dir='ltr' id='par_1_52' title="bbox 2182 785 3881 856">
     <span class='ocr_line' id='line_1_52' title="bbox 2182 785 3881 856; baseline 0.001 -19"><span class='ocrx_word' id='word_1_368' title='bbox 2182 787 2375 856; x_wconf 88' lang='lat' dir='ltr'><strong><em>plures</em></strong></span> <span class='ocrx_word' id='word_1_369' title='bbox 2426 786 2593 839; x_wconf 89' lang='lat' dir='ltr'><strong><em>editis</em></strong></span> <span class='ocrx_word' id='word_1_370' title='bbox 2640 802 2824 840; x_wconf 85' lang='lat' dir='ltr'><strong><em>versus</em></strong></span> <span class='ocrx_word' id='word_1_371' title='bbox 2874 787 3247 841; x_wconf 85' lang='lat' dir='ltr'><strong><em>Gotthescalci</em></strong></span> <span class='ocrx_word' id='word_1_372' title='bbox 3293 803 3322 839; x_wconf 88' lang='lat' dir='ltr'><strong><em>a</em></strong></span> <span class='ocrx_word' id='word_1_373' title='bbox 3358 787 3475 839; x_wconf 89' lang='lat' dir='ltr'><strong><em>viro</em></strong></span> <span class='ocrx_word' id='word_1_374' title='bbox 3525 785 3716 838; x_wconf 89' lang='lat' dir='ltr'><strong><em>nescio</em></strong></span> <span class='ocrx_word' id='word_1_375' title='bbox 3766 801 3881 854; x_wconf 90' lang='lat' dir='ltr'><strong><em>quo</em></strong></span> 
     </span>
    </p>
   </div>
   <div class='ocr_carea' id='block_1_53' title="bbox 2183 856 3883 927">
    <p class='ocr_par' dir='ltr' id='par_1_53' title="bbox 2183 856 3883 927">
     <span class='ocr_line' id='line_1_53' title="bbox 2183 856 3883 927; baseline 0.001 -19"><span class='ocrx_word' id='word_1_376' title='bbox 2183 857 2348 909; x_wconf 90' lang='lat' dir='ltr'><strong><em>docto</em></strong></span> <span class='ocrx_word' id='word_1_377' title='bbox 2381 856 2439 909; x_wconf 90' lang='lat' dir='ltr'><strong><em>in</em></strong></span> <span class='ocrx_word' id='word_1_378' title='bbox 2469 858 2653 909; x_wconf 84' lang='lat' dir='ltr'><strong><em>lucem</em></strong></span> <span class='ocrx_word' id='word_1_379' title='bbox 2687 857 3423 927; x_wconf 83' lang='lat' dir='ltr'><strong><em>proferendosjampridem</em></strong></span> <span class='ocrx_word' id='word_1_380' title='bbox 3458 872 3686 924; x_wconf 83' lang='lat' dir='ltr'><strong><em>sperare</em></strong></span> <span class='ocrx_word' id='word_1_381' title='bbox 3708 856 3883 924; x_wconf 79' lang='lat' dir='ltr'><strong><em>jussit</em></strong></span> 
     </span>
    </p>
   </div>
   <div class='ocr_carea' id='block_1_54' title="bbox 2183 927 3879 998">
    <p class='ocr_par' dir='ltr' id='par_1_54' title="bbox 2183 927 3879 998">
     <span class='ocr_line' id='line_1_54' title="bbox 2183 927 3879 998; baseline -0.001 -18"><span class='ocrx_word' id='word_1_382' title='bbox 2183 927 2457 993; x_wconf 88' lang='lat' dir='ltr'><strong><em>Labbeus,</em></strong></span> <span class='ocrx_word' id='word_1_383' title='bbox 2502 943 2632 998; x_wconf 89' lang='lat' dir='ltr'><strong><em>pag.</em></strong></span> <span class='ocrx_word' id='word_1_384' title='bbox 2669 930 2734 981; x_wconf 81' lang='grc'><strong>59</strong></span> <span class='ocrx_word' id='word_1_385' title='bbox 2768 928 3030 981; x_wconf 78' lang='lat' dir='ltr'><strong><em>Biblioth.</em></strong></span> <span class='ocrx_word' id='word_1_386' title='bbox 3088 944 3217 980; x_wconf 89' lang='lat' dir='ltr'><strong><em>mss.</em></strong></span> <span class='ocrx_word' id='word_1_387' title='bbox 3274 929 3347 981; x_wconf 85' lang='lat' dir='ltr'><strong><em>Ex</em></strong></span> <span class='ocrx_word' id='word_1_388' title='bbox 3397 930 3599 996; x_wconf 88' lang='lat' dir='ltr'><strong><em>pitacio</em></strong></span> <span class='ocrx_word' id='word_1_389' title='bbox 3648 927 3879 998; x_wconf 81' lang='lat' dir='ltr'><strong><em>Gotthe-</em></strong></span> 
     </span>
    </p>
   </div>
   <div class='ocr_carea' id='block_1_55' title="bbox 2182 997 3882 1067">
    <p class='ocr_par' dir='ltr' id='par_1_55' title="bbox 2182 997 3882 1067">
     <span class='ocr_line' id='line_1_55' title="bbox 2182 997 3882 1067; baseline 0.001 -18"><span class='ocrx_word' id='word_1_390' title='bbox 2182 998 2349 1051; x_wconf 87' lang='lat' dir='ltr'><strong><em>scalci</em></strong></span> <span class='ocrx_word' id='word_1_391' title='bbox 2375 1004 2447 1051; x_wconf 87' lang='lat' dir='ltr'><strong><em>ad</em></strong></span> <span class='ocrx_word' id='word_1_392' title='bbox 2472 997 2757 1067; x_wconf 89' lang='lat' dir='ltr'><strong><em>quemdam</em></strong></span> <span class='ocrx_word' id='word_1_393' title='bbox 2786 1000 3105 1051; x_wconf 83' lang='lat' dir='ltr'><strong><em>monachum</em></strong></span> <span class='ocrx_word' id='word_1_394' title='bbox 3142 1000 3415 1051; x_wconf 87' lang='lat' dir='ltr'><strong><em>nonnulla</em></strong></span> <span class='ocrx_word' id='word_1_395' title='bbox 3461 998 3681 1067; x_wconf 86' lang='lat' dir='ltr'><strong><em>profert</em></strong></span> <span class='ocrx_word' id='word_1_396' title='bbox 3724 997 3882 1050; x_wconf 83' lang='lat' dir='ltr'><strong><em>idem</em></strong></span> 
     </span>
    </p>
   </div>
   <div class='ocr_carea' id='block_1_56' title="bbox 2186 1069 3881 1138">
    <p class='ocr_par' dir='ltr' id='par_1_56' title="bbox 2186 1069 3881 1138">
     <span class='ocr_line' id='line_1_56' title="bbox 2186 1069 3881 1138; baseline -0.001 -17"><span class='ocrx_word' id='word_1_397' title='bbox 2186 1070 2539 1130; x_wconf 81' lang='lat' dir='ltr'><strong><em>Hincmarus,</em></strong></span> <span class='ocrx_word' id='word_1_398' title='bbox 2591 1086 2720 1138; x_wconf 90' lang='lat' dir='ltr'><strong><em>pag.</em></strong></span> <span class='ocrx_word' id='word_1_399' title='bbox 2774 1071 2895 1136; x_wconf 89' lang='grc'>304,</span> <span class='ocrx_word' id='word_1_400' title='bbox 2932 1072 3052 1129; x_wconf 81' lang='grc'>305,</span> <span class='ocrx_word' id='word_1_401' title='bbox 3094 1075 3148 1121; x_wconf 91' lang='lat' dir='ltr'><strong><em>et</em></strong></span> <span class='ocrx_word' id='word_1_402' title='bbox 3177 1086 3242 1122; x_wconf 87' lang='lat' dir='ltr'><strong><em>ex</em></strong></span> <span class='ocrx_word' id='word_1_403' title='bbox 3288 1071 3533 1136; x_wconf 86' lang='lat' dir='ltr'><strong><em>Epistola</em></strong></span> <span class='ocrx_word' id='word_1_404' title='bbox 3580 1069 3657 1123; x_wconf 84' lang='lat' dir='ltr'><strong><em>ad</em></strong></span> <span class='ocrx_word' id='word_1_405' title='bbox 3703 1084 3881 1135; x_wconf 85' lang='lat' dir='ltr'><strong><em>quem-</em></strong></span> 
     </span>
    </p>
   </div>
   <div class='ocr_carea' id='block_1_57' title="bbox 2182 1139 3885 1208">
    <p class='ocr_par' dir='ltr' id='par_1_57' title="bbox 2182 1139 3885 1208">
     <span class='ocr_line' id='line_1_57' title="bbox 2182 1139 3885 1208; baseline -0.001 -17"><span class='ocrx_word' id='word_1_406' title='bbox 2182 1140 2310 1193; x_wconf 90' lang='lat' dir='ltr'><strong><em>dam</em></strong></span> <span class='ocrx_word' id='word_1_407' title='bbox 2359 1155 2515 1193; x_wconf 90' lang='lat' dir='ltr'><strong><em>suum</em></strong></span> <span class='ocrx_word' id='word_1_408' title='bbox 2563 1141 2887 1208; x_wconf 85' lang='lat' dir='ltr'><strong><em>complicem,</em></strong></span> <span class='ocrx_word' id='word_1_409' title='bbox 2936 1156 2993 1208; x_wconf 89' lang='lat' dir='ltr'><strong><em>p.</em></strong></span> <span class='ocrx_word' id='word_1_410' title='bbox 3037 1143 3159 1194; x_wconf 84' lang='lat'><strong>226.</strong></span> <span class='ocrx_word' id='word_1_411' title='bbox 3211 1142 3459 1208; x_wconf 81' lang='lat' dir='ltr'><strong><em>Epistola</em></strong></span> <span class='ocrx_word' id='word_1_412' title='bbox 3509 1139 3583 1192; x_wconf 88' lang='lat' dir='ltr'><strong><em>ad</em></strong></span> <span class='ocrx_word' id='word_1_413' title='bbox 3631 1142 3885 1194; x_wconf 81' lang='lat' dir='ltr'><strong><em>Butram-</em></strong></span> 
     </span>
    </p>
   </div>
   <div class='ocr_carea' id='block_1_58' title="bbox 2180 1210 3881 1267">
    <p class='ocr_par' dir='ltr' id='par_1_58' title="bbox 2180 1210 3881 1267">
     <span class='ocr_line' id='line_1_58' title="bbox 2180 1210 3881 1267; baseline -0.001 -4"><span class='ocrx_word' id='word_1_414' title='bbox 2180 1226 2310 1263; x_wconf 88' lang='lat' dir='ltr'><strong><em>num</em></strong></span> <span class='ocrx_word' id='word_1_415' title='bbox 2374 1211 2434 1262; x_wconf 89' lang='lat' dir='ltr'><strong><em>iu</em></strong></span> <span class='ocrx_word' id='word_1_416' title='bbox 2498 1210 2764 1264; x_wconf 87' lang='lat' dir='ltr'><strong><em>Ludovici</em></strong></span> <span class='ocrx_word' id='word_1_417' title='bbox 2830 1212 3053 1265; x_wconf 87' lang='lat' dir='ltr'><strong><em>Cellotii</em></strong></span> <span class='ocrx_word' id='word_1_418' title='bbox 3123 1210 3367 1263; x_wconf 83' lang='lat' dir='ltr'><strong><em>Historia</em></strong></span> <span class='ocrx_word' id='word_1_419' title='bbox 3439 1210 3881 1267; x_wconf 76' lang='lat' dir='ltr'><strong><em>Gottheschalci.</em></strong></span> 
     </span>
    </p>
   </div>
   <div class='ocr_carea' id='block_1_59' title="bbox 2182 1280 3887 1350">
    <p class='ocr_par' dir='ltr' id='par_1_59' title="bbox 2182 1280 3887 1350">
     <span class='ocr_line' id='line_1_59' title="bbox 2182 1280 3887 1350; baseline -0.001 -16"><span class='ocrx_word' id='word_1_420' title='bbox 2182 1282 2337 1334; x_wconf 89' lang='lat' dir='ltr'><strong><em>edita</em></strong></span> <span class='ocrx_word' id='word_1_421' title='bbox 2388 1282 2632 1347; x_wconf 85' lang='lat' dir='ltr'><strong><em>Parisiis,</em></strong></span> <span class='ocrx_word' id='word_1_422' title='bbox 2686 1284 2839 1345; x_wconf 77' lang='grc'>1655,</span> <span class='ocrx_word' id='word_1_423' title='bbox 2876 1282 2998 1347; x_wconf 85' lang='lat' dir='ltr'><strong><em>fol.,</em></strong></span> <span class='ocrx_word' id='word_1_424' title='bbox 3033 1298 3088 1350; x_wconf 93' lang='lat' dir='ltr'><strong><em>p.</em></strong></span> <span class='ocrx_word' id='word_1_425' title='bbox 3123 1284 3224 1335; x_wconf 78' lang='grc'><strong><em>415</em></strong></span> <span class='ocrx_word' id='word_1_426' title='bbox 3272 1280 3609 1335; x_wconf 84' lang='lat' dir='ltr'><strong><em>Schedulam</em></strong></span> <span class='ocrx_word' id='word_1_427' title='bbox 3656 1281 3887 1335; x_wconf 86' lang='lat' dir='ltr'><strong><em>Gotthe-</em></strong></span> 
     </span>
    </p>
   </div>
   <div class='ocr_carea' id='block_1_60' title="bbox 2184 1351 3884 1420">
    <p class='ocr_par' dir='ltr' id='par_1_60' title="bbox 2184 1351 3884 1420">
     <span class='ocr_line' id='line_1_60' title="bbox 2184 1351 3884 1420; baseline -0.001 -16"><span class='ocrx_word' id='word_1_428' title='bbox 2184 1352 2372 1417; x_wconf 90' lang='lat' dir='ltr'><strong><em>scalci,</em></strong></span> <span class='ocrx_word' id='word_1_429' title='bbox 2411 1353 2556 1419; x_wconf 89' lang='lat' dir='ltr'><strong><em>quod</em></strong></span> <span class='ocrx_word' id='word_1_430' title='bbox 2604 1356 2753 1406; x_wconf 79' lang='lat' dir='ltr'><strong><em>trina</em></strong></span> <span class='ocrx_word' id='word_1_431' title='bbox 2800 1355 2981 1406; x_wconf 87' lang='lat' dir='ltr'><strong><em>Deitas</em></strong></span> <span class='ocrx_word' id='word_1_432' title='bbox 3033 1352 3146 1406; x_wconf 86' lang='lat' dir='ltr'><strong><em>diei</em></strong></span> <span class='ocrx_word' id='word_1_433' title='bbox 3194 1356 3387 1420; x_wconf 87' lang='lat' dir='ltr'><strong><em>possit,</em></strong></span> <span class='ocrx_word' id='word_1_434' title='bbox 3443 1352 3674 1404; x_wconf 78' lang='lat' dir='ltr'><strong><em>exhibet</em></strong></span> <span class='ocrx_word' id='word_1_435' title='bbox 3727 1351 3884 1404; x_wconf 88' lang='lat' dir='ltr'><strong><em>idem</em></strong></span> 
     </span>
    </p>
   </div>
   <div class='ocr_carea' id='block_1_61' title="bbox 2185 1422 3887 1493">
    <p class='ocr_par' dir='ltr' id='par_1_61' title="bbox 2185 1422 3887 1493">
     <span class='ocr_line' id='line_1_61' title="bbox 2185 1422 3887 1493; baseline -0.001 -17"><span class='ocrx_word' id='word_1_436' title='bbox 2185 1424 2521 1477; x_wconf 82' lang='lat' dir='ltr'><strong><em>Hincmarus</em></strong></span> <span class='ocrx_word' id='word_1_437' title='bbox 2551 1428 2591 1475; x_wconf 91' lang='lat' dir='ltr'><strong><em>t.</em></strong></span> <span class='ocrx_word' id='word_1_438' title='bbox 2640 1424 2680 1489; x_wconf 87' lang='lat' dir='ltr'><strong><em>I,</em></strong></span> <span class='ocrx_word' id='word_1_439' title='bbox 2716 1440 2770 1493; x_wconf 93' lang='lat' dir='ltr'><strong><em>p.</em></strong></span> <span class='ocrx_word' id='word_1_440' title='bbox 2824 1424 3076 1488; x_wconf 80' lang='grc'>415-418,</span> <span class='ocrx_word' id='word_1_441' title='bbox 3126 1429 3296 1493; x_wconf 86' lang='lat' dir='ltr'><strong><em>atque</em></strong></span> <span class='ocrx_word' id='word_1_442' title='bbox 3346 1424 3569 1491; x_wconf 85' lang='lat' dir='ltr'><strong><em>integro</em></strong></span> <span class='ocrx_word' id='word_1_443' title='bbox 3614 1422 3887 1491; x_wconf 87' lang='lat' dir='ltr'><strong><em>deinceps</em></strong></span> 
     </span>
    </p>
   </div>
   <div class='ocr_carea' id='block_1_62' title="bbox 2182 1494 3887 1563">
    <p class='ocr_par' dir='ltr' id='par_1_62' title="bbox 2182 1494 3887 1563">
     <span class='ocr_line' id='line_1_62' title="bbox 2182 1494 3887 1563; baseline -0.001 -17"><span class='ocrx_word' id='word_1_444' title='bbox 2182 1494 2327 1547; x_wconf 88' lang='lat' dir='ltr'><strong><em>libro</em></strong></span> <span class='ocrx_word' id='word_1_445' title='bbox 2358 1494 2428 1546; x_wconf 93' lang='lat' dir='ltr'><strong><em>de</em></strong></span> <span class='ocrx_word' id='word_1_446' title='bbox 2461 1510 2572 1546; x_wconf 89' lang='lat' dir='ltr'><strong><em>non</em></strong></span> <span class='ocrx_word' id='word_1_447' title='bbox 2614 1496 2762 1547; x_wconf 89' lang='lat' dir='ltr'><strong><em>trina</em></strong></span> <span class='ocrx_word' id='word_1_448' title='bbox 2808 1494 3043 1555; x_wconf 87' lang='lat' dir='ltr'><strong><em>Deitate,</em></strong></span> <span class='ocrx_word' id='word_1_449' title='bbox 3094 1494 3339 1563; x_wconf 87' lang='lat' dir='ltr'><strong><em>sumpsit</em></strong></span> <span class='ocrx_word' id='word_1_450' title='bbox 3383 1494 3487 1546; x_wconf 87' lang='lat' dir='ltr'><strong><em>sibi</em></strong></span> <span class='ocrx_word' id='word_1_451' title='bbox 3538 1509 3887 1563; x_wconf 87' lang='lat' dir='ltr'><strong><em>oppugnan-</em></strong></span> 
     </span>
    </p>
   </div>
   <div class='ocr_carea' id='block_1_63' title="bbox 2180 1564 3889 1633">
    <p class='ocr_par' dir='ltr' id='par_1_63' title="bbox 2180 1564 3889 1633">
     <span class='ocr_line' id='line_1_63' title="bbox 2180 1564 3889 1633; baseline -0.001 -15"><span class='ocrx_word' id='word_1_452' title='bbox 2180 1565 2335 1618; x_wconf 90' lang='lat' dir='ltr'><strong><em>dum.</em></strong></span> <span class='ocrx_word' id='word_1_453' title='bbox 2367 1566 2447 1618; x_wconf 81' lang='lat' dir='ltr'><strong><em>Ad</em></strong></span> <span class='ocrx_word' id='word_1_454' title='bbox 2478 1564 2843 1617; x_wconf 75' lang='lat' dir='ltr'><strong><em>Gotthescalci</em></strong></span> <span class='ocrx_word' id='word_1_455' title='bbox 2878 1565 3203 1617; x_wconf 76' lang='lat' dir='ltr'><strong><em>subtiliores</em></strong></span> <span class='ocrx_word' id='word_1_456' title='bbox 3246 1566 3314 1617; x_wconf 91' lang='lat' dir='ltr'><strong><em>de</em></strong></span> <span class='ocrx_word' id='word_1_457' title='bbox 3346 1568 3558 1618; x_wconf 92' lang='lat' dir='ltr'><strong><em>ratione</em></strong></span> <span class='ocrx_word' id='word_1_458' title='bbox 3596 1580 3705 1633; x_wconf 89' lang='lat' dir='ltr'><strong><em>qua</em></strong></span> <span class='ocrx_word' id='word_1_459' title='bbox 3742 1566 3889 1617; x_wconf 83' lang='lat' dir='ltr'><strong><em>beati</em></strong></span> 
     </span>
    </p>
   </div>
   <div class='ocr_carea' id='block_1_64' title="bbox 2179 1634 3887 1704">
    <p class='ocr_par' dir='ltr' id='par_1_64' title="bbox 2179 1634 3887 1704">
     <span class='ocr_line' id='line_1_64' title="bbox 2179 1634 3887 1704; baseline -0.001 -15"><span class='ocrx_word' id='word_1_460' title='bbox 2179 1637 2356 1689; x_wconf 83' lang='lat' dir='ltr'><strong><em>visuri</em></strong></span> <span class='ocrx_word' id='word_1_461' title='bbox 2382 1638 2550 1689; x_wconf 88' lang='lat' dir='ltr'><strong><em>simus</em></strong></span> <span class='ocrx_word' id='word_1_462' title='bbox 2586 1639 2766 1700; x_wconf 91' lang='lat' dir='ltr'><strong><em>Deum,</em></strong></span> <span class='ocrx_word' id='word_1_463' title='bbox 2801 1636 3145 1704; x_wconf 66' lang='lat' dir='ltr'><strong><em>quaestiones</em></strong></span> <span class='ocrx_word' id='word_1_464' title='bbox 3178 1636 3474 1704; x_wconf 88' lang='lat' dir='ltr'><strong><em>respondit</em></strong></span> <span class='ocrx_word' id='word_1_465' title='bbox 3514 1636 3707 1704; x_wconf 86' lang='lat' dir='ltr'><strong><em>Lupus</em></strong></span> <span class='ocrx_word' id='word_1_466' title='bbox 3757 1634 3887 1688; x_wconf 77' lang='lat' dir='ltr'><strong><em>Fer-</em></strong></span> 
     </span>
    </p>
   </div>
   <div class='ocr_carea' id='block_1_65' title="bbox 2182 1705 3886 1776">
    <p class='ocr_par' dir='ltr' id='par_1_65' title="bbox 2182 1705 3886 1776">
     <span class='ocr_line' id='line_1_65' title="bbox 2182 1705 3886 1776; baseline 0 -18"><span class='ocrx_word' id='word_1_467' title='bbox 2182 1707 2451 1760; x_wconf 87' lang='lat' dir='ltr'><strong><em>rariensis</em></strong></span> <span class='ocrx_word' id='word_1_468' title='bbox 2482 1706 2724 1776; x_wconf 88' lang='lat' dir='ltr'><strong><em>epistola</em></strong></span> <span class='ocrx_word' id='word_1_469' title='bbox 2753 1707 3067 1775; x_wconf 89' lang='lat' dir='ltr'><strong><em>trigesima,</em></strong></span> <span class='ocrx_word' id='word_1_470' title='bbox 3098 1707 3188 1760; x_wconf 90' lang='lat' dir='ltr'><strong><em>cui</em></strong></span> <span class='ocrx_word' id='word_1_471' title='bbox 3232 1707 3404 1760; x_wconf 88' lang='lat' dir='ltr'><strong><em>etiam</em></strong></span> <span class='ocrx_word' id='word_1_472' title='bbox 3436 1706 3648 1759; x_wconf 90' lang='lat' dir='ltr'><strong><em>librum</em></strong></span> <span class='ocrx_word' id='word_1_473' title='bbox 3685 1705 3757 1758; x_wconf 86' lang='lat' dir='ltr'><strong><em>de</em></strong></span> <span class='ocrx_word' id='word_1_474' title='bbox 3786 1706 3886 1758; x_wconf 86' lang='lat' dir='ltr'><strong><em>tri-</em></strong></span> 
     </span>
    </p>
   </div>
   <div class='ocr_carea' id='block_1_66' title="bbox 2184 1776 3885 1847">
    <p class='ocr_par' dir='ltr' id='par_1_66' title="bbox 2184 1776 3885 1847">
     <span class='ocr_line' id='line_1_66' title="bbox 2184 1776 3885 1847; baseline -0.001 -17"><span class='ocrx_word' id='word_1_475' title='bbox 2184 1777 2288 1830; x_wconf 91' lang='lat' dir='ltr'><strong><em>bus</em></strong></span> <span class='ocrx_word' id='word_1_476' title='bbox 2354 1778 2771 1847; x_wconf 80' lang='lat' dir='ltr'><strong><em>quaestionibus</em></strong></span> <span class='ocrx_word' id='word_1_477' title='bbox 2835 1778 3084 1830; x_wconf 84' lang='lat' dir='ltr'><strong><em>vindicat</em></strong></span> <span class='ocrx_word' id='word_1_478' title='bbox 3146 1777 3422 1839; x_wconf 86' lang='lat' dir='ltr'><strong><em>Baluzius,</em></strong></span> <span class='ocrx_word' id='word_1_479' title='bbox 3481 1793 3655 1846; x_wconf 88' lang='lat' dir='ltr'><strong><em>quem</em></strong></span> <span class='ocrx_word' id='word_1_480' title='bbox 3714 1776 3885 1829; x_wconf 86' lang='lat' dir='ltr'><strong><em>alteri</em></strong></span> 
     </span>
    </p>
   </div>
   <div class='ocr_carea' id='block_1_67' title="bbox 2182 1848 3885 1916">
    <p class='ocr_par' dir='ltr' id='par_1_67' title="bbox 2182 1848 3885 1916">
     <span class='ocr_line' id='line_1_67' title="bbox 2182 1848 3885 1916; baseline -0.001 -15"><span class='ocrx_word' id='word_1_481' title='bbox 2182 1849 2339 1916; x_wconf 87' lang='lat' dir='ltr'><strong><em>Lupo</em></strong></span> <span class='ocrx_word' id='word_1_482' title='bbox 2402 1848 2519 1912; x_wconf 86' lang='lat' dir='ltr'><strong><em>alii,</em></strong></span> <span class='ocrx_word' id='word_1_483' title='bbox 2582 1849 2677 1900; x_wconf 83' lang='lat' dir='ltr'><strong><em>alii</em></strong></span> <span class='ocrx_word' id='word_1_484' title='bbox 2734 1849 3023 1902; x_wconf 83' lang='lat' dir='ltr'><strong><em>Amalario</em></strong></span> <span class='ocrx_word' id='word_1_485' title='bbox 3082 1850 3409 1901; x_wconf 87' lang='lat' dir='ltr'><strong><em>maluerunt</em></strong></span> <span class='ocrx_word' id='word_1_486' title='bbox 3466 1848 3740 1901; x_wconf 87' lang='lat' dir='ltr'><strong><em>tribuere.</em></strong></span> <span class='ocrx_word' id='word_1_487' title='bbox 3807 1848 3885 1899; x_wconf 88' lang='lat' dir='ltr'><strong><em>De</em></strong></span> 
     </span>
    </p>
   </div>
   <div class='ocr_carea' id='block_1_68' title="bbox 2182 1918 3889 1988">
    <p class='ocr_par' dir='ltr' id='par_1_68' title="bbox 2182 1918 3889 1988">
     <span class='ocr_line' id='line_1_68' title="bbox 2182 1918 3889 1988; baseline -0.002 -16"><span class='ocrx_word' id='word_1_488' title='bbox 2182 1918 2593 1973; x_wconf 81' lang='lat' dir='ltr'><strong><em>Gotthesclialci</em></strong></span> <span class='ocrx_word' id='word_1_489' title='bbox 2638 1924 2829 1972; x_wconf 86' lang='lat' dir='ltr'><strong><em>autem</em></strong></span> <span class='ocrx_word' id='word_1_490' title='bbox 2879 1935 3044 1972; x_wconf 88' lang='lat' dir='ltr'><strong><em>causa</em></strong></span> <span class='ocrx_word' id='word_1_491' title='bbox 3096 1926 3307 1988; x_wconf 74' lang='lat' dir='ltr'><strong><em>praeter</em></strong></span> <span class='ocrx_word' id='word_1_492' title='bbox 3357 1919 3664 1979; x_wconf 87' lang='lat' dir='ltr'><strong><em>Usserium,</em></strong></span> <span class='ocrx_word' id='word_1_493' title='bbox 3704 1918 3889 1972; x_wconf 80' lang='lat' dir='ltr'><strong><em>Cello-</em></strong></span> 
     </span>
    </p>
   </div>
   <div class='ocr_carea' id='block_1_69' title="bbox 2180 1990 3889 2060">
    <p class='ocr_par' dir='ltr' id='par_1_69' title="bbox 2180 1990 3889 2060">
     <span class='ocr_line' id='line_1_69' title="bbox 2180 1990 3889 2060; baseline 0.001 -20"><span class='ocrx_word' id='word_1_494' title='bbox 2180 1990 2324 2041; x_wconf 88' lang='lat' dir='ltr'><strong><em>tium</em></strong></span> <span class='ocrx_word' id='word_1_495' title='bbox 2379 1990 2632 2060; x_wconf 81' lang='lat' dir='ltr'><strong><em>aliosque</em></strong></span> <span class='ocrx_word' id='word_1_496' title='bbox 2672 2008 2705 2042; x_wconf 89' lang='lat' dir='ltr'><strong><em>a</em></strong></span> <span class='ocrx_word' id='word_1_497' title='bbox 2752 2006 2842 2043; x_wconf 88' lang='lat' dir='ltr'><strong><em>me</em></strong></span> <span class='ocrx_word' id='word_1_498' title='bbox 2900 1990 3157 2043; x_wconf 85' lang='lat' dir='ltr'><strong><em>laudatos</em></strong></span> <span class='ocrx_word' id='word_1_499' title='bbox 3212 1990 3355 2043; x_wconf 88' lang='lat' dir='ltr'><strong><em>adiri</em></strong></span> <span class='ocrx_word' id='word_1_500' title='bbox 3407 1990 3578 2042; x_wconf 85' lang='lat' dir='ltr'><strong><em>etiam</em></strong></span> <span class='ocrx_word' id='word_1_501' title='bbox 3640 1996 3889 2059; x_wconf 90' lang='lat' dir='ltr'><strong><em>possunt</em></strong></span> 
     </span>
    </p>
   </div>
   <div class='ocr_carea' id='block_1_70' title="bbox 2182 2060 3883 2129">
    <p class='ocr_par' dir='ltr' id='par_1_70' title="bbox 2182 2060 3883 2129">
     <span class='ocr_line' id='line_1_70' title="bbox 2182 2060 3883 2129; baseline 0 -17"><span class='ocrx_word' id='word_1_502' title='bbox 2182 2060 2538 2113; x_wconf 77' lang='lat' dir='ltr'><strong><em>Mabillonius</em></strong></span> <span class='ocrx_word' id='word_1_503' title='bbox 2587 2061 2811 2129; x_wconf 65' lang='lat' dir='ltr'><strong><em>praefat.</em></strong></span> <span class='ocrx_word' id='word_1_504' title='bbox 2860 2063 2931 2113; x_wconf 89' lang='lat' dir='ltr'><strong><em>ad</em></strong></span> <span class='ocrx_word' id='word_1_505' title='bbox 2960 2067 3097 2115; x_wconf 91' lang='lat' dir='ltr'><strong><em>tom.</em></strong></span> <span class='ocrx_word' id='word_1_506' title='bbox 3136 2061 3203 2114; x_wconf 85' lang='lat' dir='ltr'><strong><em>Ill</em></strong></span> <span class='ocrx_word' id='word_1_507' title='bbox 3245 2061 3448 2113; x_wconf 82' lang='lat' dir='ltr'><strong><em>Annal.</em></strong></span> <span class='ocrx_word' id='word_1_508' title='bbox 3499 2060 3883 2124; x_wconf 88' lang='lat' dir='ltr'><strong><em>Benedictin.,</em></strong></span> 
     </span>
    </p>
   </div>
   <div class='ocr_carea' id='block_1_71' title="bbox 2180 2131 3890 2185">
    <p class='ocr_par' dir='ltr' id='par_1_71' title="bbox 2180 2131 3890 2185">
     <span class='ocr_line' id='line_1_71' title="bbox 2180 2131 3890 2185; baseline 0 -2"><span class='ocrx_word' id='word_1_509' title='bbox 2180 2131 2517 2184; x_wconf 89' lang='lat' dir='ltr'><strong><em>Sirmondns</em></strong></span> <span class='ocrx_word' id='word_1_510' title='bbox 2575 2131 2632 2182; x_wconf 89' lang='lat' dir='ltr'><strong><em>in</em></strong></span> <span class='ocrx_word' id='word_1_511' title='bbox 2693 2132 2937 2184; x_wconf 86' lang='lat' dir='ltr'><strong><em>Historia</em></strong></span> <span class='ocrx_word' id='word_1_512' title='bbox 3004 2131 3513 2185; x_wconf 68' lang='lat' dir='ltr'><strong><em>Praedestinatiana</em></strong></span> <span class='ocrx_word' id='word_1_513' title='bbox 3577 2138 3634 2183; x_wconf 90' lang='lat' dir='ltr'><strong><em>et</em></strong></span> <span class='ocrx_word' id='word_1_514' title='bbox 3682 2137 3890 2183; x_wconf 87' lang='lat' dir='ltr'><strong><em>contra</em></strong></span> 
     </span>
    </p>
   </div>
   <div class='ocr_carea' id='block_1_72' title="bbox 2183 2201 3889 2271">
    <p class='ocr_par' dir='ltr' id='par_1_72' title="bbox 2183 2201 3889 2271">
     <span class='ocr_line' id='line_1_72' title="bbox 2183 2201 3889 2271; baseline -0.002 -15"><span class='ocrx_word' id='word_1_515' title='bbox 2183 2202 2553 2256; x_wconf 88' lang='lat' dir='ltr'><strong><em>Sirmondum</em></strong></span> <span class='ocrx_word' id='word_1_516' title='bbox 2585 2202 2867 2256; x_wconf 86' lang='lat' dir='ltr'><strong><em>Gilbertus</em></strong></span> <span class='ocrx_word' id='word_1_517' title='bbox 2888 2202 3249 2271; x_wconf 86' lang='lat' dir='ltr'><strong><em>Manguinus,</em></strong></span> <span class='ocrx_word' id='word_1_518' title='bbox 3276 2203 3332 2255; x_wconf 90' lang='lat' dir='ltr'><strong><em>in</em></strong></span> <span class='ocrx_word' id='word_1_519' title='bbox 3356 2202 3623 2255; x_wconf 88' lang='lat' dir='ltr'><strong><em>historica</em></strong></span> <span class='ocrx_word' id='word_1_520' title='bbox 3642 2207 3700 2255; x_wconf 88' lang='lat' dir='ltr'><strong><em>et</em></strong></span> <span class='ocrx_word' id='word_1_521' title='bbox 3720 2201 3889 2254; x_wconf 83' lang='lat' dir='ltr'><strong><em>chro-</em></strong></span> 
     </span>
    </p>
   </div>
   <div class='ocr_carea' id='block_1_73' title="bbox 2183 2272 3891 2342">
    <p class='ocr_par' dir='ltr' id='par_1_73' title="bbox 2183 2272 3891 2342">
     <span class='ocr_line' id='line_1_73' title="bbox 2183 2272 3891 2342; baseline -0.001 -17"><span class='ocrx_word' id='word_1_522' title='bbox 2183 2274 2309 2325; x_wconf 89' lang='lat' dir='ltr'><strong><em>nica</em></strong></span> <span class='ocrx_word' id='word_1_523' title='bbox 2354 2272 2593 2342; x_wconf 85' lang='lat' dir='ltr'><strong><em>Synopsi</em></strong></span> <span class='ocrx_word' id='word_1_524' title='bbox 2641 2274 3045 2327; x_wconf 78' lang='lat' dir='ltr'><strong><em>controversiae</em></strong></span> <span class='ocrx_word' id='word_1_525' title='bbox 3091 2273 3614 2339; x_wconf 68' lang='lat' dir='ltr'><strong><em>Gotthescalcianae,</em></strong></span> <span class='ocrx_word' id='word_1_526' title='bbox 3668 2277 3725 2324; x_wconf 88' lang='lat' dir='ltr'><strong><em>et</em></strong></span> <span class='ocrx_word' id='word_1_527' title='bbox 3771 2272 3891 2326; x_wconf 89' lang='lat' dir='ltr'><strong><em>dis-</em></strong></span> 
     </span>
    </p>
   </div>
   <div class='ocr_carea' id='block_1_74' title="bbox 2182 2343 3890 2413">
    <p class='ocr_par' dir='ltr' id='par_1_74' title="bbox 2182 2343 3890 2413">
     <span class='ocr_line' id='line_1_74' title="bbox 2182 2343 3890 2413; baseline 0.001 -20"><span class='ocrx_word' id='word_1_528' title='bbox 2182 2350 2314 2397; x_wconf 86' lang='lat' dir='ltr'><strong><em>sert.</em></strong></span> <span class='ocrx_word' id='word_1_529' title='bbox 2363 2344 2631 2396; x_wconf 90' lang='lat' dir='ltr'><strong><em>historica</em></strong></span> <span class='ocrx_word' id='word_1_530' title='bbox 2676 2349 2731 2397; x_wconf 87' lang='lat' dir='ltr'><strong><em>et</em></strong></span> <span class='ocrx_word' id='word_1_531' title='bbox 2772 2345 3061 2410; x_wconf 87' lang='lat' dir='ltr'><strong><em>chronica,</em></strong></span> <span class='ocrx_word' id='word_1_532' title='bbox 3115 2345 3173 2397; x_wconf 90' lang='lat' dir='ltr'><strong><em>in</em></strong></span> <span class='ocrx_word' id='word_1_533' title='bbox 3222 2350 3383 2413; x_wconf 80' lang='lat' dir='ltr'><strong><em>parte</em></strong></span> <span class='ocrx_word' id='word_1_534' title='bbox 3412 2360 3429 2395; x_wconf 95' lang='grc' dir='ltr'><strong><em>ι</em></strong></span> <span class='ocrx_word' id='word_1_535' title='bbox 3458 2343 3598 2395; x_wconf 80' lang='lat' dir='ltr'><strong><em>tomi</em></strong></span> <span class='ocrx_word' id='word_1_536' title='bbox 3642 2344 3890 2397; x_wconf 88' lang='lat' dir='ltr'><strong><em>secundi</em></strong></span> 
     </span>
    </p>
   </div>
   <div class='ocr_carea' id='block_1_75' title="bbox 2182 2414 3893 2484">
    <p class='ocr_par' dir='ltr' id='par_1_75' title="bbox 2182 2414 3893 2484">
     <span class='ocr_line' id='line_1_75' title="bbox 2182 2414 3893 2484; baseline -0.001 -16"><span class='ocrx_word' id='word_1_537' title='bbox 2182 2414 2534 2484; x_wconf 89' lang='lat' dir='ltr'><strong><em>Scriptorum</em></strong></span> <span class='ocrx_word' id='word_1_538' title='bbox 2580 2431 2706 2467; x_wconf 73' lang='lat' dir='ltr'><strong><em>saec.</em></strong></span> <span class='ocrx_word' id='word_1_539' title='bbox 2741 2431 2793 2467; x_wconf 75' lang='grc' dir='ltr'><strong><em>ιιι</em></strong></span> <span class='ocrx_word' id='word_1_540' title='bbox 2826 2415 2894 2468; x_wconf 89' lang='lat' dir='ltr'><strong><em>de</em></strong></span> <span class='ocrx_word' id='word_1_541' title='bbox 2938 2415 3132 2469; x_wconf 86' lang='lat' dir='ltr'><strong><em>Gratia</em></strong></span> <span class='ocrx_word' id='word_1_542' title='bbox 3162 2420 3211 2467; x_wconf 90' lang='lat' dir='ltr'><strong><em>et</em></strong></span> <span class='ocrx_word' id='word_1_543' title='bbox 3263 2414 3795 2478; x_wconf 65' lang='lat' dir='ltr'><strong><em>Praedestinatione,</em></strong></span> <span class='ocrx_word' id='word_1_544' title='bbox 3834 2421 3893 2466; x_wconf 86' lang='lat' dir='ltr'><strong><em>et</em></strong></span> 
     </span>
    </p>
   </div>
   <div class='ocr_carea' id='block_1_76' title="bbox 2181 2485 3890 2549">
    <p class='ocr_par' dir='ltr' id='par_1_76' title="bbox 2181 2485 3890 2549">
     <span class='ocr_line' id='line_1_76' title="bbox 2181 2485 3890 2549; baseline 0.001 -12"><span class='ocrx_word' id='word_1_545' title='bbox 2181 2501 2249 2538; x_wconf 85' lang='lat' dir='ltr'><strong><em>ex</em></strong></span> <span class='ocrx_word' id='word_1_546' title='bbox 2276 2486 2624 2538; x_wconf 87' lang='lat' dir='ltr'><strong><em>nostratibus</em></strong></span> <span class='ocrx_word' id='word_1_547' title='bbox 2656 2486 2717 2539; x_wconf 91' lang='lat' dir='ltr'><strong><em>D.</em></strong></span> <span class='ocrx_word' id='word_1_548' title='bbox 2767 2487 2973 2538; x_wconf 88' lang='lat' dir='ltr'><strong><em>Paulus</em></strong></span> <span class='ocrx_word' id='word_1_549' title='bbox 3022 2486 3319 2549; x_wconf 72' lang='lat' dir='ltr'><strong><em>Rmberus,</em></strong></span> <span class='ocrx_word' id='word_1_550' title='bbox 3368 2485 3765 2539; x_wconf 85' lang='lat' dir='ltr'><strong><em>dissertatione</em></strong></span> <span class='ocrx_word' id='word_1_551' title='bbox 3818 2486 3890 2538; x_wconf 92' lang='lat' dir='ltr'><strong><em>de</em></strong></span> 
     </span>
    </p>
   </div>
   <div class='ocr_carea' id='block_1_77' title="bbox 2181 2555 3891 2611">
    <p class='ocr_par' dir='ltr' id='par_1_77' title="bbox 2181 2555 3891 2611">
     <span class='ocr_line' id='line_1_77' title="bbox 2181 2555 3891 2611; baseline 0.001 -2"><span class='ocrx_word' id='word_1_552' title='bbox 2181 2556 2472 2609; x_wconf 87' lang='lat' dir='ltr'><strong><em>erroribus</em></strong></span> <span class='ocrx_word' id='word_1_553' title='bbox 2512 2556 2930 2611; x_wconf 86' lang='lat' dir='ltr'><strong><em>Gottheschalci</em></strong></span> <span class='ocrx_word' id='word_1_554' title='bbox 2973 2574 3101 2610; x_wconf 65' lang='lat' dir='ltr'><strong><em>saec.</em></strong></span> <span class='ocrx_word' id='word_1_555' title='bbox 3154 2573 3205 2609; x_wconf 68' lang='grc' dir='ltr'>ιχ</span> <span class='ocrx_word' id='word_1_556' title='bbox 3254 2556 3556 2610; x_wconf 87' lang='lat' dir='ltr'><strong><em>damnatis.</em></strong></span> <span class='ocrx_word' id='word_1_557' title='bbox 3608 2555 3891 2609; x_wconf 88' lang='lat' dir='ltr'><strong><em>Witeber-</em></strong></span> 
     </span>
    </p>
   </div>
   <div class='ocr_carea' id='block_1_78' title="bbox 2223 2628 2564 2691">
    <p class='ocr_par' dir='ltr' id='par_1_78' title="bbox 2223 2628 2564 2691">
     <span class='ocr_line' id='line_1_78' title="bbox 2223 2628 2564 2691; baseline 0.009 -12"><span class='ocrx_word' id='word_1_558' title='bbox 2223 2644 2290 2691; x_wconf 73' lang='lat' dir='ltr'><strong><em>ae,</em></strong></span> <span class='ocrx_word' id='word_1_559' title='bbox 2332 2628 2464 2681; x_wconf 88' lang='grc'>1646</span> <span class='ocrx_word' id='word_1_560' title='bbox 2487 2628 2564 2682; x_wconf 83' lang='grc' dir='ltr'>4ο.</span> 
     </span>
    </p>
   </div>
   <div class='ocr_carea' id='block_1_79' title="bbox 2183 2644 3889 2752">
    <p class='ocr_par' dir='ltr' id='par_1_79' title="bbox 2183 2644 3889 2752">
     <span class='ocr_line' id='line_1_79' title="bbox 2223 2644 2564 2682; baseline 0.009 -3"><span class='ocrx_word' id='word_1_561' title='bbox 2223 2644 2268 2679; x_wconf 69' lang='lat' dir='ltr'><strong><em>ae</em></strong></span> <span class='ocrx_word' id='word_1_562' title='bbox 2332 2644 2564 2682; x_wconf 54' lang='lat'><strong><em>104040.</em></strong></span> 
     </span>
     <span class='ocr_line' id='line_1_80' title="bbox 2183 2644 3889 2752; baseline 0 -1"><span class='ocrx_word' id='word_1_563' title='bbox 2183 2644 2220 2697; x_wconf 69' lang='lat'>8</span> <span class='ocrx_word' id='word_1_564' title='bbox 2251 2669 2325 2751; x_wconf 58' lang='lat' dir='ltr'><strong><em>E,x</em></strong></span> <span class='ocrx_word' id='word_1_565' title='bbox 2358 2698 2598 2751; x_wconf 89' lang='lat' dir='ltr'><strong><em>historia</em></strong></span> <span class='ocrx_word' id='word_1_566' title='bbox 2626 2714 2730 2751; x_wconf 87' lang='lat' dir='ltr'><strong><em>ms.</em></strong></span> <span class='ocrx_word' id='word_1_567' title='bbox 2761 2698 2831 2752; x_wconf 88' lang='lat' dir='ltr'><strong><em>de</em></strong></span> <span class='ocrx_word' id='word_1_568' title='bbox 2864 2697 3279 2751; x_wconf 82' lang='lat' dir='ltr'><strong><em>Gotthesclialci</em></strong></span> <span class='ocrx_word' id='word_1_569' title='bbox 3314 2697 3889 2751; x_wconf 82' lang='lat' dir='ltr'><strong><em>Novimonasterien-</em></strong></span> 
     </span>
    </p>
   </div>
   <div class='ocr_carea' id='block_1_80' title="bbox 2180 2768 3893 2838">
    <p class='ocr_par' dir='ltr' id='par_1_80' title="bbox 2180 2768 3893 2838">
     <span class='ocr_line' id='line_1_81' title="bbox 2180 2768 3893 2838; baseline 0 -17"><span class='ocrx_word' id='word_1_570' title='bbox 2180 2768 2255 2821; x_wconf 89' lang='lat' dir='ltr'><strong><em>sis</em></strong></span> <span class='ocrx_word' id='word_1_571' title='bbox 2285 2769 2599 2821; x_wconf 84' lang='lat' dir='ltr'><strong><em>visionibus</em></strong></span> <span class='ocrx_word' id='word_1_572' title='bbox 2642 2785 2732 2822; x_wconf 91' lang='lat' dir='ltr'><strong><em>an.</em></strong></span> <span class='ocrx_word' id='word_1_573' title='bbox 2772 2772 2906 2822; x_wconf 80' lang='grc'>1190</span> <span class='ocrx_word' id='word_1_574' title='bbox 2952 2774 3212 2838; x_wconf 79' lang='lat' dir='ltr'><strong><em>excerpta</em></strong></span> <span class='ocrx_word' id='word_1_575' title='bbox 3262 2768 3415 2821; x_wconf 89' lang='lat' dir='ltr'><strong><em>edita</em></strong></span> <span class='ocrx_word' id='word_1_576' title='bbox 3466 2774 3600 2821; x_wconf 87' lang='lat' dir='ltr'><strong><em>sunt</em></strong></span> <span class='ocrx_word' id='word_1_577' title='bbox 3644 2769 3713 2822; x_wconf 89' lang='lat' dir='ltr'><strong><em>ab</em></strong></span> <span class='ocrx_word' id='word_1_578' title='bbox 3755 2768 3893 2822; x_wconf 87' lang='lat' dir='ltr'><strong><em>illu-</em></strong></span> 
     </span>
    </p>
   </div>
   <div class='ocr_carea' id='block_1_81' title="bbox 2181 2839 3891 2911">
    <p class='ocr_par' dir='ltr' id='par_1_81' title="bbox 2181 2839 3891 2911">
     <span class='ocr_line' id='line_1_82' title="bbox 2181 2839 3891 2911; baseline 0.001 -19"><span class='ocrx_word' id='word_1_579' title='bbox 2181 2841 2279 2892; x_wconf 87' lang='lat' dir='ltr'><strong><em>stri</em></strong></span> <span class='ocrx_word' id='word_1_580' title='bbox 2314 2840 2594 2893; x_wconf 90' lang='lat' dir='ltr'><strong><em>Leibnitio</em></strong></span> <span class='ocrx_word' id='word_1_581' title='bbox 2660 2846 2819 2893; x_wconf 89' lang='lat' dir='ltr'><strong><em>tomo</em></strong></span> <span class='ocrx_word' id='word_1_582' title='bbox 2871 2841 2889 2893; x_wconf 94' lang='lat' dir='ltr'><strong><em>I</em></strong></span> <span class='ocrx_word' id='word_1_583' title='bbox 2933 2840 3286 2911; x_wconf 88' lang='lat' dir='ltr'><strong><em>Scriptorum</em></strong></span> <span class='ocrx_word' id='word_1_584' title='bbox 3358 2839 3891 2901; x_wconf 87' lang='lat' dir='ltr'><strong><em>Brunsvicensium,</em></strong></span> 
     </span>
    </p>
   </div>
   <div class='ocr_carea' id='block_1_82' title="bbox 2180 2913 2523 2980">
    <p class='ocr_par' dir='ltr' id='par_1_82' title="bbox 2180 2913 2523 2980">
     <span class='ocr_line' id='line_1_83' title="bbox 2180 2913 2523 2980; baseline 0.009 -20"><span class='ocrx_word' id='word_1_585' title='bbox 2180 2926 2237 2980; x_wconf 69' lang='grc' dir='ltr'>ιι.</span> <span class='ocrx_word' id='word_1_586' title='bbox 2273 2913 2523 2964; x_wconf 78' lang='grc'>870-875.</span> 
     </span>
    </p>
   </div>
   <div class='ocr_carea' id='block_1_83' title="bbox 2111 3068 3895 3143">
    <p class='ocr_par' dir='ltr' id='par_1_83' title="bbox 2111 3068 3895 3143">
     <span class='ocr_line' id='line_1_84' title="bbox 2111 3068 3895 3143; baseline 0.003 -22"><span class='ocrx_word' id='word_1_587' title='bbox 2111 3068 2151 3121; x_wconf 85' lang='lat' dir='ltr'><strong>C</strong></span> <span class='ocrx_word' id='word_1_588' title='bbox 2180 3088 2285 3127; x_wconf 90' lang='lat' dir='ltr'><strong><em>non</em></strong></span> <span class='ocrx_word' id='word_1_589' title='bbox 2313 3075 2563 3126; x_wconf 89' lang='lat' dir='ltr'><strong><em>timuisti.</em></strong></span> <span class='ocrx_word' id='word_1_590' title='bbox 2618 3074 2859 3143; x_wconf 84' lang='lat' dir='ltr'><strong><em>PrOpter</em></strong></span> <span class='ocrx_word' id='word_1_591' title='bbox 2904 3072 3054 3126; x_wconf 89' lang='lat' dir='ltr'><strong><em>idem</em></strong></span> <span class='ocrx_word' id='word_1_592' title='bbox 3104 3071 3355 3125; x_wconf 86' lang='lat' dir='ltr'><strong><em>insolens</em></strong></span> <span class='ocrx_word' id='word_1_593' title='bbox 3392 3071 3741 3140; x_wconf 89' lang='lat' dir='ltr'><strong><em>promissum</em></strong></span> <span class='ocrx_word' id='word_1_594' title='bbox 3792 3074 3895 3126; x_wconf 90' lang='lat' dir='ltr'><strong><em>do-</em></strong></span> 
     </span>
    </p>
   </div>
   <div class='ocr_carea' id='block_1_84' title="bbox 2182 3142 3893 3211">
    <p class='ocr_par' dir='ltr' id='par_1_84' title="bbox 2182 3142 3893 3211">
     <span class='ocr_line' id='line_1_85' title="bbox 2182 3142 3893 3211; baseline -0.002 -12"><span class='ocrx_word' id='word_1_595' title='bbox 2182 3145 2413 3203; x_wconf 85' lang='lat' dir='ltr'><strong><em>liorum,</em></strong></span> <span class='ocrx_word' id='word_1_596' title='bbox 2449 3144 2655 3197; x_wconf 86' lang='lat' dir='ltr'><strong><em>acriter</em></strong></span> <span class='ocrx_word' id='word_1_597' title='bbox 2699 3142 3143 3211; x_wconf 81' lang='lat' dir='ltr'><strong><em>reprehenditur</em></strong></span> <span class='ocrx_word' id='word_1_598' title='bbox 3186 3143 3606 3196; x_wconf 82' lang='lat' dir='ltr'><strong><em>Gotteschalcus</em></strong></span> <span class='ocrx_word' id='word_1_599' title='bbox 3645 3143 3718 3196; x_wconf 89' lang='lat' dir='ltr'><strong><em>ab</em></strong></span> <span class='ocrx_word' id='word_1_600' title='bbox 3750 3142 3893 3198; x_wconf 84' lang='lat' dir='ltr'><strong><em>Hin-</em></strong></span> 
     </span>
    </p>
   </div>
   <div class='ocr_carea' id='block_1_85' title="bbox 2182 3214 3889 3279">
    <p class='ocr_par' dir='ltr' id='par_1_85' title="bbox 2182 3214 3889 3279">
     <span class='ocr_line' id='line_1_86' title="bbox 2182 3214 3889 3279; baseline 0 -11"><span class='ocrx_word' id='word_1_601' title='bbox 2182 3232 2372 3268; x_wconf 90' lang='lat' dir='ltr'><strong><em>cmaro</em></strong></span> <span class='ocrx_word' id='word_1_602' title='bbox 2403 3214 2713 3268; x_wconf 79' lang='lat' dir='ltr'><strong><em>Rhemensi</em></strong></span> <span class='ocrx_word' id='word_1_603' title='bbox 2746 3214 2840 3268; x_wconf 89' lang='lat' dir='ltr'><strong><em>lib.</em></strong></span> <span class='ocrx_word' id='word_1_604' title='bbox 2890 3215 2960 3268; x_wconf 90' lang='lat' dir='ltr'><strong><em>de</em></strong></span> <span class='ocrx_word' id='word_1_605' title='bbox 3009 3230 3121 3267; x_wconf 92' lang='lat' dir='ltr'><strong><em>non</em></strong></span> <span class='ocrx_word' id='word_1_606' title='bbox 3165 3214 3317 3267; x_wconf 89' lang='lat' dir='ltr'><strong><em>trina</em></strong></span> <span class='ocrx_word' id='word_1_607' title='bbox 3364 3214 3601 3277; x_wconf 87' lang='lat' dir='ltr'><strong><em>Deitate,</em></strong></span> <span class='ocrx_word' id='word_1_608' title='bbox 3651 3220 3817 3268; x_wconf 89' lang='lat' dir='ltr'><strong><em>tomo</em></strong></span> <span class='ocrx_word' id='word_1_609' title='bbox 3850 3215 3889 3279; x_wconf 94' lang='lat' dir='ltr'><strong><em>I,</em></strong></span> 
     </span>
    </p>
   </div>
   <div class='ocr_carea' id='block_1_86' title="bbox 2182 3288 3895 3426">
    <p class='ocr_par' dir='ltr' id='par_1_86' title="bbox 2182 3288 3895 3426">
     <span class='ocr_line' id='line_1_87' title="bbox 2182 3288 3895 3426; baseline -0.002 -14"><span class='ocrx_word' id='word_1_610' title='bbox 2182 3302 2323 3424; x_wconf 55' lang='lat' dir='ltr'><strong><em>patch</em></strong></span> <span class='ocrx_word' id='word_1_611' title='bbox 2346 3288 2569 3409; x_wconf 49' lang='grc' dir='ltr'><strong><em>[ἐξέρπει</em></strong></span> <span class='ocrx_word' id='word_1_612' title='bbox 2609 3372 2737 3424; x_wconf 66' lang='lat' dir='ltr'><strong><em>quae.</em></strong></span> <span class='ocrx_word' id='word_1_613' title='bbox 2781 3356 2838 3409; x_wconf 92' lang='lat' dir='ltr'><strong><em>in</em></strong></span> <span class='ocrx_word' id='word_1_614' title='bbox 2888 3360 3135 3426; x_wconf 82' lang='lat' dir='ltr'><strong><em>utroque</em></strong></span> <span class='ocrx_word' id='word_1_615' title='bbox 3186 3353 3475 3425; x_wconf 85' lang='lat' dir='ltr'><strong><em>Manguini</em></strong></span> <span class='ocrx_word' id='word_1_616' title='bbox 3520 3360 3679 3408; x_wconf 88' lang='lat' dir='ltr'><strong><em>tomo</em></strong></span> <span class='ocrx_word' id='word_1_617' title='bbox 3734 3356 3895 3409; x_wconf 85' lang='lat' dir='ltr'><strong><em>exhi-</em></strong></span> 
     </span>
    </p>
   </div>
   <div class='ocr_carea' id='block_1_87' title="bbox 2185 3426 3896 3495">
    <p class='ocr_par' dir='ltr' id='par_1_87' title="bbox 2185 3426 3896 3495">
     <span class='ocr_line' id='line_1_88' title="bbox 2185 3426 3896 3495; baseline 0.001 -16"><span class='ocrx_word' id='word_1_618' title='bbox 2185 3427 2413 3489; x_wconf 88' lang='lat' dir='ltr'><strong><em>bentur,</em></strong></span> <span class='ocrx_word' id='word_1_619' title='bbox 2469 3428 2684 3479; x_wconf 89' lang='lat' dir='ltr'><strong><em>notavit</em></strong></span> <span class='ocrx_word' id='word_1_620' title='bbox 2718 3428 2775 3480; x_wconf 84' lang='grc' dir='ltr'>Β.</span> <span class='ocrx_word' id='word_1_621' title='bbox 2809 3428 3055 3480; x_wconf 85' lang='lat' dir='ltr'><strong><em>Thomas</em></strong></span> <span class='ocrx_word' id='word_1_622' title='bbox 3102 3426 3327 3495; x_wconf 89' lang='lat' dir='ltr'><strong><em>lttigius</em></strong></span> <span class='ocrx_word' id='word_1_623' title='bbox 3374 3426 3519 3480; x_wconf 90' lang='lat' dir='ltr'><strong><em>libro</em></strong></span> <span class='ocrx_word' id='word_1_624' title='bbox 3567 3426 3639 3479; x_wconf 87' lang='lat' dir='ltr'><strong><em>de</em></strong></span> <span class='ocrx_word' id='word_1_625' title='bbox 3682 3427 3896 3481; x_wconf 83' lang='lat' dir='ltr'><strong><em>Biblio-</em></strong></span> 
     </span>
    </p>
   </div>
   <div class='ocr_carea' id='block_1_88' title="bbox 2183 3497 3437 3568">
    <p class='ocr_par' dir='ltr' id='par_1_88' title="bbox 2183 3497 3437 3568">
     <span class='ocr_line' id='line_1_89' title="bbox 2183 3497 3437 3568; baseline -0.001 -18"><span class='ocrx_word' id='word_1_626' title='bbox 2183 3497 2364 3551; x_wconf 86' lang='lat' dir='ltr'><strong><em>thecis</em></strong></span> <span class='ocrx_word' id='word_1_627' title='bbox 2389 3502 2445 3549; x_wconf 86' lang='lat' dir='ltr'><strong><em>et</em></strong></span> <span class='ocrx_word' id='word_1_628' title='bbox 2475 3498 2699 3552; x_wconf 87' lang='lat' dir='ltr'><strong><em>Catenis</em></strong></span> <span class='ocrx_word' id='word_1_629' title='bbox 2732 3500 2986 3565; x_wconf 85' lang='lat' dir='ltr'><strong><em>Patrum,</em></strong></span> <span class='ocrx_word' id='word_1_630' title='bbox 3020 3513 3150 3568; x_wconf 86' lang='lat' dir='ltr'><strong><em>pag.</em></strong></span> <span class='ocrx_word' id='word_1_631' title='bbox 3186 3501 3285 3551; x_wconf 82' lang='lat'><strong><em>397</em></strong></span> <span class='ocrx_word' id='word_1_632' title='bbox 3320 3513 3437 3567; x_wconf 86' lang='lat' dir='ltr'><strong><em>seq.</em></strong></span> 
     </span>
    </p>
   </div>
   <div class='ocr_carea' id='block_1_89' title="bbox 757 3787 3497 3902">
    <p class='ocr_par' dir='ltr' id='par_1_89' title="bbox 757 3787 3497 3902">
     <span class='ocr_line' id='line_1_90' title="bbox 757 3787 3497 3902; baseline 0.002 -6"><span class='ocrx_word' id='word_1_633' title='bbox 757 3787 1552 3899; x_wconf 86' lang='lat' dir='ltr'><strong><em>CONFESSIO</em></strong></span> <span class='ocrx_word' id='word_1_634' title='bbox 1646 3789 2745 3902; x_wconf 83' lang='lat' dir='ltr'><strong><em>GOTTESCHALCI</em></strong></span> <span class='ocrx_word' id='word_1_635' title='bbox 2835 3794 3497 3902; x_wconf 82' lang='lat' dir='ltr'><strong><em>MONACHI</em></strong></span> 
     </span>
    </p>
   </div>
   <div class='ocr_carea' id='block_1_90' title="bbox 1423 3983 2678 4046">
    <p class='ocr_par' dir='ltr' id='par_1_90' title="bbox 1423 3983 2678 4046">
     <span class='ocr_line' id='line_1_91' title="bbox 1423 3983 2678 4046; baseline 0.002 -4"><span class='ocrx_word' id='word_1_636' title='bbox 1423 3983 1638 4044; x_wconf 86' lang='lat' dir='ltr'><strong><em>POST</em></strong></span> <span class='ocrx_word' id='word_1_637' title='bbox 1688 3983 2099 4044; x_wconf 52' lang='lat' dir='ltr'><strong><em>HERESIM</em></strong></span> <span class='ocrx_word' id='word_1_638' title='bbox 2159 3985 2678 4046; x_wconf 73' lang='lat' dir='ltr'><strong><em>DAMNATAM.</em></strong></span> 
     </span>
    </p>
   </div>
   <div class='ocr_carea' id='block_1_91' title="bbox 1010 4113 3244 4179">
    <p class='ocr_par' dir='ltr' id='par_1_91' title="bbox 1010 4113 3244 4179">
     <span class='ocr_line' id='line_1_92' title="bbox 1010 4113 3244 4179; baseline 0.002 -18"><span class='ocrx_word' id='word_1_639' title='bbox 1010 4114 1180 4176; x_wconf 81' lang='lat' dir='ltr'><strong><em>(Apud</em></strong></span> <span class='ocrx_word' id='word_1_640' title='bbox 1212 4114 1581 4175; x_wconf 81' lang='lat' dir='ltr'><strong><em>Manguinum,</em></strong></span> <span class='ocrx_word' id='word_1_641' title='bbox 1616 4113 1869 4162; x_wconf 66' lang='lat' dir='ltr'><strong><em>Vindictae</em></strong></span> <span class='ocrx_word' id='word_1_642' title='bbox 1904 4114 2151 4163; x_wconf 70' lang='lat' dir='ltr'><strong><em>Prtedest.</em></strong></span> <span class='ocrx_word' id='word_1_643' title='bbox 2183 4120 2235 4163; x_wconf 88' lang='lat' dir='ltr'><strong><em>et</em></strong></span> <span class='ocrx_word' id='word_1_644' title='bbox 2261 4116 2469 4177; x_wconf 70' lang='lat' dir='ltr'><strong><em>Gratim,</em></strong></span> <span class='ocrx_word' id='word_1_645' title='bbox 2505 4130 2553 4178; x_wconf 88' lang='lat' dir='ltr'><strong><em>p.</em></strong></span> <span class='ocrx_word' id='word_1_646' title='bbox 2590 4120 2638 4177; x_wconf 81' lang='grc'>5,</span> <span class='ocrx_word' id='word_1_647' title='bbox 2667 4130 2730 4164; x_wconf 81' lang='lat' dir='ltr'><strong><em>ex</em></strong></span> <span class='ocrx_word' id='word_1_648' title='bbox 2767 4130 2863 4165; x_wconf 88' lang='lat' dir='ltr'><strong><em>ms.</em></strong></span> <span class='ocrx_word' id='word_1_649' title='bbox 2901 4117 3244 4179; x_wconf 85' lang='lat' dir='ltr'><strong><em>Corbeiensi.)</em></strong></span> 
     </span>
    </p>
   </div>
   <div class='ocr_carea' id='block_1_92' title="bbox 451 4365 3899 4457">
    <p class='ocr_par' dir='ltr' id='par_1_92' title="bbox 451 4365 3899 4457">
     <span class='ocr_line' id='line_1_93' title="bbox 451 4365 3899 4457; baseline 0.003 -38"><span class='ocrx_word' id='word_1_650' title='bbox 451 4365 627 4457; x_wconf 78' lang='lat' dir='ltr'><strong><em>Credo</em></strong></span> <span class='ocrx_word' id='word_1_651' title='bbox 686 4374 742 4420; x_wconf 91' lang='lat' dir='ltr'><strong><em>et</em></strong></span> <span class='ocrx_word' id='word_1_652' title='bbox 789 4368 1067 4421; x_wconf 81' lang='lat' dir='ltr'><strong><em>conﬁteor</em></strong></span> <span class='ocrx_word' id='word_1_653' title='bbox 1130 4370 1308 4423; x_wconf 91' lang='lat' dir='ltr'><strong><em>Deum</em></strong></span> <span class='ocrx_word' id='word_1_654' title='bbox 1356 4372 1711 4441; x_wconf 88' lang='lat' dir='ltr'><strong><em>omnipotem</em></strong></span> <span class='ocrx_word' id='word_1_655' title='bbox 1757 4377 1812 4426; x_wconf 86' lang='lat' dir='ltr'><strong><em>et</em></strong></span> <span class='ocrx_word' id='word_1_656' title='bbox 1856 4372 2073 4427; x_wconf 88' lang='lat' dir='ltr'><strong><em>iucom-</em></strong></span> <span class='ocrx_word' id='word_1_657' title='bbox 2118 4374 2461 4442; x_wconf 86' lang='lat' dir='ltr'><strong><em>Djudicatus</em></strong></span> <span class='ocrx_word' id='word_1_658' title='bbox 2510 4380 2588 4429; x_wconf 88' lang='lat' dir='ltr'><strong><em>est</em></strong></span> <span class='ocrx_word' id='word_1_659' title='bbox 2638 4376 2811 4445; x_wconf 82' lang='lat' dir='ltr'><strong><em>(Joan.</em></strong></span> <span class='ocrx_word' id='word_1_660' title='bbox 2874 4392 2952 4439; x_wconf 87' lang='grc' dir='ltr'>ιιι,</span> <span class='ocrx_word' id='word_1_661' title='bbox 3016 4377 3122 4443; x_wconf 87' lang='grc'>18),</span> <span class='ocrx_word' id='word_1_662' title='bbox 3182 4376 3239 4429; x_wconf 91' lang='lat' dir='ltr'><strong><em>id</em></strong></span> <span class='ocrx_word' id='word_1_663' title='bbox 3301 4380 3400 4457; x_wconf 30' lang='lat' dir='ltr'><strong><em>est.</em></strong></span> <span class='ocrx_word' id='word_1_664' title='bbox 3439 4378 3519 4446; x_wconf 87' lang='lat' dir='ltr'><strong><em>(ut</em></strong></span> <span class='ocrx_word' id='word_1_665' title='bbox 3579 4376 3899 4445; x_wconf 57' lang='lat' dir='ltr'><strong><em>praedictus</em></strong></span> 
     </span>
    </p>
   </div>
   <div class='ocr_carea' id='block_1_93' title="bbox 382 4454 2074 4530">
    <p class='ocr_par' dir='ltr' id='par_1_93' title="bbox 382 4454 2074 4530">
     <span class='ocr_line' id='line_1_94' title="bbox 382 4454 2074 4530; baseline 0.005 -23"><span class='ocrx_word' id='word_1_666' title='bbox 382 4454 719 4508; x_wconf 88' lang='lat' dir='ltr'><strong><em>mutabilem</em></strong></span> <span class='ocrx_word' id='word_1_667' title='bbox 770 4457 1062 4525; x_wconf 68' lang='lat' dir='ltr'><strong><em>praescisse</em></strong></span> <span class='ocrx_word' id='word_1_668' title='bbox 1103 4464 1159 4512; x_wconf 90' lang='lat' dir='ltr'><strong><em>et</em></strong></span> <span class='ocrx_word' id='word_1_669' title='bbox 1189 4458 1625 4528; x_wconf 71' lang='lat' dir='ltr'><strong><em>praedestinasse</em></strong></span> <span class='ocrx_word' id='word_1_670' title='bbox 1670 4462 1905 4530; x_wconf 85' lang='lat' dir='ltr'><strong><em>angelos</em></strong></span> <span class='ocrx_word' id='word_1_671' title='bbox 1946 4477 2074 4515; x_wconf 90' lang='lat' dir='ltr'><strong><em>san-</em></strong></span> 
     </span>
    </p>
   </div>
   <div class='ocr_carea' id='block_1_94' title="bbox 380 4544 2078 4619">
    <p class='ocr_par' dir='ltr' id='par_1_94' title="bbox 380 4544 2078 4619">
     <span class='ocr_line' id='line_1_95' title="bbox 380 4544 2078 4619; baseline 0.005 -24"><span class='ocrx_word' id='word_1_672' title='bbox 380 4549 516 4601; x_wconf 85' lang='lat' dir='ltr'><strong><em>ctos,</em></strong></span> <span class='ocrx_word' id='word_1_673' title='bbox 552 4548 607 4597; x_wconf 89' lang='lat' dir='ltr'><strong><em>et</em></strong></span> <span class='ocrx_word' id='word_1_674' title='bbox 638 4544 899 4599; x_wconf 89' lang='lat' dir='ltr'><strong><em>homines</em></strong></span> <span class='ocrx_word' id='word_1_675' title='bbox 933 4545 1141 4599; x_wconf 90' lang='lat' dir='ltr'><strong><em>electos</em></strong></span> <span class='ocrx_word' id='word_1_676' title='bbox 1173 4547 1241 4601; x_wconf 89' lang='lat' dir='ltr'><strong><em>ad</em></strong></span> <span class='ocrx_word' id='word_1_677' title='bbox 1275 4548 1447 4601; x_wconf 89' lang='lat' dir='ltr'><strong><em>vitam</em></strong></span> <span class='ocrx_word' id='word_1_678' title='bbox 1480 4550 1656 4619; x_wconf 86' lang='lat' dir='ltr'><strong><em>gratis</em></strong></span> <span class='ocrx_word' id='word_1_679' title='bbox 1691 4556 1987 4615; x_wconf 77' lang='lat' dir='ltr'><strong><em>aeternam,</em></strong></span> <span class='ocrx_word' id='word_1_680' title='bbox 2020 4554 2078 4603; x_wconf 90' lang='lat' dir='ltr'><strong><em>et</em></strong></span> 
     </span>
    </p>
   </div>
   <div class='ocr_carea' id='block_1_95' title="bbox 380 4631 2075 4705">
    <p class='ocr_par' dir='ltr' id='par_1_95' title="bbox 380 4631 2075 4705">
     <span class='ocr_line' id='line_1_96' title="bbox 380 4631 2075 4705; baseline 0.005 -22"><span class='ocrx_word' id='word_1_681' title='bbox 380 4631 570 4702; x_wconf 88' lang='lat' dir='ltr'><strong><em>ipsum</em></strong></span> <span class='ocrx_word' id='word_1_682' title='bbox 621 4633 912 4687; x_wconf 90' lang='lat' dir='ltr'><strong><em>diabolum</em></strong></span> <span class='ocrx_word' id='word_1_683' title='bbox 959 4642 1130 4705; x_wconf 88' lang='lat' dir='ltr'><strong><em>caput</em></strong></span> <span class='ocrx_word' id='word_1_684' title='bbox 1173 4636 1431 4690; x_wconf 83' lang='lat' dir='ltr'><strong><em>omnium</em></strong></span> <span class='ocrx_word' id='word_1_685' title='bbox 1481 4637 1898 4691; x_wconf 64' lang='lat' dir='ltr'><strong><em>daemoniorum</em></strong></span> <span class='ocrx_word' id='word_1_686' title='bbox 1946 4655 2075 4692; x_wconf 88' lang='lat' dir='ltr'><strong><em>cum</em></strong></span> 
     </span>
    </p>
   </div>
   <div class='ocr_carea' id='block_1_96' title="bbox 380 4719 2074 4798">
    <p class='ocr_par' dir='ltr' id='par_1_96' title="bbox 380 4719 2074 4798">
     <span class='ocr_line' id='line_1_97' title="bbox 380 4719 2074 4798; baseline 0.005 -27"><span class='ocrx_word' id='word_1_687' title='bbox 380 4719 648 4773; x_wconf 85' lang='lat' dir='ltr'><strong><em>omnibus</em></strong></span> <span class='ocrx_word' id='word_1_688' title='bbox 676 4722 790 4775; x_wconf 89' lang='lat' dir='ltr'><strong><em>suis</em></strong></span> <span class='ocrx_word' id='word_1_689' title='bbox 822 4725 1171 4793; x_wconf 86' lang='lat' dir='ltr'><strong><em>apostaticis,</em></strong></span> <span class='ocrx_word' id='word_1_690' title='bbox 1214 4731 1271 4779; x_wconf 88' lang='lat' dir='ltr'><strong><em>et</em></strong></span> <span class='ocrx_word' id='word_1_691' title='bbox 1298 4742 1428 4779; x_wconf 91' lang='lat' dir='ltr'><strong><em>cum</em></strong></span> <span class='ocrx_word' id='word_1_692' title='bbox 1460 4726 1599 4796; x_wconf 92' lang='lat' dir='ltr'><strong><em>ipsis</em></strong></span> <span class='ocrx_word' id='word_1_693' title='bbox 1630 4744 1860 4798; x_wconf 90' lang='lat' dir='ltr'><strong><em>quoque</em></strong></span> <span class='ocrx_word' id='word_1_694' title='bbox 1888 4727 2074 4781; x_wconf 87' lang='lat' dir='ltr'><strong><em>homi-</em></strong></span> 
     </span>
    </p>
   </div>
   <div class='ocr_carea' id='block_1_97' title="bbox 379 4808 2077 4886">
    <p class='ocr_par' dir='ltr' id='par_1_97' title="bbox 379 4808 2077 4886">
     <span class='ocr_line' id='line_1_98' title="bbox 379 4808 2077 4886; baseline 0.005 -25"><span class='ocrx_word' id='word_1_695' title='bbox 379 4808 549 4862; x_wconf 88' lang='lat' dir='ltr'><strong><em>nibus</em></strong></span> <span class='ocrx_word' id='word_1_696' title='bbox 617 4811 897 4879; x_wconf 88' lang='lat' dir='ltr'><strong><em>reprobis,</em></strong></span> <span class='ocrx_word' id='word_1_697' title='bbox 965 4814 1238 4867; x_wconf 88' lang='lat' dir='ltr'><strong><em>membris</em></strong></span> <span class='ocrx_word' id='word_1_698' title='bbox 1300 4814 1564 4869; x_wconf 86' lang='lat' dir='ltr'><strong><em>videlicet</em></strong></span> <span class='ocrx_word' id='word_1_699' title='bbox 1633 4817 1772 4880; x_wconf 88' lang='lat' dir='ltr'><strong><em>suis,</em></strong></span> <span class='ocrx_word' id='word_1_700' title='bbox 1840 4822 2077 4886; x_wconf 91' lang='lat' dir='ltr'><strong><em>propter</em></strong></span> 
     </span>
    </p>
   </div>
   <div class='ocr_carea' id='block_1_98' title="bbox 377 4896 2077 4974">
    <p class='ocr_par' dir='ltr' id='par_1_98' title="bbox 377 4896 2077 4974">
     <span class='ocr_line' id='line_1_99' title="bbox 377 4896 2077 4974; baseline 0.005 -25"><span class='ocrx_word' id='word_1_701' title='bbox 377 4896 640 4967; x_wconf 67' lang='lat' dir='ltr'><strong><em>praiscita</em></strong></span> <span class='ocrx_word' id='word_1_702' title='bbox 673 4900 986 4953; x_wconf 88' lang='lat' dir='ltr'><strong><em>certissime</em></strong></span> <span class='ocrx_word' id='word_1_703' title='bbox 1020 4900 1273 4971; x_wconf 90' lang='lat' dir='ltr'><strong><em>ipsorum</em></strong></span> <span class='ocrx_word' id='word_1_704' title='bbox 1308 4904 1541 4974; x_wconf 89' lang='lat' dir='ltr'><strong><em>propria</em></strong></span> <span class='ocrx_word' id='word_1_705' title='bbox 1572 4904 1766 4958; x_wconf 86' lang='lat' dir='ltr'><strong><em>futura</em></strong></span> <span class='ocrx_word' id='word_1_706' title='bbox 1788 4907 1934 4957; x_wconf 83' lang='lat' dir='ltr'><strong><em>mala</em></strong></span> <span class='ocrx_word' id='word_1_707' title='bbox 1965 4921 2077 4957; x_wconf 86' lang='lat' dir='ltr'><strong><em>me-</em></strong></span> 
     </span>
    </p>
   </div>
   <div class='ocr_carea' id='block_1_99' title="bbox 376 4986 2075 5063">
    <p class='ocr_par' dir='ltr' id='par_1_99' title="bbox 376 4986 2075 5063">
     <span class='ocr_line' id='line_1_100' title="bbox 376 4986 2075 5063; baseline 0.005 -24"><span class='ocrx_word' id='word_1_708' title='bbox 376 4986 488 5040; x_wconf 86' lang='lat' dir='ltr'><strong><em>rita</em></strong></span> <span class='ocrx_word' id='word_1_709' title='bbox 512 4988 939 5057; x_wconf 67' lang='lat' dir='ltr'><strong><em>prae-destinasse</em></strong></span> <span class='ocrx_word' id='word_1_710' title='bbox 966 4992 1181 5059; x_wconf 82' lang='lat' dir='ltr'><strong><em>pariter</em></strong></span> <span class='ocrx_word' id='word_1_711' title='bbox 1225 5008 1326 5061; x_wconf 90' lang='lat' dir='ltr'><strong><em>per</em></strong></span> <span class='ocrx_word' id='word_1_712' title='bbox 1366 4993 1751 5061; x_wconf 87' lang='lat' dir='ltr'><strong><em>justissimum</em></strong></span> <span class='ocrx_word' id='word_1_713' title='bbox 1796 4994 2075 5063; x_wconf 86' lang='lat' dir='ltr'><strong><em>judicium</em></strong></span> 
     </span>
    </p>
   </div>
   <div class='ocr_carea' id='block_1_100' title="bbox 379 5076 2077 5152">
    <p class='ocr_par' dir='ltr' id='par_1_100' title="bbox 379 5076 2077 5152">
     <span class='ocr_line' id='line_1_101' title="bbox 379 5076 2077 5152; baseline 0.005 -25"><span class='ocrx_word' id='word_1_714' title='bbox 379 5091 544 5128; x_wconf 87' lang='lat' dir='ltr'><strong><em>suum</em></strong></span> <span class='ocrx_word' id='word_1_715' title='bbox 577 5076 633 5129; x_wconf 91' lang='lat' dir='ltr'><strong><em>in</em></strong></span> <span class='ocrx_word' id='word_1_716' title='bbox 668 5083 909 5131; x_wconf 90' lang='lat' dir='ltr'><strong><em>mortem</em></strong></span> <span class='ocrx_word' id='word_1_717' title='bbox 953 5080 1156 5133; x_wconf 86' lang='lat' dir='ltr'><strong><em>merito</em></strong></span> <span class='ocrx_word' id='word_1_718' title='bbox 1210 5082 1616 5152; x_wconf 88' lang='lat' dir='ltr'><strong><em>sempiternam</em></strong></span> <span class='ocrx_word' id='word_1_719' title='bbox 1647 5099 1659 5136; x_wconf 88' lang='lat'>:</span> <span class='ocrx_word' id='word_1_720' title='bbox 1690 5083 1825 5152; x_wconf 88' lang='lat' dir='ltr'><strong><em>quia</em></strong></span> <span class='ocrx_word' id='word_1_721' title='bbox 1873 5084 1951 5135; x_wconf 90' lang='lat' dir='ltr'><strong><em>sic</em></strong></span> <span class='ocrx_word' id='word_1_722' title='bbox 1998 5084 2077 5136; x_wconf 89' lang='lat' dir='ltr'><strong><em>ait</em></strong></span> 
     </span>
    </p>
   </div>
   <div class='ocr_carea' id='block_1_101' title="bbox 378 5163 2075 5240">
    <p class='ocr_par' dir='ltr' id='par_1_101' title="bbox 378 5163 2075 5240">
     <span class='ocr_line' id='line_1_102' title="bbox 378 5163 2075 5240; baseline 0.005 -25"><span class='ocrx_word' id='word_1_723' title='bbox 378 5164 498 5233; x_wconf 91' lang='lat' dir='ltr'><strong><em>ipse</em></strong></span> <span class='ocrx_word' id='word_1_724' title='bbox 564 5163 839 5219; x_wconf 84' lang='lat' dir='ltr'><strong><em>Dominus</em></strong></span> <span class='ocrx_word' id='word_1_725' title='bbox 904 5166 963 5219; x_wconf 89' lang='lat' dir='ltr'><strong><em>in</em></strong></span> <span class='ocrx_word' id='word_1_726' title='bbox 1031 5169 1335 5239; x_wconf 86' lang='lat' dir='ltr'><strong><em>Evangelio</em></strong></span> <span class='ocrx_word' id='word_1_727' title='bbox 1401 5187 1503 5223; x_wconf 88' lang='lat' dir='ltr'><strong><em>suo</em></strong></span> <span class='ocrx_word' id='word_1_728' title='bbox 1547 5187 1558 5224; x_wconf 90' lang='lat'><strong>:</strong></span> <span class='ocrx_word' id='word_1_729' title='bbox 1597 5174 1848 5240; x_wconf 87' lang='lat' dir='ltr'><strong><em>Princeps</em></strong></span> <span class='ocrx_word' id='word_1_730' title='bbox 1911 5172 2075 5239; x_wconf 84' lang='lat' dir='ltr'><strong><em>hujus</em></strong></span> 
     </span>
    </p>
   </div>
   <div class='ocr_carea' id='block_1_102' title="bbox 377 5252 2073 5329">
    <p class='ocr_par' dir='ltr' id='par_1_102' title="bbox 377 5252 2073 5329">
     <span class='ocr_line' id='line_1_103' title="bbox 377 5252 2073 5329; baseline 0.004 -26"><span class='ocrx_word' id='word_1_731' title='bbox 377 5252 570 5305; x_wconf 88' lang='lat' dir='ltr'><strong><em>mundi</em></strong></span> <span class='ocrx_word' id='word_1_732' title='bbox 590 5254 712 5321; x_wconf 89' lang='lat' dir='ltr'><strong><em>jam</em></strong></span> <span class='ocrx_word' id='word_1_733' title='bbox 744 5255 1027 5323; x_wconf 84' lang='lat' dir='ltr'><strong><em>judicatus</em></strong></span> <span class='ocrx_word' id='word_1_734' title='bbox 1076 5264 1152 5309; x_wconf 84' lang='lat' dir='ltr'><strong><em>est</em></strong></span> <span class='ocrx_word' id='word_1_735' title='bbox 1200 5260 1377 5325; x_wconf 83' lang='lat' dir='ltr'><strong><em>(Joan.</em></strong></span> <span class='ocrx_word' id='word_1_736' title='bbox 1429 5275 1540 5324; x_wconf 72' lang='grc' dir='ltr'>χιιι,</span> <span class='ocrx_word' id='word_1_737' title='bbox 1588 5260 1692 5329; x_wconf 91' lang='grc'>11).</span> <span class='ocrx_word' id='word_1_738' title='bbox 1741 5260 1899 5323; x_wconf 89' lang='lat' dir='ltr'><strong><em>Quod</em></strong></span> <span class='ocrx_word' id='word_1_739' title='bbox 1948 5260 2073 5313; x_wconf 88' lang='lat' dir='ltr'><strong><em>bea-</em></strong></span> 
     </span>
    </p>
   </div>
   <div class='ocr_carea' id='block_1_103' title="bbox 381 5344 2070 5418">
    <p class='ocr_par' dir='ltr' id='par_1_103' title="bbox 381 5344 2070 5418">
     <span class='ocr_line' id='line_1_104' title="bbox 381 5344 2070 5418; baseline 0.004 -24"><span class='ocrx_word' id='word_1_740' title='bbox 381 5346 469 5394; x_wconf 84' lang='lat' dir='ltr'><strong><em>tus</em></strong></span> <span class='ocrx_word' id='word_1_741' title='bbox 496 5344 847 5409; x_wconf 81' lang='lat' dir='ltr'><strong><em>Augustinus</em></strong></span> <span class='ocrx_word' id='word_1_742' title='bbox 876 5360 1166 5413; x_wconf 84' lang='lat' dir='ltr'><strong><em>exponens</em></strong></span> <span class='ocrx_word' id='word_1_743' title='bbox 1196 5346 1264 5399; x_wconf 87' lang='lat' dir='ltr'><strong><em>ad</em></strong></span> <span class='ocrx_word' id='word_1_744' title='bbox 1301 5348 1579 5416; x_wconf 88' lang='lat' dir='ltr'><strong><em>populum</em></strong></span> <span class='ocrx_word' id='word_1_745' title='bbox 1608 5348 1773 5418; x_wconf 85' lang='lat' dir='ltr'><strong><em>(Aug.</em></strong></span> <span class='ocrx_word' id='word_1_746' title='bbox 1806 5351 1863 5401; x_wconf 88' lang='lat' dir='ltr'><strong><em>in</em></strong></span> <span class='ocrx_word' id='word_1_747' title='bbox 1892 5352 2070 5414; x_wconf 87' lang='lat' dir='ltr'><strong><em>Joan.,</em></strong></span> 
     </span>
    </p>
   </div>
   <div class='ocr_carea' id='block_1_104' title="bbox 380 5430 2070 5506">
    <p class='ocr_par' dir='ltr' id='par_1_104' title="bbox 380 5430 2070 5506">
     <span class='ocr_line' id='line_1_105' title="bbox 380 5430 2070 5506; baseline 0.007 -27"><span class='ocrx_word' id='word_1_748' title='bbox 380 5432 541 5481; x_wconf 88' lang='lat' dir='ltr'><strong><em>tract.</em></strong></span> <span class='ocrx_word' id='word_1_749' title='bbox 571 5430 680 5496; x_wconf 76' lang='grc'>95),</span> <span class='ocrx_word' id='word_1_750' title='bbox 720 5431 796 5484; x_wconf 90' lang='lat' dir='ltr'><strong><em>sic</em></strong></span> <span class='ocrx_word' id='word_1_751' title='bbox 844 5433 976 5486; x_wconf 87' lang='lat' dir='ltr'><strong><em>inde</em></strong></span> <span class='ocrx_word' id='word_1_752' title='bbox 1020 5434 1208 5502; x_wconf 89' lang='lat' dir='ltr'><strong><em>palam</em></strong></span> <span class='ocrx_word' id='word_1_753' title='bbox 1241 5434 1460 5488; x_wconf 88' lang='lat' dir='ltr'><strong><em>locutus</em></strong></span> <span class='ocrx_word' id='word_1_754' title='bbox 1492 5442 1579 5490; x_wconf 87' lang='lat' dir='ltr'><strong><em>est</em></strong></span> <span class='ocrx_word' id='word_1_755' title='bbox 1606 5453 1619 5490; x_wconf 91' lang='lat'>:</span> <span class='ocrx_word' id='word_1_756' title='bbox 1655 5457 1682 5484; x_wconf 88' lang='grc'><strong><em>‹‹</em></strong></span> <span class='ocrx_word' id='word_1_757' title='bbox 1715 5437 1773 5490; x_wconf 92' lang='lat' dir='ltr'><strong><em>Id</em></strong></span> <span class='ocrx_word' id='word_1_758' title='bbox 1804 5443 1888 5490; x_wconf 86' lang='lat' dir='ltr'><strong><em>est</em></strong></span> <span class='ocrx_word' id='word_1_759' title='bbox 1911 5437 2070 5506; x_wconf 84' lang='lat' dir='ltr'><strong><em>judi-</em></strong></span> 
     </span>
    </p>
   </div>
   <div class='ocr_carea' id='block_1_105' title="bbox 380 5513 2073 5584">
    <p class='ocr_par' dir='ltr' id='par_1_105' title="bbox 380 5513 2073 5584">
     <span class='ocr_line' id='line_1_106' title="bbox 380 5513 2073 5584; baseline 0.008 -19"><span class='ocrx_word' id='word_1_760' title='bbox 380 5513 466 5567; x_wconf 91' lang='lat' dir='ltr'><strong><em>cio</em></strong></span> <span class='ocrx_word' id='word_1_761' title='bbox 496 5513 645 5584; x_wconf 88' lang='lat' dir='ltr'><strong><em>ignis</em></strong></span> <span class='ocrx_word' id='word_1_762' title='bbox 677 5519 879 5571; x_wconf 64' lang='lat' dir='ltr'><strong><em>aeterni</em></strong></span> <span class='ocrx_word' id='word_1_763' title='bbox 909 5520 1361 5576; x_wconf 89' lang='lat' dir='ltr'><strong><em>irrevocabiliter</em></strong></span> <span class='ocrx_word' id='word_1_764' title='bbox 1393 5523 1705 5577; x_wconf 88' lang='lat' dir='ltr'><strong><em>destinatus</em></strong></span> <span class='ocrx_word' id='word_1_765' title='bbox 1737 5528 1838 5577; x_wconf 86' lang='lat' dir='ltr'><strong><em>est.</em></strong></span> <span class='ocrx_word' id='word_1_766' title='bbox 1877 5548 1903 5573; x_wconf 87' lang='grc'><strong>››</strong></span> <span class='ocrx_word' id='word_1_767' title='bbox 1930 5525 2073 5578; x_wconf 87' lang='lat' dir='ltr'><strong><em>Item</em></strong></span> 
     </span>
    </p>
   </div>
   <div class='ocr_carea' id='block_1_106' title="bbox 379 5602 2073 5682">
    <p class='ocr_par' dir='ltr' id='par_1_106' title="bbox 379 5602 2073 5682">
     <span class='ocr_line' id='line_1_107' title="bbox 379 5602 2073 5682; baseline 0.007 -27"><span class='ocrx_word' id='word_1_768' title='bbox 379 5602 449 5656; x_wconf 91' lang='lat' dir='ltr'><strong><em>de</em></strong></span> <span class='ocrx_word' id='word_1_769' title='bbox 471 5604 727 5673; x_wconf 86' lang='lat' dir='ltr'><strong><em>reprobis</em></strong></span> <span class='ocrx_word' id='word_1_770' title='bbox 754 5604 879 5676; x_wconf 90' lang='lat' dir='ltr'><strong><em>ipsa</em></strong></span> <span class='ocrx_word' id='word_1_771' title='bbox 902 5608 1119 5662; x_wconf 86' lang='lat' dir='ltr'><strong><em>Veritas</em></strong></span> <span class='ocrx_word' id='word_1_772' title='bbox 1151 5629 1166 5663; x_wconf 88' lang='lat'><strong><em>:</em></strong></span> <span class='ocrx_word' id='word_1_773' title='bbox 1197 5611 1305 5676; x_wconf 88' lang='lat' dir='ltr'><strong><em>Qui</em></strong></span> <span class='ocrx_word' id='word_1_774' title='bbox 1348 5618 1525 5666; x_wconf 92' lang='lat' dir='ltr'><strong><em>autem</em></strong></span> <span class='ocrx_word' id='word_1_775' title='bbox 1570 5629 1675 5666; x_wconf 91' lang='lat' dir='ltr'><strong><em>non</em></strong></span> <span class='ocrx_word' id='word_1_776' title='bbox 1715 5613 1907 5679; x_wconf 87' lang='lat' dir='ltr'><strong><em>credit,</em></strong></span> <span class='ocrx_word' id='word_1_777' title='bbox 1951 5615 2073 5682; x_wconf 88' lang='lat' dir='ltr'><strong><em>jam</em></strong></span> 
     </span>
    </p>
   </div>
   <div class='ocr_carea' id='block_1_107' title="bbox 2186 4461 3893 4536">
    <p class='ocr_par' dir='ltr' id='par_1_107' title="bbox 2186 4461 3893 4536">
     <span class='ocr_line' id='line_1_108' title="bbox 2186 4461 3893 4536; baseline -0.001 -20"><span class='ocrx_word' id='word_1_778' title='bbox 2186 4468 2386 4516; x_wconf 87' lang='lat' dir='ltr'><strong><em>auctor</em></strong></span> <span class='ocrx_word' id='word_1_779' title='bbox 2446 4462 2727 4535; x_wconf 80' lang='lat' dir='ltr'><strong><em>exposuit)</em></strong></span> <span class='ocrx_word' id='word_1_780' title='bbox 2798 4461 2976 4535; x_wconf 82' lang='lat' dir='ltr'><strong><em>[tract.</em></strong></span> <span class='ocrx_word' id='word_1_781' title='bbox 3044 4462 3141 4536; x_wconf 84' lang='lat' dir='ltr'><strong><em>xu]</em></strong></span> <span class='ocrx_word' id='word_1_782' title='bbox 3206 4465 3327 4534; x_wconf 90' lang='lat' dir='ltr'><strong><em>jam</em></strong></span> <span class='ocrx_word' id='word_1_783' title='bbox 3400 4463 3708 4517; x_wconf 86' lang='lat' dir='ltr'><strong><em>damnatus</em></strong></span> <span class='ocrx_word' id='word_1_784' title='bbox 3785 4470 3893 4516; x_wconf 86' lang='lat' dir='ltr'><strong><em>est.</em></strong></span> 
     </span>
    </p>
   </div>
   <div class='ocr_carea' id='block_1_108' title="bbox 2190 4552 3898 4622">
    <p class='ocr_par' dir='ltr' id='par_1_108' title="bbox 2190 4552 3898 4622">
     <span class='ocr_line' id='line_1_109' title="bbox 2190 4552 3898 4622; baseline -0.001 -16"><span class='ocrx_word' id='word_1_785' title='bbox 2190 4571 2215 4602; x_wconf 74' lang='grc' dir='ltr'>ι(</span> <span class='ocrx_word' id='word_1_786' title='bbox 2278 4552 2560 4615; x_wconf 86' lang='lat' dir='ltr'><strong><em>Nondum,</em></strong></span> <span class='ocrx_word' id='word_1_787' title='bbox 2614 4552 2821 4622; x_wconf 88' lang='lat' dir='ltr'><strong><em>inquit,</em></strong></span> <span class='ocrx_word' id='word_1_788' title='bbox 2883 4552 3168 4622; x_wconf 86' lang='lat' dir='ltr'><strong><em>apparuit,</em></strong></span> <span class='ocrx_word' id='word_1_789' title='bbox 3236 4552 3541 4621; x_wconf 90' lang='lat' dir='ltr'><strong><em>judicium,</em></strong></span> <span class='ocrx_word' id='word_1_790' title='bbox 3613 4553 3712 4605; x_wconf 87' lang='lat' dir='ltr'><strong><em>sed</em></strong></span> <span class='ocrx_word' id='word_1_791' title='bbox 3770 4552 3898 4622; x_wconf 88' lang='lat' dir='ltr'><strong><em>jam</em></strong></span> 
     </span>
    </p>
   </div>
   <div class='ocr_carea' id='block_1_109' title="bbox 2186 4641 3901 4711">
    <p class='ocr_par' dir='ltr' id='par_1_109' title="bbox 2186 4641 3901 4711">
     <span class='ocr_line' id='line_1_110' title="bbox 2186 4641 3901 4711; baseline 0 -16"><span class='ocrx_word' id='word_1_792' title='bbox 2186 4642 2398 4695; x_wconf 88' lang='lat' dir='ltr'><strong><em>factum</em></strong></span> <span class='ocrx_word' id='word_1_793' title='bbox 2431 4647 2515 4695; x_wconf 88' lang='lat' dir='ltr'><strong><em>est</em></strong></span> <span class='ocrx_word' id='word_1_794' title='bbox 2537 4641 2841 4711; x_wconf 85' lang='lat' dir='ltr'><strong><em>judicium.</em></strong></span> <span class='ocrx_word' id='word_1_795' title='bbox 2880 4661 2901 4687; x_wconf 78' lang='grc' dir='ltr'><strong><em>ι</em></strong></span> <span class='ocrx_word' id='word_1_796' title='bbox 2942 4642 3077 4694; x_wconf 87' lang='lat' dir='ltr'><strong><em>Item</em></strong></span> <span class='ocrx_word' id='word_1_797' title='bbox 3126 4656 3416 4710; x_wconf 86' lang='lat' dir='ltr'><strong><em>exponens</em></strong></span> <span class='ocrx_word' id='word_1_798' title='bbox 3464 4641 3609 4694; x_wconf 90' lang='lat' dir='ltr'><strong><em>illud</em></strong></span> <span class='ocrx_word' id='word_1_799' title='bbox 3638 4642 3901 4710; x_wconf 72' lang='lat' dir='ltr'><strong><em>[Joannis</em></strong></span> 
     </span>
    </p>
   </div>
   <div class='ocr_carea' id='block_1_110' title="bbox 2188 4730 3895 4799">
    <p class='ocr_par' dir='ltr' id='par_1_110' title="bbox 2188 4730 3895 4799">
     <span class='ocr_line' id='line_1_111' title="bbox 2188 4730 3895 4799; baseline -0.001 -15"><span class='ocrx_word' id='word_1_800' title='bbox 2188 4730 2455 4798; x_wconf 58' lang='lat' dir='ltr'><strong><em>Baptista;</em></strong></span> <span class='ocrx_word' id='word_1_801' title='bbox 2490 4746 2503 4783; x_wconf 87' lang='lat'><strong>:</strong></span> <span class='ocrx_word' id='word_1_802' title='bbox 2543 4732 2923 4785; x_wconf 86' lang='lat' dir='ltr'><strong><em>Testimonium</em></strong></span> <span class='ocrx_word' id='word_1_803' title='bbox 2953 4745 3069 4797; x_wconf 66' lang='lat' dir='ltr'><strong><em>ejus</em></strong></span> <span class='ocrx_word' id='word_1_804' title='bbox 3120 4745 3268 4783; x_wconf 90' lang='lat' dir='ltr'><strong><em>nemo</em></strong></span> <span class='ocrx_word' id='word_1_805' title='bbox 3312 4733 3538 4799; x_wconf 88' lang='lat' dir='ltr'><strong><em>accepit.</em></strong></span> <span class='ocrx_word' id='word_1_806' title='bbox 3592 4732 3770 4798; x_wconf 86' lang='lat' dir='ltr'><strong><em>(Joan.</em></strong></span> <span class='ocrx_word' id='word_1_807' title='bbox 3812 4747 3895 4791; x_wconf 83' lang='grc' dir='ltr'>ιιι,</span> 
     </span>
    </p>
   </div>
   <div class='ocr_carea' id='block_1_111' title="bbox 2186 4816 3904 4888">
    <p class='ocr_par' dir='ltr' id='par_1_111' title="bbox 2186 4816 3904 4888">
     <span class='ocr_line' id='line_1_112' title="bbox 2186 4816 3904 4888; baseline -0.001 -16"><span class='ocrx_word' id='word_1_808' title='bbox 2186 4821 2295 4881; x_wconf 88' lang='grc'>32),</span> <span class='ocrx_word' id='word_1_809' title='bbox 2324 4818 2401 4870; x_wconf 90' lang='lat' dir='ltr'><strong><em>ita</em></strong></span> <span class='ocrx_word' id='word_1_810' title='bbox 2430 4818 2565 4871; x_wconf 90' lang='lat' dir='ltr'><strong><em>dicit</em></strong></span> <span class='ocrx_word' id='word_1_811' title='bbox 2603 4821 2781 4885; x_wconf 76' lang='lat' dir='ltr'><strong><em>[tract.</em></strong></span> <span class='ocrx_word' id='word_1_812' title='bbox 2814 4816 2927 4887; x_wconf 85' lang='lat' dir='ltr'><strong><em>x1v]</em></strong></span> <span class='ocrx_word' id='word_1_813' title='bbox 2963 4836 2973 4870; x_wconf 88' lang='lat'>:</span> <span class='ocrx_word' id='word_1_814' title='bbox 3017 4839 3038 4865; x_wconf 79' lang='grc' dir='ltr'>σ</span> <span class='ocrx_word' id='word_1_815' title='bbox 3075 4818 3272 4885; x_wconf 83' lang='lat' dir='ltr'><strong><em>Nemo,</em></strong></span> <span class='ocrx_word' id='word_1_816' title='bbox 3318 4824 3402 4871; x_wconf 89' lang='lat' dir='ltr'><strong><em>est</em></strong></span> <span class='ocrx_word' id='word_1_817' title='bbox 3430 4818 3665 4887; x_wconf 91' lang='lat' dir='ltr'><strong><em>quidam</em></strong></span> <span class='ocrx_word' id='word_1_818' title='bbox 3714 4835 3904 4888; x_wconf 86' lang='lat' dir='ltr'><strong><em>popu—</em></strong></span> 
     </span>
    </p>
   </div>
   <div class='ocr_carea' id='block_1_112' title="bbox 2186 4904 3905 4974">
    <p class='ocr_par' dir='ltr' id='par_1_112' title="bbox 2186 4904 3905 4974">
     <span class='ocr_line' id='line_1_113' title="bbox 2186 4904 3905 4974; baseline 0.002 -17"><span class='ocrx_word' id='word_1_819' title='bbox 2186 4906 2273 4958; x_wconf 93' lang='lat' dir='ltr'><strong><em>lus</em></strong></span> <span class='ocrx_word' id='word_1_820' title='bbox 2322 4909 2675 4974; x_wconf 76' lang='lat' dir='ltr'><strong><em>prmparatus</em></strong></span> <span class='ocrx_word' id='word_1_821' title='bbox 2706 4904 2776 4957; x_wconf 88' lang='lat' dir='ltr'><strong><em>ad</em></strong></span> <span class='ocrx_word' id='word_1_822' title='bbox 2822 4904 2967 4957; x_wconf 88' lang='lat' dir='ltr'><strong><em>iram</em></strong></span> <span class='ocrx_word' id='word_1_823' title='bbox 3018 4905 3142 4971; x_wconf 85' lang='lat' dir='ltr'><strong><em>Dei,</em></strong></span> <span class='ocrx_word' id='word_1_824' title='bbox 3193 4906 3555 4959; x_wconf 85' lang='lat' dir='ltr'><strong><em>damnandus</em></strong></span> <span class='ocrx_word' id='word_1_825' title='bbox 3602 4923 3737 4959; x_wconf 90' lang='lat' dir='ltr'><strong><em>cum</em></strong></span> <span class='ocrx_word' id='word_1_826' title='bbox 3783 4908 3905 4960; x_wconf 83' lang='lat' dir='ltr'><strong><em>dia-</em></strong></span> 
     </span>
    </p>
   </div>
   <div class='ocr_carea' id='block_1_113' title="bbox 2184 4992 3905 5063">
    <p class='ocr_par' dir='ltr' id='par_1_113' title="bbox 2184 4992 3905 5063">
     <span class='ocr_line' id='line_1_114' title="bbox 2184 4992 3905 5063; baseline 0.002 -17"><span class='ocrx_word' id='word_1_827' title='bbox 2184 4993 2336 5047; x_wconf 88' lang='lat' dir='ltr'><strong><em>bolo.</em></strong></span> <span class='ocrx_word' id='word_1_828' title='bbox 2369 5015 2389 5040; x_wconf 74' lang='grc' dir='ltr'><strong><em>ι</em></strong></span> <span class='ocrx_word' id='word_1_829' title='bbox 2426 4994 2565 5046; x_wconf 89' lang='lat' dir='ltr'><strong><em>Item</em></strong></span> <span class='ocrx_word' id='word_1_830' title='bbox 2593 4993 2661 5046; x_wconf 89' lang='lat' dir='ltr'><strong><em>de</em></strong></span> <span class='ocrx_word' id='word_1_831' title='bbox 2690 4992 2902 5047; x_wconf 69' lang='lat' dir='ltr'><strong><em>Judaeis</em></strong></span> <span class='ocrx_word' id='word_1_832' title='bbox 2937 5009 2949 5045; x_wconf 92' lang='lat'>:</span> <span class='ocrx_word' id='word_1_833' title='bbox 2990 5016 3009 5040; x_wconf 72' lang='grc' dir='ltr'><strong>ε</strong></span> <span class='ocrx_word' id='word_1_834' title='bbox 3051 4993 3146 5045; x_wconf 90' lang='lat' dir='ltr'><strong><em>Isti</em></strong></span> <span class='ocrx_word' id='word_1_835' title='bbox 3176 4993 3541 5063; x_wconf 85' lang='lat' dir='ltr'><strong><em>indignantes</em></strong></span> <span class='ocrx_word' id='word_1_836' title='bbox 3589 4996 3813 5048; x_wconf 89' lang='lat' dir='ltr'><strong><em>mortui</em></strong></span> <span class='ocrx_word' id='word_1_837' title='bbox 3844 5004 3905 5049; x_wconf 84' lang='lat' dir='ltr'><strong><em>et</em></strong></span> 
     </span>
    </p>
   </div>
   <div class='ocr_carea' id='block_1_114' title="bbox 2188 5081 3900 5156">
    <p class='ocr_par' dir='ltr' id='par_1_114' title="bbox 2188 5081 3900 5156">
     <span class='ocr_line' id='line_1_115' title="bbox 2188 5081 3900 5156; baseline 0.001 -21"><span class='ocrx_word' id='word_1_838' title='bbox 2188 5082 2359 5135; x_wconf 89' lang='lat' dir='ltr'><strong><em>morti</em></strong></span> <span class='ocrx_word' id='word_1_839' title='bbox 2389 5081 2751 5152; x_wconf 64' lang='lat' dir='ltr'><strong><em>sempiternas</em></strong></span> <span class='ocrx_word' id='word_1_840' title='bbox 2779 5081 3187 5151; x_wconf 65' lang='lat' dir='ltr'><strong><em>praadestinati.</em></strong></span> <span class='ocrx_word' id='word_1_841' title='bbox 3228 5104 3247 5129; x_wconf 74' lang='grc' dir='ltr'><strong><em>ι</em></strong></span> <span class='ocrx_word' id='word_1_842' title='bbox 3285 5083 3427 5136; x_wconf 87' lang='lat' dir='ltr'><strong><em>Item</em></strong></span> <span class='ocrx_word' id='word_1_843' title='bbox 3459 5083 3641 5153; x_wconf 88' lang='lat' dir='ltr'><strong><em>[tract.</em></strong></span> <span class='ocrx_word' id='word_1_844' title='bbox 3674 5084 3900 5156; x_wconf 57' lang='lat' dir='ltr'><strong><em>xum}:</em></strong></span> 
     </span>
    </p>
   </div>
   <div class='ocr_carea' id='block_1_115' title="bbox 2191 5170 3903 5237">
    <p class='ocr_par' dir='ltr' id='par_1_115' title="bbox 2191 5170 3903 5237">
     <span class='ocr_line' id='line_1_116' title="bbox 2191 5170 3903 5237; baseline 0.005 -20"><span class='ocrx_word' id='word_1_845' title='bbox 2191 5194 2209 5217; x_wconf 73' lang='grc' dir='ltr'><strong><em>ι</em></strong></span> <span class='ocrx_word' id='word_1_846' title='bbox 2248 5170 2431 5234; x_wconf 86' lang='lat' dir='ltr'><strong><em>Quare</em></strong></span> <span class='ocrx_word' id='word_1_847' title='bbox 2486 5170 2627 5223; x_wconf 86' lang='lat' dir='ltr'><strong><em>dixit</em></strong></span> <span class='ocrx_word' id='word_1_848' title='bbox 2682 5170 2955 5223; x_wconf 89' lang='lat' dir='ltr'><strong><em>Dominus</em></strong></span> <span class='ocrx_word' id='word_1_849' title='bbox 3011 5170 3219 5223; x_wconf 71' lang='lat' dir='ltr'><strong><em>Iudaeis</em></strong></span> <span class='ocrx_word' id='word_1_850' title='bbox 3265 5187 3278 5223; x_wconf 88' lang='lat'><strong>:</strong></span> <span class='ocrx_word' id='word_1_851' title='bbox 3327 5173 3431 5226; x_wconf 89' lang='lat' dir='ltr'><strong><em>Vos</em></strong></span> <span class='ocrx_word' id='word_1_852' title='bbox 3480 5186 3585 5224; x_wconf 90' lang='lat' dir='ltr'><strong><em>non</em></strong></span> <span class='ocrx_word' id='word_1_853' title='bbox 3641 5172 3903 5237; x_wconf 87' lang='lat' dir='ltr'><strong><em>creditis,</em></strong></span> 
     </span>
    </p>
   </div>
   <div class='ocr_carea' id='block_1_116' title="bbox 2185 5259 3906 5331">
    <p class='ocr_par' dir='ltr' id='par_1_116' title="bbox 2185 5259 3906 5331">
     <span class='ocr_line' id='line_1_117' title="bbox 2185 5259 3906 5331; baseline 0.001 -19"><span class='ocrx_word' id='word_1_854' title='bbox 2185 5262 2318 5328; x_wconf 88' lang='lat' dir='ltr'><strong><em>quia</em></strong></span> <span class='ocrx_word' id='word_1_855' title='bbox 2346 5276 2451 5313; x_wconf 91' lang='lat' dir='ltr'><strong><em>non</em></strong></span> <span class='ocrx_word' id='word_1_856' title='bbox 2480 5262 2606 5313; x_wconf 90' lang='lat' dir='ltr'><strong><em>estis</em></strong></span> <span class='ocrx_word' id='word_1_857' title='bbox 2649 5274 2715 5312; x_wconf 76' lang='lat' dir='ltr'><strong><em>ea:</em></strong></span> <span class='ocrx_word' id='word_1_858' title='bbox 2743 5259 2930 5312; x_wconf 89' lang='lat' dir='ltr'><strong><em>ovibus</em></strong></span> <span class='ocrx_word' id='word_1_859' title='bbox 2961 5262 3090 5312; x_wconf 89' lang='lat' dir='ltr'><strong><em>meis</em></strong></span> <span class='ocrx_word' id='word_1_860' title='bbox 3123 5261 3296 5329; x_wconf 87' lang='lat' dir='ltr'><strong><em>(Joan.</em></strong></span> <span class='ocrx_word' id='word_1_861' title='bbox 3332 5276 3388 5326; x_wconf 86' lang='lat' dir='ltr'><strong><em>x,</em></strong></span> <span class='ocrx_word' id='word_1_862' title='bbox 3421 5259 3536 5327; x_wconf 86' lang='lat'><strong><em>26).</em></strong></span> <span class='ocrx_word' id='word_1_863' title='bbox 3590 5259 3703 5312; x_wconf 91' lang='lat' dir='ltr'><strong><em>nisi</em></strong></span> <span class='ocrx_word' id='word_1_864' title='bbox 3752 5262 3906 5331; x_wconf 86' lang='lat' dir='ltr'><strong><em>quia</em></strong></span> 
     </span>
    </p>
   </div>
   <div class='ocr_carea' id='block_1_117' title="bbox 2183 5346 3901 5417">
    <p class='ocr_par' dir='ltr' id='par_1_117' title="bbox 2183 5346 3901 5417">
     <span class='ocr_line' id='line_1_118' title="bbox 2183 5346 3901 5417; baseline 0.002 -18"><span class='ocrx_word' id='word_1_865' title='bbox 2183 5348 2411 5401; x_wconf 87' lang='lat' dir='ltr'><strong><em>videbat</em></strong></span> <span class='ocrx_word' id='word_1_866' title='bbox 2431 5364 2525 5400; x_wconf 90' lang='lat' dir='ltr'><strong><em>eos</em></strong></span> <span class='ocrx_word' id='word_1_867' title='bbox 2553 5348 2622 5401; x_wconf 89' lang='lat' dir='ltr'><strong><em>ad</em></strong></span> <span class='ocrx_word' id='word_1_868' title='bbox 2650 5346 3067 5416; x_wconf 86' lang='lat' dir='ltr'><strong><em>sempiternum</em></strong></span> <span class='ocrx_word' id='word_1_869' title='bbox 3095 5346 3392 5401; x_wconf 90' lang='lat' dir='ltr'><strong><em>interitum</em></strong></span> <span class='ocrx_word' id='word_1_870' title='bbox 3425 5348 3901 5417; x_wconf 76' lang='lat' dir='ltr'><strong><em>prmdestinatos,</em></strong></span> 
     </span>
    </p>
   </div>
   <div class='ocr_carea' id='block_1_118' title="bbox 2184 5436 3904 5509">
    <p class='ocr_par' dir='ltr' id='par_1_118' title="bbox 2184 5436 3904 5509">
     <span class='ocr_line' id='line_1_119' title="bbox 2184 5436 3904 5509; baseline 0.002 -20"><span class='ocrx_word' id='word_1_871' title='bbox 2184 5452 2301 5489; x_wconf 90' lang='lat' dir='ltr'><strong><em>non</em></strong></span> <span class='ocrx_word' id='word_1_872' title='bbox 2326 5436 2394 5489; x_wconf 90' lang='lat' dir='ltr'><strong><em>ad</em></strong></span> <span class='ocrx_word' id='word_1_873' title='bbox 2426 5436 2597 5488; x_wconf 87' lang='lat' dir='ltr'><strong><em>vitam</em></strong></span> <span class='ocrx_word' id='word_1_874' title='bbox 2626 5442 2898 5489; x_wconf 74' lang='lat' dir='ltr'><strong><em>aeternam</em></strong></span> <span class='ocrx_word' id='word_1_875' title='bbox 2950 5436 3037 5488; x_wconf 90' lang='lat' dir='ltr'><strong><em>sui</em></strong></span> <span class='ocrx_word' id='word_1_876' title='bbox 3087 5436 3384 5505; x_wconf 87' lang='lat' dir='ltr'><strong><em>sanguinis</em></strong></span> <span class='ocrx_word' id='word_1_877' title='bbox 3431 5436 3621 5506; x_wconf 90' lang='lat' dir='ltr'><strong><em>pretio</em></strong></span> <span class='ocrx_word' id='word_1_878' title='bbox 3668 5454 3904 5509; x_wconf 84' lang='lat' dir='ltr'><strong><em>compa-</em></strong></span> 
     </span>
    </p>
   </div>
   <div class='ocr_carea' id='block_1_119' title="bbox 2185 5522 3898 5593">
    <p class='ocr_par' dir='ltr' id='par_1_119' title="bbox 2185 5522 3898 5593">
     <span class='ocr_line' id='line_1_120' title="bbox 2185 5522 3898 5593; baseline 0.001 -15"><span class='ocrx_word' id='word_1_879' title='bbox 2185 5529 2357 5578; x_wconf 86' lang='lat' dir='ltr'><strong><em>ratos.</em></strong></span> <span class='ocrx_word' id='word_1_880' title='bbox 2398 5546 2417 5571; x_wconf 71' lang='grc' dir='ltr'><strong><em>ι</em></strong></span> <span class='ocrx_word' id='word_1_881' title='bbox 2455 5526 2594 5577; x_wconf 87' lang='lat' dir='ltr'><strong><em>Item</em></strong></span> <span class='ocrx_word' id='word_1_882' title='bbox 2646 5539 2935 5592; x_wconf 84' lang='lat' dir='ltr'><strong><em>exponens</em></strong></span> <span class='ocrx_word' id='word_1_883' title='bbox 2985 5522 3178 5593; x_wconf 62' lang='lat' dir='ltr'><strong><em>(Ibid)</em></strong></span> <span class='ocrx_word' id='word_1_884' title='bbox 3227 5524 3324 5577; x_wconf 82' lang='lat' dir='ltr'><strong><em>illa</em></strong></span> <span class='ocrx_word' id='word_1_885' title='bbox 3374 5524 3552 5579; x_wconf 87' lang='lat' dir='ltr'><strong><em>verba</em></strong></span> <span class='ocrx_word' id='word_1_886' title='bbox 3605 5524 3844 5578; x_wconf 89' lang='lat' dir='ltr'><strong><em>Domini</em></strong></span> <span class='ocrx_word' id='word_1_887' title='bbox 3885 5544 3898 5579; x_wconf 92' lang='lat'><strong>:</strong></span> 
     </span>
    </p>
   </div>
   <div class='ocr_carea' id='block_1_120' title="bbox 2184 5613 3901 5679">
    <p class='ocr_par' dir='ltr' id='par_1_120' title="bbox 2184 5613 3901 5679">
     <span class='ocr_line' id='line_1_121' title="bbox 2184 5613 3901 5679; baseline -0.001 -11"><span class='ocrx_word' id='word_1_888' title='bbox 2184 5614 2315 5668; x_wconf 82' lang='lat' dir='ltr'><strong><em>Oves</em></strong></span> <span class='ocrx_word' id='word_1_889' title='bbox 2372 5628 2497 5666; x_wconf 73' lang='lat' dir='ltr'><strong><em>meae</em></strong></span> <span class='ocrx_word' id='word_1_890' title='bbox 2553 5627 2722 5664; x_wconf 90' lang='lat' dir='ltr'><strong><em>meam</em></strong></span> <span class='ocrx_word' id='word_1_891' title='bbox 2780 5627 2954 5665; x_wconf 86' lang='lat' dir='ltr'><strong><em>vocem</em></strong></span> <span class='ocrx_word' id='word_1_892' title='bbox 3009 5613 3265 5677; x_wconf 89' lang='lat' dir='ltr'><strong><em>audiunt,</em></strong></span> <span class='ocrx_word' id='word_1_893' title='bbox 3306 5617 3356 5665; x_wconf 89' lang='lat' dir='ltr'><strong><em>et</em></strong></span> <span class='ocrx_word' id='word_1_894' title='bbox 3396 5626 3650 5679; x_wconf 86' lang='lat' dir='ltr'><strong><em>cognosco</em></strong></span> <span class='ocrx_word' id='word_1_895' title='bbox 3702 5628 3796 5667; x_wconf 88' lang='lat' dir='ltr'><strong><em>eas</em></strong></span> <span class='ocrx_word' id='word_1_896' title='bbox 3847 5625 3901 5667; x_wconf 89' lang='lat' dir='ltr'><strong><em>et</em></strong></span> 
     </span>
    </p>
   </div>
  </div>
