4098 6180
233 372 329 426 349

1580 372 1957 438 CQNFESSIO
1992 373 2382 429 PROLIXIOR.

3628 380 3731 433 350

224 512 520 577 sequuntur
566 522 666 571 me,
718 512 768 561 ei
796 523 889 575 ego
937 510 1109 562 vitam
1156 514 1413 563 eternam
1443 508 1511 564 do
1558 511 1657 577 eis,
1714 514 1763 563 et
1810 525 1915 563 non
1954 512 1993 560 Α
2030 507 2381 580 prmscieutia
2410 506 2761 578 protulitque
2806 506 3167 561 sententiam.
3207 527 3229 555 ι
3280 508 3419 561 Item
3478 508 3538 561 in
3565 508 3729 563 libris

224 596 477 665 peribunt
524 598 579 650 in
611 602 888 663 uernum,
921 602 971 651 et
1014 613 1119 651 non
1181 600 1362 666 rapiet
1418 614 1507 651 eas
1540 601 1831 667 quisquam
1862 598 1927 652 de

226 702 386 739 manu
412 701 565 738 mea:
625 687 783 739 Pater
827 701 973 739 meus
1031 686 1175 753 quod
1204 686 1354 739 dedit
1401 688 1542 740 mihi
1586 687 1764 755 majus
1820 704 1925 741 om-

225 775 381 827 nibus
427 780 523 839 est,
557 780 607 827 et
655 790 804 827 nemo
833 780 1007 842 potest
1040 790 1231 842 rapere
1286 774 1351 828 de
1382 791 1547 828 manu
1606 778 1789 829 Patris
1823 777 1928 829 mei

229 866 399 931 (Joan.
456 879 512 929 ι,
572 866 639 916 27
693 866 796 929 29),
879 865 959 915 ita
1010 863 1183 917 dixit:
1246 864 1393 928 Quid
1465 868 1653 934 potest
1711 864 1927 935 lupus?

230 952 366 1020 quid
402 956 589 1021 potest
619 954 711 1005 fur
740 959 795 1005 et
835 953 979 1005 latro
1009 952 1037 1005 ‘?
1072 954 1193 1005 Non
1217 953 1484 1022 perdunt,
1509 954 1618 1006 nisi
1645 954 1712 1008 ad
1747 955 1924 1007 inter-

228 1040 366 1092 itum
406 1040 861 1109 prmdestiualos.
900 1061 924 1089 »
958 1042 1101 1094 Item
1123 1041 1193 1094 de
1223 1042 1446 1095 duob'is
1481 1044 1719 1113 loquens
1751 1058 1925 1096 mun-

228 1128 307 1181 dis
340 1132 527 1195 (traci.
576 1130 827 1196 Lxxxvn).
868 1155 887 1175 ι
923 1130 1096 1183 Totus
1146 1131 1391 1184 mundus
1443 1132 1685 1184 Ecclesia
1732 1137 1834 1198 est,
1871 1136 1926 1184 et

227 1223 377 1272 totus
412 1217 658 1270 mundus
707 1218 825 1271 odit
882 1219 1235 1285 Ecclesiam;
1291 1220 1531 1273 Mundus
1574 1220 1752 1289 igitur
1804 1220 1927 1273 odit

229 1306 534 1370 mundum,
571 1306 836 1360 inimicus
885 1308 1335 1374 reconciliatum,
1394 1309 1695 1362 damnatus
1746 1310 1923 1361 salva-

228 1404 370 1461 tum,
443 1395 778 1465 inquinatus
855 1398 1274 1453 mandatum.»
1339 1399 1477 1451 Item
1551 1400 1733 1468 (tract.
1796 1397 1921 1467 cx):

234 1508 251 1533 ε
290 1486 384 1538 Est
417 1484 664 1537 mundus
698 1485 763 1537 de
812 1502 925 1554 quo
968 1486 1106 1539 dicit
1158 1487 1501 1557 Apostolus:
1554 1490 1627 1542 Ne
1666 1503 1784 1541 cum
1833 1488 1926 1541 hoc

226 1572 425 1626 mundo
473 1572 869 1641 damnemur(l
932 1576 1048 1629 Cor.
1102 1592 1174 1641 χι,
1229 1578 1336 1643 32).
1400 1577 1505 1629 Ριό
1564 1576 1673 1629 isto
1711 1576 1925 1629 mundo

230 1660 505 1713 Dominus
538 1676 651 1713 non
688 1667 888 1731 rogat:
943 1663 1137 1733 Neque
1168 1663 1319 1716 enim
1356 1680 1468 1734 quo
1518 1664 1591 1716 sit
1633 1664 1925 1734 praedesti-

226 1753 413 1811 natus,
451 1747 696 1817 ignorat.
734 1769 759 1799 io
801 1749 941 1803 Item
982 1752 1163 1816 (tract.
1225 1750 1390 1820 cvu):
1429 1773 1455 1799 ‹‹
1513 1752 1687 1805 Filius
1743 1751 1927 1823 perdi-

227 1836 393 1889 tionis
442 1836 629 1889 dictus
691 1842 774 1890 est
830 1838 1003 1891 Judas
1064 1838 1310 1893 traditur
1364 1840 1571 1894 Christi
1616 1840 1925 1911 proditioni

229 1925 689 1996 przedestinatus.
730 1947 749 1973 ι
784 1926 923 1979 Item
949 1927 1008 1980 in
1040 1928 1406 1981 Enchiridion
1436 1929 1577 1998 (cap.
1616 1931 1754 1997 lOO).
1788 1952 1813 1977 ‹‹
1842 1929 1926 1983 Ad

228 2030 428 2066 eorum
483 2014 912 2068 damnationem
970 2032 1111 2086 quos
1161 2017 1313 2086 juste
1372 2018 1797 2087 praedestinavit
1856 2018 1926 2071 ad

229 2119 479 2171 pceuam.
518 2124 544 2147 ››
581 2104 721 2156 Item
749 2104 809 2159 in
845 2104 989 2158 libro
1038 2106 1106 2159 de
1164 2106 1516 2161 Perfectione
1540 2107 1781 2177 justitim
1822 2108 1924 2162 ho-

230 2191 396 2243 minis
426 2191 572 2261 (cap.
612 2194 737 2258 13):
776 2216 796 2241 ι
826 2193 962 2259 Hoc,
996 2193 1202 2264 inquit,
1238 2195 1475 2259 bonum,
1518 2197 1672 2266 quod
1722 2202 1807 2250 est
1836 2213 1923 2249 re-

229 2280 597 2349 quirendum,
628 2297 741 2334 non
773 2287 893 2335 erat
920 2282 1021 2353 qui
1050 2283 1281 2352 faceret,
1332 2301 1447 2338 non
1498 2291 1619 2339 erat
1649 2301 1829 2355 usque
1859 2286 1927 2340 ad

228 2384 405 2421 unum
434 2385 447 2433 ;
484 2368 580 2421 sed
616 2369 673 2422 in
704 2386 771 2422 eo
799 2386 1007 2439 genere
1037 2372 1338 2425 hominum
1368 2374 1520 2443 quod
1552 2374 1927 2443 praedestina-

230 2464 350 2509 tum
384 2463 471 2510 est
503 2458 573 2511 ad
603 2458 899 2513 interitum
933 2476 946 2513 :
1002 2477 1173 2531 super
1205 2462 1305 2515 hos
1348 2462 1503 2515 enim
1550 2463 1799 2534 respexit
1831 2464 1930 2517 Dei

2036 598 2104 652 de
2127 598 2361 653 Civitate
2386 597 2483 651 Dei
2508 596 2621 666 (lib.
2652 612 2783 661 χχιι,
2810 612 2854 648 c.
2887 597 2977 664 24)
3006 612 3017 648 :
3050 618 3075 645 ‹‹
3102 595 3247 659 Quid
3287 596 3445 650 dabit
3474 597 3555 650 eis
3587 615 3731 668 quos

2032 686 2458 758 praedestinavit
2488 686 2556 739 ad
2608 690 2930 737 mortem.»
2991 685 3129 737 Item
3175 686 3375 739 beatus
3421 686 3730 756 Gregorius

2033 792 2180 845 papa
2219 776 2432 845 (Moral.
2467 775 2559 828 lib.
2602 790 2790 833 xxxxv,
2827 788 2872 826 c.
2906 776 2993 837 2):
3030 794 3056 821 «
3100 774 3553 845 Leviathangiste
3594 791 3725 829 cum

2037 864 2315 917 universis
2350 862 2619 915 membris
2651 862 2766 914 suis
2797 860 3025 914 aeternis
3052 861 3395 915 cruciatibus
3441 867 3523 915 est
3558 863 3731 934 depu-

2032 958 2201 1006 tatus.
2242 974 2261 999 ι
2303 954 2439 1005 Item
2494 957 2720 1004 sanctus
2757 950 3088 1021 Fulgentius
3138 949 3194 1001 in
3238 950 3381 1002 libro
3438 952 3608 1005 tertio
3662 952 3732 1006 de

2033 1040 2277 1094 Veritate
2334 1040 2853 1109 prmdestinationis
2910 1043 2963 1091 et
3020 1037 3218 1106 gratiae
3272 1038 3384 1107 (lib.
3420 1056 3500 1105 ιιι,
3550 1056 3601 1094 c.
3641 1044 3728 1104 5):

2036 1150 2062 1180 «
2106 1128 2471 1199 Prmparavit,
2518 1128 2724 1198 inquit,
2781 1130 2929 1181 Deus
2964 1127 3353 1198 peccatoribus
3399 1143 3593 1197 pinnas
3622 1128 3733 1181 illis

2034 1220 2231 1291 utique
2264 1236 2406 1291 quos
2458 1219 2609 1288 juste
2662 1216 3092 1288 praedestinavit
3131 1218 3200 1271 ad
3265 1217 3474 1271 luenda
3513 1218 3735 1287 suppli-

2033 1308 2137 1361 cia.
2172 1331 2191 1354 ι

2104 1397 2209 1462 Qui
2242 1397 2438 1451 beatus
2474 1396 2803 1467 Fulgentius
2845 1394 3167 1465 composuit
3224 1395 3292 1449 de
3338 1394 3441 1448 hac
3484 1399 3735 1449 tantum-

2035 1487 2204 1541 modo
2235 1486 2549 1557 quazstione
2582 1502 2757 1538 unum
2789 1485 2997 1538 librum
3051 1485 3364 1555 integrum,
3422 1485 3477 1538 id
3528 1490 3614 1539 est
3666 1484 3736 1538 de

2036 1575 2543 1629 Prmdestinatione
2577 1575 2952 1644 reproborum
3000 1574 3071 1627 ad
3116 1573 3437 1639 interitum,
3489 1574 3556 1627 ad
3591 1573 3734 1627 ami-

2034 1679 2159 1717 cum
2197 1678 2361 1715 suum
2397 1662 2631 1715 nomine
2664 1662 2975 1715 Monimum
3019 1662 3130 1729 (lib.
3168 1665 3225 1726 ι).

2107 1752 2265 1805 Unde
2299 1751 2435 1805 dicit
2467 1756 2523 1804 et
2560 1755 2785 1803 sanctus
2819 1750 3066 1803 Isidorus
3100 1750 3357 1819 (Sentent.
3392 1767 3449 1814 ιι,
3482 1765 3603 1820 cap.
3639 1753 3732 1820 6):

1968 1812 2007 1865 Β
2043 1864 2062 1889 ε
2102 1840 2338 1894 Gemina
2396 1844 2481 1893 est
2539 1838 2968 1908 praedestinatio
3020 1838 3137 1891 sive
3191 1838 3502 1891 electorum
3544 1838 3611 1891 ad
3642 1854 3734 1891 re-

2037 1934 2251 2004 quiem,
2288 1933 2403 1986 sive
2431 1932 2809 2002 reproborum
2858 1932 2925 1985 ad
2959 1934 3223 1984 mortem.
3262 1950 3287 1977 ››
3343 1929 3435 1983 Sic
3470 1946 3606 1999 ergo
3636 1930 3732 1999 (al.

2035 2027 2091 2075 et
2116 2024 2245 2092 ego)
2288 2036 2390 2091 per
2421 2020 2617 2073 omnia
2644 2036 2772 2073 cum
2807 2019 2927 2072 istis
2960 2019 3155 2072 electis
3204 2017 3326 2082 Dei,
3362 2022 3417 2071 et
3445 2016 3736 2070 catholicis

2036 2111 2206 2164 credo
2229 2115 2285 2163 et
2315 2110 2609 2173 conﬁteor,
2643 2114 2815 2178 prout
2846 2108 3123 2162 divinitus
3156 2106 3403 2173 afflatus,
3428 2107 3733 2171 animatus,

2038 2205 2291 2253 armatus
2321 2198 2579 2268 adjuvor.
2614 2202 2816 2251 Amen.

2111 2288 2303 2342 Falsus
2329 2288 2481 2340 enim
2511 2286 2669 2340 testis
2707 2290 2809 2349 est,
2840 2285 2939 2355 qui
2969 2284 3028 2338 in
3062 2284 3223 2339 dictis
3261 2299 3738 2356 quorumcunque

2039 2382 2137 2431 aut
2170 2392 2401 2430 sensum
2424 2380 2521 2429 aut
2543 2374 2907 2445 superﬁciem
2938 2373 3275 2445 corrumpit.

862 2786 1704 2925 GOTTESCHALCI
1791 2789 2400 2925 CONFESSIO
2486 2787 3127 2925 PROLIXIOR.

303 3182 661 3250 Dominator,
705 3181 943 3236 Domine
997 3182 1165 3244 Deus,
1197 3180 1589 3234 misericordia
1636 3197 1781 3245 mea,
1842 3198 1939 3235 rex
1980 3184 2020 3237 C
2053 3183 2198 3235 libus
2254 3182 2543 3251 indagata,
2613 3182 2730 3234 imo
2784 3186 2837 3234 te
2906 3180 3196 3234 revelante
3265 3179 3378 3233 illis
3454 3178 3744 3232 evidenter

226 3273 601 3343 omnipotens
643 3277 700 3324 et
751 3270 1277 3339 incomparabiliter
1326 3270 1577 3323 clemens
1618 3270 1932 3323 inaestima-

227 3361 328 3414 bili
361 3377 598 3431 quuque
655 3359 804 3412 circa
852 3359 1169 3412 humanum
1204 3376 1384 3429 genus
1433 3359 1788 3429 benignitate
1842 3377 1935 3430 pa-

226 3450 398 3513 tiens,
433 3455 492 3502 et
540 3447 925 3517 investigabili
978 3448 1201 3517 penitus
1250 3447 1641 3517 profunditate
1686 3448 1931 3517 sapiens.

227 3538 405 3607 Cujus
438 3538 691 3607 profecto
722 3538 800 3589 sic
830 3552 1058 3606 semper
1105 3536 1365 3605 indigent
1403 3553 1603 3590 omnes
1637 3538 1797 3590 electi
1828 3537 1933 3603 tui,

228 3642 346 3695 quo
384 3626 650 3679 videlicet
682 3625 783 3678 tibi
813 3625 882 3677 de
913 3629 969 3678 te
1008 3625 1129 3677 solo
1158 3641 1387 3695 semper
1416 3626 1638 3679 valeant
1693 3628 1932 3695 placere.

228 3713 742 3778 Quemadmodum
775 3714 1037 3783 palmites
1072 3713 1331 3782 indigent
1369 3713 1501 3778 vite,
1535 3731 1648 3784 quo
1690 3714 1936 3767 fructum

227 3809 450 3872 queant
485 3802 654 3868 terre,
701 3803 786 3854 vel
842 3817 939 3853 aer
994 3806 1091 3854 aut
1139 3801 1288 3854 oculi
1343 3801 1488 3867 luce,
1541 3818 1656 3872 quo
1705 3804 1791 3855 vel
1842 3802 1937 3855 ille

227 3891 463 3943 lucidus
517 3906 662 3955 esse,
721 3890 809 3942 vel
866 3889 949 3942 illi
998 3888 1218 3959 possint
1268 3888 1499 3954 videre;
1563 3889 1821 3959 alioquin
1886 3895 1940 3943 et

226 3978 501 4047 palmites
527 3977 745 4046 absque
776 3976 885 4029 vite
934 3983 1218 4043 arescunt,
1254 3982 1311 4030 et
1344 3976 1404 4029 in
1436 3976 1569 4046 igne
1603 3977 1759 4030 missi
1798 3993 1939 4031 con-

225 4072 547 4137 sequenter
579 4065 803 4127 ardent,
837 4070 892 4117 et
930 4081 1025 4118 aer
1055 4065 1267 4135 absque
1299 4066 1422 4118 luce
1467 4066 1799 4119 tenebrosus
1829 4070 1937 4134 est,

227 4164 283 4208 et
312 4156 469 4209 oculi
519 4156 729 4207 frustra
783 4158 996 4224 patent.
1052 4154 1127 4206 Te
1187 4154 1364 4217 igitur
1420 4156 1656 4224 supplex
1712 4154 1937 4221 invoco,

225 4242 829 4314 cunctipotentissime
898 4241 1344 4295 clementissime
1406 4249 1461 4296 et
1510 4244 1937 4313 gloriosissime,

226 4335 383 4384 trine
412 4338 471 4384 et
508 4347 620 4383 une
671 4331 908 4383 Domine
961 4331 1126 4391 Deus,
1180 4337 1241 4384 ut
1289 4332 1462 4401 gratis
1522 4349 1641 4385 esse
1686 4332 1940 4401 digneris

2044 3275 2261 3324 constat
2294 3287 2413 3324 esse
2443 3270 2726 3335 intimate,
2781 3270 2833 3322 id
2891 3273 2971 3321 est
3018 3268 3077 3321 in
3129 3269 3326 3339 gratiae
3377 3267 3653 3322 beneﬁcia
3688 3272 3745 3320 et

2038 3360 2275 3430 justitiae
2315 3360 2485 3413 simul
2520 3358 2757 3427 judicia.
2825 3357 3107 3422 Quoniam
3157 3357 3389 3429 quidem
3446 3356 3593 3409 sicut
3622 3371 3742 3409 cer-

2046 3449 2329 3501 tissimum
2357 3448 2652 3502 Psalmista
2686 3448 2900 3518 praebet
2948 3446 3248 3513 indicium,
3303 3451 3610 3516 utrumque
3658 3450 3742 3508 tu,

2048 3538 2307 3603 Domine,
2345 3538 2535 3609 diligis
2567 3541 2617 3591 et
2646 3537 3079 3591 misericordiam
3109 3535 3370 3589 videlicet
3396 3539 3445 3589 et
3468 3535 3746 3603 judicium

2046 3626 2212 3695 (Psal.
2256 3643 2444 3690 xxxui,
2506 3626 2579 3687 5).
2640 3626 3071 3679 Praedestinasse
3122 3625 3315 3695 itaque
3365 3624 3424 3677 in
3480 3622 3747 3676 omnibus

2046 3715 2238 3769 electis
2287 3715 2398 3767 tuis
2450 3715 2620 3767 vitam
2671 3714 2847 3785 gratis
2880 3720 3176 3779 aeternam,
3226 3718 3283 3767 et
3315 3729 3410 3766 eos
3455 3711 3745 3765 nihilomi-

2049 3820 2156 3855 nus
2212 3802 2280 3854 ad
2338 3802 2580 3867 gloriam
2646 3802 3100 3875 sempiternam:
3143 3801 3279 3871 quia
3332 3806 3483 3854 certe
3534 3800 3744 3853 frustra

2047 3890 2159 3943 illis
2209 3890 2674 3959 prmdestinasses
2724 3889 2921 3954 vitam,
2985 3888 3095 3942 nisi
3151 3894 3208 3941 et
3262 3888 3391 3941 illos
3448 3887 3745 3957 praedesti-

2048 3995 2241 4031 nasses
2274 3979 2341 4031 ad
2382 3978 2586 4047 ipsam.
2629 3977 2721 4032 Sic
2769 3976 2939 4031 etiam
2974 3976 3390 4047 propemodum
3422 3975 3650 4029 diabolo
3692 3980 3747 4027 et

2049 4067 2268 4138 angelis
2299 4066 2443 4137 ejus,
2496 4072 2553 4120 et
2592 4066 2862 4120 omnibus
2909 4082 3140 4137 quoque
3188 4064 3447 4135 reprobis
3505 4062 3746 4117 homini-

2051 4157 2176 4222 bus,
2239 4172 2551 4227 perennem
2630 4157 2834 4210 merito
2900 4154 3319 4226 prmdestinasti
3371 4169 3616 4224 poenam,
3689 4156 3747 4205 et

2051 4246 2279 4299 eosdem
2337 4245 2602 4299 similiter
2634 4244 3053 4315 praedestinasti
3105 4243 3173 4297 ad
3204 4259 3347 4297 eam.
3384 4241 3528 4305 Quia
3578 4239 3743 4293 nimi-

2053 4350 2179 4387 rum
2210 4334 2331 4387 sine
2364 4350 2551 4396 causa,
2589 4340 2645 4387 et
2697 4334 2837 4403 ipsis
2885 4333 3351 4403 praedestinasses
3393 4329 3593 4384 mortis
3624 4345 3749 4401 per-

224 4422 536 4491 piissimus
568 4420 800 4487 adjutur
829 4424 881 4472 et
942 4420 1241 4473 exauditor
1290 4436 1472 4485 meus,
1523 4420 1941 4490 dignanterque
1986 4463 2027 4515 Ο
2056 4429 2242 4493 petua!
2279 4439 2525 4491 poenam,
2561 4422 2672 4475 nisi
2705 4428 2762 4476 et
2810 4422 2965 4492 ipsos
2998 4420 3465 4492 prmdestinasses
3495 4420 3563 4473 ad
3598 4435 3744 4472 eam.

226 4509 502 4579 largiaris
560 4508 1021 4576 indigentissimo
1069 4508 1213 4561 mihi
1274 4525 1377 4577 per
1431 4509 1694 4577 gratuitas
1744 4510 1942 4579 gratia:

226 4605 346 4651 tua:
381 4598 825 4650 invictissimam
858 4596 1147 4661 virtutem,
1182 4602 1244 4651 ut
1293 4599 1447 4667 quod
1503 4615 1569 4651 ex
1609 4604 1683 4663 te,
1732 4616 1835 4668 per
1865 4605 1941 4667 te,

227 4692 285 4740 et
314 4688 375 4739 in
405 4692 460 4737 te
508 4687 578 4738 de
612 4685 969 4755 praescientia
997 4691 1052 4738 et
1099 4686 1598 4754 prmdestinalione
1650 4692 1764 4752 tua,
1793 4688 1942 4756 jam-

228 4776 459 4828 dudum
494 4775 664 4827 corde
698 4775 863 4827 credo
893 4774 1019 4843 (tibi
1050 4775 1284 4844 gratias)
1315 4776 1385 4828 ad
1424 4776 1723 4846 justitiam,
1778 4775 1944 4828 sicuti

222 4864 349 4931 jam
384 4862 587 4915 crebro
637 4877 738 4930 per
777 4863 1016 4930 gratiam
1053 4869 1208 4915 tuam
1244 4863 1532 4915 confessus
1587 4878 1734 4928 sum,
1794 4879 1945 4915 nunc

228 4966 470 5020 quoque
505 4950 783 5002 veraciter
812 4956 981 5019 atque
1034 4950 1371 5020 simpliciter
1418 4967 1516 5003 ore
1566 4952 1844 5004 conlitear
1876 4951 1944 5005 ad

224 5041 506 5101 salutem,
540 5044 830 5107 quatenus
876 5038 1109 5091 tandem
1157 5039 1466 5107 aliquando
1497 5055 1625 5092 mea
1656 5041 1725 5092 de
1784 5046 1945 5109 parte

224 5127 474 5197 pateﬁat
506 5127 701 5178 electis
734 5126 845 5178 tuis
893 5128 1099 5180 veritas
1129 5126 1358 5191 invicta,
1393 5131 1449 5179 et
1503 5128 1625 5179 sine
1680 5128 1793 5181 fine
1852 5128 1945 5181 be-

228 5216 485 5279 nedicta,
521 5221 575 5267 et
626 5214 867 5267 facescat
901 5216 1019 5285 jam
1045 5216 1279 5286 jamque
1312 5215 1459 5268 sicut
1491 5223 1736 5285 oportet,
1789 5217 1942 5270 falsi-

226 5312 316 5356 tas
344 5303 570 5356 devicta
604 5308 659 5355 et
692 5320 923 5372 prorsus
947 5304 1075 5373 jure
1116 5304 1435 5357 maledicta.
1478 5308 1684 5359 Amen.

303 5392 494 5446 Credo
527 5391 812 5462 siquidem
848 5399 1018 5463 atque
1063 5392 1340 5445 conﬁteor
1369 5393 1663 5462 praescisse
1709 5399 1761 5446 te
1813 5398 1943 5447 ante

226 5481 467 5547 saecula,
536 5496 898 5551 quascunque
974 5485 1132 5533 erant
1190 5480 1384 5533 futura
1432 5482 1547 5534 sive
1618 5482 1769 5535 bona
1826 5482 1941 5535 sive

232 5570 397 5621 mala
428 5586 439 5621 :
475 5570 914 5639 praedestinasse
966 5585 1097 5621 vero
1130 5569 1527 5622 tantummodo
1585 5571 1755 5623 bona.
1794 5573 1943 5625 Bona

232 5665 436 5710 autem
480 5674 513 5709 a
561 5665 613 5709 te
646 5656 1047 5727 praedestinata
1101 5656 1365 5709 bifariam
1413 5664 1545 5711 sunt
1589 5658 1700 5711 tuis
1732 5676 1763 5711 a
1804 5659 1942 5711 tide-

2060 4512 2180 4564 Nou
2211 4511 2362 4563 enim
2396 4512 2546 4565 irent
2594 4510 2702 4563 nisi
2752 4511 3038 4572 destinati,
3089 4525 3273 4579 neque
3306 4509 3559 4578 profecto
3583 4507 3750 4561 desti-

2055 4605 2347 4664 narentur,
2414 4599 2523 4652 nisi
2597 4604 2785 4652 essent
2857 4598 3267 4669 przedestinati.
3345 4597 3565 4667 Quippe
3619 4611 3749 4649 cum

2055 4688 2193 4757 ipse,
2230 4693 2361 4740 ante
2394 4688 2585 4740 omnia
2616 4687 2825 4740 saecula
2871 4704 3097 4757 semper
3157 4704 3307 4740 esses
3366 4686 3516 4757 quod
3567 4702 3638 4738 ne
3678 4685 3750 4738 ad

2058 4780 2411 4828 momentum
2430 4774 2661 4846 quidem
2694 4776 2862 4828 modo
2891 4775 3150 4845 quolibet
3178 4779 3333 4844 potes
3355 4790 3527 4838 esses,
3570 4777 3751 4825 muta-

2052 4864 2201 4931 bilis,
2240 4869 2294 4916 et
2340 4881 2443 4935 per
2496 4864 2691 4917 omnia
2741 4863 3105 4935 postmodum
3160 4864 3363 4916 saecula
3413 4859 3747 4933 probaberis

2053 4970 2174 5006 esse
2200 4955 2487 5018 mutatus;
2519 4952 2565 5005 si
2602 4953 2688 5005 vel
2743 4953 2912 5019 ullus,
2962 4952 3110 5022 quod
3159 4951 3324 5016 absit,
3374 4950 3749 5020 reproborum

2053 5041 2189 5094 illuc
2256 5046 2403 5093 esset
2458 5041 2795 5106 destinatus,
2862 5041 2961 5110 qui
3020 5056 3131 5093 non
3189 5039 3389 5093 fuisset
3452 5036 3746 5107 praedesti-

2054 5136 2240 5182 natus.

2125 5218 2371 5271 Proinde
2398 5218 2531 5288 quia
2564 5224 2646 5283 tu,
2684 5218 2942 5281 Domine,
2976 5219 3118 5271 solus
3139 5231 3191 5269 es
3224 5217 3319 5282 qui
3347 5229 3399 5267 es
3432 5212 3630 5283 (Exod.
3670 5229 3747 5279 ιιι,

2053 5306 2132 5374 4),
2188 5306 2342 5359 velut
2400 5307 2521 5376 ipse
2578 5308 2823 5369 testaris,
2897 5312 2953 5359 et
3005 5311 3065 5358 ut
3128 5304 3303 5357 David
3361 5302 3465 5354 tibi
3516 5318 3749 5373 quoque

2051 5396 2227 5450 dicit:
2290 5398 2367 5450 Tu
2407 5412 2616 5464 semper
2684 5396 2824 5449 idem
2886 5398 3001 5463 ipse
3057 5409 3109 5447 es
3163 5392 3326 5457 (Psal,
3384 5407 3453 5455 c1,
3522 5392 3637 5460 28),
3694 5396 3753 5445 et

2055 5488 2115 5536 ut
2146 5482 2284 5536 alias
2315 5484 2486 5537 etiam
2521 5485 2638 5554 ipse
2670 5484 2839 5537 dicis:
2872 5487 2951 5536 'I‘u
2990 5498 3064 5543 es,
3100 5478 3361 5546 Domine,
3396 5486 3446 5532 et
3483 5496 3588 5533 non
3631 5497 3749 5534 mu-

2054 5574 2191 5624 taris
2220 5570 2481 5639 (Malach.
2521 5589 2600 5636 ιιι,
2641 5577 2714 5636 1).
2761 5573 2823 5624 Et
2860 5570 3003 5622 sicut
3034 5567 3299 5637 egregius
3330 5585 3560 5639 quoque
3598 5585 3751 5638 pra:-

2052 5661 2271 5713 dicatur
2302 5667 2433 5713 tuus
2462 5660 2728 5729 perhibet
2758 5659 2966 5712 Paulus
2992 5674 3004 5712 :
3042 5660 3119 5711 Tu
3158 5658 3299 5711 solus
3333 5659 3491 5712 habes
3522 5661 3740 5712 immor-
