4098 6180
365 334 459 388 351

1445 327 1963 385 GOTTESL‘HALCI
2005 328 2435 385 OBBACENSIS
2476 330 2785 387 MONACHI

3764 334 3871 387 352

364 467 631 521 talitatem
696 466 746 533 (Ι
805 464 943 517 Tim.
1004 479 1078 526 γι,
1148 462 1250 529 16),
1312 460 1367 516 id
1432 464 1515 515 est
1571 460 2057 515 inrommutabili-
2096 467 2141 517 A
2173 467 2326 515 ratus
2375 466 2452 515 est
2506 463 2787 528 Dominus,
2830 461 3059 531 impium
3099 478 3308 532 quoque
3357 463 3430 516 ad
3479 463 3621 517 diem
3664 466 3866 519 malum

359 560 575 619 tatem;
624 553 774 622 apud
806 567 962 620 quem
995 552 1082 619 (ut
1109 551 1181 604 ab
1230 551 1343 604 alio
1376 550 1757 604 nihilominus
1789 552 2060 604 asseritur

363 642 643 713 apostolo)
704 656 807 693 non
862 645 941 694 est
1010 642 1416 707 transmutatio,
1495 655 1587 692 nec
1660 640 2057 693 vicissitudinis

359 730 696 786 obumbratio
751 728 886 797 (Jac.
952 745 990 794 ι,
1046 730 1153 795 17),
1188 727 1368 799 liquet
1399 743 1631 797 prorsus
1662 728 1971 794 evidenter,
2003 732 2060 782 et

357 818 533 871 cuivis
562 833 765 870 sanum
798 816 1042 888 sapienti
1088 818 1266 870 claret
1316 817 1554 869 omnino
1605 816 1738 869 satis
1768 822 2054 886 potenter,

356 906 650 976 praescisse
707 912 763 959 et
818 905 1255 976 praedestinasse
1318 911 1371 959 te
1441 921 1595 967 mox,
1654 905 1870 976 absque
1938 907 2056 960 ullo

356 994 571 1048 scilicet
626 994 947 1059 intervallo,
1010 1000 1067 1047 ut
1121 998 1251 1064 pote
1308 994 1478 1046 simul
1548 999 1604 1047 et
1658 996 1855 1062 semel,
1926 1000 2055 1047 ante

356 1084 561 1136 saecula
644 1088 759 1136 tam
846 1090 1047 1136 cuncta
1128 1098 1301 1153 quam
1380 1083 1603 1152 singula
1677 1099 1850 1153 opera
1920 1088 2052 1137 tua:

356 1172 570 1243 quippe
602 1171 700 1240 qui
728 1172 888 1241 juxta
924 1172 1069 1242 quod
1130 1172 1347 1225 dictum
1396 1177 1481 1225 est
1534 1172 1604 1224 ab
1637 1172 1780 1224 Isaia
1812 1188 1824 1225 :
1876 1174 2057 1238 fecisti

356 1264 677 1330 quaefutura
694 1267 820 1315 sunt
856 1262 993 1331 (lsa.
1027 1278 1146 1326 XLV,
1188 1264 1269 1326 ll,
1294 1260 1467 1331 juxta
1506 1263 1693 1328 LXX).

430 1351 587 1404 Unde
615 1350 786 1404 etiam
817 1350 1113 1403 verissime
1146 1350 1316 1403 David
1362 1351 1705 1420 prophetam
1764 1350 2054 1420 sequendo

355 1442 413 1491 et
448 1440 784 1509 exponendo
824 1439 1189 1493 ﬁdelissimus
1234 1439 1483 1492 famulus
1522 1443 1653 1491 tuus
1702 1438 2052 1507 Augustinus

356 1527 438 1580 ita
467 1528 643 1581 dicit:
681 1548 707 1576 κ
738 1527 907 1592 Deus,
942 1527 1131 1597 inquit
1160 1527 1471 1579 secundum
1510 1525 1667 1579 illam
1704 1527 2052 1579 voluntatem

356 1632 538 1682 suam,
597 1632 724 1685 quae
774 1632 903 1669 cum
952 1618 1074 1685 ejus
1136 1615 1492 1684 prazscientia
1552 1614 1902 1683 sempiterna
1947 1620 2050 1681 est,

351 1708 591 1774 profecto
625 1708 684 1759 in
732 1706 857 1759 caelo
884 1708 932 1758 et
966 1707 1023 1759 in
1055 1709 1200 1759 terra
1242 1706 1423 1759 omnia
1477 1719 1823 1772 quaecumque
1861 1707 2050 1770 voluit,

2168 553 2348 616 (Prov.
2382 568 2493 616 xvn,
2532 552 2631 618 14).
2669 552 2728 605 In
2772 551 2917 605 libro
2951 568 3181 622 quoque
3214 552 3596 606 Ecclesiastico
3644 554 3723 606 ita
3774 553 3866 606 di-

2166 641 2343 693 citur:
2375 641 2478 705 Qui
2508 640 2914 706 transgreditur
2943 656 2978 693 a
3013 641 3238 708 justitia
3277 641 3351 694 ad
3377 648 3672 709 peccatum,
3721 644 3866 696 Deus

2161 736 2385 797 paravit
2420 730 2574 783 illum
2605 729 2679 783 ad
2724 730 3073 798 rhompheam
3105 730 3297 799 (Eccli.
3356 746 3505 796 xxvi,
3558 733 3669 799 27),
3712 732 3864 801 quod

2164 819 2420 888 profecto
2473 818 2541 871 de
2589 817 2970 888 reproborum
3018 820 3233 888 populo
3287 818 3729 889 intelligendum
3784 825 3869 872 est

2166 922 2287 959 esse
2322 907 2538 960 dictum
2572 907 2992 960 tantummodo.

2240 996 2377 1051 llinc
2401 995 2570 1048 etiam
2593 995 2693 1049 Job
2722 996 2838 1049 ait:
2874 997 3214 1063 Interrogate
3244 997 3531 1064 quemlibet
3587 997 3652 1050 de
3695 998 3869 1049 υἰαιοο

2164 1084 2334 1149 ribus,
2376 1090 2423 1137 et
2463 1084 2570 1136 haec
2592 1083 2776 1136 eadem
2806 1084 2961 1136 illum
3007 1084 3309 1148 intelligere
3350 1087 3704 1151 cognoscatis,
3739 1087 3873 1152 quia

2164 1174 2222 1225 in
2251 1172 2393 1225 diem
2421 1172 2742 1240 perditionis
2772 1178 3022 1225 servatur
3044 1174 3239 1237 malus,
3281 1178 3330 1225 et
3360 1172 3434 1226 ad
3484 1173 3623 1226 diem
3661 1175 3873 1238 furoris

2164 1260 2384 1314 ducitur
2414 1262 2532 1327 (Job
2589 1277 2645 1326 u,
2678 1262 2785 1330 29).
2822 1260 2985 1323 Quod
3037 1262 3371 1331 explanator
3425 1260 3602 1331 ipsius
3654 1261 3733 1314 ita
3777 1273 3873 1315 ρι’

2165 1349 2325 1419 ponit
2360 1349 2702 1420 Gregorius:
2747 1372 2767 1397 ι
2807 1352 2985 1419 Saepe,
3027 1349 3236 1420 inquit,
3287 1350 3387 1403 diu
3416 1350 3605 1403 divina
3644 1349 3872 1420 patien-

2164 1438 2244 1492 tia
2273 1439 2496 1500 tolerat,
2530 1455 2672 1509 quos
2696 1439 2815 1508 jam
2870 1439 2937 1492 ad
2969 1438 3250 1508 supplicia
3306 1439 3567 1509 praescita
3609 1439 3873 1493 condem-

2164 1532 2280 1580 nat.
2311 1547 2338 1577 η
2386 1527 2543 1580 Unde
2592 1544 2721 1580 cum
2767 1534 3077 1597 exponeret
3124 1528 3301 1581 illud:
3352 1530 3475 1597 Ipse
3535 1528 3691 1581 habet
3740 1544 3874 1580 con-

2162 1617 2347 1669 silium
2372 1620 2422 1669 et
2447 1616 2825 1681 fortitudinem
2880 1617 2992 1685 (Job
3039 1633 3133 1683 xu,
3172 1619 3277 1685 l3),
3307 1617 3406 1686 [ait
3435 1616 3587 1669 inter
3624 1621 3868 1669 caetera:

2169 1724 2196 1755 α
2229 1706 2418 1758 Potest
2450 1721 2679 1775 quoque
2728 1704 2786 1758 in
2819 1705 3041 1758 consilii
3074 1705 3307 1759 nomine
3360 1706 3481 1775 ipsa
3520 1706 3742 1759 occulta
3777 1705 3876 1773 jn-

355 1809 468 1847 non
507 1794 695 1847 solum
728 1792 1019 1863 praeterita
1057 1793 1143 1846 vel
1175 1791 1498 1862 praesentia,
1531 1792 1628 1845 sed
1659 1791 1829 1845 etiam
1862 1792 2056 1846 futura
2096 1763 2134 1816 Β
2166 1789 2299 1844 dicii
2332 1806 2492 1843 mora
2522 1790 2772 1859 signari:
2804 1794 2868 1843 ut
2897 1790 3050 1861 quod
3082 1791 3388 1861 aliquando
3435 1790 3653 1844 tardius
3681 1789 3872 1844 delin-

346 1882 469 1951 jam
521 1882 669 1936 fecit.
731 1902 760 1933 »
820 1882 1000 1951 Igitur
1053 1898 1182 1935 cum
1240 1880 1588 1950 sempiterna
1636 1880 1727 1946 sit,
1793 1881 2052 1947 Domine,

354 1987 485 2025 cum
534 1970 892 2040 prtescientia
935 1971 1201 2023 voluntas
1252 1974 1373 2038 tua,
1414 1970 1561 2022 sicut
1614 1969 1706 2023 hic
1737 1969 1814 2023 ait
1859 1974 2055 2040 Augu-

352 2059 553 2122 stinus,
601 2065 658 2111 et
689 2059 837 2127 apud
901 2058 1379 2127 omnipotentiam
1436 2062 1595 2111 tuam
1661 2058 1729 2111 de
1786 2059 2057 2127 operibus

353 2148 626 2201 duntaxat
654 2148 790 2215 tuis,
828 2147 936 2199 hoc
967 2146 1040 2199 sit
1071 2147 1335 2216 praescire
1362 2146 1516 2216 quod
1541 2147 1707 2214 velle,
1742 2149 2052 2203 secundum

357 2234 507 2305 quod
559 2235 626 2289 ad
680 2234 946 2288 eumdem
1006 2234 1389 2305 Augustinum
1441 2235 1637 2288 scribit
1692 2235 1942 2303 Orosius,
2002 2241 2057 2289 et

352 2322 539 2393 ipsum
588 2339 819 2393 quoque
880 2324 1023 2376 velle
1071 2328 1232 2376 tuum
1282 2323 1501 2388 fecisse,
1553 2323 1645 2388 sit,
1696 2323 2056 2395 juxtalquod

350 2412 487 2465 dicit
513 2412 871 2477 Ambrosius,
920 2411 1283 2465 manifestum
1332 2416 1413 2464 est
1446 2413 1644 2481 procul
1678 2412 1849 2466 dubio
1884 2414 2056 2484 quid-

351 2500 489 2568 quid
538 2501 690 2554 foras
720 2502 979 2554 futurum
1012 2505 1095 2553 est
1126 2500 1183 2553 in
1215 2516 1409 2570 opere,
1447 2502 1569 2570 jam
1599 2501 1811 2555 factum
1862 2518 1982 2557 esse
2024 2520 2057 2556 a

351 2594 407 2642 te
440 2590 498 2642 in
551 2588 1078 2659 praedestinatione.
1133 2589 1295 2657 juxta
1345 2590 1495 2659 quod
1546 2590 1741 2658 audet,
1804 2596 1860 2645 et
1899 2592 2051 2658 dicit,

351 2678 516 2731 docet
557 2682 610 2730 et
640 2678 857 2743 scribit,
895 2694 1043 2747 papa
1076 2677 1395 2746 Gregorius.
1430 2677 1591 2731 Absit
1624 2695 1761 2749 ergo
1797 2684 1859 2733 ut
1907 2680 2057 2734 inter

354 2764 774 2832 prmscientiam
817 2772 874 2818 et
903 2766 1468 2835 prmdestinalionem
1527 2783 1766 2837 operum
1821 2774 2055 2823 tuorum

354 2854 535 2907 ullum
591 2853 679 2907 vel
734 2854 1011 2907 momenti
1060 2854 1305 2923 quilibet
1352 2854 1765 2909 catholicorum
1826 2865 2054 2911 tuorum

350 2941 669 3012 suspicetur
724 2942 1089 2996 intervallum
1147 2942 1362 2996 fuisse:
1437 2943 1574 2997 dum
1662 2946 1853 2998 omnia
1925 2962 2054 3015 quae

350 3029 576 3083 voluisti
623 3036 678 3084 te
710 3032 867 3102 legit,
917 3032 1004 3086 vel
1058 3031 1217 3085 audit
1262 3030 1557 3101 creditque
1611 3033 1780 3086 simul
1837 3035 2050 3088 fecisse.

350 3118 671 3173 Praesertim
701 3136 831 3173 cum
863 3120 1023 3190 prius
1043 3120 1278 3173 omnino
1310 3121 1454 3173 nihil
1494 3121 1552 3173 in
1590 3122 1791 3175 ell'ectu
1832 3123 2051 3189 feceris,

348 3224 521 3278 quam
553 3208 1080 3278 incomparabiliter
1109 3209 1300 3262 futura
1330 3209 1665 3278 praescieris,
1701 3215 1758 3263 et
1803 3228 1868 3264 ea
1899 3229 2053 3266 sem-

346 3296 572 3365 piterno
603 3297 843 3350 consilio
873 3296 1338 3365 prmdestinando
1381 3296 1755 3367 disposueris.

419 3385 527 3439 Sed
551 3386 670 3455 jam
702 3392 928 3454 tempus
960 3390 1061 3449 est,
1116 3385 1381 3450 Domine,
1436 3386 1685 3439 veridica
1726 3386 2052 3440 divinorum

347 3473 549 3542 subjici
578 3472 903 3525 testimonia
953 3472 1252 3537 librorum,
1286 3472 1497 3542 quibus
1557 3474 1797 3527 docetur
1840 3474 2053 3545 absque

347 3561 614 3630 scrupulo
637 3567 692 3613 et
718 3560 1039 3614 declaratur
1071 3560 1284 3630 absque
1316 3560 1589 3630 ambiguo
1619 3563 2052 3632 praedestinatos

348 3663 468 3700 esse
502 3648 777 3716 reprobos
811 3647 880 3700 ad
929 3652 1277 3701 aeternorum
1310 3648 1570 3702 incendia
1611 3654 2048 3704 tormentorum.

346 3738 424 3789 Ac
451 3734 701 3805 primum
733 3742 852 3803 tua,
890 3736 1129 3789 Domine
1160 3739 1288 3791 Jesu
1340 3737 1579 3800 Christe,
1610 3740 1817 3792 veritas
1839 3740 2048 3793 invicta

347 3824 688 3893 proferenda
709 3841 933 3890 censeo,
958 3825 1164 3877 merito
1185 3826 1353 3879 dicta.
1372 3827 1476 3891 Qui
1496 3844 1599 3881 non
1616 3829 1807 3894 credit,
1832 3829 2043 3900 inquis,

338 3913 459 3981 jam
483 3912 767 3981 judicatus
797 3919 874 3967 est
900 3914 1075 3983 (Joan.
1112 3930 1192 3979 Ill,
1232 3914 1336 3984 l8),
1362 3914 1413 3968 id
1450 3922 1552 3981 est,
1589 3921 1653 3970 ut
1689 3918 2046 3987 Augustinus

347 4003 624 4072 exposuit,
653 4003 772 4071 jam
824 4003 1127 4057 damnatus
1170 4009 1270 4056 est.
1327 4004 1590 4058 Nondum
1623 4006 1799 4073 enim,
1836 4007 2040 4077 inquit,

347 4091 613 4160 apparuit
650 4091 955 4159 judicium,
1017 4091 1112 4144 sed
1165 4092 1280 4159 jam
1330 4092 1545 4146 factum
1605 4098 1690 4147 est
1737 4095 2037 4163 judicium.

348 4180 527 4231 ltem:
582 4179 870 4245 Princeps,
912 4178 985 4239 ai,
1044 4180 1239 4231 mundi
1276 4180 1439 4247 hujus
1471 4184 1593 4249 jam
1633 4182 1919 4250 judicatus
1966 4188 2043 4237 est

347 4268 526 4325 (Joun.
574 4282 678 4329 xv1,
732 4266 839 4333 11),
895 4266 952 4317 id
1016 4272 1118 4329 est,
1174 4272 1235 4319 ut
1292 4268 1439 4321 idem
1499 4271 1775 4339 exposuit,
1822 4271 2040 4339 judicio

346 4348 497 4417 ignis
549 4350 749 4402 aeterni
802 4351 1251 4404 irrevocabiliter
1314 4353 1629 4407 destinatus
1694 4362 1797 4408 est.
1870 4358 2041 4411 David

342 4436 516 4506 etiam
567 4438 749 4491 dicit:
805 4439 937 4492 Ideo
1011 4456 1115 4493 non
1173 4447 1452 4508 resurgent
1510 4444 1666 4511 impii
1724 4447 1783 4497 in
1830 4446 2042 4512 judicio

348 4526 519 4595 (Psal.
550 4543 587 4592 1,
621 4529 691 4593 5).
718 4528 1071 4594 Augustinus
1122 4532 1359 4600 exponit
1401 4530 1537 4601 quia
1558 4532 1677 4601 jam
1710 4534 1893 4602 pmuis
1921 4551 2039 4587 cer-

344 4613 577 4667 tissimis
632 4615 900 4669 destinati
964 4625 1115 4670 sunt.
1162 4619 1320 4681 Item,
1388 4626 1445 4673 tu
1484 4624 1804 4689 percussisti
1865 4638 2042 4678 omnes

344 4703 692 4757 adversantes
726 4706 861 4757 mihi
901 4708 1015 4758 sine
1060 4722 1245 4761 causa.
1303 4709 1488 4773 Recte,
1536 4710 1746 4780 inquit,
1784 4710 1841 4765 in
1894 4728 2042 4781 prte-

345 4792 726 4846 destiuatione
749 4794 958 4847 dicitur
983 4794 1051 4847 de
1084 4795 1313 4849 diabolo
1344 4803 1399 4851 et
1440 4799 1655 4869 angelis
1684 4799 1825 4870 ejus.
1858 4805 2043 4871 Atque

346 4897 417 4933 ne
458 4880 680 4933 dicatur
711 4881 1002 4935 diabolum
1037 4885 1439 4938 tantummodo
1489 4902 1616 4939 cum
1651 4888 1872 4958 angelis
1923 4890 2044 4958 ejus

346 4969 412 5021 ad
448 4976 687 5022 mortem
717 4986 836 5023 esse
885 4970 1256 5037 destinatum,
1294 4973 1453 5042 quod
1487 4975 1723 5031 omnino
1756 4977 1892 5029 satis
1923 4993 2043 5031 esse

345 5058 620 5126 probatur
670 5058 1020 5125 absurdum;
1073 5066 1129 5112 ut
1165 5060 1425 5115 videlicet
1479 5070 1650 5133 caput
1706 5082 1737 5118 a
1806 5081 2045 5136 corpore

346 5147 808 5215 prmdestinando
842 5148 934 5209 sit
963 5156 1363 5218 segregatum:
1404 5151 1545 5204 Dicit
1590 5152 1797 5207 iterum
1848 5155 2041 5219 David,

346 5237 404 5285 in
451 5237 723 5303 pulverem
772 5238 960 5290 mortis
1011 5236 1292 5292 deduxisti
1338 5255 1419 5292 me
1463 5241 1631 5306 (Psal.
1695 5258 1805 5306 xxx,
1854 5246 1955 5310 lii),
1984 5244 2042 5298 id

346 5327 449 5384 est,
483 5322 689 5393 impios
741 5327 913 5379 morti
947 5326 1278 5391 destinatos,
1348 5328 1499 5398 quod
1544 5329 1822 5397 ,oumibus
1875 5349 2045 5402 super

346 5408 678 5464 hominibus
718 5412 787 5466 de
845 5414 1080 5483 pulvere
1111 5415 1322 5468 scilicet
1354 5415 1533 5482 factis,
1567 5423 1623 5470 et
1661 5418 1717 5471 in
1748 5422 2042 5487 pulverem

348 5515 579 5570 quoque.
612 5502 840 5567 relictis,
866 5519 1034 5555 nemo
1061 5504 1430 5573 prudentium
1460 5505 1699 5577 ainbigit
1730 5508 1859 5563 dici.
1894 5510 2045 5563 Salo-

349 5603 482 5641 mon
516 5604 746 5661 quoque
778 5590 887 5643 ait:
945 5594 1205 5647 Universa
1258 5600 1479 5665 praptrr
1527 5599 1868 5665 semetipsum
1915 5614 2041 5667 ope-

2166 1885 2407 1949 quentes
2450 1879 2713 1949 percutit,
2764 1896 2882 1933 non
2929 1880 3066 1950 quia
3131 1880 3463 1950 iniquorum
3526 1880 3693 1949 culpa
3759 1896 3873 1932 non

2164 1968 2532 2037 conspicitur,
2601 1968 2695 2021 sed
2765 1973 2827 2020 ut
2885 1967 3266 2021 damnationis
3334 1984 3535 2021 eorum
3587 1968 3875 2020 sententia

2165 2072 2295 2126 qua:
2326 2072 2428 2125 pro
2453 2056 2674 2125 agenda
2703 2055 3038 2126 poenitentia
3085 2056 3365 2123 dilfertur,
3415 2056 3577 2127 quasi
3621 2056 3784 2109 tarde
3815 2061 3875 2109 et

2163 2145 2400 2199 consilio
2460 2144 2690 2216 prodire
2738 2145 3026 2215 jubeatur.
3090 2144 3252 2209 Quod
3313 2161 3450 2215 ergo
3518 2144 3872 2215 quandoque

2164 2234 2299 2288 foris
2348 2238 2543 2304 aperta
2586 2234 2869 2287 sententia
2902 2234 3138 2303 judicat,
3184 2234 3290 2287 hoc
3318 2233 3468 2303 apud
3501 2233 3872 2303 omnipoten-

2163 2327 2279 2375 tem
2315 2322 2491 2375 Deum
2518 2327 2650 2375 ante
2683 2320 2887 2373 siecula
2916 2320 2974 2373 in
3000 2321 3237 2374 consilio
3272 2322 3504 2375 latebat.
3544 2344 3564 2369 ι
3603 2322 3869 2391 Itemque

2165 2425 2491 2479 exponens:
2547 2411 2891 2465 Constituisti
2939 2412 3193 2463 terminos
3246 2410 3383 2477 ejus,
3445 2412 3542 2479 qui
3584 2413 3870 2479 praeteriri

2164 2513 2269 2550 non
2296 2503 2552 2567 poterunt
2583 2497 2704 2562 (Job
2731 2514 2844 2565 xiv,
2875 2498 2951 2566 5),
2986 2498 3121 2552 dicit
3154 2514 3165 2551 :
3202 2520 3228 2546 ‹‹
3285 2500 3449 2552 Nulla
3479 2514 3607 2568 quae
3646 2498 3706 2551 in
3759 2499 3870 2552 hoc

2167 2587 2381 2640 mundo
2412 2587 2743 2641 hominibus
2780 2588 2997 2658 absque
3048 2587 3457 2657 omnipotentis
3490 2587 3590 2640 Dei
3638 2588 3865 2641 occulto

2126 2676 2401 2728 consilio
2450 2675 2705 2730 veniunt.
2750 2677 2894 2731 Nam
2942 2682 3146 2729 cuncta
3197 2678 3344 2729 Deus
3391 2682 3655 2729 secutura
3712 2692 3864 2745 prie-

2164 2763 2347 2816 sciens
2379 2768 2507 2817 ante
2536 2766 2744 2818 saecula
2792 2766 3041 2818 decrevit
3081 2765 3325 2835 qualiter
3358 2780 3459 2835 per
3506 2765 3714 2818 saecula
3744 2764 3862 2817 dis-

2164 2858 2531 2922 ponantur.»
2596 2853 2733 2906 Item
2784 2869 3032 2923 expones
3073 2853 3215 2907 illud
3273 2852 3341 2906 de
3393 2852 3619 2922 impiis:
3682 2855 3865 2907 Erunt

2162 2943 2301 2994 sicut
2343 2943 2512 3010 palea
2558 2948 2683 2995 ante
2710 2944 2907 3007 faciem
2932 2945 3098 3009 venti,
3150 2947 3201 2995 et
3230 2945 3367 2995 sicut
3417 2942 3633 3008 favilla,
3693 2958 3864 3010 quam

2095 3030 2319 3118 Cturbo
2371 3030 2637 3099 dispergit
2694 3031 2809 3099 (Job
2853 3032 3107 3101 xx1,18),
3160 3030 3274 3084 ait:
3312 3051 3338 3078 ‹‹
3397 3034 3536 3085 Ante
3588 3030 3861 3098 omnipo-

2165 3118 2338 3171 tentis
2369 3119 2466 3172 Dci
2499 3120 2689 3172 oculos
2720 3119 2905 3189 iniqui
2939 3118 3053 3172 vita
3082 3119 3272 3172 favilla
3301 3123 3402 3185 est,
3452 3118 3585 3189 quia
3618 3118 3721 3171 etsi
3756 3136 3861 3188 ap-

2163 3214 2327 3277 paret
2358 3207 2427 3260 ad
2461 3213 2821 3261 momentum
2870 3208 3085 3273 viridis,
3120 3208 3189 3261 ab
3246 3208 3368 3278 ejus
3409 3214 3599 3260 tamen
3637 3207 3864 3277 judicio

2155 3298 2276 3364 jam
2336 3302 2675 3365 consumpta
2729 3297 3005 3362 cernitur,
3078 3297 3215 3367 quia
3284 3296 3712 3366 consumptioni
3777 3300 3865 3349 est

2162 3391 2391 3437 mternm
2420 3384 2757 3452 deputata.»

2237 3473 2310 3525 De
2355 3473 2561 3525 talibus
2591 3490 2820 3544 quoque
2871 3479 2925 3526 et
2956 3490 3157 3527 eorum
3201 3473 3433 3544 ﬂagitiis
3481 3479 3539 3525 tu
3575 3472 3713 3543 ipse,
3749 3474 3859 3528 Do-

2159 3562 2336 3623 mine,
2370 3577 2472 3630 per
2509 3562 2733 3631 Moysen
2759 3563 2933 3615 dicis:
2965 3565 3150 3618 Nonne
3176 3564 3281 3616 Ilaec
3306 3563 3524 3616 condita
3560 3562 3863 3628 suntapud

2157 3664 2258 3713 me,
2290 3656 2339 3703 et
2363 3654 2583 3716 signata
2614 3654 2671 3704 in
2707 3652 2976 3705 thesauris
3022 3654 3150 3704 meis
3174 3652 3202 3706 ‘P
3228 3654 3347 3705 Mea
3376 3656 3453 3704 est
3496 3652 3648 3717 ultio,
3682 3656 3731 3702 et
3764 3666 3862 3714 ego

2154 3739 2452 3793 retribuam
2490 3742 2564 3793 eis
2598 3742 2652 3793 in
2690 3745 2925 3809 tempore
2971 3739 3153 3808 (Deut.
3190 3756 3339 3805 xxxi,
3382 3741 3469 3805 34,
3507 3742 3613 3808 35).
3670 3739 3856 3792 Item:

2152 3829 2323 3881 Jua'ta
2352 3835 2430 3881 est
2458 3829 2572 3882 dies
2600 3829 2923 3897 perditionis
2973 3834 3022 3881 et
3054 3830 3239 3883 adesse
3285 3831 3555 3893 festinant
3608 3832 3859 3895 tempora

2154 3915 2370 3985 (Ibid)
2405 3919 2543 3970 Item
2597 3933 2608 3969 :
2642 3919 2847 3971 Leuabo
2881 3918 2954 3971 ad
2982 3918 3165 3972 caelum
3204 3934 3425 3971 manum
3456 3933 3648 3978 meum,
3680 3922 3727 3968 et
3758 3916 3856 3971 di-

2153 4021 2269 4058 cam
2294 4022 2305 4058 :
2333 4007 2460 4059 Vivo
2516 4022 2609 4073 ego
2645 4009 2700 4057 in
2728 4008 3005 4059 aeternum.
3041 4007 3100 4061 Si
3132 4022 3322 4059 acuere
3364 4011 3422 4059 ut
3487 4005 3685 4072 fulgur
3730 4006 3860 4071 gla-

2152 4094 2301 4147 dium
2347 4110 2539 4157 meum,
2571 4100 2620 4147 et
2650 4096 2989 4162 arripueriut
3009 4095 3287 4163 judicium
3318 4110 3510 4147 manus
3548 4109 3692 4157 mea},
3728 4094 3860 4146 ret!-

2151 4184 2278 4236 dam
2329 4184 2579 4236 ultionem
2611 4183 2849 4236 hostibus
2903 4186 3052 4249 meis,
3100 4189 3148 4236 et
3173 4185 3254 4237 his
3281 4185 3377 4252 qui
3403 4183 3630 4236 oderunt
3662 4198 3742 4233 me
3770 4199 3859 4235 re-

2152 4274 2407 4325 tribuam.
2442 4272 2721 4325 Inebriabo
2759 4274 2990 4337 sagittas
3037 4287 3179 4325 meas
3218 4275 3503 4338 sanguine,
3551 4276 3601 4323 et
3632 4271 3861 4338 gladius

2084 4350 2125 4403 Ι)
2154 4376 2298 4415 meus
2331 4361 2611 4414 derorabit
2632 4376 2817 4414 carnes
2848 4360 2912 4413 de
2942 4377 3127 4414 cruore
3173 4363 3485 4426 occisorum,
3530 4364 3598 4421 et.
3665 4360 3729 4411 de
3756 4376 3860 4413 ca-

2149 4450 2401 4517 ptivitate
2434 4449 2631 4502 nudati
2677 4452 3013 4503 inimicorum
3058 4451 3279 4517 capitis.
3337 4449 3601 4515 Laudate,
3648 4454 3857 4515 gentes,

2148 4539 2406 4606 populum
2436 4537 2573 4605 ejus,
2607 4540 2739 4607 quia
2767 4541 3087 4605 sanguinem
3125 4553 3399 4591 seruorum
3446 4552 3673 4591 suorum
3706 4539 3857 4589 ulci-

2148 4632 2325 4680 scetur
2352 4632 2400 4679 et
2456 4626 2758 4679 vindictam
2807 4626 3069 4679 retribuet
3116 4628 3175 4679 in
3232 4627 3405 4679 hostes
3455 4641 3635 4678 eorum
3668 4628 3853 4689 (Deut.

2149 4733 2315 4783 xxxu,
2343 4717 2554 4783 40-43).
2601 4715 2659 4769 Si
2700 4716 2827 4784 quis
2859 4717 2977 4769 lucc
3033 4716 3229 4768 omnia
3276 4723 3333 4768 et
3369 4715 3479 4767 alia
3510 4715 3855 4767 intermina-

2149 4805 2343 4858 biliter
2374 4805 2538 4873 plura
2597 4820 2698 4872 per
2737 4804 3138 4857 canonicarum
3195 4803 3557 4857 latitudinem
3590 4803 3857 4872 Scriptu-

2150 4908 2341 4946 rarum
2396 4893 2790 4962 multipliciter
2842 4909 3037 4960 sparsa
3067 4892 3145 4944 sic
3174 4908 3206 4943 a
3236 4896 3291 4944 te
3333 4890 3629 4962 praesumit
3660 4891 3863 4944 dicere

2151 4979 2446 5050 praedicta,
2481 4984 2541 5032 ut
2583 4979 2696 5032 sint
2745 4979 2971 5049 quidem
3028 4980 3310 5050 prmscita,
3366 4980 3462 5033 sed
3510 4979 3859 5032 nullomodo

2150 5068 2469 5137 praeﬁnita:
2512 5068 2598 5121 fac
2646 5068 2832 5133 illum,
2894 5085 3109 5139 qumso,
3164 5069 3472 5139 diligenter
3529 5067 3859 5133 attendere,

2152 5172 2325 5226 quam
2358 5156 2429 5209 sit
2459 5157 2780 5210 contrarius
2812 5157 3057 5225 veritati,
3111 5174 3401 5228 quamque
3429 5156 3611 5210 noxiae
3661 5155 3865 5211 faveat

2151 5245 2401 5311 falsitati,
2435 5245 2572 5299 dum
2614 5252 2667 5299 te
2690 5252 2804 5299 tam
2840 5247 3160 5300 temerarias
3194 5247 3424 5317 subjicit
3458 5244 3860 5308 mutabilitati,

2151 5338 2215 5387 ut
2246 5338 2366 5387 tum
2401 5334 2663 5388 videlicet
2690 5337 2870 5404 (juxta
2903 5336 3053 5406 quod
3088 5341 3313 5389 sanctus
3357 5334 3438 5388 ait
3467 5333 3859 5403 Augustinus)

2156 5444 2174 5469 α
2206 5423 2362 5475 nulla
2394 5428 2722 5476 remaneret
2750 5428 2953 5476 natura
3002 5424 3319 5489 mutabilis,
3353 5422 3462 5477 nisi
3494 5427 3574 5489 tu,
3601 5422 3859 5476 Domine

2157 5512 2300 5564 Deus
2335 5515 2550 5580 noster,
2598 5528 2967 5581 permaneres
2997 5513 3415 5566 immutabilis:
3448 5532 3474 5564 υ
3516 5512 3674 5583 parvi
3708 5528 3860 5581 pen-

2152 5600 2248 5653 dat
2276 5600 2320 5653 si
2352 5600 2421 5653 ab
2442 5608 2657 5654 aeterno
2692 5618 2870 5672 usque
2902 5601 2961 5655 in
2994 5602 3143 5656 diem
3170 5601 3371 5673 judicii
3403 5600 3696 5655 mutabilis
3725 5616 3860 5655 esse
