4086 6182
223 239 321 296 333

1568 231 1940 298 CONFESSIO
1980 235 2387 300 PROLIXIOR.

3622 251 3726 308 335

224 372 395 445 (quod
431 372 597 440 absit)
637 372 708 427 ab
745 372 992 427 Ecclesia
1021 378 1118 427 tua
1148 370 1384 443 puteris,
1427 371 1542 427 imo
1580 372 1825 427 credaris
1867 379 1923 427 et
1960 378 2001 428 Α
2034 390 2176 429 mors
2218 382 2265 428 et
2298 377 2547 441 infernus
2573 375 2730 430 missi
2756 381 2880 430 sunt
2937 371 2994 431 in
3049 374 3304 447 stagnum
3351 375 3515 450 ignis,
3552 383 3722 454 (quod

222 463 569 533 praedicaris,
604 471 660 515 et
689 464 747 516 in
779 464 901 532 ipso
946 479 1177 533 quoque
1210 461 1301 516 die
1326 462 1549 532 judicii,
1593 461 1756 533 quasi
1805 479 1922 516 non

223 552 634 622 praedestinata
671 551 952 617 faciendo,
1005 551 1061 604 id
1096 555 1198 616 est,
1233 551 1501 621 reprobas
1532 553 1602 606 ad
1634 558 1922 604 tormenta

221 641 502 694 mittendo
545 640 805 694 muteris.
843 641 907 693 Et
962 640 1043 693 ita
1091 639 1364 710 deinceps
1409 639 1467 692 in
1501 639 1920 710 sempiternum

222 735 496 796 mutatus,
538 728 598 782 id
623 734 726 795 est,
770 737 1030 781 mortuus
1057 744 1176 780 esse
1208 728 1383 798 (quod
1412 728 1580 798 absit)
1615 730 1872 799 proberis
1905 747 1919 782 :

220 818 634 888 quoquomodo
674 817 828 870 enim
884 817 1132 869 moritur
1174 817 1272 886 qui
1307 823 1581 882 mutatur,
1617 823 1683 870 ut
1725 823 1916 885 Augu-

220 906 354 959 stini
397 911 458 958 et
487 905 770 974 Gregorii,
800 912 1258 975 casterorumque
1289 905 1585 958 doctorum
1613 907 1922 959 auctoritas

221 1000 556 1061 attestatur;
590 995 686 1048 sed
718 994 868 1047 absit
896 999 964 1047 ut
1008 999 1091 1061 tu,
1146 994 1407 1060 Domine,
1441 995 1541 1064 qui
1593 995 1920 1048 nullatenus

221 1083 432 1137 mutari
474 1083 737 1154 potuisti.
762 1093 926 1154 potes
980 1083 1065 1136 vel
1097 1083 1334 1152 poteris,
1371 1084 1679 1154 aliquando
1720 1089 1782 1138 ut
1832 1085 1919 1136 vel

219 1173 288 1227 ad
323 1181 688 1227 momentum
722 1174 796 1226 sis
827 1173 1039 1242 absque
1072 1173 1186 1225 ullo
1218 1171 1386 1225 initio
1421 1173 1712 1226 mutabilis
1741 1190 1921 1242 usque

221 1263 276 1316 in
308 1263 466 1316 diem
494 1261 722 1331 judicii,
757 1268 812 1315 et
840 1261 971 1315 inde
1007 1277 1236 1332 quoque
1273 1267 1526 1314 mutatus
1553 1277 1828 1332 appareas
1861 1263 1920 1315 in

221 1359 506 1404 aeternum
557 1356 790 1420 propter
836 1350 1198 1404 solummodo
1247 1349 1674 1404 damnationem
1725 1366 1919 1421 repro-

219 1439 452 1502 borum,
487 1439 866 1510 debitumque
898 1439 1004 1493 sibi
1033 1444 1408 1492 tormentum.

287 1529 454 1594 Vere,
513 1527 772 1594 Domine,
804 1527 982 1580 satius
1022 1527 1577 1580 incommutabiliter
1623 1526 1840 1593 fuisset,
1873 1527 1920 1580 si

215 1616 412 1670 nullus
447 1616 560 1670 nisi
588 1622 643 1670 te
677 1616 961 1670 mutabilii
985 1616 1220 1685 (nedum
1254 1618 1498 1684 mutato)
1523 1623 1744 1669 creatus
1774 1622 1920 1670 esset

2030 471 2221 517 autem
2259 473 2502 517 mortem
2543 470 2599 518 et
2645 464 2934 519 infernum
2983 466 3041 520 in
3082 472 3346 538 stagnum
3391 471 3542 540 ignis
3568 489 3723 527 asse-

2029 553 2105 605 rit
2149 569 2269 604 esse
2306 553 2524 618 missos,
2578 553 2870 608 diabolum
2914 554 3051 609 dicit
3099 562 3154 609 et
3201 559 3352 628 suos)
3397 565 3446 613 et
3487 565 3583 629 qui
3622 577 3726 616 non

2025 648 2106 694 est
2138 644 2385 695 inventus
2416 644 2474 695 in
2523 642 2660 696 libro
2697 645 2824 696 vita:
2868 647 3124 713 scriptus,
3171 649 3368 700 missus
3398 654 3474 701 est
3507 652 3564 702 in
3613 656 3726 704 sta-

2029 747 2194 798 gnum
2270 733 2416 798 ignis
2470 732 2654 798 (Ibid.,
2717 732 2924 795 13-15).
2997 735 3135 787 Item
3192 737 3366 803 paulo
3427 743 3598 790 ante:
3661 742 3724 794 Et

2029 819 2298 884 diabolus,
2351 822 2448 887 qui
2505 821 2788 874 seducebat
2836 836 2939 887 eos,
3001 825 3194 875 missus
3233 829 3316 877 est
3370 828 3426 877 in
3471 831 3723 890 stagnum

2030 910 2172 974 ignis
2228 914 2278 961 et
2324 911 2608 977 sulphuris
2657 909 2846 976 (Ibid.,
2900 912 2976 978 9).
3029 911 3170 964 Item
3224 913 3392 981 paulo
3428 919 3602 982 post:
3655 917 3721 968 Et

2029 996 2171 1050 dixit
2203 999 2339 1049 mihi
2372 1014 2384 1050 :
2421 998 2603 1051 Scribe
2641 999 2774 1065 quia
2814 998 2922 1051 haec
2952 999 3114 1051 verba
3144 999 3464 1060 ﬁdelissima
3505 1007 3636 1056 sunt
3673 1008 3725 1056 et

2027 1101 2176 1138 vera.
2208 1087 2276 1139 Et
2296 1086 2443 1139 dixit
2472 1088 2610 1140 mihi
2634 1086 2884 1140 :Factum
2914 1093 2990 1141 est
3025 1087 3220 1156 (Apoc.
3243 1103 3351 1153 xxx,
3376 1092 3428 1154 5,
3461 1088 3533 1155 6).
3560 1094 3635 1142 Ac
3654 1106 3721 1143 ne

2029 1173 2156 1244 quis
2170 1173 2313 1227 forte
2339 1174 2628 1228 dubitaret
2645 1174 2751 1228 hoc
2769 1175 3304 1240 audiensaloanne,
3329 1178 3584 1247 SBtItlt'l‘lS
3604 1181 3721 1247 ipse

2028 1262 2323 1329 continuo,
2346 1268 2398 1316 et
2428 1263 2568 1316 dicis
2591 1263 2872 1333 (Domine,
2888 1264 3017 1317 Jesu
3044 1264 3289 1333 Christe)
3313 1281 3324 1317 :
3351 1268 3462 1331 Ego
3482 1281 3600 1319 sum
3621 1285 3654 1316 α
3673 1273 3722 1320 et

2028 1371 2088 1415 ω,
2117 1353 2338 1405 initium
2370 1357 2419 1404 et
2441 1352 2591 1409 ﬁnis.
2626 1354 2738 1419 Ego
2758 1354 2967 1406 sitienti
2993 1353 3132 1406 dabo
3153 1353 3218 1406 de
3244 1357 3394 1419 fonte
3417 1357 3540 1407 vita:
3569 1370 3723 1422 aquae

2028 1443 2224 1505 gratis.
2261 1442 2366 1510 ()ui
2396 1443 2604 1505 vicerit,
2641 1440 2934 1509 possidebit
2961 1441 3090 1504 haec,
3124 1447 3174 1493 et
3201 1457 3289 1494 ero
3336 1443 3420 1494 illi
3461 1445 3621 1502 Deus,
3673 1448 3723 1496 et

2027 1530 2141 1596 ipse
2172 1531 2276 1582 erit
2317 1529 2454 1582 mihi
2491 1531 2662 1588 littus.
2727 1529 2954 1582 Timidis
2985 1534 3183 1596 autem,
3234 1535 3284 1583 et
3322 1532 3636 1597 incredulis,
3672 1537 3721 1584 et

2027 1619 2342 1684 emsecratis,
2387 1622 2437 1670 et
2485 1617 2770 1670 homicidis
2808 1623 2858 1671 et
2885 1617 3334 1683 fornicatoribus,
3378 1625 3427 1671 et
3455 1623 3717 1687 rem/icis,

212 1705 340 1775 (nec
369 1705 500 1758 dico
541 1705 807 1773 salvatus)
839 1677 1174 1771 electorum,
1205 1710 1420 1776 quanto
1464 1677 1648 1774 magis
1679 1705 1825 1759 absit
1856 1713 1919 1760 ut
1961 1677 1997 1730 Β
2027 1710 2077 1759 et
2130 1677 2456 1771 idolola'tris,
2517 1711 2568 1758 et
2619 1677 3270 1766 omnibusmendacibus,
3318 1677 3448 1775 pars
3502 1677 3719 1761 illorum

212 1794 542 1848 immuteris
586 1799 824 1864 propter
865 1809 996 1846 vasa
1041 1793 1141 1846 ira:
1189 1799 1246 1846 et
1294 1793 1526 1861 furoris,
1568 1810 1741 1864 super
1788 1811 1916 1865 qua:

210 1884 404 1936 vultus
441 1887 575 1935 tuus
607 1883 677 1936 ob
712 1883 861 1935 mala
893 1899 1022 1952 qua:
1051 1882 1288 1948 faciunt,
1325 1894 1385 1935 ut
1413 1882 1613 1950 perdas
1646 1883 1714 1938 de
1769 1889 1916 1937 terra

209 1974 530 2025 memoriam
560 1988 741 2026 eorum
773 1972 938 2038 (Psal.
972 1987 1165 2035 χχχιιι,
1212 1971 1341 2038 16)?
1381 1972 1456 2024 De
1497 1971 1702 2041 quibus
1741 1972 1914 2026 etiam

208 2060 380 2125 longe
417 2061 647 2130 lateque
690 2059 782 2112 die
815 2064 1103 2129 noctuque
1144 2058 1248 2111 tibi
1275 2058 1550 2112 veraciter
1589 2059 1853 2129 psallitur
1882 2077 1915 2114 a

209 2150 479 2202 ﬁdelibus
516 2164 530 2201 :
586 2151 664 2201 Tu
706 2163 849 2212 vero,
895 2149 1050 2212 Deus,
1085 2146 1310 2200 deduces
1359 2162 1443 2201 eos
1487 2153 1546 2200 in
1575 2153 1798 2216 puteum
1828 2151 1910 2202 in-

208 2244 397 2291 teritus
450 2237 619 2305 (Psat.
672 2252 779 2300 Liv,
829 2236 942 2305 2i).
996 2237 1070 2288 De
1128 2236 1337 2306 quibus
1379 2235 1458 2288 ait
1509 2242 1565 2289 et
1620 2237 1912 2305 apostolus

208 2327 410 2379 Petrus
445 2341 456 2377 :
511 2325 716 2390 Quibus
757 2324 1033 2392 judicium
1069 2324 1190 2393 jam
1244 2326 1302 2376 in
1340 2324 1466 2377 olim
1497 2339 1603 2377 non
1637 2329 1827 2390 cessat,
1859 2329 1912 2378 et

203 2415 446 2483 perditio
472 2429 654 2467 eorum
687 2428 791 2466 non
820 2412 1082 2465 dormitat
1119 2409 1202 2482 (II
1230 2414 1375 2466 Petr.
1413 2428 1468 2477 ιι,
1504 2414 1575 2481 3).
1610 2413 1674 2465 Et
1704 2412 1911 2467 Paulus

209 2505 380 2571 (Rom.
419 2518 492 2568 ix,
546 2505 686 2569 22):
749 2501 940 2555 Volens
988 2503 1127 2554 Deus
1176 2500 1452 2554 ostendere
1495 2503 1658 2566 iram,
1717 2506 1768 2555 et
1816 2501 1902 2554 de-

205 2598 513 2646 monstrare
541 2592 839 2659 potentiam
868 2605 1044 2654 suam,
1090 2591 1356 2643 sustinuit
1402 2593 1459 2642 in
1497 2591 1669 2643 multa
1697 2592 1909 2658 patien-

207 2684 281 2734 tia
325 2696 466 2734 vasa
504 2684 637 2748 apta
672 2679 756 2732 vel
798 2683 990 2749 aptata
1020 2681 1077 2731 in
1107 2680 1406 2744 interitum,
1432 2679 1743 2731 secundum
1779 2679 1905 2732 Hie-

202 2786 540 2839 ronymum,
588 2769 673 2821 vel
728 2773 1047 2838 prarparata
1104 2768 1164 2820 in
1213 2767 1535 2833 interitum,
1591 2767 1905 2820 secundum

201 2859 599 2922 Ambrosium,
628 2857 714 2911 vel
749 2857 996 2927 perfecta
1028 2855 1088 2909 in
1124 2855 1554 2925 perfectionem,
1589 2855 1904 2909 secundum

201 2948 610 3017 Augustinum,
653 2945 708 2999 id
758 2950 862 3011 est,
908 2945 1031 2997 sine
1065 2944 1243 2998 dubio
1293 2944 1717 3014 prredestinuta,
1760 2944 1905 2999 sicut

199 3036 266 3089 ab
297 3037 430 3107 ipso
456 3034 776 3105 Augustino
802 3049 922 3087 esse
953 3037 1174 3086 constat
1211 3035 1552 3103 expositum.
1589 3034 1726 3086 Item
1757 3050 1903 3102 pra:-

198 3124 422 3178 dicator
471 3124 673 3177 idem:
739 3124 808 3178 Ut
867 3123 1166 3191 compleant
1218 3127 1442 3191 peccata
1491 3138 1593 3175 sua
1645 3135 1899 3190 semper:

195 3214 447 3279 pervenit
503 3212 649 3266 enim
701 3212 790 3263 ira
857 3213 952 3264 Dei
1001 3224 1165 3278 super
1230 3224 1314 3262 eos
1384 3224 1556 3277 usque
1628 3210 1688 3261 in
1744 3211 1902 3276 finem

199 3301 243 3368 (l
271 3301 466 3354 Thess.
501 3315 560 3364 ιι,
598 3300 706 3368 16).
740 3299 881 3352 Item
908 3297 1079 3352 ludas
1116 3313 1130 3351 :
1158 3298 1624 3361 Subintroierunt,
1647 3295 1745 3362 ait,
1778 3299 1901 3364 qui-

200 3391 345 3454 dam,
395 3389 497 3456 qui
526 3387 652 3441 olim
697 3389 1012 3456 praescripti
1039 3391 1165 3440 sunt
1215 3389 1273 3439 in
1316 3387 1408 3439 hoc
1436 3385 1707 3454 judicium
1744 3387 1904 3454 impii

201 3478 375 3546 (Jud.,
408 3476 463 3545 4)
499 3493 513 3529 :
562 3475 659 3529 ubi
699 3476 837 3529 dum
872 3490 970 3528 eos
1010 3490 1127 3527 non
1157 3473 1218 3528 in
1266 3474 1371 3527 hoc
1414 3472 1657 3543 judicio,
1692 3473 1785 3526 sed
1844 3473 1900 3527 in

198 3566 298 3620 hoc
319 3565 638 3636 judicium,
671 3563 729 3618 id
760 3568 861 3629 est,
896 3563 955 3617 in
994 3562 1140 3616 hanc
1177 3561 1607 3616 damnationem
1637 3563 1898 3632 praescri-

198 3661 322 3725 ptos
348 3654 619 3719 asseruit,
663 3669 781 3706 non
808 3651 982 3706 modo
1004 3651 1318 3721 praescitos,
1345 3666 1544 3704 verum
1567 3651 1736 3704 etiam
1760 3668 1902 3721 pra:-

198 3743 519 3798 destinatos
557 3742 774 3813 pariter
824 3740 1073 3810 intelligi
1119 3739 1319 3794 voluit.
1377 3738 1603 3810 Quippe
1658 3755 1789 3792 cum
1839 3746 1898 3794 tu

201 3833 343 3886 Deus
387 3837 642 3886 aeternus
670 3846 764 3884 eos
791 3829 952 3900 prius
981 3828 1191 3882 habeas
1238 3828 1694 3899 praedestinatos,
1725 3845 1899 3899 quam

198 3921 343 3976 ullus
387 3919 793 3991 temporaliter
829 3923 997 3972 natus
1037 3934 1132 3971 eos
1166 3918 1495 3988 cognoverit
1518 3932 1640 3971 esse
1667 3917 1899 3988 prazsci-

194 4015 296 4065 tos.
328 4010 483 4075 Quia
514 4025 660 4080 quos
693 4007 969 4078 praescisti
999 4023 1103 4078 per
1151 4006 1411 4077 ipsorum
1452 4006 1744 4077 propriam
1785 4006 1898 4060 mi-

195 4101 405 4154 seriam
458 4099 520 4152 in
551 4096 976 4152 damnabilibus
1022 4101 1482 4166 perseveraturos
1513 4111 1634 4149 esse
1699 4111 1898 4166 pecca-

194 4188 282 4256 tis,
310 4189 452 4243 illos
480 4187 735 4258 profecto
775 4189 1050 4256 tanquam
1069 4183 1423 4254 justissimus
1458 4184 1635 4254 judex
1669 4184 1900 4254 praede-

2024 1797 2130 1847 erit
2175 1796 2232 1848 in
2259 1802 2452 1861 stagno
2482 1795 2704 1848 ardente
2732 1797 2850 1860 igni
2881 1801 2932 1848 et
2971 1796 3260 1864 sulphure,-
3291 1796 3435 1862 quod
3463 1801 3541 1849 est
3577 1812 3719 1850 mors

2023 1883 2474 1952 secunda(1bid.,
2519 1884 2662 1952 6-8).
2707 1885 2968 1936 Timeant
3016 1884 3213 1953 igitur,
3249 1891 3304 1937 et
3349 1888 3584 1937 caveant
3629 1885 3717 1937 in-

2023 1972 2242 2025 creduli
2263 1971 2434 2024 simul
2466 1977 2641 2041 atque
2674 1971 2975 2024 mendaces
3008 1987 3077 2024 ne
3110 1988 3241 2041 pars
3265 1987 3462 2024 eorum
3485 1971 3559 2024 sit
3587 1988 3716 2025 cum

2022 2060 2364 2128 supradictis
2384 2061 2777 2130 complicibus,
2812 2059 2858 2112 si
2890 2064 3004 2112 tam
3039 2061 3352 2130 perspicua:
3399 2061 3713 2114 resistendo

2023 2149 2246 2201 veritati
2277 2148 2395 2202 fore
2429 2149 2768 2217 delegerunt
2793 2149 3136 2218 pertinaces.

2092 2237 2275 2291 Item:
2337 2239 2467 2291 Ecce
2512 2239 2663 2291 venio
2707 2239 2809 2291 cito
2866 2242 2916 2290 et
2960 2253 3156 2290 merces
3209 2252 3325 2290 mea
3380 2251 3582 2290 mecum
3639 2241 3717 2290 est

2018 2325 2242 2379 reddere
2289 2328 2578 2393 unicuique
2613 2325 2906 2379 secundum
2952 2341 3115 2394 opera
3171 2341 3271 2379 sua
3322 2327 3522 2395 (Apoc.
3577 2341 3716 2393 xxxi,

2025 2414 2128 2484 12).
2156 2424 2180 2447 ⁸
2228 2414 2344 2468 Nisi
2389 2414 2449 2467 in
2495 2414 2992 2484 praedestinatione
3033 2431 3204 2485 quam
3259 2413 3595 2483 deposuisti,
3627 2414 3714 2466 in-

2016 2502 2501 2556 commutabiliter
2567 2503 2964 2556 irretractabili
3023 2503 3527 2572 prinordinatioue.
3615 2502 3714 2556 Se-

2017 2589 2209 2660 queris
2234 2588 2410 2658 igitur
2439 2594 2494 2642 et
2523 2588 2662 2642 dicis
2693 2605 2707 2642 :
2751 2592 2864 2657 Ego
2899 2605 3018 2643 sum
3046 2609 3078 2639 α
3107 2593 3157 2642 et
3187 2611 3246 2654 ω,
3274 2605 3488 2658 primus
3520 2595 3570 2642 et
3609 2605 3713 2642 no-

2013 2680 2290 2743 vissimus,
2321 2679 2659 2746 princip-ium
2691 2683 2741 2732 et
2777 2681 2920 2747 ﬁnis.
2974 2679 3130 2732 Beati
3171 2680 3268 2746 qui
3317 2679 3504 2732 lavant
3547 2679 3714 2731 stolas

2013 2781 2163 2831 suas,
2193 2771 2252 2819 ut
2288 2768 2362 2820 sit
2398 2773 2632 2834 potestas
2663 2782 2843 2820 eorum
2864 2769 2923 2820 in
2957 2769 3102 2834 tigno
3131 2770 3274 2833 vitae,
3317 2772 3368 2822 et
3401 2783 3503 2835 per
3525 2772 3712 2835 portas

2013 2858 2216 2908 intrent
2246 2857 2305 2908 in
2335 2857 2628 2908 civitatem.
2669 2857 2818 2909 Foris
2849 2870 3026 2920 canes,
3059 2860 3109 2908 et
3151 2856 3392 2922 venefici,
3430 2861 3481 2909 et
3525 2859 3713 2924 impu-

2014 2944 2126 2997 dici
2183 2946 2235 2997 et
2291 2944 2574 2997 homicida:
2621 2949 2672 2997 et
2719 2945 2882 2997 idolis
2931 2947 3239 3008 servientes,
3287 2950 3336 2996 et
3401 2947 3573 2998 omnis
3617 2947 3714 3014 qui

2013 3037 2163 3086 amat
2231 3037 2280 3086 et
2337 3034 2476 3098 facit
2531 3032 2872 3085 mendacium
2921 3033 3108 3101 (Ibid.,
3181 3036 3386 3098 13-15).
3436 3032 3713 3086 ‘Audiant

2011 3121 2131 3174 haec
2159 3121 2504 3190 generaliter
2542 3120 2790 3173 universi
2843 3120 3076 3190 quidem
3125 3121 3448 3186 mendaces,
3478 3121 3576 3174 sed
3623 3121 3710 3173 illi

2009 3214 2204 3263 tamen
2254 3209 2639 3280 potissimum,
2689 3209 2788 3280 qui
2829 3209 2891 3262 in
2946 3208 3205 3262 doctrina
3253 3209 3547 3278 religionis
3594 3225 3711 3262 non

2011 3298 2180 3352 modo
2207 3313 2322 3352 non
2353 3303 2644 3363 verentur,
2674 3302 2772 3350 aut
2801 3296 3277 3363 verecundantur,
3309 3313 3507 3351 verum
3532 3299 3705 3351 etiam

2009 3389 2339 3443 nullatenus
2392 3391 2736 3441 cunctantur
2785 3403 2904 3440 esse
2960 3386 3208 3440 fallaces.
3261 3386 3405 3450 Quia
3456 3385 3709 3457 profecto

2008 3477 2117 3532 isto
2151 3492 2360 3548 genere
2404 3475 2690 3530 mendacii
2730 3476 2955 3529 nullum
3001 3476 3230 3546 gravius
3275 3491 3532 3546 unquam
3563 3476 3711 3529 valet

2007 3565 2275 3632 inveniri,
2327 3565 2444 3620 imo
2502 3565 2724 3618 nullum
2789 3565 3077 3635 reperitur
3150 3567 3268 3618 tam
3322 3579 3514 3634 grave,
3576 3564 3711 3619 licet

2008 3655 2302 3709 nonnullis
2358 3654 2620 3708 videatur
2675 3669 2795 3706 esse
2859 3653 2999 3720 leve,
3065 3652 3181 3706 sive
3240 3657 3476 3723 putetur
3535 3652 3708 3707 etiam

2007 3758 2196 3795 suave.
2240 3743 2346 3797 Sed
2387 3741 2626 3796 audiant
2671 3741 2974 3811 sequentia
3002 3740 3048 3794 si
3079 3741 3511 3811 tloccipendunt
3559 3757 3707 3810 prai-

2007 3830 2286 3884 cedentia.

2075 3919 2190 3984 Ego
2218 3919 2369 3972 Jesus
2413 3919 2541 3972 misi
2587 3917 2838 3983 angelum
2881 3932 3057 3970 meum
3095 3918 3383 3984 testiﬁcari
3429 3917 3525 3970 hoc
3553 3917 3718 3970 vobis“

2005 4009 2064 4061 in
2112 4008 2352 4062 Ecclesia
2397 4007 2599 4078 (Apoc.
2646 4022 2779 4070 XXII,
2828 4008 2940 4076 16).
2994 4007 3060 4060 Et
3109 4006 3278 4076 paulo
3337 4008 3506 4076 post:
3569 4005 3704 4060 Con-

2009 4101 2173 4151 testor
2219 4111 2312 4164 ego
2356 4098 2504 4150 omni
2545 4095 2794 4149 audienti
2846 4095 3011 4149 verba
3049 4094 3352 4164 prophetia
3395 4092 3558 4163 hujus
3599 4109 3612 4147 :
3648 4095 3710 4150 Si

2008 4187 2128 4254 quis
2161 4187 2476 4255 apposuerit
2504 4184 2578 4239 ad
2603 4185 2734 4253 haec,
2771 4188 3004 4254 apponet
3034 4186 3173 4238 Deus
3205 4198 3369 4252 super
3398 4184 3551 4237 illum
3575 4183 3704 4252 pla-

195 4277 424 4331 stinasti
477 4275 550 4330 ad
577 4275 874 4329 interitum
911 4275 1065 4344 juste
1122 4289 1186 4327 ac
1214 4273 1417 4327 merito
1466 4272 1623 4326 satis.
1677 4274 1740 4328 Et
1779 4289 1894 4327 non
1936 4279 1982 4334 Ι)
2007 4291 2104 4342 gas
2132 4277 2366 4343 scriptas
2393 4277 2451 4328 in
2476 4274 2614 4329 libro
2643 4276 2767 4328 isto.
2805 4273 2881 4328 Et
2911 4274 2961 4326 si
2989 4275 3112 4341 quis
3151 4272 3469 4326 diminuerit
3495 4271 3561 4325 de
3584 4288 3704 4328 ver-

196 4367 361 4421 modo
395 4363 843 4435 praedestinasti,
866 4377 1064 4416 verum
1096 4363 1268 4416 etiam
1298 4361 1894 4432 praedestinandojam

194 4456 394 4526 utique
419 4452 737 4508 destinasti.
786 4451 945 4506 Unde
975 4450 1112 4504 dicit
1142 4455 1197 4505 et
1230 4451 1404 4504 David
1459 4450 1623 4521 quasi
1658 4449 1728 4504 de
1773 4450 1892 4521 jam

193 4543 248 4596 in
291 4545 593 4598 infernum
634 4539 1099 4612 praedestinando
1133 4538 1352 4611 positis,
1397 4539 1528 4593 licet
1573 4539 1760 4593 adhuc
1807 4555 1893 4592 es-

192 4638 315 4685 sent
345 4631 488 4684 illuc
519 4635 575 4683 te
611 4629 851 4700 jubente
886 4627 1162 4698 ponendi.
1205 4627 1346 4682 Cum
1387 4626 1542 4680 enim
1593 4626 1895 4696 praedixis-

193 4728 318 4774 set:
375 4722 447 4774 Et
499 4723 686 4788 postea
735 4719 795 4770 in
850 4732 940 4770 ore
991 4731 1088 4771 suo
1139 4715 1560 4784 complacebunt,
1617 4715 1892 4785 subjecit:

192 4810 340 4864 Sicut
373 4823 496 4862 oves
534 4810 593 4861 in
623 4807 842 4873 inferno
867 4807 1038 4875 positi
1065 4810 1191 4859 sunt
1219 4805 1386 4872 (Psal.
1437 4821 1622 4871 XLVIII,
1668 4806 1754 4872 14,
1790 4807 1893 4869 15).

259 4897 407 4951 Cum
428 4911 532 4966 per
555 4895 750 4949 omnia
771 4892 1233 4948 manifestissime
1256 4897 1550 4960 consonat,
1576 4898 1632 4946 et
1650 4894 1897 4947 Joannes

193 4985 486 5054 apostolus
524 4983 584 5036 in
615 4981 955 5052 Apocalypsi
981 4981 1176 5036 dicens
1217 4998 1230 5034 :
1275 4982 1353 5034 Et
1399 4980 1528 5034 libri
1564 4981 1744 5050 aperti
1770 4987 1897 5034 sunt

190 5081 236 5127 et
283 5076 430 5127 alius
483 5073 621 5126 liber
658 5077 879 5140 apertus
927 5076 1024 5138 est,
1090 5073 1186 5140 qui
1217 5075 1297 5124 est
1348 5072 1503 5136 vita;
1554 5074 1607 5123 et
1649 5069 1894 5137 judicati

189 5170 310 5217 sunt
340 5164 563 5229 mortui,
611 5177 676 5214 ea;
708 5161 791 5214 his
824 5176 942 5228 quae
961 5162 1169 5229 scripta
1208 5163 1364 5213 erant
1404 5161 1462 5212 in
1503 5159 1662 5212 libris
1701 5173 1891 5213 secun-

191 5251 316 5306 dum
353 5268 518 5320 opera
547 5253 792 5319 ipsorum
823 5249 1009 5319 (Apoc.
1065 5264 1159 5314 xx,
1196 5249 1299 5316 12).
1350 5249 1490 5302 Item
1519 5264 1531 5301 :
1567 5247 1647 5301 Et
1674 5247 1894 5316 judica-

194 5345 299 5394 tum
362 5346 440 5394 est
498 5340 565 5394 de
627 5339 859 5406 singulis
923 5337 1213 5392 secundum
1271 5353 1435 5407 opera
1501 5339 1789 5406 ipsorum:
1845 5341 1896 5391 et

258 5525 282 5550 ⁸
312 5516 470 5570 Deest
504 5515 600 5570 hic
630 5512 868 5585 aliquid.

2004 4363 2084 4417 bis
2117 4363 2248 4416 libri
2276 4363 2575 4431 prophetiae
2612 4363 2798 4431 hujus,
2831 4363 3044 4428 auferet
3076 4362 3222 4416 Deus
3250 4365 3465 4432 partem
3485 4359 3601 4431 ejus
3633 4361 3704 4415 de

2005 4452 2142 4505 libro
2168 4454 2313 4517 vitae,
2345 4456 2394 4505 et
2435 4451 2500 4504 de
2538 4453 2757 4505 civitate
2786 4456 2995 4516 sancta,
3027 4454 3078 4504 et
3105 4449 3171 4503 de
3214 4450 3298 4503 his
3329 4465 3448 4518 qua
3496 4451 3705 4518 scripta

2001 4544 2129 4594 sunt
2157 4541 2216 4593 in
2246 4539 2383 4592 libro
2412 4542 2536 4593 isto.
2571 4541 2718 4594 Dicit
2753 4540 2849 4606 qui
2895 4539 3260 4592 testimonium
3286 4537 3531 4606 perhibet
3571 4539 3702 4592 isto-

2002 4644 2122 4682 rum
2156 4643 2169 4681 :
2204 4627 2398 4681 Etiam
2434 4629 2588 4682 venio
2619 4629 2722 4682 cito
2762 4626 2959 4697 (Ibid.,
3014 4626 3214 4696 18-20).
3259 4625 3417 4689 Ecce,
3453 4627 3698 4680 Domine

2001 4717 2154 4783 Jesu,
2189 4716 2246 4770 iu
2302 4717 2407 4770 hoc
2460 4720 2653 4770 sancto
2683 4716 2832 4770 libro
2870 4720 2970 4770 tuo
3029 4713 3321 4769 diabolum
3372 4721 3428 4768 et
3469 4715 3702 4784 angelos

2004 4805 2144 4876 ejus,
2177 4810 2235 4859 et
2259 4821 2459 4859 omnes
2486 4805 2660 4859 etiam
2707 4804 2970 4858 homines
3002 4803 3280 4874 reprobos
3312 4803 3373 4856 in
3431 4808 3697 4873 stagnum

2001 4895 2154 4966 ignis
2183 4899 2238 4948 et
2263 4894 2577 4965 sulphuris,
2614 4898 2674 4947 ut
2702 4909 2876 4964 supra
2901 4893 3117 4947 dictum
3142 4896 3245 4958 est,
3288 4897 3343 4946 te
3373 4892 3698 4946 destinante

1997 4984 2118 5054 jam
2147 4999 2268 5037 esse
2301 4983 2507 5036 missos
2535 4981 2790 5036 invenio.
2827 4983 3046 5052 Negare
3085 4985 3162 5047 te,
3195 4980 3252 5034 id
3283 4985 3370 5034 est
3400 4979 3698 5033 veritatem

2003 5087 2120 5124 non
2143 5071 2349 5136 audeo,
2389 5069 2523 5140 quia
2562 5068 2760 5138 negari
2793 5073 2908 5122 ate
2951 5068 3170 5135 timeo,,
3209 5065 3697 5138 quemadmodum

2003 5159 2266 5212 videlicet
2317 5158 2440 5229 ipse
2469 5158 2696 5211 testaris
2725 5173 2738 5210 :
2772 5157 2877 5222 Qui
2919 5172 3000 5210 me
3045 5157 3323 5222 negaverit
3371 5169 3551 5208 coram
3598 5153 3698 5206 ho-

2002 5247 2260 5314 minibus,
2298 5247 2502 5315 negabo
2530 5252 2580 5301 et
2623 5261 2716 5313 ego
2744 5261 2863 5299 eum
2905 5260 3086 5299 coram
3139 5247 3300 5298 Patre
3337 5259 3470 5306 meo,
3502 5244 3600 5312 qui
3641 5245 3700 5296 in

2002 5337 2149 5392 ccelis
2200 5341 2278 5391 est
2329 5337 2551 5408 (Matth.
2606 5352 2660 5400 x,
2712 5339 2820 5403 33).
2875 5335 3014 5388 Item
3064 5338 3119 5388 et
3174 5333 3425 5386 Paulus:
3478 5332 3538 5387 Si
3579 5346 3696 5400 nos,
