4098 6180
398 218 501 272 355

1476 207 1991 269 GOTTESCHALCI
2032 208 2466 270 ORBACENSIS
2508 211 2820 271 MONACIII

3796 222 3899 276 356

401 354 613 428 inquit,
642 371 759 410 eum
805 352 1199 422 negaverimus,
1249 352 1299 404 et
1338 350 1429 404 ille
1475 348 1695 417 negabit
1723 365 1820 405 nos
1862 349 1928 421 (II
1963 351 2098 406 Tim.
2141 348 2190 405 A
2216 348 2374 405 nium
2406 350 2633 421 penitus
2662 350 2948 406 debuisset
2995 367 3136 418 esse,
3189 352 3579 424 metalepticos
3626 353 3683 410 id
3731 355 3900 411 intel-

402 462 463 511 II,
507 447 607 516 12).
644 446 862 513 Negare
892 440 1090 511 igitur,
1124 439 1270 492 sicut
1310 440 1571 510 praedixi,
1629 445 1683 494 te
1726 457 1839 493 non
1891 441 2095 506 audeo,

403 534 537 604 quia
566 532 763 601 negari
794 534 901 582 ate
942 528 1137 582 timeo.
1162 531 1463 598 Apponere
1492 545 1623 582 vero
1658 528 1742 584 vel
1779 529 2097 582 diminuere

401 623 544 675 nihil
575 634 887 690 praesumo,
918 617 1195 687 quoniam
1229 618 1312 669 vel
1338 618 1536 687 plagas
1570 617 1628 670 in
1657 618 1763 671 hoc
1797 618 1918 688 ipso
1950 617 2096 671 libro

400 710 638 778 scriptas
686 706 831 760 mihi
864 706 1096 776 apponi,
1142 706 1229 759 vel
1278 704 1492 758 auferri
1540 712 1761 775 partem
1811 722 1997 759 meam
2031 706 2096 759 de

397 800 545 853 libro
576 799 706 851 vitae
738 804 948 851 metuo.

473 888 656 958 Igitur
687 888 745 941 in
776 886 1013 939 nomine
1048 886 1250 950 Patris,
1283 889 1338 938 et
1370 885 1517 952 Filii,
1551 891 1605 938 et
1624 886 1868 955 Spiritus
1896 886 2094 953 sancti,

397 977 676 1048 supplico,
717 974 975 1042 Domine,
1018 980 1188 1044 prout
1235 973 1484 1043 amplius
1522 990 1757 1043 possum
1805 974 1929 1037 tibi,
1980 991 2096 1045 quo

398 1065 887 1135 quemadmodum
922 1063 1148 1133 indigeo
1180 1062 1481 1131 suffragari
1512 1061 1767 1132 digneris
1798 1063 1963 1128 mihi,
1996 1080 2095 1116 ne-

399 1170 510 1224 que
566 1153 866 1222 permittas
919 1152 989 1205 ab
1050 1153 1163 1204 ullo
1224 1151 1436 1205 diutius
1497 1152 1807 1204 electorum
1868 1156 2098 1205 tuorum

400 1242 574 1311 (quod
630 1241 796 1309 absit)
829 1240 961 1293 hinc
993 1240 1225 1309 ambigi.
1271 1240 1378 1293 Sed
1426 1240 1863 1293 saluberrimam
1910 1240 2099 1310 potius

400 1331 693 1383 veritatem
752 1328 884 1381 huic
938 1329 1294 1382 innotescere
1351 1344 1466 1381 non
1525 1329 1786 1393 moreris,
1862 1334 1923 1381 ut
1978 1344 2098 1382 esse

399 1419 557 1472 vides
619 1419 1104 1488 pernecessarium
1160 1417 1285 1470 sibi.
1340 1417 1483 1480 Quia
1528 1434 1721 1469 revera
1782 1417 2097 1470 secundum

401 1507 553 1561 beati
619 1524 849 1576 quoque
917 1506 1221 1575 Augustini
1270 1506 1689 1559 veracissimam
1750 1507 2098 1559 testiﬁcatio-

402 1612 554 1663 nem,
598 1611 770 1665 quam
798 1596 985 1663 palam
1018 1594 1260 1663 protulit
1289 1596 1358 1647 ad
1393 1595 1690 1663 populum,
1711 1595 2095 1663 evangelicam

402 1684 721 1736 luculenter
767 1699 829 1735 ac
896 1682 1140 1736 ﬁdeliter
1199 1683 1556 1751 explananda
1612 1683 2093 1752 perplexitatem:

399 1772 507 1835 Qui
531 1771 916 1836 mendacium,
947 1770 1156 1840 inquit,
1191 1769 1558 1823 wdiﬁcautin
1581 1769 1931 1832 hominibus,
1957 1771 2095 1841 quid

397 1862 468 1914 ab
500 1859 578 1913 eis
598 1859 913 1929 expellunt,
938 1859 1048 1911 nisi
1067 1858 1404 1911 veritatem?
1432 1858 1755 1911 Immittunt
1775 1858 2094 1925 diabolum,

398 1949 705 2003 excludunt
729 1948 1018 2001 Christum
1045 1964 1055 2000 :
1078 1947 1403 1999 immittunt
1421 1948 1767 2014 adulterum,
1788 1948 2099 2002 excludunt

399 2054 704 2106 sponsum;
769 2036 1148 2106 paranymplii
1205 2036 1417 2089 scilicet
1473 2037 1558 2088 vel
1616 2037 1807 2105 potius
1861 2037 2096 2090 lenones

396 2116 697 2195 Serpentis.
742 2124 823 2177 Ad
854 2125 957 2177 hoc
985 2125 1140 2176 enim
1190 2125 1523 2194 loquuntur,
1560 2129 1621 2176 ut
1650 2140 1885 2194 serpens
1912 2126 2095 2194 possi-

398 2212 549 2279 deat,
597 2213 853 2266 Christus
902 2213 1255 2266 excludatur.
1294 2214 1531 2276 Quando
1573 2213 1823 2283 possidet
1867 2214 2094 2274 falsitas,

399 2317 633 2372 serpens
676 2300 933 2372 possidet
965 2318 977 2354 :
1012 2301 1245 2372 quando
1277 2301 1530 2371 possidet
1573 2301 1799 2366 veritas,
1843 2302 2096 2355 Christus

398 2391 667 2460 possidet.
722 2391 847 2460 Ipse
896 2391 1049 2444 enim
1099 2389 1282 2443 dixit:
1332 2392 1447 2457 Ego
1498 2405 1615 2443 sum
1664 2393 1867 2443 veritas
1916 2390 2091 2460 (Joan.

398 2495 508 2547 xiv,
540 2478 622 2548 6);
654 2478 723 2532 de
754 2478 853 2532 illo
886 2484 1076 2531 autem
1112 2518 1122 2530 .
1157 2480 1225 2530 Et
1256 2479 1315 2529 in
1356 2480 1586 2531 veritate
1629 2493 1735 2531 non
1764 2480 1932 2544 stetit,
1963 2481 2096 2547 quia

397 2569 598 2620 veritas
630 2570 689 2619 in
710 2581 766 2619 eo
788 2581 892 2620 non
922 2572 1000 2619 est
1029 2564 1204 2634 (Joan.
1240 2581 1354 2629 vin,
1380 2566 1489 2633 44).

468 2655 828 2725 QuaprOpter
874 2659 929 2707 et
971 2654 1114 2707 illud
1171 2653 1322 2724 quod
1379 2653 1532 2706 idem
1586 2653 1784 2706 beatus
1833 2652 2096 2707 minister

399 2750 530 2798 tuus
577 2744 852 2797 veraciter
908 2742 1210 2813 perhibere
1269 2741 1486 2796 studuit
1532 2742 1902 2812 Augustinus,
1946 2758 2090 2811 prae-

398 2833 632 2887 scientia
661 2832 925 2885 videlicet
958 2832 1233 2901 reprobos
1274 2847 1393 2884 esse
1441 2830 1760 2898 damnatos,
1795 2847 1924 2884 cum
1959 2831 2093 2884 alibi

2206 440 2309 509 ligi
2335 441 2678 510 regulariter
2706 441 3005 510 potuisset,
3059 448 3115 495 et
3165 442 3402 496 omnino
3448 443 3785 497 debuisset:
3839 450 3903 497 ut

2206 529 2469 583 videlicet
2498 530 2550 583 id
2587 530 2734 599 quod
2774 530 3035 600 sequitur
3077 545 3175 600 per
3212 531 3270 585 id
3314 532 3465 602 quod
3499 534 3771 601 praecedit
3815 533 3900 586 in-

2205 618 2579 687 telligeretur.
2652 622 2918 672 Attamen
2974 619 3021 672 si
3065 619 3250 673 adhuc
3291 621 3426 673 hinc
3478 621 3677 674 audire
3736 622 3901 690 plura

2206 706 2548 770 desiderant,
2583 707 2654 760 ob
2680 724 2937 761 amorem
2987 708 3250 761 videlicet
3280 709 3550 775 veritatis,
3584 726 3759 780 quam
3809 711 3900 763 ui-

2206 794 2315 848 mis
2345 796 2670 865 oppugnari
2699 796 3082 862 considerant,
3132 814 3297 850 aures
3328 798 3620 862 audiendi,
3681 814 3898 869 precor,

2207 885 2656 948 accommodent,
2710 890 2764 939 et
2807 886 3033 940 tuendae
3084 886 3440 956 jamjamque
3498 888 3720 940 veritati
3765 905 3898 957 ope-

2207 991 2328 1027 ram
2357 975 2512 1028 dent.
2554 973 2823 1043 Audiant,
2855 973 3116 1045 inquam,
3166 974 3299 1027 hinc
3326 976 3513 1028 adhuc
3562 976 3899 1046 loquentem

2206 1062 2547 1117 mirabiliter
2574 1062 2962 1132 Augustinum
3004 1080 3106 1133 per
3132 1064 3239 1116 sibi
3271 1064 3447 1133 gratis
3479 1064 3732 1118 infusum
3769 1066 3901 1118 satis

2208 1151 2451 1204 ubertim
2495 1151 2780 1204 charisma
2837 1151 3118 1204 divinum.
3173 1174 3193 1199 σ
3234 1152 3367 1218 Hoc,
3418 1152 3629 1222 inquit.
3682 1153 3898 1207 bonum

2206 1240 2356 1309 quod
2388 1244 2472 1293 est
2490 1240 2783 1309 requirere
2818 1241 2996 1294 Deum
3026 1256 3143 1293 non
3177 1245 3300 1293 erat
3336 1240 3436 1310 qui
3485 1241 3695 1294 faceret
3726 1258 3739 1294 :
3786 1259 3896 1295 non

2206 1333 2327 1379 erat
2372 1343 2549 1395 usque
2590 1328 2658 1380 ad
2711 1344 2914 1391 unum,
2963 1328 3059 1382 sed
3118 1328 3175 1381 in
3228 1344 3294 1381 eo
3335 1344 3542 1397 genere
3598 1330 3899 1382 hominum

2205 1416 2357 1486 quod
2413 1416 2881 1485 praedestinatum
2938 1423 3023 1469 est
3068 1416 3139 1469 ad
3213 1417 3530 1471 interitum.
3573 1442 3590 1463 ι
3635 1419 3774 1471 Item
3834 1418 3901 1471 de

2208 1505 2427 1557 duabus
2476 1505 2716 1574 loquens
2769 1504 3113 1570 civitatibus,
3152 1528 3173 1554 ι
3226 1505 3479 1567 Quarum
3532 1511 3635 1569 est,
3687 1506 3900 1575 inquit,

2210 1609 2320 1645 una
2352 1609 2480 1662 quae
2511 1592 2913 1662 praedestinata
2947 1600 3034 1645 est
3072 1594 3130 1646 in
3162 1600 3442 1647 alternum
3474 1611 3716 1664 regnare
3770 1610 3902 1647 cum

2138 1649 2179 1703 B
2210 1681 2486 1745 Domino;
2538 1682 2739 1749 altera,
2788 1688 3066 1735 aeternum
3117 1684 3462 1752 supplicium
3520 1683 3710 1737 subire
3772 1700 3903 1736 cum

2208 1768 2456 1823 diabolo.
2514 1792 2533 1815 ‹
2574 1771 2750 1822 Item:
2786 1790 2813 1821 α
2870 1771 2928 1824 Si
2983 1772 3053 1824 de
3103 1772 3390 1841 aliquibus
3422 1773 3499 1826 ita
3554 1779 3709 1826 certa
3759 1777 3905 1825 esset

2210 1858 2472 1926 Ecclesia,
2517 1863 2581 1911 ut
2610 1858 2709 1929 qui
2741 1859 2856 1912 sint
2901 1860 2986 1912 illi
3021 1860 3194 1913 etiam
3226 1867 3436 1927 nosset,
3491 1861 3591 1931 qui
3624 1860 3756 1913 licet
3802 1862 3903 1914 ad-

2206 1946 2316 1999 huc
2347 1947 2405 1999 in
2456 1947 2559 2000 hac
2601 1948 2714 2001 vita
2757 1948 2873 2001 sint
2920 1948 3238 2014 constituti,
3280 1956 3471 2002 tamen
3506 1950 3905 2018 praedestinati

2207 2040 2338 2088 sunt
2370 2036 2427 2088 in
2458 2042 2738 2089 aeternum
2770 2037 2963 2106 ignem
2989 2038 3071 2090 ire
3096 2053 3223 2090 cum
3259 2038 3508 2105 diabolo,
3533 2044 3650 2091 tam
3685 2055 3789 2108 pro
3822 2039 3905 2091 eis

2205 2140 2322 2176 non
2352 2130 2554 2185 oraret,
2588 2142 2761 2195 quam
2794 2142 2899 2179 nec
2924 2143 3027 2196 pro
3056 2127 3201 2197 ipso.
3235 2149 3262 2175 »
3298 2128 3439 2181 Item
3475 2144 3487 2180 :
3517 2148 3538 2174 ι
3567 2127 3710 2190 Quid
3747 2127 3907 2181 dabit

2204 2213 2292 2266 his
2347 2230 2488 2283 quos
2562 2214 2989 2284 praedestinavit
3033 2215 3103 2269 ad
3163 2216 3359 2280 vitam,
3427 2216 3527 2286 qui
3565 2215 3686 2269 haec
3745 2217 3907 2270 dedit

2204 2302 2375 2354 etiam
2402 2302 2505 2366 eis,
2534 2319 2679 2372 quos
2707 2302 3140 2372 praedestinavit
3166 2304 3233 2357 ad
3268 2305 3551 2358 mortem?
3584 2324 3610 2355 ι)

2276 2391 2415 2443 Item
2448 2390 2509 2443 in
2561 2392 2932 2445 Encbiridion
2984 2392 3137 2463 quod
3194 2410 3363 2446 senex
3398 2393 3466 2447 de
3507 2393 3640 2458 ﬁde,
3695 2410 3796 2462 spe
3849 2399 3907 2447 et

2201 2479 2500 2547 charitate,
2571 2495 2742 2533 sensu
2796 2481 3194 2548 subtilissime,
3248 2482 3478 2551 ingenio
3543 2482 3904 2535 exercitatis—

2202 2566 2369 2632 simo,
2400 2567 2632 2637 eloquio
2662 2584 2892 2639 quoque
2913 2568 3245 2639 purissimo,
3276 2570 3539 2640 styloque
3572 2570 3905 2623 luculentis-

2202 2655 2367 2720 simo,
2425 2655 2767 2709 mirabiliter
2808 2656 2917 2711 sibi
2965 2674 3028 2710 ac
3085 2657 3456 2728 singulariter
3515 2659 3626 2711 Deo
3675 2658 3904 2711 favente

2202 2744 2534 2813 conscripsit
2583 2750 2638 2797 et
2676 2744 2897 2798 edidit:
2944 2765 2971 2795 ι(
3004 2745 3088 2799 Ad
3125 2761 3345 2812 eorum,
3398 2745 3605 2816 inquit,
3658 2746 3902 2800 damna-

2201 2833 2415 2886 tionem
2450 2849 2593 2903 quos
2625 2833 2779 2901 juste
2818 2834 3247 2904 praedestinavit
3275 2835 3338 2888 ad
3371 2852 3618 2905 poenam.
3653 2858 3678 2881 ››
3718 2836 3899 2888 Item:

398 2926 569 2991 atque
600 2920 736 2973 alibi
766 2919 837 2973 ad
868 2926 1106 2973 mortem
1141 2918 1388 2972 fateatur
1415 2934 1537 2972 esse
1583 2918 2090 2987 praedestinatione
2130 2948 2169 3003 Ο
2199 2922 2261 2974 in
2306 2923 2503 2975 eodem
2536 2922 2803 2976 dicuntur
2838 2924 3007 2976 etiam
3060 2924 3166 2976 ﬁlii
3215 2924 3496 2993 gehenuaa
3532 2940 3645 2977 nou
3678 2941 3744 2977 ex
3802 2924 3905 2976 illa

395 3008 853 3063 condemnatos:
904 3012 1213 3078 utrumque
1270 3023 1505 3077 prorsus
1553 3024 1752 3060 verum
1796 3014 1901 3073 est,
1954 3006 2092 3078 quia

395 3098 489 3152 hic
518 3099 627 3152 hoc
658 3103 969 3167 utrumque
1012 3112 1212 3150 verum
1244 3102 1347 3151 est.
1390 3098 1531 3150 Nam
1570 3097 1715 3150 sicut
1743 3097 1897 3149 idem
1926 3112 2089 3166 saga-

394 3187 536 3241 citer
578 3191 751 3256 atque
799 3184 1074 3239 veraciter
1125 3186 1354 3246 fatetur,
1396 3184 1686 3238 interdum
1731 3184 2093 3255 praescientia

394 3291 498 3345 pro
529 3275 1032 3346 preedestinatione
1064 3275 1318 3344 ponitur.
1351 3275 1546 3344 Neque
1573 3290 1770 3327 revera
1809 3278 2092 3343 repugnat

396 3365 567 3435 (quod
617 3364 793 3433 absit)
821 3363 917 3416 sed
980 3362 1203 3416 veritati
1254 3362 1444 3432 potius
1481 3378 1795 3431 congruere
1845 3362 2088 3427 videtur,

393 3454 561 3523 quale
592 3451 733 3506 illud
773 3452 1037 3504 videlicet
1084 3456 1168 3504 est
1209 3451 1364 3520 quod
1404 3450 1712 3519 Apostolus
1759 3450 1896 3502 dicit
1929 3466 1940 3502 :
1974 3451 2092 3503 Non

306 3540 311 3544 ’
391 3540 594 3609 repulit
636 3543 774 3593 Deus
808 3541 1014 3608 plebem
1059 3554 1235 3604 suam,
1276 3553 1439 3606 quam
1482 3540 1759 3607 praesciuit
1808 3538 1977 3606 (Rom.
2012 3553 2087 3601 xu,

390 3629 471 3698 ‘7),
504 3645 636 3682 cum
666 3634 861 3682 tamen
894 3628 999 3681 hoc
1029 3627 1188 3693 alias,
1231 3632 1541 3696 utrumque
1570 3625 1804 3696 quidem
1838 3624 2091 3695 jungcus

393 3717 492 3771 sed
530 3717 600 3771 ab
649 3717 933 3770 iuvincem
988 3714 1314 3769 rationabili
1351 3713 1671 3768 differentia
1729 3713 2089 3782 distinguens

392 3806 735 3859 mirabiliter
764 3805 1055 3859 deﬁnierit
1099 3805 1336 3859 dicens:
1392 3802 1895 3869 Praedestinatione
1940 3803 2089 3856 Deus

391 3911 457 3948 ea
502 3895 809 3965 prtescivit,
845 3911 971 3960 quae
1004 3894 1190 3948 fuerat
1222 3894 1343 3963 ipse
1374 3893 1641 3946 facturus.
1682 3892 1841 3945 Unde
1873 3892 2086 3944 dictum

391 3990 475 4038 est
506 4001 518 4039 :
546 3987 768 4039 Faciens
808 4000 927 4053 quae
956 3986 1151 4049 futura
1193 3986 1320 4036 sunt
1351 3980 1479 4049 (Isa.
1515 3998 1638 4046 va,
1670 3985 1723 4047 7,
1756 3996 1855 4033 sec.
1898 3982 2082 4047 LXX).

391 4074 531 4126 Item
562 4073 701 4142 quid
748 4072 821 4125 sit
858 4069 1287 4140 przedestinatio
1330 4069 1555 4138 planius
1606 4074 1660 4122 et
1698 4068 1925 4137 plenius
1955 4084 2086 4121 cum

391 4159 752 4228 prmscientia
789 4162 1153 4224 connectens,
1186 4158 1262 4210 ita
1294 4157 1363 4210 de
1410 4156 1684 4209 Trinitate
1716 4157 1929 4209 dicens.
1966 4176 1993 4207 «
2024 4158 2085 4210 lu

2201 3012 2343 3074 nati,
2392 3011 2488 3064 sed
2544 3011 2604 3064 in
2642 3012 2738 3064 illa
2770 3012 3094 3082 praeparati,
3148 3012 3289 3065 sicut
3320 3014 3424 3065 filii
3459 3013 3619 3081 regni
3665 3029 3904 3081 praepa-

2202 3104 2401 3152 rantur
2433 3100 2489 3152 in
2523 3116 2789 3169 regnum.
2824 3100 2970 3164 Quid
3023 3107 3319 3171 quaeretur
3351 3100 3712 3154 evidentius?
3750 3101 3901 3164 Quid

2202 3188 2575 3243 sufﬁcientius
2598 3188 2625 3243 ?
2662 3211 2681 3237 ι
2719 3188 2892 3255 Sicut,
2935 3189 3143 3259 inquit,
3171 3189 3274 3242 ﬁlii
3307 3189 3470 3258 regni
3498 3194 3906 3260 praeparantur

2200 3279 2257 3331 in
2289 3294 2557 3347 regnum,
2582 3278 2660 3330 sic
2678 3277 2852 3332 etiam
2877 3278 2978 3331 ﬁlii
3009 3280 3288 3347 gehennae.
3316 3278 3374 3331 in
3407 3279 3561 3332 illam
3586 3282 3717 3331 sunt
3740 3294 3903 3347 pra:-

2200 3367 2435 3436 parati.»
2490 3366 2650 3429 Quod
2683 3366 2918 3420 omnino
2948 3367 3093 3420 nihil
3143 3368 3294 3421 aliud
3342 3372 3427 3420 est
3465 3383 3638 3437 quam
3670 3366 3904 3436 praede-

2200 3454 2421 3509 stinari.
2458 3455 2669 3524 Nempe
2711 3455 2829 3508 haec
2859 3456 3055 3508 omnia
3107 3462 3165 3509 et
3213 3456 3324 3509 alia
3372 3455 3607 3524 insuper
3637 3455 3807 3523 plura
3854 3454 3904 3507 si

2199 3547 2395 3596 tantus
2429 3548 2625 3596 auctor
2668 3542 2763 3596 ille
2793 3543 3178 3609 veracissima,
3213 3549 3270 3597 et
3309 3544 3579 3597 catholica
3630 3542 3767 3597 ﬁdei
3794 3559 3907 3613 per

2200 3632 2396 3685 omnia
2423 3632 2960 3701 congruentissima,
2993 3648 3109 3685 non
3164 3648 3285 3686 esse
3312 3632 3710 3703 perspexisset,
3764 3633 3901 3685 nul-

2200 3721 2421 3774 latenus
2498 3721 2816 3774 incorrecta
2890 3721 3257 3791 relinqueret.
3338 3720 3446 3775 Sed
3531 3736 3596 3773 ea
3680 3720 3902 3788 potius,

2198 3810 2425 3880 quando
2454 3809 2631 3863 libros
2655 3826 2790 3864 suos
2835 3808 3270 3880 diligentissime
3302 3807 3658 3862 retractando
3696 3822 3904 3861 recen-

2196 3898 2328 3964 suit,
2382 3898 2665 3969 corrigere
2721 3898 3048 3952 studuisset.
3116 3898 3229 3951 Nec
3287 3896 3422 3951 inde
3489 3913 3721 3967 prorsus
3780 3904 3905 3949 tam

2194 3987 2527 4056 frequenter
2562 3987 2629 4041 ad
2659 3987 2939 4056 populum
2986 3986 3273 4056 impavide
3304 3986 3473 4039 simul
3506 3991 3560 4039 et
3587 3985 3902 4054 intrepide,

2198 4075 2451 4141 licenter,
2483 4076 2729 4129 libenter
2777 4091 2839 4128 ac
2897 4074 3097 4140 libere,
3130 4075 3372 4129 ﬁdenter
3411 4090 3475 4127 ac
3527 4073 3909 4137 ﬁducialiter,

2196 4179 2260 4216 ac
2298 4164 2632 4234 gaudenter,
2666 4164 2855 4216 servili
2875 4163 3189 4233 postposito
3229 4163 3458 4229 timore,
3493 4162 3910 4232 luminosoque

392 4264 513 4314 sua,
546 4247 821 4317 quaefalli
848 4245 1179 4315 mutarique
1203 4262 1313 4298 non
1333 4250 1517 4314 potest
1539 4245 1899 4315 prasscientia
1919 4262 2090 4316 opera
2129 4246 2173 4300 D
2202 4250 2282 4305 tui
2340 4252 2603 4322 perfusus
2652 4268 2846 4304 amore
2893 4257 2991 4304 tua
3026 4251 3363 4305 auctoritate
3418 4251 3637 4304 locutus
3675 4250 3911 4316 fuisset,

393 4351 496 4388 sua
526 4335 721 4388 futura
743 4334 1070 4403 disponere,
1107 4334 1161 4387 id
1196 4334 1431 4387 omnino
1457 4351 1561 4388 nec
1588 4334 1741 4387 aliud
1771 4334 2089 4404 quidquam

392 4428 477 4477 est
505 4422 938 4493 praedestinare.
975 4443 1002 4471 ››
1038 4424 1179 4477 Item
1213 4423 1465 4491 brevius,
1497 4423 1593 4477 sed
1625 4422 1685 4476 in
1730 4423 2091 4494 superiorem

394 4529 624 4567 sensum
658 4513 839 4566 multa
868 4512 1144 4582 apertius,
1196 4528 1325 4565 cum
1353 4512 1508 4565 enim
1539 4511 1896 4581 praedixisset
1937 4515 2087 4583 Apo-

395 4602 603 4656 stolum
645 4601 877 4668 dixisse,
909 4617 1015 4655 non
1052 4601 1255 4670 repulit
1288 4604 1421 4655 Deus
1464 4601 1669 4670 plebem
1714 4617 1870 4655 suam
1926 4616 2090 4669 quam

392 4693 669 4761 praesciuit
700 4693 870 4759 (Rom.
924 4706 996 4757 xi,
1036 4690 1116 4761 7),
1169 4694 1224 4743 et
1272 4690 1624 4760 exposuisset
1674 4707 1807 4744 eum
1851 4690 2089 4744 nomine

392 4779 768 4852 prmscientiaa
802 4779 1365 4850 praedestinationem
1398 4780 1590 4833 hocin
1620 4779 1740 4833 loco
1764 4778 2088 4850 significare

391 4869 661 4935 voluisse,
692 4870 864 4939 paulo
895 4874 1023 4939 post
1048 4868 1126 4922 ait
1159 4882 1170 4922 :
1199 4888 1226 4919 (ι
1257 4868 1365 4922 Sed
1405 4868 1837 4938 praedestinasse
1868 4871 1952 4921 est
1980 4868 2090 4922 hoc

393 4957 704 5029 praescisse,
736 4957 891 5028 quod
923 4957 1106 5010 fuerat
1132 4956 1254 5026 ipse
1284 4956 1557 5011 facturus.
1583 4978 1610 5005 »

467 5049 611 5118 Ergo
641 5052 974 5116 utrumque,
1022 5049 1085 5099 ut
1133 5045 1255 5114 jam
1305 5044 1442 5112 dixi,
1500 5061 1703 5098 verum
1751 5048 1856 5111 est,
1891 5043 1951 5098 id
1980 5048 2085 5109 est,

392 5141 512 5190 tam
579 5135 937 5205 praescientia
1012 5149 1185 5204 quam
1257 5133 1760 5203 praedestinatione
1817 5132 2089 5203 reprobos

395 5240 518 5279 esse
556 5224 877 5288 damnatos,
929 5238 1073 5292 quos
1121 5223 1359 5275 omnino
1406 5226 1625 5274 constat
1670 5221 1744 5275 ad
1786 5221 2088 5275 interitum

387 5311 519 5380 jure
562 5311 1016 5380 przedestinatos.
1049 5309 1213 5374 Quod
1244 5309 1379 5362 satis
1424 5325 1712 5380 superque
1758 5310 2090 5363 testimonia

393 5400 642 5469 probant
686 5400 977 5470 prmdicta.
1029 5398 1168 5462 Quae
1225 5404 1378 5452 certe
1435 5398 1703 5452 catholici
1758 5399 2089 5453 nullatenus

395 5503 514 5541 esse
566 5486 830 5542 dubitant
875 5486 1103 5541 invicta.
1162 5486 1315 5541 Licet
1370 5486 1417 5540 si
1466 5486 1639 5557 hujus
1696 5486 1781 5542 rei
1836 5488 2088 5541 testimo-

2200 4340 2247 4393 si
2296 4341 2433 4410 quid
2497 4340 2697 4393 itidem
2756 4340 2996 4410 periculi
3046 4341 3231 4393 inesse
3281 4339 3682 4409 cognovisset:
3748 4339 3915 4393 unde

2199 4430 2435 4500 quidem
2482 4430 2763 4483 nonnulla
2786 4429 2909 4499 jam
2947 4431 3212 4501 superius
3261 4430 3443 4501 posui,
3495 4435 3552 4484 et
3580 4446 3766 4500 pauca
3811 4430 3918 4484 hic

2200 4519 2374 4573 etiam
2406 4519 2762 4588 subjicienda
2792 4518 3007 4571 censui.

2272 4626 2299 4657 (ι
2334 4607 2429 4659 Est
2481 4607 2715 4677 quidam
2770 4606 3019 4677 populus
3066 4609 3417 4677 praeparatus
3466 4605 3535 4659 ad
3577 4605 3721 4659 iram
3776 4606 3917 4674 Dei,

2199 4695 2502 4749 damnatus
2526 4710 2655 4748 cum
2688 4694 2937 4748 diabolo.
2976 4715 2996 4741 ι

2271 4784 2463 4835 Item:
2534 4806 2560 4828 «
2638 4782 2734 4834 Est
2800 4781 3035 4851 quidam
3093 4782 3341 4851 populus
3396 4787 3563 4834 natus
3623 4779 3694 4833 ad
3754 4780 3924 4836 iram

2201 4871 2321 4925 Dei.
2362 4892 2382 4918 ›

2272 4960 2412 5012 Item
2437 4974 2450 5012 :
2475 4979 2496 5007 ι
2524 4958 2709 5021 Quare
2734 4957 2868 5012 dixit
2900 4958 3439 5013 Dominusludaeis:
3477 4962 3580 5013 Vos
3598 4960 3923 5014 noncredi-

2201 5050 2271 5101 iis
2301 5049 2433 5117 quia
2453 5062 2559 5101 non
2578 5049 2706 5100 estis
2738 5062 2804 5099 ea:
2825 5046 3013 5100 ovibus
3042 5050 3174 5100 meis
3208 5048 3379 5114 (Joan.
3403 5063 3458 5114 x,
3484 5050 3594 5112 26),
3623 5047 3733 5099 nisi
3765 5049 3927 5118 quia

2198 5136 2425 5190 videbat
2456 5152 2550 5188 eos
2571 5136 2639 5189 ad
2664 5135 3079 5204 sempiternum
3109 5135 3405 5189 interitum
3439 5135 3924 5205 prazdestinatos,

2199 5241 2315 5278 non
2346 5224 2414 5278 ad
2447 5224 2620 5277 vitam
2652 5230 2925 5277 aeternam
2966 5224 3055 5277 sui
3087 5224 3385 5294 sanguinis
3431 5225 3614 5295 pretio
3657 5241 3928 5296 compa-

2198 5317 2373 5367 ratos.
2405 5331 2431 5363 ι)
2489 5312 2683 5365 Item:
2729 5334 2750 5359 ι
2788 5311 2935 5375 Quid
2997 5319 3186 5381 potest
3238 5313 3449 5384 lupus?
3507 5312 3653 5376 Quid
3712 5324 3932 5383 potest

2198 5402 2291 5456 fur
2320 5407 2376 5454 et
2422 5400 2609 5454 latro?
2654 5401 2778 5454 Non
2812 5401 3063 5470 perdunt
3113 5400 3225 5454 nisi
3257 5402 3324 5455 ad
3378 5400 3677 5455 interitum
3742 5420 3930 5472 prse—

2200 5488 2527 5542 destiuatos.
2580 5508 2607 5540 »
2677 5487 2861 5542 Item:
2922 5508 2951 5539 α
3001 5489 3098 5542 Isti
3153 5489 3528 5560 indignanter
3580 5493 3802 5546 mortui
3866 5505 3932 5551 et
