4086 6182
223 272 323 329 357
1570 270 1941 329 CONFESSIO
1979 270 2387 332 PROLIXIOR.

3630 284 3735 340 358

217 405 388 461 morti
438 402 808 476 sempiternae
854 402 1267 474 prmdestinati.
1326 403 1465 458 Item
1496 420 1510 458 :
1572 426 1600 453 ‹‹
1660 404 1921 470 Mundus,
1962 408 2007 459 A
2035 411 2091 459 et
2122 406 2272 476 quod
2305 406 2563 478 quinque
2593 407 2862 477 partitam
2896 408 3106 463 fatetur
3135 428 3257 466 esse
3297 414 3732 484 continentiam,

218 497 428 567 inquit,
456 498 579 549 odit
602 496 904 563 mundum,
924 494 1192 547 inimicus
1211 494 1663 559 reconciliatum,
1690 494 1924 548 damna-

219 591 308 638 tus
340 586 648 650 salvatum,
680 584 1015 655 inquinatus
1043 583 1407 636 mundatuln.
1458 606 1477 631 ι

290 674 471 727 Item:
531 693 557 723 α
596 674 770 726 Filius
822 672 1162 742 perditionis
1210 672 1393 725 dictus
1424 678 1510 726 est
1538 673 1709 726 ludas
1746 672 1921 726 tradi-

217 767 307 815 tor
326 762 564 830 Christi,
596 762 952 815 damnationi
983 761 1439 830 praedestinatus.
1476 781 1501 811 ι)
1536 763 1715 815 Item:
1754 784 1774 810 ι
1814 764 1921 815 Pro

218 852 326 904 isto
361 852 586 904 mundo
630 866 745 903 non
777 857 977 917 rogat:
1015 866 1200 920 neque
1242 851 1395 904 enim
1430 866 1544 921 quo
1595 851 1666 903 sit
1695 850 1922 920 praede-

216 939 485 1003 stinatus,
528 939 776 1007 ignorat.
816 960 835 985 ι

291 1028 500 1080 Beatus
530 1043 761 1096 quoque
788 1026 1121 1096 Fulgentius
1152 1027 1281 1079 inde
1312 1026 1503 1080 taliter
1519 1026 1691 1080 dicit:
1726 1046 1752 1077 ‹‹
1773 1029 1920 1081 Pras-

215 1117 441 1185 paravit
475 1116 647 1168 etiam
685 1117 833 1169 Deus
881 1116 1272 1184 peccatoribus
1302 1132 1523 1183 pceuas,
1565 1116 1677 1169 illis
1720 1117 1919 1186 utique

218 1222 363 1274 quos
392 1206 551 1274 juste
584 1204 1011 1274 praedestinavit
1041 1205 1111 1257 ad
1159 1205 1369 1257 luenda
1400 1204 1701 1273 supplicia.
1741 1228 1766 1253 ‹‹
1816 1205 1917 1258 Ubi

217 1311 457 1363 prorsus
500 1300 811 1363 utrumque
857 1293 993 1346 satis
1027 1298 1220 1364 aperte
1269 1293 1499 1358 fatetur,
1554 1298 1610 1346 et
1661 1294 1920 1362 reprobis

218 1383 491 1435 videlicet
539 1382 974 1451 praedestinatas
1013 1397 1134 1434 esse
1164 1397 1382 1450 pmnas,
1420 1386 1476 1434 et
1514 1381 1641 1434 illos
1673 1381 1917 1435 vicissim

216 1471 659 1541 praedestinatos
692 1470 760 1523 ad
795 1487 907 1523 eas.
963 1470 1118 1523 Unde
1152 1470 1426 1543 nimirum
1458 1470 1916 1537 catholicissime,

220 1575 451 1612 necnon
497 1566 554 1611 et
599 1558 990 1628 copiosissime
1037 1558 1349 1628 disputavit
1382 1559 1439 1611 in
1489 1565 1707 1628 septem
1760 1560 1918 1613 libris

212 1655 414 1702 contra
490 1648 631 1701 duos
696 1648 883 1700 Fausti
940 1648 1192 1700 haeretici
1255 1647 1564 1700 Lirinensis
1625 1650 1914 1717 quondam

213 1737 511 1799 monachi,
594 1736 874 1805 Regensis
938 1737 1303 1805 postmodum
1372 1737 1659 1805 episcOpi:
1744 1754 1917 1808 quem

212 1826 465 1879 convicit
498 1826 650 1878 idem
703 1825 902 1877 doctor
942 1824 1296 1889 mirabiliter,
1330 1825 1711 1895 contrivitque
1757 1842 1915 1879 com—

212 1920 411 1968 menta
462 1913 699 1977 diaboli,
764 1920 819 1965 et
867 1929 995 1965 cum
1047 1912 1173 1964 aliis
1225 1913 1659 1982 quatuordecim
1709 1909 1916 1962 sanctis

211 2003 568 2073 coepiscopis
636 2002 771 2065 suis,
836 2002 907 2053 ab
978 2000 1221 2053 Ecclesia
1288 2000 1494 2053 Christi
1562 2000 1789 2069 repulit,
1861 2002 1916 2051 et

211 2093 535 2146 eliminavit
584 2091 910 2144 lethiferum
963 2094 1117 2143 virus
1167 2089 1515 2142 Antichristi.
1580 2090 1812 2143 Necnon
1860 2092 1916 2141 et

210 2182 394 2234 tribus
443 2181 571 2233 aliis
612 2181 682 2232 de
727 2179 961 2233 veritate
1011 2178 1523 2249 prmdestinationis
1589 2184 1646 2231 et
1695 2177 1910 2247 gratiae.

209 2270 318 2324 Sed
363 2274 419 2323 et
454 2270 512 2322 in
552 2285 666 2321 uno
700 2268 819 2330 illo,
855 2284 1030 2337 quem
1061 2272 1245 2320 totum
1297 2282 1469 2336 super
1515 2267 1620 2320 hac
1660 2272 1910 2319 tantum-

210 2360 383 2412 modo
462 2358 781 2427 quaestione
840 2357 908 2410 ad
959 2356 1271 2410 Monimum
1326 2356 1460 2409 hinc
1520 2355 1912 2409 consulentem

208 2447 584 2509 cognoscitur
612 2446 874 2499 edidisse.

279 2535 584 2587 Gloriosus
616 2549 846 2603 quoque
878 2533 1181 2599 Gregorius
1231 2534 1416 2600 (cujus
1458 2532 1591 2584 inde
1624 2531 1915 2600 aliquanta

205 2623 320 2692 jam
356 2622 583 2676 inserui
632 2622 916 2691 superius)
968 2622 1159 2674 taliter
1196 2622 1349 2674 inter
1394 2624 1599 2673 caetera
1646 2619 1780 2672 inde
1830 2626 1915 2673 est

209 2712 476 2765 locutus:
537 2734 563 2758 α
619 2712 940 2765 Tenebrosa
999 2710 1185 2763 hostia
1232 2716 1369 2762 tunc
1429 2709 1701 2762 Dominus
1751 2707 1910 2773 vidit,

208 2818 336 2854 cum
405 2802 659 2853 claustra
726 2798 935 2853 inferni
994 2804 1303 2868 penetrans
1363 2797 1621 2850 crudeles
1679 2797 1913 2866 spiritus

206 2889 480 2959 perculit.
523 2895 579 2941 et
619 2889 819 2941 mortis
863 2887 1206 2957 prtepositos
1248 2885 1547 2939 moriendo
1598 2884 1907 2938 damnavit.

207 2978 371 3042 Quod
422 2978 660 3043 idcirco,
697 2976 907 3047 inquit,
939 2992 1053 3029 non
1086 2976 1273 3029 adhuc
1320 2975 1388 3064 de
1421 2974 1635 3040 futuro,
1670 2974 1762 3027 sed
1791 2974 1911 3064 jam
1952 3009 1992 3064 Β

208 3068 275 3121 de
304 3066 611 3137 praeterito
641 3066 885 3119 dicitur:
938 3064 1073 3135 quia
1103 3063 1386 3135 quidquid
1419 3064 1675 3116 futurum
1706 3068 1827 3115 erat
1854 3062 1913 3116 in

206 3173 404 3227 opere,
446 3155 723 3208 nimirum
763 3155 882 3224 jam
932 3154 1146 3207 factum
1190 3158 1276 3206 est
1323 3151 1846 3221 praedestinatione.
1882 3173 1909 3198 ››

208 3244 387 3297 Item:
452 3263 478 3290 «
528 3242 834 3296 Leviatban
867 3241 962 3295 ille
1007 3257 1135 3293 cum
1167 3238 1447 3292 universis
1491 3237 1765 3291 membris
1798 3237 1913 3291 suis

206 3333 444 3385 aeternis
510 3329 855 3383 cruciatibus
906 3334 990 3382 est
1046 3328 1445 3398 deputatus.»
1517 3328 1659 3380 Item
1724 3327 1911 3397 ipsum

203 3437 441 3492 quoque
472 3420 626 3473 diem
653 3418 855 3488 judicii
896 3417 1033 3471 dicit
1062 3434 1183 3470 esse
1209 3416 1701 3487 praedestinatum,
1735 3431 1911 3485 expo-

208 3526 347 3563 nens
380 3509 531 3562 illud
558 3524 625 3561 ex
674 3508 820 3560 libro
863 3508 1005 3561 Job:
1055 3529 1076 3555 ι
1131 3508 1365 3574 Lampas
1410 3510 1712 3573 contempta
1762 3504 1914 3573 apud

205 3600 566 3666 cogitationes
606 3596 860 3661 divitum,
890 3601 1096 3664 parata
1136 3594 1210 3648 ad
1252 3600 1457 3662 tempus
1488 3598 1753 3647 statutum
1796 3592 1911 3661 (Job

204 3702 301 3753 xu,
335 3686 424 3755 5),
480 3686 694 3754 inquit,
747 3689 1091 3753 contemptae
1138 3682 1415 3752 lampadis
1447 3687 1673 3751 tempus
1706 3686 1791 3734 est
1818 3697 1909 3733 ex-

205 3776 375 3828 tremi
425 3773 634 3843 judicii
689 3771 1128 3841 praedestinatus
1174 3770 1313 3823 dies.
1368 3790 1395 3818 »
1449 3768 1687 3823 Sanctus
1738 3768 1911 3821 etiam

207 3864 467 3917 Isidorus
510 3862 641 3915 inde
674 3861 753 3913 sic
783 3860 955 3914 dicit:
992 3882 1021 3909 ‹‹
1066 3859 1305 3913 Gemina
1346 3862 1432 3911 est
1460 3857 1911 3927 praedestinatio,

207 3953 322 4006 sive
381 3952 700 4007 electorum
763 3950 834 4004 ad
895 3949 1172 4019 requiem,
1230 3947 1341 4000 sive
1397 3946 1774 4016 reproborum
1841 3946 1913 4000 ad

206 4047 478 4095 mortem.
512 4060 539 4090 »
578 4040 699 4093 Non
751 4038 906 4092 enim
941 4039 1040 4103 ait,
1072 4037 1199 4091 dua:
1232 4042 1385 4101 sunt,
1413 4036 1547 4106 quia
1577 4051 1692 4088 non
1733 4041 1867 4088 sunt
1897 4052 1909 4088 :

206 4131 321 4197 sed,
372 4129 630 4200 gemina,
679 4128 737 4182 id
788 4131 871 4181 est
920 4127 1227 4197 bipartita:
1271 4125 1406 4195 quia
1441 4125 1616 4177 semel
1662 4129 1745 4189 tu,
1796 4124 1904 4177 Do-

207 4220 388 4286 mine,
426 4220 650 4271 locutus
698 4233 794 4270 es:
850 4215 1097 4286 qualiter
1129 4232 1241 4267 una
1290 4215 1545 4283 quidem,
1582 4212 1680 4265 sed
1720 4218 1911 4266 tamen

2030 513 2145 548 non
2176 495 2431 566 quinque
2466 502 2657 550 tamen
2701 514 2822 550 esse
2855 498 3039 564 docet,
3079 501 3176 553 sed
3226 518 3427 556 unum.
3477 536 3541 545 —
3592 506 3735 561 Hinc

2032 590 2087 638 et
2117 591 2311 638 sancto
2361 586 2633 656 Gregorio
2680 588 2912 656 gemina
2948 590 3280 643 Judaeorum
3325 593 3561 647 scientia
3591 595 3731 649 dici-

2030 679 2144 742 tur,
2186 680 2241 727 et
2290 682 2481 728 tamen
2519 674 2651 728 licet
2680 676 2854 744 dupla
2890 676 2979 744 sit,
3026 694 3136 730 una
3177 694 3299 732 esse
3348 684 3728 751 cognoscitur.

2030 761 2194 825 Quod
2225 769 2281 816 et
2303 764 2503 833 [ipsum
2535 780 2716 833 genus
2747 765 3052 818 locutionis
3085 767 3514 825 usitatissimum
3547 778 3652 839 est,
3676 778 3733 827 et

2029 850 2181 920 apud
2233 858 2493 905 auctores
2537 869 2767 923 quoque
2815 854 3103 907 saecularis
3151 857 3522 913 litteraturae:
3576 862 3730 931 quod

2027 940 2164 1010 quia
2194 941 2576 994 rectissimum
2608 947 2692 995 est
2725 959 2787 995 ac
2810 944 3194 1008 verissimum,
3234 962 3353 1000 non
3383 949 3481 1001 abs
3526 965 3583 1003 re
3624 956 3726 1017 est,

2029 1029 2075 1082 si
2114 1036 2170 1082 et
2214 1029 2345 1082 inde
2394 1030 2485 1083 hic
2518 1037 2809 1099 ponantur
2837 1031 3048 1102 aliqua,
3096 1049 3225 1102 quae
3257 1035 3480 1090 valeant
3518 1038 3589 1091 ad
3629 1055 3727 1092 cu-

2030 1119 2251 1171 mulum
2285 1119 2508 1171 tuendae
2532 1120 2830 1172 sententia:
2848 1121 3188 1190 supradicta:
3219 1139 3230 1175 :
3257 1138 3389 1176 nam
3430 1130 3486 1178 et
3526 1142 3726 1181 eorum

2029 1206 2263 1276 quidam
2326 1208 2615 1276 geminam
2664 1208 2805 1261 dixit
2852 1210 3136 1275 arborem,
3187 1227 3303 1265 non
3352 1213 3492 1266 duas
3536 1216 3729 1269 volens

2028 1295 2295 1363 intelligi,
2343 1296 2439 1349 sed
2476 1312 2669 1361 unam,
2702 1302 2758 1349 et
2804 1298 2950 1349 alius
2980 1299 3317 1368 qualitatem
3352 1300 3604 1354 nominis
3633 1302 3727 1355 bi-

2028 1384 2318 1453 partitam,
2373 1389 2428 1437 et
2477 1385 2871 1439 universorum
2925 1388 3136 1454 pedum
3186 1388 3397 1442 trinam
3446 1391 3725 1445 conditio-

2030 1488 2182 1535 nem,
2215 1477 2270 1525 et
2313 1472 2514 1526 tertius
2561 1490 2723 1543 aeque
2772 1475 2991 1542 peritus
3045 1476 3389 1546 Priscianus,
3422 1494 3595 1548 quam
3630 1480 3725 1533 ille

2028 1560 2249 1614 dixerat
2282 1562 2515 1628 trinam,
2544 1562 2807 1631 exposuit
2838 1563 3206 1632 tripartitam.

2106 1649 2215 1701 Nec
2243 1666 2378 1703 sane
2409 1650 2677 1719 cuiquam
2710 1651 2801 1720 pie
2836 1653 3183 1722 sapientium
3214 1654 3395 1708 videri
3426 1656 3597 1710 debet
3626 1657 3724 1710 ab-

2032 1735 2288 1798 surdum,
2328 1737 2370 1788 si
2398 1737 2630 1805 gemina
2659 1738 3089 1807 prmdestinatio
3123 1742 3402 1810 creditur,
3436 1748 3493 1796 et
3517 1760 3726 1813 cogno—

2026 1825 2222 1887 scitur,
2258 1829 2313 1877 et
2361 1824 2757 1878 incunctanter
2804 1844 2925 1880 esse
2976 1822 3185 1881 dicitur
3229 1830 3379 1899 apud
3428 1836 3483 1883 te
3528 1833 3724 1885 Domi-

2025 1928 2164 1965 num
2199 1920 2457 1967 nostrum
2493 1916 2831 1967 naturaliter
2872 1916 3107 1986 quidem
3161 1934 3361 1981 unum,
3415 1920 3512 1972 sed
3554 1922 3721 1973 simul

2025 2001 2193 2053 etiam
2221 2001 2600 2070 personaliter
2630 2003 2885 2056 trinum:
2918 2004 3017 2073 qui
3056 2011 3205 2057 certe
3233 2008 3548 2060 secundum
3581 2009 3725 2062 hanc

2025 2089 2315 2158 geminam
2373 2089 2940 2158 prmdestinationem
2993 2098 3148 2145 tuam
3208 2095 3722 2163 (quemadmodum

2024 2178 2376 2245 Augustinus
2407 2184 2540 2231 tuus
2587 2178 2833 2231 tideliter
2872 2180 3071 2245 credit,
3114 2187 3171 2234 et
3214 2181 3456 2235 fidenter
3504 2186 3722 2252 asserit)

2023 2264 2209 2318 bonus
2229 2282 2287 2318 es
2310 2266 2367 2318 in
2391 2266 2668 2320 beneﬁcio
2691 2282 2997 2334 certorum,
3027 2270 3216 2337 justus
3234 2271 3293 2322 in
3316 2272 3599 2341 supplicio
3622 2288 3724 2326 cte-

2023 2359 2299 2406 terorum.
2336 2354 2397 2406 Et
2426 2355 2684 2424 insuper,
2721 2361 2781 2410 ut
2815 2357 3113 2425 protitetur
3144 2366 3582 2429 consequenter,
3616 2361 3719 2414 bo-

2026 2458 2130 2494 nus
2161 2457 2219 2495 es
2249 2443 2307 2494 in
2340 2442 2626 2508 omnibus,
2659 2444 2932 2514 quoniam
2961 2445 3178 2499 bonum
3202 2453 3286 2499 est
3306 2464 3436 2502 cum
3464 2449 3722 2503 debitum

2023 2531 2315 2584 redditur:
2350 2531 2418 2584 Et
2441 2532 2630 2600 justus
2666 2533 2724 2585 in
2755 2533 3045 2599 omnibus,
3081 2535 3354 2604 quoniam
3378 2537 3597 2605 justum
3637 2544 3721 2592 est

2023 2636 2154 2673 cum
2204 2620 2464 2673 debitum
2506 2622 2629 2674 sine
2668 2623 3007 2693 cujusquam
3049 2625 3247 2678 fraude
3283 2625 3548 2679 donatur.
3592 2628 3719 2680 llaec
3804 2693 3813 2703 .

2023 2708 2216 2761 omnia
2255 2708 2399 2762 sicut
2451 2710 2542 2762 hic
2590 2709 2716 2780 (tibi
2761 2711 2993 2781 gratias)
3044 2717 3101 2765 et
3146 2713 3313 2766 credo
3359 2719 3414 2766 et
3445 2714 3720 2767 conﬁteor

2023 2796 2257 2865 (gratias
2286 2796 2406 2864 tibi)
2448 2804 2619 2866 prout
2648 2799 2827 2867 gratis
2869 2799 3108 2867 largitus
3156 2817 3214 2853 es
3259 2801 3420 2855 mihi.
3481 2803 3545 2855 Et
3585 2804 3720 2871 quia

2022 2884 2079 2936 in
2113 2884 2245 2949 tuis,
2280 2884 2339 2937 in
2388 2885 2548 2938 libris
2600 2892 2831 2939 tuorum
2864 2887 3081 2941 scilicet
3126 2888 3521 2942 ministrorum
3555 2891 3714 2944 labo-

2022 2990 2101 3040 re,
2136 2973 2252 3027 imo
2299 2975 2485 3043 gratia
2526 2979 2626 3027 tua
2674 2975 2947 3028 veraciter
2979 2976 3270 3045 expositis,
3322 2978 3441 3030 haec
3480 2985 3595 3031 ate
3634 2979 3718 3032 di-

2023 3070 2112 3115 cta
2143 3062 2389 3131 reperio,
2421 3066 2539 3115 tam
2572 3065 2887 3132 perspicuae
2930 3080 3166 3132 prorsus
3199 3066 3451 3118 veritatis
3493 3073 3721 3120 contra-

2024 3144 2212 3203 dicere
2242 3150 2423 3218 (quod
2452 3149 2621 3218 absit)
2674 3166 2787 3203 non
2836 3151 3041 3203 audeo.
3085 3151 3369 3214 Quoniam
3425 3170 3660 3223 prorsus
3691 3171 3722 3207 a

2021 3242 2077 3291 te
2108 3238 2337 3290 veritate
2368 3238 2568 3307 negari
2601 3238 2747 3291 sicut
2778 3238 3031 3291 minatus
3061 3256 3119 3292 es
3150 3245 3433 3305 metuens,
3475 3246 3532 3294 et
3562 3242 3720 3295 illam

2022 3342 2255 3396 quoque
2304 3326 2606 3395 repetitam
2650 3327 2809 3380 Pauli
2840 3327 3181 3380 sententiam
3216 3329 3719 3383 vehementissime

2020 3414 2218 3467 timeo.
2255 3414 2471 3482 Siquis
2517 3416 2665 3468 vobis
2706 3417 3114 3469 unnuntiaverit
3165 3421 3529 3485 praterquam
3577 3417 3721 3485 quod

2021 3505 2329 3571 accepistis,
2357 3504 2649 3556 anathema
2676 3506 2746 3557 sit
2766 3502 2915 3572 (Gal.
2954 3521 2993 3569 ι,
3026 3507 3098 3573 8).

2092 3593 2337 3645 Tantum
2368 3592 2655 3663 siquidem
2687 3593 2901 3646 amoris
2942 3594 3070 3662 tibi,
3120 3594 3360 3649 Domine
3385 3596 3538 3662 Jesu,
3571 3595 3719 3649 veri-

2022 3684 2107 3731 tas
2137 3680 2363 3745 invicta,
2411 3682 2821 3751 perpetualiter
2869 3683 3071 3748 debeo,
3120 3688 3184 3736 ut
3232 3684 3719 3754 quemadmodum

2021 3768 2091 3821 ab
2124 3768 2447 3839 Augustino
2480 3770 2815 3839 perhibetur
2856 3771 3133 3823 veraciter
3154 3777 3271 3836 tuo,
3306 3788 3492 3843 neque
3528 3774 3719 3827 homi-

2024 3859 2190 3913 nibus
2225 3859 2483 3929 placendi
2514 3859 2726 3923 studio,
2761 3874 2943 3929 neque
2977 3866 3236 3929 respectu
3279 3861 3718 3917 devitandorum

2022 3947 2413 4018 quorumlibet
2438 3946 2950 4013 incommodorum,
2981 3947 3325 4018 detorquear
3353 3952 3530 4020 (quod
3553 3951 3717 4022 absit)

2022 4055 2055 4091 a
2084 4052 2236 4089 vero.
2286 4066 2354 4074 —
2405 4037 2468 4089 Et
2514 4040 2578 4089 ut
2624 4035 2828 4089 beatus
2875 4036 3048 4090 etiam
3094 4036 3258 4091 docet
3301 4039 3608 4108 Gregorius
3657 4040 3717 4093 in

2023 4130 2305 4197 quantum
2354 4124 2477 4178 sine
2516 4129 2746 4194 peccato
2776 4125 3064 4193 possimus
3094 4125 3272 4181 vitare
3316 4127 3715 4197 proximorum

2022 4214 2307 4279 scandala,
2341 4212 2645 4278 debemus;
2695 4212 2741 4265 si
2780 4219 2972 4267 autem
3005 4214 3075 4268 de
3106 4214 3344 4268 veritate
3386 4216 3716 4270 scandalum

206 4308 445 4377 gemina
477 4304 987 4376 praedestinatione
1020 4309 1076 4356 et
1097 4303 1302 4356 electos
1331 4301 1815 4372 gratisjustitices,
1850 4316 1914 4354 ac
1952 4309 1996 4363 D
2024 4302 2291 4368 sumitur,
2336 4300 2536 4354 utilius
2566 4301 2921 4370 permittitur
2968 4302 3124 4356 nasci
3156 4303 3512 4371 scandalum,
3544 4321 3715 4375 quam

206 4395 499 4468 perpetim
532 4396 732 4460 salves,
775 4398 833 4447 et
870 4392 1142 4463 reprobos
1180 4407 1409 4461 quoque
1441 4388 1644 4443 merito
1675 4389 1908 4451 refutes,

198 4488 477 4556 justeque
529 4483 896 4537 condemnes.
961 4504 982 4530 ι
1057 4482 1137 4547 Et,
1204 4480 1349 4533 sicut
1407 4478 1768 4548 supradictus
1834 4479 1913 4532 ait

206 4574 543 4644 Gregorius,
591 4572 734 4625 alios
782 4570 1092 4640 respiciens
1138 4569 1409 4633 redimas,
1459 4568 1596 4621 alios
1644 4568 1910 4621 deserens

204 4664 435 4733 perdas.
466 4684 496 4709 η

269 4753 412 4806 Tale
443 4754 527 4804 est
558 4754 751 4803 autem
780 4748 931 4819 quod
956 4746 1162 4801 dicitur
1189 4744 1618 4816 prasdestinatio
1656 4744 1909 4815 gemina,

205 4840 261 4893 in
320 4840 538 4893 electos
592 4838 849 4891 videlicet
896 4842 952 4889 et
1001 4835 1267 4905 reprobos
1314 4833 1605 4903 bipertita,
1660 4849 1789 4885 cum
1839 4833 1912 4887 sit

204 4944 337 4995 una,
374 4927 510 4981 licet
559 4926 634 4980 sit
689 4927 891 4997 dupla;
949 4926 1117 4995 quale
1175 4929 1260 4977 est
1312 4922 1466 4993 quod
1508 4922 1839 4992 frequenter
1877 4939 1911 4975 a

203 5018 373 5071 beato
422 5016 765 5086 Augustino,
818 5021 875 5068 et
918 5013 1135 5067 caeteris
1186 5012 1449 5066 Patribus
1482 5011 1691 5065 dicitur
1721 5010 1905 5064 chari-

206 5111 287 5157 tas
332 5106 427 5158 vel
476 5105 703 5158 dilectio
753 5102 1002 5172 gemina,
1040 5118 1168 5155 cum
1213 5101 1408 5171 utique
1442 5116 1556 5153 non
1604 5099 1718 5152 sint
1755 5099 1903 5165 duae,

206 5194 301 5247 sed
339 5210 477 5257 una,
514 5192 647 5246 licet
696 5197 930 5262 propter
962 5192 1140 5244 Deum
1169 5195 1226 5243 et
1264 5188 1589 5259 proximum
1632 5188 1705 5241 sit
1734 5186 1907 5241 etiam

208 5283 305 5351 du;
330 5283 406 5335 la.
446 5282 622 5345 Quale
651 5286 737 5333 est
779 5286 838 5334 et
866 5280 1002 5333 illud
1036 5279 1216 5332 Patris
1260 5276 1587 5347 Augustini,
1625 5276 1774 5347 quod
1818 5276 1906 5329 di-

208 5372 282 5423 cit
330 5371 675 5441 bipartitum
725 5386 846 5424 esse
898 5385 1042 5439 opus
1092 5368 1232 5431 Dei:
1287 5366 1587 5436 geminum
1642 5364 1907 5418 videlicet

210 5461 407 5513 volens
438 5459 707 5528 intelligi,
736 5463 791 5511 et
820 5457 973 5528 quod
1003 5456 1481 5528 quadripartitus,
1513 5454 1584 5508 ab
1612 5454 1735 5523 ipso
1769 5469 1909 5523 quo-

211 5566 322 5620 que
369 5550 580 5603 dicitur
622 5549 885 5601 mundus.
924 5548 1042 5600 Non
1075 5552 1323 5616 quatuor
1352 5549 1563 5604 tamen,
1599 5542 1693 5595 sed
1735 5558 1905 5607 unus,

2019 4390 2226 4444 veritas
2255 4390 2632 4459 relinquatur.
2661 4420 2729 4429 —
2758 4392 2870 4445 Nec
2893 4407 3026 4445 sane
3051 4391 3444 4463 cujuscunque
3474 4409 3719 4464 persona

2020 4483 2217 4531 contra
2264 4477 2591 4547 recipienda
2640 4479 2813 4533 modo
2844 4479 3104 4549 quolibet
3142 4482 3444 4551 excipitur,
3483 4484 3714 4552 quando

2020 4567 2107 4619 vel
2141 4568 2496 4635 Augustinus
2529 4567 2618 4620 vel
2658 4569 2964 4635 Apostolus
3001 4570 3367 4633 annuntians,
3408 4571 3586 4641 ipsius
3618 4589 3715 4626 ore

2019 4655 2274 4723 Apostoli
2306 4656 2668 4708 anathemate
2698 4655 2875 4725 digno
2907 4657 3254 4725 percellitur.
3294 4660 3360 4712 Ut
3390 4660 3543 4713 enim
3566 4677 3714 4729 pra:-

2020 4744 2205 4797 dietus
2249 4744 2558 4813 Gregorius
2606 4744 2884 4797 veraciter
2928 4744 3174 4800 fatetur:
3224 4747 3360 4800 dum
3409 4749 3555 4801 salva
3603 4750 3713 4803 ﬁde

2020 4848 2110 4886 res
2141 4832 2349 4902 agitur,
2387 4831 2607 4886 virtutis
2644 4837 2728 4885 est
2759 4833 3050 4899 meritum,
3086 4834 3134 4887 si
3172 4835 3454 4905 quidquid
3504 4836 3712 4906 prioris

2020 4927 2103 4975 est
2132 4921 2427 4974 toleratur.
2474 4919 2744 4989 Alioquin
2793 4921 2839 4973 si
2872 4920 2997 4975 fieri
3045 4929 3238 4992 posset
3277 4924 3484 4977 millies
3523 4925 3712 4992 potius

2019 5026 2121 5079 pro
2168 5009 2406 5063 veritate
2439 5008 2706 5062 deberem
2739 5025 2972 5079 prorsus
3018 5016 3075 5064 et
3105 5020 3362 5080 optarem
3404 5011 3710 5065 occumbe-

2020 5115 2099 5163 re,
2134 5114 2308 5167 quam
2335 5097 2509 5150 semel
2553 5097 2729 5166 (quod
2763 5098 2932 5165 absit)
2960 5098 3196 5152 cuilibet
3226 5116 3385 5153 secus
3425 5100 3706 5169 loquenti,

2017 5186 2270 5240 cedendo
2332 5186 2739 5239 succumbere:
2800 5186 2955 5239 illius
3006 5186 3270 5242 videlicet
3326 5194 3438 5241 tua:
3488 5204 3713 5243 memor

2017 5274 2311 5328 scientius:
2367 5276 2471 5340 Qui
2499 5290 2581 5328 me
2628 5277 2901 5341 confessus
2947 5278 3118 5342 fuerit
3156 5290 3336 5329 coram
3383 5278 3707 5344 hominibus,

2016 5362 2301 5429 conﬁtebor
2351 5367 2400 5415 et
2443 5378 2535 5429 ego
2591 5379 2710 5417 eum
2760 5380 2937 5418 coram
2992 5367 3153 5421 Patre
3206 5380 3338 5432 meo,
3382 5371 3477 5435 qui
3527 5372 3604 5420 est
3654 5384 3709 5422 in

2016 5453 2156 5506 caelis
2189 5451 2405 5518 (Matth.
2438 5468 2493 5515 x,
2523 5452 2629 5519 32).

2087 5541 2384 5610 Simulque
2418 5541 2567 5593 illius
2594 5557 2824 5611 quoque
2856 5542 3093 5596 memini
3121 5559 3133 5596 :
3176 5544 3250 5598 Ne
3280 5545 3709 5610 transgrediaris
