4098 6180
393 243 497 303 359

1467 234 1988 327 GOTTESCHALCI
2028 240 2460 302 ORBACENSIS
2504 240 2814 303 MONACHI

3789 232 3895 299 360

398 384 656 437 terminos
694 378 968 448 antiquos,
1016 388 1148 446 quos
1193 382 1489 446 posuerunt
1536 384 1722 447 patres
1773 382 1855 434 tui
1912 381 2089 447 (Prov.
2130 385 2171 437 A
2206 396 2321 433 non
2362 386 2631 433 verentur
2671 396 2987 446 susurrare,
3021 379 3137 433 imo
3168 377 3360 450 palam
3390 378 3701 451 praedicare
3732 378 3897 433 falsi-

398 489 528 539 xxn,
561 474 668 537 28).
720 468 878 532 Quod
909 466 1205 530 nimirum,
1250 472 1310 519 ut
1340 467 1645 537 Gregorius
1682 471 1934 540 exponit,
1968 470 2093 523 hae-

398 561 560 616 retici
589 558 823 623 faciunt,
858 556 1019 627 quia
1049 563 1255 609 sanctae
1284 556 1548 610 Ecclesiae
1579 560 1802 627 gremio
1837 557 2093 612 extranei

400 650 669 704 existunt.
706 668 733 695 ‹‹
777 645 911 716 Ipsi,
962 646 1170 716 inquit,
1218 645 1496 699 terminos
1543 649 1913 715 transferunt,
1958 646 2093 718 quia

400 736 833 792 constitutiones
890 736 1124 788 Patrum
1180 733 1605 803 praevaricando
1655 737 2090 797 transcendunt,

399 828 499 898 qui
541 826 709 879 etiam
738 840 946 894 greges
974 823 1254 892 diripiunt
1300 829 1357 876 et
1387 829 1646 892 pascunt,
1690 825 1826 895 quia
1857 825 2091 896 imperi-

398 922 487 969 tos
521 930 750 985 quoque
795 912 1075 983 perversis
1114 911 1183 965 ad
1224 927 1281 964 se
1324 912 1690 966 suasionibus
1733 916 1994 983 trahunt,
2040 918 2096 967 et

400 1004 565 1059 donis
598 1002 882 1073 pestiferis
931 1001 1002 1055 ad
1035 1000 1498 1054 interficiendum
1542 1002 1829 1056 nutriunt.
1869 1022 1895 1053 »
1942 1003 2095 1066 Quos

400 1095 600 1149 beatus
635 1107 864 1161 quoque
907 1089 1011 1144 Job
1056 1089 1312 1158 increpat
1359 1090 1590 1144 dicens:
1641 1092 1906 1161 Nunquid
1953 1094 2095 1145 Deus

399 1183 609 1248 indiget
638 1187 812 1235 vestro
853 1180 1151 1247 mendacio,
1186 1184 1245 1232 ut
1285 1194 1387 1248 pro
1428 1181 1520 1234 illo
1566 1182 1867 1248 loquamini
1890 1181 2097 1251 :dolos?

401 1271 531 1338 (Job
572 1287 690 1336 xm,
736 1270 813 1337 '7.)
867 1270 1012 1322 Deus
1058 1268 1351 1322 mendacio
1392 1285 1506 1322 non
1540 1276 1690 1340 eget,
1723 1270 1859 1341 quia
1888 1270 2097 1323 veritas

401 1359 588 1413 fulciri
619 1375 737 1412 non
778 1358 983 1428 quaerit
1021 1358 1235 1411 auxilio
1275 1358 1552 1411 falsitatis.
1608 1358 1868 1412 [Iaaretici
1900 1364 2095 1411 autem

404 1448 540 1519 quia
591 1464 654 1501 ea
699 1464 827 1517 quae
874 1464 1043 1516 prave
1087 1448 1155 1499 de
1190 1447 1303 1500 Deo
1348 1446 1699 1516 intelligunt,
1748 1465 1810 1500 ex
1864 1448 2096 1500 veritate

404 1538 551 1592 tueri
596 1553 713 1589 non
761 1540 1015 1606 possunt,
1066 1535 1226 1605 quasi
1265 1534 1334 1587 ad
1382 1535 1820 1604 approbandnm
1872 1536 2094 1589 radium

404 1625 658 1690 luminis,
712 1626 941 1677 umbras
974 1624 1236 1677 falsitatis
1270 1626 1590 1693 requirunt.
1643 1625 1707 1677 Et
1740 1641 1843 1693 pro
1876 1641 1942 1677 eo
1986 1625 2095 1677 do-

403 1713 487 1767 los
529 1714 867 1782 loquuntur,
912 1712 1049 1765 dum
1098 1711 1357 1764 intirmas
1405 1718 1625 1765 mentes
1678 1713 1746 1765 ab
1802 1713 2093 1765 intellectu

403 1802 557 1855 illius
583 1802 752 1856 stulta
782 1800 1113 1854 seductione
1145 1799 1456 1869 decipiunt.
1493 1801 1630 1853 Item
1661 1817 1675 1853 :
1712 1802 1824 1855 Aut
1861 1802 2098 1870 placebit

402 1894 470 1957 ei,
514 1906 668 1958 quem
704 1891 879 1945 celare
921 1890 1064 1941 nihil
1100 1892 1315 1958 potest?
1346 1891 1459 1943 Aut
1494 1889 1795 1958 decipiatur
1824 1896 1886 1944 ut
1923 1892 2095 1958 homo,

401 1982 596 2033 vestris
642 1979 1077 2044 fraudulentiis?
1121 1978 1309 2047 (lbid.,
1366 1978 1441 2047 9.)
1488 1979 1737 2032 Fraudes
1777 1980 1891 2032 Deo
1924 1980 2099 2033 haere-

402 2068 501 2121 tici
550 2067 840 2131 exhibent,
910 2066 1044 2135 quia
1086 2082 1152 2119 ea
1210 2071 1499 2134 astruunt,
1552 2083 1679 2137 quae
1729 2084 2097 2138 nequaquam

404 2155 515 2225 ipsi
564 2172 669 2225 pro
701 2172 815 2224 quo
858 2154 1177 2224 loquuntur
1204 2155 1450 2223 placent,
1488 2171 1733 2225 cumque
1764 2156 1899 2209 dum
1935 2156 2098 2225 quasi

405 2244 708 2298 defendere
746 2244 1031 2309 nituntur,
1077 2242 1374 2297 offendunt
1420 2245 1555 2297 dum
1598 2243 1658 2297 in
1698 2245 2099 2299 adversitatem

408 2335 529 2405 ejus
587 2338 881 2399 corruunt,
940 2333 1027 2386 cui
1094 2332 1363 2385 videntur
1422 2348 1485 2385 ex
1540 2332 1950 2402 praedicatione
2013 2333 2099 2387 fa-

407 2422 634 2477 mulari.

484 2511 639 2566 Unde
685 2513 742 2563 et
790 2525 893 2578 per
937 2508 1291 2563 Psalmistam
1338 2508 1568 2575 dicitur,
1608 2511 1674 2565 Ut
1704 2509 1955 2564 destruas
1987 2512 2101 2564 ini-

407 2601 605 2653 micum
646 2604 696 2652 et
738 2588 1071 2664 defensorem
1118 2599 1287 2666 (Psal.
1344 2614 1460 2665 vni,
1509 2598 1590 2668 3);
1648 2598 1835 2651 omnis
1886 2599 2101 2669 quippe

408 2688 711 2742 haereticus
758 2686 1140 2757 omnipotenti
1173 2688 1287 2740 Deo
1320 2686 1588 2741 inimicus
1618 2692 1674 2741 et
1702 2687 1965 2741 defensor
1994 2692 2098 2754 est,

410 2774 547 2845 quia
580 2774 730 2829 unde
762 2776 914 2829 hunc
960 2774 1123 2845 quasi
1167 2775 1473 2829 defendere
1520 2776 1746 2845 nititur,
1780 2776 1913 2830 inde
1951 2776 2101 2830 veri-

410 2864 512 2917 tati
541 2864 694 2918 illius
725 2864 1074 2918 adversatur.
1128 2864 1271 2928 Quia
1298 2869 1492 2918 autem
1528 2864 1702 2919 latere
1745 2867 1926 2919 Deum
1959 2866 2103 2920 nihil

2198 474 2397 535 tatem,
2433 469 2907 540 ilaccipendentes
2938 469 3082 523 illud
3123 469 3272 523 beati
3306 470 3519 536 Basilii,
3557 470 3656 540 qui
3685 470 3900 523 divinis

2202 558 2540 629 saginantur
2569 559 2816 630 eloquiis
2844 575 3212 629 corrumpere
3251 559 3321 613 de
3361 559 3567 613 divinis
3615 559 3898 629 dogmati-

2202 648 2328 713 bus,
2362 664 2550 719 neque
2591 649 2767 701 ullam
2809 648 3084 718 syllabam
3135 648 3472 717 patiuntur:
3525 647 3619 700 sed
3652 664 3755 717 pro
3787 647 3899 714 his,

2202 737 2249 789 si
2305 736 2626 805 contigerit,
2686 737 2860 791 etiam
2914 753 3116 790 omnes
3161 736 3362 789 mortis
3419 736 3633 805 species
3680 737 3900 805 ample-

2202 830 2453 879 ctuntur.
2490 826 2558 879 Et
2592 825 2734 879 illud
2764 842 2994 896 quoque
3042 830 3474 878 contemnentes
3501 824 3760 894 Gregorii
3797 825 3902 877 Na-

2203 913 2492 967 zianzeni:
2547 913 2917 967 Fortitudinis
2964 918 3051 966 est
3097 928 3461 982 perseverare
3523 912 3582 965 in
3636 913 3899 978 veritate,

2203 1002 2335 1055 licet
2382 1002 2668 1072 quispiam
2712 1002 3029 1056 debelletur
3077 1002 3145 1055 ad
3176 1018 3244 1054 ea
3284 1018 3412 1071 qua:
3442 999 3589 1054 nihil
3628 1003 3779 1054 sunt.
3815 1001 3904 1053 Ni-

2202 1090 2283 1143 hil
2315 1096 2505 1144 autem
2537 1095 2670 1143 sunt
2711 1090 2927 1144 falsitas
2976 1097 3031 1143 et
3063 1090 3446 1153 mendacium,
3482 1106 3609 1160 qua:
3644 1091 3902 1159 profecto

2205 1195 2379 1249 super
2407 1179 2600 1233 omnia
2641 1180 3027 1248 corporalium
3050 1195 3262 1248 genera
3307 1179 3580 1231 mortium
3630 1178 3805 1231 vitam
3849 1183 3907 1232 et

2206 1272 2426 1334 cavent,
2481 1273 2539 1321 et
2579 1268 2817 1321 horrent
2870 1272 2931 1321 ut
2979 1267 3210 1335 debent,
3250 1267 3419 1321 corda
3464 1283 3690 1337 semper
3735 1284 3903 1320 vera-

2205 1355 2378 1409 cium.
2414 1357 2653 1410 Maxime
2705 1362 2899 1409 tamen
2932 1356 2992 1408 in
3041 1355 3302 1410 doctrina
3341 1355 3638 1423 religionis
3686 1358 3907 1411 evitant

2207 1446 2444 1498 omnino
2473 1446 2854 1515 praecipitium
2886 1445 3155 1499 falsidicus
3186 1445 3509 1498 locutionis.

2280 1536 2392 1587 Hoc
2422 1540 2509 1587 est
2553 1534 2784 1603 (gratias
2832 1534 2957 1598 tibi,
3017 1532 3272 1599 Domine,
3321 1534 3469 1585 alma
3514 1532 3783 1600 Trinitas)
3814 1532 3906 1584 in-

2206 1623 2487 1677 violabilis
2518 1624 2657 1677 tides
2698 1628 2756 1677 et
2800 1623 3080 1676 confessio
3112 1638 3237 1675 mea
3286 1622 3355 1675 de
3400 1621 3758 1691 praescieutia
3802 1621 3907 1673 sci-

2206 1714 2356 1778 licet,
2403 1730 2466 1766 ac
2510 1711 3012 1783 prcedestinatione
3057 1715 3151 1763 tua
3182 1727 3355 1781 quam
3406 1710 3736 1780 praedicavit
3779 1711 3908 1780 ipsa

2205 1803 2442 1869 Veritas,
2478 1806 2533 1854 et
2585 1802 2663 1854 sic
2694 1799 2954 1871 praedicti
2989 1815 3218 1870 quoque
3250 1799 3430 1869 ipsius
3460 1798 3725 1869 discipuli
3772 1816 3908 1852 con-

2204 1896 2293 1945 tra
2340 1890 2672 1959 falsiloquos
2721 1891 2989 1956 fautores,
3034 1894 3090 1942 et
3136 1889 3272 1960 (nisi
3320 1888 3700 1958 corrigantur)
3754 1889 3907 1942 tilios

2204 1979 2469 2032 falsitatis
2518 1984 2575 2033 et
2605 1978 2965 2048 perditionis,
3015 1982 3071 2031 et
3108 1983 3309 2031 contra
3341 1977 3613 2047 pestifera
3661 1993 3905 2043 venena,

2206 2071 2264 2121 et
2294 2068 2561 2121 haeretica
2603 2067 2873 2137 dogmata
2904 2083 3023 2132 sua,
3057 2066 3177 2136 qui,
3232 2066 3277 2119 si
3322 2066 3505 2135 gratia
3535 2071 3634 2120 tua
3662 2067 3909 2136 respersi

2207 2156 2514 2226 diligenter
2562 2156 2877 2217 attendant,
2927 2154 3253 2225 appeudant
3306 2160 3476 2225 atque
3524 2154 3906 2224 perpendant,

2207 2245 2454 2315 qualiter
2483 2245 2554 2298 ab
2585 2244 2819 2297 exordio
2859 2242 3247 2313 prolapsionis
3296 2241 3569 2313 angelicae
3604 2243 3905 2313 (quemad-

2207 2334 2443 2387 modum
2497 2333 2762 2387 videlicet
2819 2333 3016 2385 Petrus
3072 2332 3211 2385 dicit
3270 2331 3622 2401 apostolus):
3688 2332 3909 2385 Eisdem

2206 2424 2412 2490 angelis
2437 2423 2786 2491 peccantibus
2818 2437 2919 2475 non
2951 2423 3273 2490 peperceris.
3328 2421 3433 2475 Sed
3458 2436 3541 2475 eos
3582 2420 3909 2475 rudentibus

2207 2517 2257 2565 et
2302 2511 2605 2565 carceribus
2660 2513 2886 2577 inferni,
2938 2512 3221 2578 pomisque
3262 2508 3404 2563 aeris
3434 2510 3599 2577 hujus
3649 2509 3908 2577 traditos,

2207 2602 2282 2654 ad
2313 2601 2547 2669 majores
2598 2603 2655 2652 in
2710 2600 2851 2653 diem
2874 2600 3081 2667 judicii
3122 2600 3395 2653 cruciatus
3433 2601 3793 2653 reservaveris
3839 2600 3915 2669 (ιι

2208 2691 2352 2743 Petr.
2383 2688 2464 2757 ιι).
2503 2689 2564 2741 Et
2594 2688 2844 2758 qualiter
2874 2686 3046 2741 etiam
3087 2685 3428 2757 originalem
3462 2686 3741 2740 mundum
3770 2703 3912 2756 pro-

2208 2782 2337 2847 pter
2368 2792 2617 2846 nequam
2652 2774 2955 2828 hominum
3004 2776 3216 2829 scelera
3250 2775 3585 2845 perdideris.
3631 2776 3743 2829 Nec
3789 2792 3917 2829 non

2210 2865 2497 2935 quomodo
2550 2869 2605 2917 et
2639 2864 2881 2917 nefanda
2926 2862 3199 2929 facinora,
3243 2862 3503 2917 simulet
3550 2863 3773 2933 ﬂagitia
3805 2864 3914 2918 So-

412 2956 616 3024 potest,
650 2952 759 3006 hoc
802 2951 864 3005 in
912 2952 1252 3021 eisjudicat,
1291 2953 1444 3024 quod
1493 2953 1649 3007 intus
1679 2953 1954 3020 sentiunt,
1988 2969 2104 3006 non
2143 2969 2183 3025 ρ
2211 2954 2520 3007 domorum
2550 2952 2829 3024 punieris,
2865 2952 3093 3006 eosdem
3130 2954 3262 3023 igne
3295 2953 3509 3006 caelesti
3546 2954 3912 3023 conflagran-

411 3042 563 3113 quod
619 3040 887 3095 famulari
943 3041 1080 3095 foris
1137 3041 1427 3096 videntur.
1470 3041 1612 3106 Quia
1673 3041 1853 3112 igitur
1904 3057 2104 3095 eorum

410 3130 811 3186 fraudulentiis
857 3132 1006 3185 Deus
1052 3135 1117 3185 ut
1163 3132 1337 3185 homo
1371 3148 1487 3185 non
1518 3130 1751 3193 fallitur,
1790 3136 1940 3185 recte
1972 3130 2106 3184 sub-

403 3219 671 3290 jungitur
700 3236 712 3273 :
755 3220 883 3288 Ipse
920 3233 1012 3274 vos
1056 3224 1265 3287 arguet,
1301 3221 1557 3288 quoniam
1586 3222 1644 3273 in
1673 3219 1985 3273 abscondito
2013 3220 2105 3284 fa-

409 3309 541 3360 ciem
578 3307 695 3375 ejus
724 3308 993 3375 accipitis.
1030 3306 1229 3361 Statim
1259 3310 1320 3359 ut
1367 3321 1422 3359 se
1469 3310 1828 3365 commoverit.
1865 3306 2108 3359 turbabit

408 3411 521 3462 vos,
580 3402 632 3449 et
682 3400 853 3448 terror
900 3396 1018 3463 ejus
1066 3398 1242 3448 irruet
1295 3409 1459 3462 super
1508 3410 1599 3448 vos
1647 3394 1766 3463 (Job
1824 3410 1942 3459 xm,
1998 3394 2103 3463 10).

413 3483 530 3535 Hoc
560 3482 712 3552 quod
758 3482 817 3534 in
871 3482 1206 3536 abscondito
1253 3481 1431 3553 accipi
1480 3483 1681 3535 asserit
1727 3482 1925 3535 faciem
1983 3482 2104 3549 Dei,

415 3570 639 3623 duobus
676 3569 860 3623 modis
902 3571 1051 3623 valet
1086 3570 1352 3640 intelligi.
1388 3570 1532 3624 Sunt
1560 3586 1809 3640 namque
1843 3569 2107 3623 nonnulli

413 3658 513 3728 qui
539 3662 595 3711 et
626 3657 925 3711 veritatem
950 3658 1007 3711 in
1037 3658 1206 3712 corde
1229 3658 1506 3726 sentiunt,
1529 3663 1585 3711 et
1603 3663 1797 3712 tamen
1820 3675 1948 3730 quae
1973 3659 2109 3711 falsa

413 3752 547 3801 sunt
578 3748 646 3801 de
696 3747 811 3800 Deo
844 3748 994 3800 foras
1026 3747 1360 3817 loquuntur.
1395 3748 1473 3801 Ne
1507 3748 1659 3800 enim
1696 3746 1847 3801 vinci
1877 3747 2109 3801 videan-

412 3842 526 3899 tur,
555 3840 613 3889 et
643 3840 1000 3906 cognoscunt
1030 3836 1328 3890 veritatem
1353 3835 1614 3902 interius,
1654 3843 1711 3889 et
1741 3842 1933 3889 tamen
1964 3837 2109 3889 hanc

415 3924 661 3979 exterius
709 3925 1072 3995 impugnant.
1122 3925 1278 3979 Unde
1329 3924 1475 3979 bene
1508 3940 1659 3978 nunc
1699 3925 1942 3979 dicitur:
1989 3927 2110 3993 Ipse

412 4031 508 4069 vos
539 4020 751 4082 arguet,
788 4017 1045 4082 quoniam
1079 4015 1137 4066 in
1178 4013 1491 4067 abscondito
1520 4015 1719 4079 faciem
1759 4013 1873 4083 ejus
1904 4015 2111 4083 accipi-

416 4107 514 4169 tis;
574 4118 639 4155 ac
685 4101 731 4154 si
779 4106 975 4171 aperte
1022 4101 1345 4155 diceretur:
1394 4102 1570 4155 Tanto
1619 4101 1801 4170 magis
1844 4102 1912 4155 de
1961 4102 2111 4156 falsi-

414 4196 527 4245 tate
556 4190 705 4261 apud
736 4206 867 4243 eum
901 4190 1035 4243 estis
1066 4189 1420 4259 reprehensi,
1455 4194 1671 4260 quanto
1714 4195 1772 4244 et
1802 4190 1951 4260 apud
1982 4207 2108 4245 vos-

417 4280 692 4349 metipsos
722 4278 877 4348 quod
907 4293 1107 4331 verum
1136 4281 1221 4331 est
1249 4277 1477 4332 videtis.

486 4367 633 4431 Quid
679 4370 871 4420 autem
912 4366 985 4419 sit
1026 4365 1349 4434 haereticus,
1397 4383 1469 4421 ne
1516 4367 1754 4422 cuilibet
1799 4368 1956 4423 aliud
2004 4385 2109 4440 pro

417 4458 530 4509 alio
562 4457 778 4526 tingere
833 4455 1053 4509 licitum
1086 4455 1175 4522 sit,
1229 4456 1463 4526 quidam
1498 4458 1754 4523 Patrum,
1797 4462 1852 4511 et
1891 4457 2110 4513 Cassio-

420 4546 593 4599 dorus
624 4544 779 4609 dicit,
813 4543 1199 4613 pulcherrime
1222 4544 1512 4599 deﬁnivit:
1551 4546 1875 4610 Haereticus,
1901 4545 2110 4616 inquit,

419 4635 467 4688 is
500 4640 584 4687 est
611 4633 712 4704 qui
760 4633 969 4687 divinas
1000 4633 1142 4704 legis
1172 4634 1257 4687 Vel
1289 4634 1615 4704 ignorantia
1644 4636 1731 4688 vel
1775 4640 2111 4705 contemptu

421 4727 697 4793 raptatus,
746 4728 847 4777 aut
899 4723 1031 4777 novi
1096 4724 1353 4793 pertinax
1411 4723 1704 4778 invenitur
1749 4724 1958 4778 erroris
2015 4730 2113 4778 aut

422 4811 592 4867 alicui
624 4815 887 4879 sectator,
920 4811 1213 4865 catholica:
1265 4812 1492 4866 veritati
1522 4814 1703 4882 magis
1746 4814 1866 4866 vult
1909 4812 2110 4866 adver-

422 4902 555 4968 sari,
598 4917 771 4971 quam
816 4900 1037 4971 subjici.
1094 4903 1208 4955 Hoc
1255 4906 1447 4955 autem
1494 4901 1624 4955 ideo
1663 4901 2113 4956 subintersercn-

421 4991 561 5045 dum
611 4989 824 5051 censui,
871 4989 1006 5060 quia
1050 4989 1329 5059 plurimos
1378 4990 1513 5044 hinc
1559 4995 1613 5044 et
1664 4991 1782 5043 falli
1814 4996 1872 5044 et
1917 4990 2113 5045 fallere

422 5078 697 5149 comperi,
739 5079 993 5131 volentes
1037 5077 1319 5145 videlicet,
1369 5080 1455 5133 vel
1496 5079 1690 5133 mitius
1718 5078 1978 5146 dixerim,
2014 5096 2114 5133 su-

422 5168 706 5237 spicantes
760 5168 893 5222 illos
948 5183 1069 5220 esse
1119 5166 1434 5234 haereticos,
1482 5168 1581 5238 qui
1627 5170 1775 5222 hanc
1822 5168 2115 5223 catholicae

422 5256 555 5311 tidei
583 5256 653 5310 de
684 5255 1191 5326 prmdestinatione
1221 5256 1601 5326 reproborum
1636 5256 1954 5310 necessario
1985 5273 2115 5310 con-

423 5350 512 5397 tra
537 5345 869 5398 resistentes
908 5350 964 5399 et
1006 5345 1384 5414 obloquentes
1418 5346 1659 5398 credunt
1683 5350 1741 5398 et
1768 5347 2115 5401 confitentur

426 5429 617 5498 (dante
648 5432 726 5500 te)
767 5433 1087 5499 veritatem,
1135 5438 1193 5486 et
1223 5433 1352 5486 illos
1401 5449 1432 5486 e
1462 5434 1746 5487 contrario
1783 5449 2113 5486 asseveran-

425 5523 508 5571 tes
537 5518 866 5589 catholicos,
917 5522 1018 5592 qui
1046 5526 1164 5576 tam
1196 5522 1515 5591 perspicuae
1568 5521 1788 5575 veritati
1819 5521 2112 5575 inimicam

2212 3048 2297 3096 tes
2331 3042 2629 3108 deleveris,
2674 3046 2847 3112 atque
2886 3058 3171 3111 perennes
3204 3042 3264 3094 in
3318 3058 3514 3112 pcenas
3543 3042 3913 3110 demerseris,

2216 3131 2488 3202 quodque
2524 3131 2883 3184 Pharaonem
2914 3135 2971 3184 et
3001 3130 3312 3184 exercitum
3345 3131 3467 3200 ejus
3496 3130 3558 3184 in
3596 3146 3756 3185 mare
3788 3148 3918 3201 pro-

2208 3220 2433 3291 jeceris,
2469 3225 2526 3273 et
2569 3237 2664 3274 eos
2698 3220 2912 3275 ibidem
2946 3224 3222 3292 tauquam
3254 3220 3448 3289 paleas
3489 3236 3757 3274 excussos
3786 3221 3918 3275 fun~

2216 3311 2371 3364 ditus
2402 3309 2737 3364 aboleveris.

2285 3398 2343 3452 Si
2370 3398 2509 3464 haec,
2559 3397 2821 3469 inquam,
2862 3397 3223 3452 animositate
3253 3397 3511 3467 deposita
3552 3398 3797 3452 solerter
3831 3398 3918 3452 in-

2216 3486 2479 3556 spiciant,
2514 3490 2572 3539 et
2613 3490 2669 3540 te
2720 3486 3037 3557 opitulante
3086 3486 3374 3557 sapienter
3420 3487 3734 3551 advertant,
3785 3503 3918 3558 per-

2214 3574 2380 3629 facile
2411 3590 2646 3644 prorsus
2688 3574 3035 3645 intelligent,
3085 3574 3241 3645 quod
3280 3575 3635 3646 supradictas
3678 3578 3919 3647 angelos

2217 3664 2334 3734 qui,
2389 3669 2449 3717 ut
2496 3662 2689 3717 scribit
2729 3664 2898 3718 Judas
2943 3663 3163 3733 Jacobi,
3213 3680 3322 3718 non
3365 3670 3717 3719 servaverunt
3758 3681 3921 3720 suum

2214 3753 2606 3821 principatum,
2654 3751 2749 3805 sed
2789 3754 3127 3821 reliquerunt
3155 3767 3315 3807 suum
3346 3752 3701 3819 domicilium,
3734 3756 3795 3807 in
3821 3755 3921 3823 iu-

2217 3840 2421 3894 dicium
2452 3843 2640 3908 magni
2659 3841 2772 3894 diei
2786 3842 3021 3895 vinculis
3040 3845 3257 3896 wternis
3277 3842 3375 3896 sub
3400 3843 3634 3909 caligine
3654 3845 3923 3898 reservati

2215 3930 2407 4000 (Jud.,
2458 3930 2535 3999 6),
2586 3930 2917 3984 nullatenus
2947 3929 3184 3985 omnino
3216 3930 3338 3984 sine
3370 3930 3718 4001 sempiterno
3762 3948 3921 4002 prae-

2219 4017 2615 4071 destinationis
2641 4022 2752 4071 tua:
2786 4018 3046 4086 consilio,
3082 4024 3137 4072 et
3164 4018 3223 4072 in
3252 4019 3407 4073 hunc
3435 4020 3730 4090 caliginosi
3764 4021 3917 4074 aeris

2217 4122 2501 4160 carcerem
2532 4105 2995 4176 prmcipitaveris,
3037 4112 3093 4161 et
3121 4107 3194 4161 ad
3224 4108 3471 4178 majores
3511 4108 3685 4163 etiam
3717 4126 3922 4179 poenas

2221 4194 2427 4248 merito
2470 4210 2572 4265 per
2614 4194 2823 4248 saecula
2860 4195 3216 4264 cruciandos,
3250 4202 3315 4250 ut
3342 4197 3599 4268 praedicti
3629 4199 3804 4252 ambo
3834 4205 3921 4253 te—

2149 4290 2191 4342 D
2219 4287 2443 4336 stantur
2490 4283 2753 4353 apostoli,
2798 4285 3189 4339 reservaveris.
3237 4286 3305 4339 Et
3356 4287 3507 4357 quod
3558 4287 3656 4340 illa
3684 4304 3923 4359 quoque

2218 4387 2349 4442 qum
2390 4377 2809 4442 consequenter
2837 4373 2905 4427 de
2937 4373 3201 4443 reprobis
3230 4381 3461 4428 narrata
3502 4380 3634 4429 sunt
3665 4375 3923 4431 homini-

2220 4460 2346 4528 bus,
2379 4476 2493 4514 non
2540 4460 2663 4514 sine
2701 4461 3207 4530 praedestinatione
3239 4464 3417 4533 (quod
3454 4464 3620 4527 absit)
3659 4471 3927 4534 patraveo

2219 4548 2318 4603 ris.
2350 4548 2623 4620 Alioquin
2657 4555 2713 4603 et
2761 4554 2892 4605 ante
2925 4550 3122 4605 omnia
3168 4553 3374 4605 saecula
3425 4553 3716 4608 mutabilis
3757 4560 3818 4608 et
3867 4556 3927 4607 in

2220 4638 2451 4692 exordio
2483 4655 2713 4709 quoque
2762 4640 3099 4693 saeculorum
3132 4640 3299 4711 juxta
3340 4641 3774 4697 fallacissimum
3816 4645 3926 4698 ho-

2221 4743 2349 4780 rum
2392 4727 2623 4796 dogma,
2668 4743 2799 4781 mox
2844 4733 3095 4782 mutatus
3141 4729 3314 4799 (quod
3347 4746 3418 4784 ne
3452 4730 3519 4785 ad
3561 4738 3928 4786 momentum

2221 4815 2452 4886 quidem
2495 4831 2615 4867 esse
2645 4816 2850 4887 potest)
2901 4816 3235 4871 iuvenireris
3265 4834 3277 4872 :
3334 4818 3434 4889 qui
3465 4819 3618 4874 solus
3651 4819 3932 4875 immuta-

2222 4903 2353 4957 bilis
2401 4902 2470 4956 ab
2505 4902 2781 4957 universis
2824 4904 3021 4973 procul
3064 4906 3358 4960 catholicis
3392 4923 3514 4962 esse
3552 4907 3830 4976 crederis,
3876 4914 3934 4961 et

2221 4992 2346 5046 luce
2377 4991 2586 5046 clarius
2614 4997 2667 5045 te
2698 4993 2983 5047 revelante
3015 4993 3192 5047 sciris.

2295 5082 2402 5134 Fac
2431 5080 2624 5147 etiam,
2667 5097 2880 5151 quaeso,
2918 5083 3158 5137 Domine
3196 5084 3362 5151 Deus,
3416 5089 3481 5139 ut
3521 5085 3697 5140 etiam
3750 5091 3933 5158 atque

2224 5168 2395 5222 etiam
2429 5185 2544 5221 non
2579 5169 2698 5239 jam
2747 5186 3032 5239 procaces,
3079 5171 3422 5242 pertinaces,
3458 5178 3628 5245 atque
3674 5177 3937 5245 pervica-

2224 5273 2334 5322 ces,
2369 5274 2555 5327 neque
2588 5274 2895 5328 pugnaces,
2938 5260 3167 5314 fallaces
3197 5266 3370 5332 atque
3416 5263 3719 5317 mendaces
3771 5266 3939 5336 (quia

2224 5351 2376 5399 certe
2424 5345 2758 5415 hujusmodi
2788 5347 3053 5401 homines
3085 5349 3155 5403 ad
3206 5349 3567 5419 intuendam,
3601 5352 3695 5406 cui
3753 5370 3935 5426 repu-

2226 5439 2422 5504 gnant,
2482 5434 2779 5488 veritatem
2848 5452 2964 5489 non
3040 5443 3280 5507 possunt
3344 5455 3465 5493 esse
3540 5442 3936 5511 perspicaces,

2225 5524 2652 5594 quantumlibet
2693 5523 2867 5578 etiam
2920 5527 3262 5581 naturaliter
3290 5543 3411 5582 esse
3447 5529 3732 5584 voluerint
3766 5548 3938 5601 saga-
