4098 6180
406 293 510 346 363

1476 284 1996 343 GOTTESCHALCI
2036 285 2466 342 ORBACENSIS
2510 287 2820 343 MONACHI

3796 287 3898 341 364

485 423 708 478 Utinam
738 421 865 486 hoc,
900 418 1161 485 Domine,
1197 417 1520 488 legentibus
1552 421 1607 470 et
1645 416 2102 487 intelligentibus
2140 419 2292 473 Atia
2344 418 2513 471 simul
2568 435 2631 471 ac
2668 417 2923 471 facinora
2980 419 3239 472 remittas
3285 417 3513 489 penitus
3561 435 3625 473 ac
3679 435 3899 489 parcas.

409 510 737 581 liujusmodi
787 507 949 577 (sicut
989 512 1074 561 est
1126 509 1293 577 Opus)
1344 505 1625 576 inspirare
1668 505 1922 575 digneris
1971 506 2102 560 affe-

410 604 584 664 ctum,
639 602 699 650 ut
751 600 985 648 exorent
1014 600 1068 648 te
1108 594 1459 664 suppliciter,
1521 609 1633 664 quo
1684 593 1945 647 celeriter
1995 594 2103 646 hoc

411 687 587 740 animi
614 685 729 738 mei
760 684 1106 737 desiderium
1167 698 1362 735 meum
1410 681 1554 735 sicut
1603 682 1821 751 indiget
1862 682 2103 736 Ecclesia

409 780 525 836 tua,
576 774 853 845 perducas
902 773 970 825 ad
1022 771 1308 836 etfectum,
1370 776 1426 824 et
1486 771 1775 841 siquidem
1816 776 1869 823 te
1900 771 2101 824 suffra-

410 868 582 933 gante
630 862 699 915 de
733 860 949 913 cunctis
979 860 1184 913 illaesas
1211 858 1500 928 prodiero,
1535 860 1927 930 amplexentur
1960 859 2103 913 veri-

408 955 605 1014 tatem,
636 955 690 1002 et
715 954 1079 1002 exsecrantur
1109 948 1446 1014 falsitatem;
1496 946 1582 1000 sin
1628 952 1817 1001 autem
1846 948 1999 1018 quod
2033 963 2105 1000 ex

408 1044 486 1107 te,
518 1054 621 1107 per
648 1041 725 1104 te,
774 1041 830 1090 et
880 1036 938 1089 in
969 1040 1023 1089 te
1056 1035 1362 1101 credendo,
1421 1035 1766 1100 conﬁtendo,
1822 1035 2102 1105 sperando

409 1133 465 1180 et
496 1126 762 1187 amando,
795 1125 992 1194 tuique
1026 1123 1423 1178 tantummodo
1454 1140 1708 1190 securus,
1742 1130 1969 1194 tumque
2013 1140 2102 1177 so-

408 1215 704 1269 lummodo
736 1214 934 1284 gratiae
963 1219 1149 1267 certus
1175 1214 1470 1283 polliceor,
1505 1215 1591 1266 vel
1624 1213 1893 1267 inchoare
1927 1214 2103 1283 trepi-

409 1304 638 1367 davero,
670 1304 756 1355 vel
799 1318 1201 1355 consummare
1251 1301 1653 1369 formidavero,
1689 1303 1745 1355 iu
1778 1303 1969 1372 ignem
2012 1318 2102 1355 me

408 1393 670 1461 protinus
706 1391 951 1457 mittant,
987 1396 1041 1443 et
1073 1391 1283 1444 ibidem
1319 1391 1522 1444 merito
1543 1392 1724 1444 nerire
1747 1391 2099 1461 permittant.

408 1480 753 1549 Suppliciter
793 1485 984 1532 tamen
1036 1484 1112 1544 te,
1174 1479 1434 1539 Domine,
1486 1495 1625 1549 rogo
1660 1479 1721 1532 in
1774 1480 2103 1533 dulcissimo

407 1570 642 1621 nomine
675 1574 798 1633 tuo,
831 1572 896 1621 ut
926 1583 1095 1620 nemo
1126 1583 1216 1620 me
1247 1568 1657 1620 catholicorum
1685 1574 1898 1621 temere
1930 1569 2101 1638 (quod

409 1656 576 1725 absit)
610 1656 991 1725 reprehendet
1033 1657 1093 1708 in
1141 1657 1333 1708 animo
1373 1672 1498 1719 suo,
1541 1657 1676 1724 quia
1725 1673 1957 1726 prorsus
1997 1673 2100 1710 au-

2209 510 2410 561 Amen.
2452 508 2667 561 Gratias
2698 523 2806 577 ago
2840 507 2943 560 tibi
2974 513 3470 578 quantoscunque,
3522 509 3671 562 trine
3706 514 3761 562 et
3792 525 3902 562 une

2210 595 2536 648 dominator
2567 596 2804 649 Domine
2850 598 3017 661 Deus,
3056 596 3211 666 quod
3263 596 3331 649 ad
3366 597 3535 649 tidem
3566 597 3903 650 catholicam

2213 683 2282 736 de
2336 684 2833 753 praedestinatione
2880 685 3219 737 credendam
3275 690 3329 737 et
3372 685 3755 738 confitendam
3787 702 3903 738 esse

2213 772 2387 842 gratis
2416 773 2681 842 dignatus
2726 791 2784 826 es
2826 778 2882 827 et
2915 773 3170 843 dignaris
3205 774 3284 841 (et
3332 779 3395 827 ut
3433 774 3602 827 credo
3652 790 3715 826 ac
3744 790 3905 844 spero

2214 861 2395 930 magis
2414 878 2476 914 ac
2500 862 2683 933 magis
2700 880 2819 916 esse
2844 863 2937 916 diu
2963 869 3251 932 noctuque
3277 862 3544 932 deinceps
3562 862 3905 933 dignaberis)

2210 951 2543 1019 illustrator,
2576 951 2967 1004 inflammator
2995 968 3056 1003 ac
3102 951 3446 1021 suffragator
3488 968 3666 1005 meus.
3700 954 3901 1006 Amen.

2283 1043 2488 1095 Precor
2518 1042 3046 1111 (quantumcunque
3082 1040 3223 1093 mihi
3268 1042 3439 1094 datur
3487 1040 3759 1093 divinitus
3798 1040 3902 1093 hu-

2213 1130 2473 1201 militate)
2514 1146 2702 1183 coram
2761 1130 2928 1183 trinae
2985 1129 3244 1194 unitatis,
3298 1134 3353 1182 et
3397 1128 3565 1182 unius
3615 1129 3905 1182 Trinitatis

2211 1219 2658 1289 praesentissima
2707 1219 3022 1289 majestate,
3058 1222 3120 1271 ut
3149 1218 3408 1289 quisquis
3441 1219 3545 1271 hoc
3576 1234 3692 1271 non
3732 1219 3904 1272 livore

2213 1307 2465 1376 corvino,
2514 1307 2609 1361 sed
2642 1322 2839 1361 amore
2881 1307 3073 1376 potius
3112 1307 3439 1360 columbino
3496 1305 3722 1376 legeris.
3778 1308 3903 1361 Got-

2211 1396 2480 1449 teschalci
2531 1396 2842 1466 peccatoris
2891 1402 3021 1448 ante
3072 1396 3250 1449 Deum
3306 1395 3661 1464 memineris,
3708 1400 3765 1449 et
3818 1412 3908 1465 pa-

2212 1490 2376 1538 terno
2409 1485 2524 1539 sive
2562 1486 2813 1538 fraterno
2847 1484 3051 1538 affectu
3082 1484 3419 1553 simpliciter
3441 1485 3717 1553 implores
3749 1483 3905 1537 beni-

2214 1574 2551 1642 gnissimam
2587 1574 2767 1643 ipsius
2800 1573 3182 1637 clementiam,
3220 1578 3281 1625 ut
3311 1572 3582 1641 dignetur
3604 1571 3745 1624 mihi
3776 1586 3909 1640 gra-

2215 1663 2359 1715 tuita
2389 1663 2598 1732 pietate
2646 1662 2845 1732 largiri
2891 1679 3037 1715 veras
3088 1678 3313 1731 semper
3344 1666 3400 1715 et
3446 1662 3659 1731 ubique
3718 1675 3905 1713 coram

409 1761 534 1798 sum
576 1746 709 1798 talia
743 1744 976 1814 petendi
1006 1745 1179 1813 (sicut
1204 1744 1325 1813 ipse
1357 1745 1562 1797 melius
1591 1746 1758 1811 nosti)
1793 1763 1823 1798 a
1846 1762 1935 1798 me
1968 1761 2105 1815 pro-
2142 1726 2183 1779 Β
2218 1770 2275 1805 se
2333 1751 2677 1805 humilitatis
2754 1751 3169 1817 excellentiam,
3248 1754 3302 1802 et
3352 1749 3585 1802 sincerae
3665 1748 3907 1801 charita-

407 1835 534 1904 pria
569 1834 888 1887 temeritate
923 1850 1042 1887 non
1083 1849 1394 1903 praesumo,
1430 1834 1523 1887 sed
1570 1834 1668 1888 abs
1698 1839 1753 1888 te
1784 1834 1978 1904 potius
2007 1840 2104 1887 tua

409 1924 763 1993 benignitate
788 1940 973 1977 sumo.

482 2014 602 2066 imo
652 2012 911 2083 quisquis
940 2018 996 2065 te
1039 2013 1245 2065 timens
1285 2029 1439 2077 vere,
1490 2012 1850 2083 diligensque
1884 2012 2103 2066 sincere

408 2101 678 2169 dignatur
707 2101 828 2153 haec
870 2101 1081 2170 legere,
1117 2101 1206 2153 vel
1253 2101 1446 2154 audita
1485 2102 1801 2171 percipere,
1834 2103 2105 2172 implorat

411 2190 721 2258 gratuitam
781 2188 1230 2241 misericordiam
1293 2194 1454 2242 tuam
1520 2189 1770 2242 fraterna
1842 2205 2102 2259 compas-

413 2276 593 2344 sione,
623 2294 685 2330 ac
717 2276 945 2347 gemina
979 2276 1148 2329 simul
1182 2277 1484 2331 dilectione
1523 2283 1586 2331 ut
1616 2284 1696 2345 tu,
1727 2278 1827 2348 qui
1857 2279 2012 2331 solus
2046 2295 2104 2331 es

413 2367 642 2436 adjutor
670 2366 727 2418 in
761 2365 1290 2435 opportunitatibus
1323 2366 1486 2436 (Psal.
1526 2383 1601 2432 1x,
1642 2366 1750 2435 10),
1784 2366 1841 2418 in
1866 2365 2102 2419 tribula-

408 2457 563 2509 tione
595 2456 850 2525 digneris
884 2456 1165 2509 instanter
1194 2456 1463 2525 adjuvare
1496 2472 1586 2509 me
1617 2456 1966 2522 credentem,
2003 2455 2106 2507 sci-

412 2545 544 2597 licet
592 2549 917 2614 sperantem
958 2544 1018 2597 in
1065 2549 1163 2597 tua
1206 2544 1455 2614 gratuita
1504 2544 1893 2611 miseratione,
1928 2543 2103 2596 dites-

413 2649 524 2703 que
556 2649 647 2685 me
678 2633 847 2686 simul
879 2633 947 2686 ad
979 2632 1037 2685 id
1070 2637 1125 2685 et
1156 2632 1545 2701 incipiendum
1599 2638 1654 2685 et
1689 2631 2104 2701 perliciendum

412 2722 635 2791 integra
676 2722 808 2787 ﬁde,
840 2721 1176 2774 corrobores
1207 2737 1439 2791 quoque
1478 2721 1656 2774 solida
1682 2738 1799 2791 spe,
1832 2737 1895 2774 ac
1927 2720 2105 2773 dones

411 2811 587 2865 etiam
610 2810 945 2863 sincerrima
973 2811 1273 2877 charitate,
1307 2817 1479 2880 atque
1511 2810 1685 2877 gratis
1730 2811 1904 2863 etiam
1935 2809 2104 2863 deco-

414 2916 504 2953 res
535 2899 895 2952 veracissima
926 2915 1118 2951 coram
1162 2902 1213 2951 te
1245 2914 1473 2967 semper
1512 2898 1856 2951 humilitate.
1890 2898 2104 2966 Depul-

414 3005 588 3058 saque
623 2989 821 3057 procul
866 2988 935 3040 ab
967 2988 1282 3041 orthodoxa
1331 2987 1570 3040 Ecclesia
1619 2993 1718 3040 tua
1768 2992 1883 3040 tam
1936 2986 2105 3039 lethi-

414 3077 535 3131 fero
568 3077 846 3146 dogmatis
878 3076 1143 3143 falsitate,
1177 3077 1348 3129 facias
1390 3092 1481 3129 me
1512 3076 1780 3145 deinceps
1811 3091 1939 3128 cum
1993 3074 2107 3128 ele-

415 3167 491 3220 cti
520 3168 633 3220 tuis
664 3167 915 3237 gaudere
966 3182 1069 3237 pro
1119 3166 1400 3235 patefacta
1443 3165 1709 3218 fidelibus
1750 3165 1861 3218 tuis
1908 3164 2107 3217 catho-

414 3257 521 3309 lica
546 3256 680 3309 tidei
709 3256 943 3309 veritate
976 3273 987 3309 :
1018 3255 1216 3325 Sitque
1248 3254 1412 3307 nobis
1440 3254 1508 3307 de
1550 3258 1754 3307 caetero
1796 3254 1855 3305 in
1888 3259 1941 3305 te
1990 3252 2107 3304 solo

415 3344 689 3416 gaudium
722 3360 918 3396 verum
950 3349 1119 3411 atque
1152 3343 1461 3405 sincerum,
1491 3341 1927 3410 tripudiumque
1959 3356 2109 3392 sum-

416 3449 574 3486 mum
622 3447 683 3483 ac
731 3432 998 3496 solidum,
1050 3435 1107 3483 et
1156 3429 1422 3498 gloriatio
1453 3429 1793 3492 communis,
1837 3428 1988 3498 quod
2039 3428 2108 3480 ab

382 3518 385 3521 “
416 3520 818 3573 hmreticorum
849 3523 964 3570 tam
997 3517 1154 3587 gravi
1185 3516 1425 3585 pertidia
1454 3516 1687 3569 tandem
1719 3516 1876 3586 plebs
1908 3520 1963 3567 et
2001 3531 2107 3583 po-

414 3610 584 3679 pulus
619 3614 774 3673 tuus,
805 3612 857 3659 te
908 3606 1213 3659 miserante
1262 3606 1441 3658 factus
1489 3610 1575 3658 est
1618 3604 1915 3657 immunis.
1968 3604 2111 3668 Quia

416 3696 666 3766 profecto
697 3696 888 3748 nullus
932 3711 1184 3765 unquam
1228 3694 1540 3747 electorum
1588 3699 1821 3747 tuorum
1870 3693 1975 3746 tibi
2020 3692 2105 3745 vel

415 3785 485 3838 ad
520 3788 873 3837 momentum
925 3784 1147 3854 placere
1179 3783 1381 3854 potuit,
1416 3788 1625 3853 potest,
1672 3782 1758 3835 vel
1788 3781 2000 3851 poterit
2041 3781 2109 3834 de

416 3892 517 3928 suo
546 3891 558 3928 :
591 3874 687 3927 sed
718 3890 915 3926 omnes
946 3873 1136 3943 potius
1159 3873 1241 3925 tui
1274 3872 1377 3925 tibi
1402 3888 1507 3942 per
1527 3872 1833 3941 gratuitam
1866 3870 2110 3940 gratiam

414 3968 573 4016 tuam
606 3963 946 4031 placuerunt
995 3962 1268 4014 hactenus
1313 3965 1484 4030 atque
1516 3960 1759 4030 placent,
1807 3974 1870 4011 ac
1919 3959 2109 4028 placa-

414 4050 559 4102 bunt
588 4066 814 4119 semper
845 4050 911 4102 de
934 4054 1053 4102 tuo.

484 4139 596 4190 Hac
628 4154 763 4206 ergo
794 4138 972 4206 gratis
1005 4136 1290 4189 animatus
1320 4136 1450 4203 fide,
1480 4135 1754 4189 solidatos
1786 4134 1957 4188 etiam
1989 4151 2108 4205 spe,

412 4232 466 4278 et
501 4226 887 4278 inflammatus
920 4226 1134 4293 pariter
1165 4224 1461 4289 charitate,
1504 4240 1606 4294 per
1650 4226 1919 4294 teipsum,
1964 4225 2110 4278 Deus

414 4314 651 4381 optime,
685 4315 1021 4382 suppliciter
1051 4313 1305 4379 obsecro,
1352 4317 1417 4366 ut
1446 4330 1578 4366 vera
1609 4314 1751 4366 mihi
1786 4312 2110 4366 humilitate

412 4401 563 4469 data,
596 4401 774 4455 solido
829 4402 953 4465 vitae
985 4402 1193 4471 gaudio
1239 4418 1465 4472 semper
1498 4402 1668 4455 facias
1712 4402 1963 4472 gaudere
1994 4418 2105 4456 me.

417 4490 675 4559 Denique
707 4490 811 4543 tibi
844 4495 1059 4561 tuoque
1090 4490 1311 4544 nomini
1335 4490 1587 4544 debitam
1621 4507 1722 4561 per
1759 4491 1966 4545 sazcula
1995 4492 2111 4561 glo-

413 4579 579 4643 riam,
610 4586 659 4633 et
694 4584 930 4648 propter
969 4578 1251 4647 justitiam
1293 4578 1546 4648 quidem,
1581 4578 1716 4649 quia
1760 4578 1965 4631 merito
2006 4594 2107 4631 su-

411 4667 616 4737 perbos
653 4667 943 4734 humilias,
982 4668 1243 4720 incurvas
1289 4676 1345 4721 et
1384 4667 1646 4735 inclinas,
1698 4671 1933 4737 propter
1976 4682 2107 4737 gra-

412 4756 550 4808 tiam
582 4760 796 4821 autem,
840 4756 976 4825 quia
1018 4756 1196 4824 gratis
1235 4756 1483 4809 humiles
1536 4757 1768 4819 exaltas,
1805 4758 1989 4808 elevas
2020 4760 2103 4808 at-

413 4860 524 4915 que
555 4845 857 4910 sublimas;
898 4862 1001 4916 per
1032 4861 1197 4915 quam
1234 4844 1449 4898 scilicet
1486 4849 1793 4913 utramque
1841 4844 2103 4913 supplico

410 4934 534 4999 tibi,
594 4934 985 5004 cunctipotens
1055 4938 1111 4986 et
1169 4934 1419 4987 clemens
1480 4933 1724 4987 Trinitas
1780 4932 1994 5002 pariter
2052 4938 2106 4987 et

409 5023 598 5076 unitas
641 5027 705 5076 ut
737 5023 1004 5076 omnibus
1044 5022 1293 5076 inimicis
1324 5023 1434 5075 tuis
1464 5022 1813 5092 (quicunque
1857 5022 1972 5074 sint
2014 5022 2103 5074 in-

409 5111 560 5165 vidia
593 5112 846 5166 nominis
880 5112 984 5179 tui,
1019 5112 1133 5165 sive
1166 5112 1510 5178 nescienter,
1559 5112 1674 5165 sive
1707 5111 1879 5164 etiam
1923 5111 2104 5165 scien-

410 5205 496 5253 ter
517 5206 855 5266 nocuerunt,
888 5200 1003 5254 imo
1028 5217 1232 5254 nocere
1254 5202 1562 5254 voluerunt
1588 5200 1749 5265 mihi,
1783 5205 2103 5255 nocuerunt

411 5293 599 5342 autem
654 5289 844 5358 potius
896 5290 1111 5360 absque
1187 5289 1361 5343 dubio
1413 5289 1536 5357 sibi)
1593 5289 1859 5343 universa
1910 5289 2102 5343 debita

410 5391 509 5427 sua
542 5374 841 5446 indulgeas
871 5376 1148 5443 funditus,
1190 5382 1247 5429 et
1276 5376 1551 5445 ignoscat,
1600 5380 1654 5429 et
1696 5376 1889 5430 omnia
1938 5376 2101 5447 flagi-

482 5550 507 5577 ι
537 5545 703 5599 Deest
726 5546 818 5600 hic
839 5546 1074 5618 aliquid.

2213 1841 2285 1893 tis
2334 1840 2747 1910 perpetualiter
2790 1839 3162 1892 eminentiam
3200 1856 3212 1893 :
3270 1839 3461 1909 sicque
3498 1854 3587 1891 me
3643 1842 3911 1906 protegat

2213 1928 2609 1983 indesinenter
2638 1929 2697 1982 in
2729 1929 3097 1982 tabernaculo
3132 1945 3166 1981 a
3189 1927 3632 1980 contradictione
3676 1926 3909 1995 lingua-

2214 2034 2339 2071 rum
2375 2017 2554 2087 (Psal.
2598 2032 2725 2083 xxx,
2777 2019 2890 2084 21,)
2940 2017 2995 2070 id
3022 2022 3124 2079 est,
3164 2016 3221 2068 in
3256 2015 3365 2069 ﬁde
3399 2020 3553 2068 recta
3615 2014 3910 2067 catholicae

2216 2106 2473 2159 Ecclesiae
2513 2122 2543 2157 a
2573 2105 2875 2158 calumniis
2905 2104 3325 2168 haereticorum,
3374 2108 3439 2155 ut
3469 2102 3656 2172 potius
3685 2102 3911 2155 incom-

2213 2193 2545 2264 parabiliter
2574 2198 2763 2263 optem
2798 2196 3033 2261 propter
3057 2208 3263 2244 nomen
3301 2190 3525 2245 Domini
3562 2189 3662 2243 Dei
3708 2190 3910 2254 nostri,

2214 2288 2270 2335 et
2299 2298 2556 2335 amorem
2588 2281 2838 2333 veritatis
2880 2280 3147 2333 universa
3188 2277 3630 2348 prmsentialiter
3673 2277 3913 2330 adversa

2214 2370 2433 2441 perpeti
2479 2368 2970 2439 persecutionibus
3026 2368 3281 2435 illorum,
3324 2383 3497 2437 quam
3540 2366 3629 2420 vel
3660 2366 3730 2419 ad
3781 2381 3905 2419 mo-

2215 2464 2472 2512 mentum
2509 2457 2811 2510 titubando
2837 2457 3075 2523 ,deviare
3109 2456 3285 2526 (quod
3335 2456 3497 2518 absit)
3535 2471 3565 2506 a
3609 2453 3914 2507 dilectione

2213 2548 2303 2601 vel
2352 2545 2706 2599 confessione
2742 2545 3018 2609 veritatis,
3063 2545 3151 2597 vel
3201 2562 3232 2596 a
3278 2544 3613 2612 praescripta
3647 2542 3761 2595 tide
3822 2558 3915 2595 ca-

2214 2635 2581 2701 tholicorum,
2637 2650 2764 2704 qua:
2813 2638 2867 2686 et
2900 2632 3081 2702 ipsius
3113 2632 3479 2702 potissimum
3528 2630 3783 2684 veritatis
3838 2635 3923 2682 est

2217 2737 2316 2774 ore
2348 2721 2651 2787 declarata,
2695 2725 2749 2773 et
2778 2719 3166 2772 invictissimis
3199 2734 3427 2789 quoque
3455 2734 3689 2771 suorum
3721 2723 3923 2770 aucto-

2216 2810 2480 2862 ritatibus
2514 2808 2931 2861 ministrorum.
2982 2807 3126 2871 Quia
3172 2808 3427 2876 profecto
3474 2807 3739 2877 proximo
3789 2806 3923 2876 qui-

2218 2898 2347 2951 dem
2378 2914 2506 2950 meo
2536 2901 2778 2963 tantam,
2815 2904 3087 2966 quantam
3122 2895 3263 2948 mihi
3304 2894 3637 2949 charitatem
3680 2894 3870 2948 debeo
3907 2910 3920 2946 ε

2147 3022 2186 3075 C
2219 2988 2333 3040 Deo
2388 2992 2580 3039 autem
2632 3002 2696 3039 ex
2747 2991 2885 3052 toto,
2948 2985 3219 3055 quoniam
3279 2984 3560 3055 quidquid
3609 2983 3775 3037 nobis
3840 2988 3925 3036 est

2214 3075 2350 3129 boni
2386 3075 2468 3128 vel
2496 3075 2617 3144 ipse
2643 3078 2747 3136 est,
2782 3074 2872 3127 vel
2905 3073 2974 3126 ab
3005 3089 3092 3126 eo.

2286 3165 2368 3217 Tu
2410 3180 2544 3217 vero
2584 3162 2840 3234 quisquis
2875 3162 3046 3231 hujus
3078 3160 3231 3225 tidei,
3285 3166 3342 3214 et
3370 3160 3742 3213 confessionis
3774 3176 3923 3213 mea:

2218 3252 2472 3321 dignaris
2504 3269 2644 3319 esse,
2677 3252 2805 3321 pius
2841 3252 3019 3304 lector
3048 3255 3102 3303 et
3131 3250 3351 3321 peritus
3390 3250 3735 3310 intellector.
3764 3259 3789 3283 ⁸
3830 3266 3917 3301 sa-

2218 3340 2443 3409 pienter
2517 3340 2791 3404 admittis,
2854 3345 3129 3409 tanquam
3206 3344 3427 3408 patrem
3509 3339 3926 3392 venerabiliter

2215 3444 2419 3496 precor
2462 3428 2651 3493 simul,
2685 3429 2768 3481 vel
2832 3428 2978 3481 sicut
3033 3428 3266 3480 fratrem
3318 3427 3564 3480 fideliter
3618 3426 3921 3489 exhortor,

2217 3516 2264 3567 si
2295 3516 2375 3567 vis
2406 3516 2465 3568 in
2497 3520 2774 3570 aeternum
2820 3516 3116 3569 veritatem
3165 3516 3379 3580 videre,
3432 3521 3487 3569 et
3526 3532 3653 3569 cum
3708 3515 3928 3568 sanctis

2219 3602 2436 3672 angelis
2491 3608 2547 3655 ct
2595 3602 2925 3656 hominibus
2970 3603 3185 3670 electis,
3239 3602 3617 3673 fidelibusque
3671 3603 3928 3656 testibus

2220 3690 2476 3759 ejusdem
2504 3691 2780 3755 veritatis,
2814 3690 2882 3743 de
2928 3690 3048 3760 ipsa
3107 3692 3436 3760 perenniter
3485 3691 3725 3744 veritate
3778 3706 3930 3760 gau-

2220 3778 2353 3832 dere
2384 3779 2615 3832 festines
2646 3780 2879 3833 omnino
2924 3780 3477 3849 perniciosissimum
3517 3785 3574 3833 ct
3624 3780 3931 3832 exitiosis-

2218 3867 2425 3921 simum
2458 3884 2639 3938 genus
2673 3868 2976 3932 mendacii,
3014 3868 3165 3938 quod
3198 3869 3610 3922 detestabiliter
3653 3868 3932 3921 commit-

2219 3957 2361 4009 titur
2405 3956 2466 4009 in
2504 3956 2761 4011 doctrina
2810 3956 3123 4026 religionis,
3166 3974 3283 4028 pra:
3327 3961 3509 4011 morte
3541 3957 3807 4026 corporis
3845 3973 3936 4009 ex-

2219 4045 2475 4112 horrere,
2510 4050 2566 4099 et
2596 4045 2675 4098 ita
2704 4046 3010 4099 secundum
3041 4047 3191 4116 quod
3241 4063 3345 4115 per
3376 4046 3607 4099 beatum
3644 4045 3935 4099 divinitus

2219 4134 2433 4187 dictum
2466 4139 2552 4187 est
2603 4135 3008 4205 Augustinum,
3056 4135 3329 4204 suscipiat
3381 4139 3674 4205 gratanter
3709 4134 3935 4188 diffusa

2219 4222 2433 4275 nostris
2494 4222 2551 4275 in
2605 4224 2873 4276 cordibus
2928 4224 3317 4293 pulcherrima
3375 4230 3431 4276 et
3487 4223 3938 4277 modestissima

2151 4320 2194 4373 D
2221 4310 2463 4364 charitas
2503 4311 2760 4365 osculum
2789 4312 3205 4377 columbarum,
3240 4317 3303 4365 ut
3346 4313 3432 4365 vel
3480 4312 3651 4366 evitet
3702 4312 3934 4364 cautis-

2218 4400 2362 4453 sima
2391 4399 2708 4465 humilitas,
2742 4400 2826 4453 vel
2858 4400 3125 4454 retundat
3155 4400 3496 4454 solidissima
3533 4401 3743 4453 veritas
3778 4400 3935 4454 den-

2222 4493 2333 4542 tem
2366 4488 2656 4542 caninum.
2694 4488 2796 4542 Ubi
2840 4488 3115 4542 nimirum
3165 4505 3269 4559 per
3314 4490 3572 4543 osculum
3622 4490 3941 4544 columbi-

2216 4593 2375 4644 num,
2401 4583 2683 4632 rectorum
2721 4578 2889 4631 corde
2927 4578 3329 4649 veraciumque
3373 4580 3521 4633 circa
3572 4596 3651 4644 se,
3694 4595 3939 4650 suaque

2215 4666 2362 4720 dicta
2392 4667 2675 4736 signiﬁcat
2719 4667 3153 4737 inspectionem.
3196 4670 3301 4721 Per
3331 4668 3562 4721 dentem
3595 4673 3802 4722 autem
3838 4684 3940 4721 ca-

2215 4755 2417 4808 ninum
2456 4756 2770 4826 malignam
2810 4772 3230 4825 perversorum,
3283 4756 3717 4826 irrisoriamque
3754 4758 3943 4812 falla-

2215 4844 2365 4897 cium
2396 4845 2923 4913 reprehensionem.
2962 4844 3205 4898 Obsecra
3231 4861 3366 4915 ergo
3398 4850 3453 4899 et
3481 4861 3650 4898 exora
3670 4848 3946 4918 (quaeso)

2216 4933 2524 4987 Dominum
2578 4935 2759 4987 Deum
2814 4938 3096 4998 nostrum,
3153 4935 3389 5005 ejusque
3432 4935 3839 5004 majestatem,
3883 4944 3951 4991 ut

2213 5026 2407 5074 contra
2455 5021 2692 5075 latratus
2735 5021 3127 5075 haereticorum
3180 5023 3554 5089 verissimam,
3607 5023 3954 5094 simplicis-

2214 5109 2439 5177 simam,
2465 5126 2529 5163 ac
2551 5109 3021 5180 benignissimam
3050 5110 3362 5166 habeamus
3382 5112 3747 5172 charitatem,
3780 5121 3847 5168 et
3872 5117 3950 5170 ad

2213 5201 2530 5251 extremum
2559 5214 2789 5270 quoque
2841 5198 3215 5253 retundamus
3247 5200 3447 5255 dentes
3493 5217 3694 5254 eorum
3747 5209 3948 5275 atque

2211 5286 2701 5341 mordacissimam
2756 5286 3060 5341 falsitatem
3091 5304 3196 5358 per
3237 5288 3673 5343 invictissimam
3716 5289 3954 5359 (velint

2211 5374 2415 5445 nolint)
2460 5392 2522 5430 ac
2552 5375 2957 5430 solidissimam
2987 5377 3286 5431 veritatem
3320 5394 3331 5431 :
3368 5377 3412 5429 si
3441 5376 3568 5448 quis
3598 5393 3739 5431 vero
3785 5381 3951 5435 mihi
