4098 6180
201 296 282 345 365
1298 290 1569 346 LIBELLI
1608 291 1701 347 AD
1744 292 2079 348 RABANUM
2120 292 2557 348 FRAGMENTA.

3572 292 3674 347 366

199 427 296 481 haec
324 424 583 496 loquenti
614 424 795 477 iratus
841 423 1033 493 fuerit,
1084 424 1154 479 de
1199 441 1257 480 se
1312 427 1528 481 dictum
1575 427 1866 497 fatebitur,
1906 430 1953 482 A
1983 429 2293 483 tributionis
2320 430 2451 501 (lsa.
2484 444 2647 494 xxxv,
2680 429 2772 499 4):
2823 428 2971 483 hanc
3000 427 3079 482 ita
3108 428 3340 483 noxiam
3379 430 3675 484 conculce-

197 515 263 569 vel
289 515 434 568 alius
463 518 663 568 auctor
692 513 912 567 asserit.

253 603 401 657 Talia
428 603 606 672 igitur
637 606 693 656 et
722 603 1003 671 ejusmodi
1046 603 1306 675 quisquis
1339 605 1524 679 adhuc
1567 607 1870 661 damnabi-

198 693 305 746 liter
332 691 653 761 praesumit,
686 692 772 745 vel
803 692 945 745 nihil
982 692 1214 755 scilicet,
1262 694 1346 747 vel
1378 710 1582 763 parum
1615 700 1873 748 metuens

198 778 491 846 veritatem,
526 784 581 831 et
611 779 791 849 ipsius
839 780 1140 849 judicium,
1192 786 1364 850 negat
1417 782 1682 839 audacter
1716 784 1872 854 (con-

199 874 265 921 tra
310 867 460 938 eam)
508 867 944 937 praedestinatos
993 886 1114 923 esse
1167 870 1444 939 reprobos
1491 870 1562 924 ad
1620 888 1875 941 perenne

198 956 543 1026 supplicium,
577 956 672 1009 ille
705 957 922 1011 scilicet
952 957 1051 1027 qui
1086 974 1202 1011 non
1237 958 1401 1011 timet
1446 960 1709 1014 eamdem
1770 960 1875 1014 sibi

198 1045 472 1098 veritatem
506 1044 567 1097 in
599 1050 850 1098 extremo
884 1046 973 1099 die
1018 1047 1237 1099 cunctis
1267 1047 1636 1101 audientibus
1666 1049 1873 1102 dicere.

202 1136 263 1187 En
288 1149 393 1203 ego
452 1150 602 1187 nunc
627 1134 778 1203 juste
816 1140 1040 1204 negate,
1078 1136 1213 1205 quia
1242 1138 1302 1189 tu
1340 1136 1548 1206 injuste
1584 1138 1875 1207 quondam

201 1222 400 1292 negasti
432 1239 547 1276 me.
593 1223 740 1276 Talis
768 1223 1051 1293 (inquam)
1086 1225 1131 1277 si
1162 1225 1283 1277 vult
1313 1230 1367 1279 et
1395 1227 1567 1280 audet
1588 1227 1875 1279 veritatem

200 1317 369 1381 neget,
402 1311 504 1382 qui
539 1328 662 1365 eam
714 1329 830 1365 non
862 1314 1068 1366 metuit
1100 1313 1409 1379 offendere,
1457 1316 1620 1384 cujus
1650 1315 1741 1369 die
1773 1331 1876 1368 no-

200 1406 386 1470 ctuque
444 1400 743 1455 nobiscum
787 1402 1002 1471 pariter
1054 1407 1201 1473 eget.
1249 1404 1356 1456 Nos
1404 1420 1537 1456 vero
1571 1404 1639 1457 ab
1679 1404 1878 1457 eadem

201 1488 477 1541 audientes
503 1490 795 1543 veritatem
824 1508 835 1544 :
877 1492 1006 1545 Dies
1050 1493 1275 1545 ultionis
1304 1495 1363 1545 in
1393 1492 1547 1545 corde
1586 1508 1697 1546 meo
1745 1493 1875 1563 (1.9a.

200 1591 326 1643 mu,
359 1577 409 1639 4)
439 1593 453 1643 ;
486 1582 578 1630 et:
631 1580 763 1632 Ecce
792 1581 929 1632 Deus
982 1584 1163 1633 noster
1212 1581 1468 1633 ultionem
1519 1580 1751 1634 adducet
1794 1596 1879 1633 re-

258 1725 276 1747 ⁸
300 1716 396 1770 Hic
427 1716 586 1770 deest
616 1718 855 1788 aliquid.

1980 534 2110 571 mus
2139 518 2468 586 falsitatem,
2501 522 2556 571 et
2587 518 2963 587 praedicemus
3002 518 3320 586 veritatem,
3348 536 3462 589 quo
3494 518 3678 573 nostri

1984 607 2325 661 misereatur
2354 607 2555 660 eadem
2587 606 2803 659 Veritas
2836 608 2982 661 Deus
3012 623 3171 660 meus
3200 607 3417 677 Deique
3480 608 3674 674 Filius,

1983 702 2039 750 et
2069 713 2219 750 nunc
2247 703 2305 751 et
2334 700 2469 750 tunc
2499 696 2558 749 iu
2581 695 2670 749 die
2701 694 2937 748 veniens
2968 696 3239 749 ultionis:
3271 696 3319 749 si
3362 696 3516 750 enim
3548 713 3678 750 vere

1982 785 2347 840 timuerimus
2394 785 2646 839 furorem
2687 783 3021 837 fallaciama
3085 784 3397 838 dummodo
3454 784 3677 855 placere

1982 874 2271 944 possimus
2304 873 2385 927 illi
2425 873 2524 943 qui
2574 890 2676 926 uos
2728 877 2887 943 regat
2942 887 3007 924 ac
3052 876 3333 941 protegat,
3386 888 3450 925 ac
3479 876 3677 925 contra

1982 962 2201 1017 rabiem
2235 962 2616 1031 grassantium
2646 961 2869 1015 muniat
2900 960 2963 1014 in
2985 976 3190 1013 aevum.
3223 962 3429 1014 Amen.

2058 1051 2297 1105 Domine
2339 1053 2487 1105 Deus
2539 1051 2859 1120 (benedicta
2890 1049 3059 1103 simul
3109 1053 3165 1101 et
3193 1048 3401 1101 invicta
3430 1048 3678 1103 Trinitas

1986 1144 2041 1193 et
2067 1140 2300 1208 unitas),
2350 1140 2611 1203 infunde,
2647 1156 2862 1210 quaeso,
2904 1137 3226 1208 legentibus
3262 1136 3380 1189 hazc
3412 1137 3675 1190 credendi

1987 1228 2183 1295 tidem,
2231 1233 2285 1281 et
2333 1227 2697 1281 credentibus
2749 1226 3061 1281 contitcndi
3120 1225 3333 1295 largire
3384 1224 3678 1277 virtutem.

1986 1317 2154 1373 Corde
2182 1321 2360 1370 autem
2418 1316 2780 1370 credentibus
2811 1316 2885 1369 ad
2925 1317 3226 1384 justitiam,
3260 1318 3310 1367 et
3359 1329 3447 1391 ore
3506 1312 3681 1366 conti-

1985 1404 2235 1457 teutibus
2265 1404 2333 1457 ad
2372 1406 2599 1458 salutem
2631 1405 2815 1473 (Rom.
2862 1420 2917 1469 x,
2968 1405 3069 1473 10),
3136 1402 3388 1457 retribuc
3438 1400 3683 1471 copiosae

1989 1492 2264 1545 mercedis
2308 1492 2767 1561 amplitudinem,
2801 1496 2856 1545 et
2885 1496 3113 1545 aeternas
3146 1496 3335 1545 tecum
3369 1490 3509 1543 lucis
3537 1488 3685 1561 [bea-

1988 1582 2314 1636 titudinem.
2345 1584 2547 1635 Amen.

1220 2027 2096 2137 FRAGMENTA
2183 2027 2649 2135 OMNIA

1633 2242 1816 2320 QUZE
1866 2241 2244 2307 EXSTANT

478 2410 700 2471 Libelli
733 2431 849 2490 per
877 2412 1395 2474 Gotteschalcum
1427 2413 2210 2553 Rabanobzlirttihiepi50251312)3
2232 2413 2613 2490 Moguntino
2662 2412 2725 2472 in
2770 2412 3000 2491 placito
3049 2411 3407 2489 Moguntiae

1644 2513 1680 2553 o
1753 2513 1786 2553 a
1818 2513 1860 2553 1.
1897 2512 2060 2553 anno
2218 2540 2230 2552 .

1644 2512 1837 2553 ODlaLI
1848 2542 1860 2565 ,
1897 2512 2060 2553 anno
2091 2512 2230 2553 C546.

1135 2654 1227 2720 (Ex
1259 2655 1540 2704 Hincmaro
1561 2654 1847 2703 Rhemensi
1870 2654 1925 2702 in
1953 2667 2109 2717 opere
2131 2653 2195 2703 de
2222 2652 2730 2714 Praedestinatione.)

422 2910 555 2963 Aar.
590 2909 632 2963 Ι.
663 2938 731 2949 -
766 2909 846 2961 De
876 2910 1090 2974 gemina
1129 2908 1645 2978 przdestinatione..

260 3014 579 3083 (HISCIAR.,
613 3015 680 3068 de
707 3014 988 3081 Prwdest.,
1037 3030 1159 3085 cap.
1205 3018 1256 3082 5,
1317 3031 1373 3085 p.
1423 3015 1536 3084 25.)
1598 3017 1882 3069 Ponamus

194 3120 312 3174 quae
344 3104 794 3162 Gotteschalcus,
843 3103 1080 3173 signifer
1132 3107 1187 3157 et
1232 3103 1479 3174 praevius
1505 3108 1677 3174 atque
1708 3104 1881 3173 hujus

192 3208 370 3262 prava:
401 3194 680 3247 doctrinae
705 3194 1094 3259 resuscitator,
1121 3192 1190 3246 de
1220 3192 1408 3263 primo
1437 3194 1695 3263 {capitulo
1730 3193 1882 3246 unde

192 3288 445 3336 versatur
474 3282 740 3353 quaestio,
769 3282 829 3335 in
860 3281 1007 3335 libro
1035 3298 1152 3334 suae
1200 3281 1402 3335 virosa:
1448 3280 1883 3351 conscriptionis

193 3371 617 3441 archiepiscopo
696 3370 930 3423 Rabano
1010 3373 1276 3439 porrecto
1356 3369 1571 3437 scribit,
1650 3368 1880 3423 dicens:

196 3460 518 3526 «Tandem,
567 3458 769 3529 inquit,
815 3457 929 3529 legi
979 3458 1207 3518 librum,
1249 3458 1569 3512 venerande
1608 3457 1882 3528 pontifex,

192 3552 345 3603 tuum
367 3550 429 3603 in
464 3565 578 3619 quo
609 3548 863 3617 positum
906 3548 1093 3617 reperi
1133 3548 1286 3615 quod
1316 3548 1481 3618 impii
1511 3563 1737 3617 quoque
1769 3546 1885 3600 sive

193 3638 414 3708 reprobi
444 3653 567 3691 non
616 3637 729 3689 sint
754 3635 1026 3690 divinitus
1071 3635 1143 3689 ad
1184 3635 1615 3689 damnationem
1657 3635 1887 3706 praede—

193 3726 402 3781 stinati.
433 3748 456 3774 ι
519 3727 584 3779 Et
626 3732 754 3795 post
811 3725 1141 3794 aliquanta:
1193 3747 1213 3773 ι
1271 3724 1575 3792 Praescivit,
1623 3724 1882 3795 inquam,

192 3814 312 3868 illos
341 3815 663 3886 pessimum
692 3813 992 3868 habituros
1049 3817 1261 3879 ortum,
1312 3815 1566 3884 pejorem
1618 3812 1881 3879 obitum;

192 3904 616 3974 praedestinavit
660 3907 846 3957 autem
880 3918 978 3957 eos
1024 3903 1095 3957 ad
1143 3903 1425 3957 luendum
1460 3918 1713 3973 perenne
1769 3906 1886 3955 tor-

193 3998 474 4058 mentum,
524 3998 583 4047 et
634 3992 1052 4062 sempiternum
1097 3991 1413 4045 interitum.
1469 4012 1494 4040 s
1546 3993 1611 4044 Et
1677 3990 1887 4045 iterum

191 4086 313 4150 post
362 4082 662 4153 aliquanta
702 4098 715 4135 :
753 4098 781 4133 ‹‹
838 4080 946 4144 Qui
998 4096 1195 4134 revera
1250 4080 1396 4133 sicut
1438 4081 1643 4133 electos
1688 4095 1888 4133 omnes

193 4156 625 4239 praedestinavit
650 4170 721 4224 ad
768 4171 945 4224 vitam
988 4186 1090 4239 per
1119 4169 1433 4237 gratuitum
1486 4168 1659 4223 solius
1688 4169 1887 4239 gratiae

194 4274 306 4312 sua:
361 4259 734 4327 beneﬁcium,
804 4258 1290 4329 quemadmodum
1345 4257 1560 4311 Veteris
1615 4260 1672 4310 et
1748 4256 1889 4310 Novi

193 4346 541 4402 Testamenti
570 4348 796 4418 paginae
834 4347 1365 4401 manifestissimum
1417 4347 1677 4417 praebent
1706 4347 1888 4399 soler—

195 4440 277 4490 ter
302 4454 366 4491 ac
398 4437 589 4491 sobrie
639 4435 1134 4490 considerantibus
1176 4435 1490 4489 indicium:
1524 4434 1604 4487 sic
1655 4434 1888 4488 omnino

195 4533 249 4580 et
290 4528 571 4598 reprobos
626 4542 881 4598 quosque
912 4525 982 4579 ad
1014 4530 1239 4579 aeterna;
1271 4524 1470 4578 mortis
1518 4522 1890 4595 praedestina-

1922 2911 1963 2964 Β
1993 2908 2224 2965 diversis
2254 2910 2313 2963 in
2352 2909 2662 2980 opusculis,
2703 2912 2759 2962 et
2796 2908 3043 2965 maxime
3095 2908 3158 2962 in
3201 2907 3687 2979 Hypomnesticon

1990 3014 2113 3052 esse
2163 2999 2527 3069 cognoscitur
2580 2998 2946 3053 inculcatum.
3002 2997 3160 3051 Uude
3191 3002 3244 3051 te
3301 2996 3488 3067 potius
3536 2997 3688 3066 ejus-

1990 3086 2118 3139 dem
2153 3085 2581 3139 catholicissimi
2628 3086 2886 3139 doctores
2938 3084 3400 3139 fructuosissimis
3429 3084 3689 3138 assertio-

1991 3174 2162 3228 nibus
2192 3173 2739 3243 incomparabiliter,
2771 3173 2903 3228 inde
2936 3189 3166 3244 quoque
3208 3174 3523 3227 malueram
3556 3171 3684 3236 niti,

1993 3279 2165 3333 quam
2216 3262 2468 3317 erroneis
2529 3262 2899 3334 opinionibus
2965 3262 3327 3317 Massiliensis
3387 3261 3685 3330 Gennadii,

1993 3351 2092 3422 qui
2122 3350 2409 3422 plerisque
2449 3351 2819 3422 praesumpsit
2872 3351 2932 3405 in
2962 3350 3100 3405 locis
3156 3356 3271 3405 tam
3327 3350 3463 3405 ﬁdei
3490 3351 3687 3405 catho-

1992 3440 2117 3494 lica:
2149 3456 2322 3511 quam
2355 3441 2653 3496 beatorum
2694 3440 2865 3495 etiam
2896 3442 3127 3495 Patrum
3157 3440 3547 3496 invictissimis
3585 3456 3687 3494 au-

1993 3528 2373 3597 ctoritatibus,
2436 3529 2679 3583 infelicis
2737 3528 2991 3585 Cassiani
3057 3529 3447 3601 perniciosum
3516 3529 3691 3584 nimis

1995 3616 2206 3686 dogma
2236 3632 2501 3687 sequens,
2534 3615 2727 3671 reniti.
2765 3638 2785 3665 ι

2349 3724 2480 3776 ΛΒΤ.
2520 3723 2615 3776 III.
2655 3750 2724 3763 —
2790 3725 2863 3776 De
2902 3723 3177 3777 voluntate
3219 3724 3335 3778 Dei.

2065 3828 2131 3881 Et
2172 3827 2610 3896 Gotteschalcus,
2668 3827 2977 3881 modernus
3024 3828 3585 3895 Praedestinatiauus,
3630 3828 3693 3881 in

1993 3913 2143 3969 libro
2191 3915 2261 3969 ad
2320 3914 2616 3969 Rabanum
2692 3914 3183 3985 archiepiscopum
3245 3916 3690 3986 Moguntinum:

2000 4022 2027 4057 ‹‹
2062 4005 2292 4071 Omnes,
2350 4004 2559 4075 inquit,
2613 4020 2758 4075 quos
2807 4006 2929 4058 vult
2988 4005 3134 4057 Deus
3166 4003 3350 4057 salvos
3404 4001 3531 4057 ﬁeri
3572 4003 3695 4056 sine

1996 4091 2357 4147 dubitatione
2419 4093 2746 4147 salvantur:
2818 4108 2921 4145 nec
2978 4096 3221 4161 possunt
3284 4090 3508 4158 salvari,
3584 4088 3695 4143 nisi

1927 4197 2142 4264 Cquos
2196 4184 2338 4235 Deus
2405 4182 2525 4235 vult
2602 4182 2785 4234 salvos
2841 4179 3005 4235 ﬁeri:
3063 4196 3167 4233 nec
3223 4183 3307 4234 est
3363 4179 3691 4250 quisquam,

1996 4286 2171 4342 quem
2205 4271 2351 4323 Deus
2377 4270 2583 4324 salvari
2622 4271 2774 4338 velit,
2808 4273 2865 4323 et
2913 4286 3030 4323 non
3067 4270 3334 4335 salvetur,
3384 4268 3520 4339 quia
3550 4270 3699 4323 Deus

1996 4362 2191 4414 noster
2211 4362 2392 4413 omnia
2416 4375 2742 4429 quzecunque
2768 4360 2939 4413 voluit
2957 4360 3106 4426 fecit.
3138 4380 3165 4407 ››

2070 4448 2506 4514 Gotteschalcus,
2554 4464 2838 4502 novorum
2894 4447 3535 4507 Praedestinatianorum
3581 4448 3698 4518 pri-

2001 4536 2288 4604 micerius,
2343 4536 2404 4590 in
2431 4537 2671 4607 praefato
2710 4553 2810 4590 suo
2858 4537 3050 4590 libello
3105 4536 3176 4589 ad
3224 4537 3522 4591 Rabanum
3564 4538 3700 4591 scri-

195 4616 275 4669 vit
302 4615 677 4687 supplicium,
702 4630 808 4684 per
831 4613 1217 4685 justissimum
1266 4613 1528 4668 videlicet
1564 4612 1895 4667 incommu—
2001 4630 2229 4695 pserat;
2270 4646 2291 4673 .
2326 4625 2537 4679 omnes
2570 4630 2626 4679 et
2680 4641 2878 4679 omnes
2926 4624 3135 4679 debere
3190 4623 3455 4695 intelligi,
3508 4624 3565 4678 id
3619 4629 3703 4679 est

195 4704 387 4759 tabilis
410 4704 651 4776 justitize
684 4720 803 4757 suae
829 4702 1135 4772 judicium.

586 4825 716 4878 ΑΜ.
750 4824 820 4877 ΙΙ.
848 4854 916 4862 -
951 4826 1025 4877 De
1068 4822 1234 4877 libero
1262 4821 1514 4876 arbitrio.

266 4952 594 5020 (timaram,
626 4949 792 5016 ibid,
844 4964 967 5019 cap.
1001 4950 1090 5013 2t,
1136 4962 1270 5017 pag.
1326 4944 1470 5016 118.)
1510 4944 1648 4999 Inde
1678 4948 1735 4998 et
1764 4944 1902 4999 Got-

196 5039 545 5104 teschalcus,
597 5038 905 5091 modernus
981 5034 1542 5099 Praedestiuatianus,
1601 5033 1662 5087 in
1709 5033 1902 5087 libello

200 5129 269 5182 ad
301 5127 609 5181 Rabanum
638 5127 1130 5197 archiepiscopum
1184 5124 1587 5195 Moguntinum
1636 5122 1772 5177 dicit
1837 5121 1907 5175 ad

198 5216 440 5271 locum:
476 5236 503 5267 «
546 5218 624 5271 De
648 5233 762 5287 quo
792 5214 1053 5269 videlicet
1097 5214 1280 5269 libero
1330 5212 1568 5267 arbitrio
1616 5210 1770 5283 quod
1801 5211 1905 5263 Ec-

2005 4730 2204 4769 omnes
2244 4714 2344 4784 qui
2402 4715 2710 4767 salvantur.
2762 4714 2839 4767 De
2898 4713 3108 4783 quibus
3166 4713 3304 4767 dicit
3355 4714 3699 4783 Apostolus:

2009 4806 2118 4869 Qui
2160 4804 2277 4857 vult
2334 4818 2510 4857 omnes
2554 4804 2790 4857 homines
2836 4803 3013 4857 salvos
3067 4803 3212 4870 ﬁeri,
3271 4806 3328 4856 et
3374 4818 3572 4855 omnes
3603 4800 3701 4871 qui

2010 4906 2126 4945 non
2152 4890 2463 4951 salvantur,
2507 4905 2651 4959 quos
2691 4904 2807 4942 non
2837 4889 2958 4943 vult
2984 4890 3134 4943 Deus
3166 4890 3350 4943 salvos
3379 4888 3522 4943 ﬁeri.
3549 4908 3576 4937 »

2400 5014 2529 5066 Aur.
2563 5012 2651 5067 ιν.
2685 5043 2752 5051 -
2804 5014 2888 5066 De
2912 5018 3079 5068 morte
3105 5014 3329 5070 Christi.

2084 5119 2526 5181 Gotteschalcus,
2590 5136 2865 5173 novorum
2941 5117 3581 5175 Przedestinatianorum
3636 5115 3706 5169 si-

2017 5209 2222 5280 gnifer,
2272 5207 2331 5261 in
2389 5208 2582 5262 libello
2626 5209 2693 5262 ad
2721 5208 3021 5263 Rabanum
3071 5206 3562 5277 archiepiscopum
3593 5206 3707 5260 Mo-

203 5305 396 5359 clesize
430 5305 641 5360 Christi
670 5303 985 5358 tenendum
1016 5302 1088 5356 sit
1137 5306 1307 5374 atque
1358 5299 1726 5364 credendum,
1780 5312 1909 5351 cum
2019 5296 2324 5369 guntinum
2356 5296 2438 5350 ita
2492 5296 2627 5351 dicit
2657 5297 2723 5351 ad
2754 5299 2936 5352 locum
2971 5315 2983 5352 :
3020 5320 3047 5347 «
3094 5298 3227 5351 Illos
3275 5310 3472 5348 omnes
3501 5293 3710 5365 impios

203 5408 236 5445 a
266 5393 495 5447 cmteris
545 5390 838 5445 catholicis
872 5390 1130 5444 Patribus
1161 5390 1457 5443 evidenter
1503 5386 1574 5440 sit
1606 5388 1720 5441 Deo
1778 5402 1910 5455 gra-

202 5482 312 5536 tias
340 5482 721 5551 disputatum,
771 5485 896 5534 tum
938 5479 1227 5550 praecipue
1259 5481 1455 5532 contra
1492 5475 1829 5547 Pelagianos
1861 5478 1917 5529 et

2022 5391 2078 5441 et
2104 5389 2451 5457 peccatores,
2485 5402 2626 5457 quos
2651 5386 2884 5457 pr0prio
2932 5386 3054 5439 fuso
3086 5382 3365 5453 sanguine
3401 5382 3576 5437 Filius
3612 5382 3711 5437 Dei

1956 5509 1999 5562 Β
2021 5475 2304 5529 redimere
2331 5474 2510 5539 venit,
2544 5475 2647 5527 hos
2674 5474 3033 5562 omnipotens
3059 5470 3155 5562 Dei
3187 5470 3412 5562 bonitas
3437 5471 3510 5526 ad
3540 5471 3711 5525 vitam

208 5571 583 5626 Caelestianos
631 5586 665 5623 a
709 5570 875 5623 beato
930 5567 1250 5638 Augustino
1303 5565 1531 5637 plenius
1580 5569 1638 5618 et
1683 5564 1917 5619 uberius
1959 5559 1989 5562 ⁷
2024 5562 2462 5633 prmdestinatos
2530 5560 3019 5614 irretractabiliter
3068 5559 3272 5614 salvari
3320 5561 3718 5616 tantummodo
