4086 6182
468 319 569 371 367

1547 312 2061 369 GOTTESCHALCI
2104 315 2531 372 OBBACENSIS
2574 316 2880 371 MONACHI

3848 320 3939 370 368

467 451 621 505 velit.
649 450 953 502 Etrursum
988 463 1001 500 :
1037 467 1065 495 ‹‹
1096 445 1227 501 Illos
1253 460 1454 499 omnes
1484 445 1694 518 impios
1725 452 1781 499 et
1810 450 2151 514 peccatores,
2193 451 2239 503 Α
2341 447 2478 500 Inde
2513 451 2569 500 et
2598 446 2658 499 in
2712 445 2969 499 chartula
3022 460 3139 497 sum
3200 444 3565 515 professionis
3596 447 3662 499 ad
3697 449 3945 502 eumdem

466 556 571 610 pro
610 539 814 609 quibus
843 537 995 589 idem
1037 536 1207 589 Filius
1266 534 1364 588 Dei
1412 550 1515 587 nec
1568 552 1776 607 corpus
1825 534 2155 604 assumpsit,

470 644 575 681 nec
631 626 981 691 orationem,
1035 640 1139 677 nec
1188 624 1313 677 dico
1362 624 1698 693 sanguinem
1741 624 1914 677 fudit:
1974 639 2159 693 neque

464 732 567 786 pro
595 715 675 768 eis
708 715 823 767 ullo
854 715 1027 766 modo
1060 712 1361 765 crucifixus
1391 711 1517 765 fuit.
1562 711 1783 781 Quippe
1814 728 1954 781 quos
1986 712 2153 781 pessi-

464 821 589 859 mos
618 804 840 857 futuros
897 818 1016 854 esse
1070 800 1372 870 prasscivit,
1433 816 1692 871 quosque
1749 801 2061 870 justissima
2102 801 2159 853 iu

463 899 679 947 aeterna
706 891 1147 962 praecipitandus
1177 892 1462 942 tormenta
1491 890 1823 959 prmﬁnivit,
1856 889 2009 958 ipsos
2036 904 2156 942 om-

463 982 601 1035 nino
632 980 924 1050 perpetius
958 978 1161 1031 salvari
1192 978 1421 1048 penitus
1454 978 1616 1031 nolit.
1655 996 1681 1027 »

534 1069 952 1123 Gotteschalcus
986 1068 1044 1120 iu
1070 1083 1217 1135 saepe
1245 1068 1360 1119 fato
1388 1082 1492 1119 suo
1524 1068 1719 1120 libello
1765 1068 1832 1119 ad
1860 1067 2160 1119 Rabanum

466 1156 952 1227 archiepiscopum
1006 1154 1231 1224 scripsit
1260 1171 1271 1207 :
1310 1175 1335 1204 «
1374 1155 1617 1208 Proinde
1648 1155 1800 1225 quod
1831 1154 2159 1206 fidelissime

463 1247 655 1310 credo,
680 1244 1051 1298 ﬁdentissime.
1076 1245 1294 1313 loquor,
1321 1250 1375 1297 et
1396 1244 1709 1297 certissime
1732 1244 1947 1314 pariter
1961 1259 2023 1295 ae
2049 1243 2163 1295 fru-

465 1332 820 1386 etuosissime
861 1332 1151 1397 confiteor,
1214 1337 1383 1401 atque
1444 1332 1799 1384 veracissime
1854 1331 2159 1400 proﬁteor:

466 1422 621 1492 quod
650 1422 796 1474 Deus
844 1425 1033 1473 noster
1064 1419 1449 1489 omnipotens,
1480 1422 1739 1473 omnium
1769 1426 2161 1473 creaturarum

465 1510 728 1564 conditor
748 1515 804 1562 et
824 1509 1022 1575 factor,
1054 1511 1363 1562 electorum
1397 1510 1795 1562 tantummodo
1827 1515 2161 1562 cunctorum

468 1598 751 1667 gratuitus
805 1614 927 1650 esse
987 1604 1279 1667 reparator
1330 1598 1598 1667 dignatus
1643 1604 1727 1650 est
1776 1603 1833 1650 et
1880 1597 2159 1663 refector;

469 1688 675 1740 nullius
713 1692 903 1739 autem
939 1687 1311 1755 reprohorum
1370 1687 1780 1756 perpetualiter
1834 1704 1953 1739 esse
1983 1687 2163 1739 voluit

463 1773 736 1837 Salvator,
772 1774 983 1825 nullius
1042 1777 1371 1843 redemptor
1418 1782 1472 1825 et
1514 1774 1726 1826 nullius
1781 1779 2103 1829 coronator.
2141 1794 2167 1824 »

2270 537 2569 591 Rabanum
2609 535 3103 605 archiepiscopum
3162 534 3241 588 ita
3271 535 3443 588 dicit:
3489 556 3516 583 ‹‹
3568 534 3683 604 Ego
3744 536 3943 589 Gotteso

2269 626 2494 679 chalcus
2533 625 2701 678 credo
2732 630 2788 677 et
2817 623 3115 691 confiteor,
3152 622 3427 694 proﬁteor
3456 628 3511 677 et
3557 624 3836 687 testificor,
3888 642 3944 677 ex

2274 716 2386 768 Deo
2422 716 2587 767 Patre
2638 729 2742 782 per
2775 715 2954 767 Deum
2986 712 3191 777 filium,
3239 712 3295 765 in
3330 714 3444 766 Deo
3493 713 3706 783 Spiritu
3747 720 3944 775 sancto,

2270 809 2326 856 et
2354 803 2577 857 afﬁrmo
2634 808 2690 855 et
2746 802 3005 871 approbo
3058 817 3251 855 coram
3309 802 3425 855 Deo
3485 808 3540 854 et
3597 802 3800 854 sanctis
3840 804 3945 870 ejus

2272 892 2421 961 quod
2472 891 2700 961 gemina
2756 895 2841 943 est
2896 890 3328 958 prmdestinatio
3396 890 3511 943 sive
3556 891 3857 943 electorum
3884 892 3941 943 ad

2271 979 2549 1049 requiem,
2585 979 2700 1032 sive
2741 979 3115 1049 reproborum
3172 978 3243 1031 ad
3299 984 3575 1033 mortem.
3639 978 3782 1042 Quia
3817 979 3944 1031 sicut

2273 1069 2417 1120 Deus
2474 1067 2969 1121 incommutabilia
3027 1071 3159 1120 ante
3217 1066 3421 1120 mundi
3496 1067 3943 1119 constitutionem

2271 1172 2471 1209 omnes
2500 1157 2707 1209 electos
2737 1172 2870 1208 suos
2918 1154 3471 1208 incommutabiliter
3522 1169 3627 1224 per
3657 1153 3943 1222 gratuitam

2270 1245 2513 1313 gratiam
2545 1261 2705 1298 suam
2761 1243 3195 1314 praedestinavit
3224 1244 3289 1297 ad
3339 1244 3512 1296 vitam
3544 1247 3847 1308 aeternam;
3880 1244 3944 1295 si-

2272 1334 2487 1387 militer
2531 1334 2766 1387 omnino
2808 1350 3008 1386 omnes
3041 1333 3314 1402 reprobos
3370 1332 3468 1403 qui
3526 1331 3585 1384 in
3642 1331 3735 1386 die
3762 1330 3943 1400 judieii

2273 1423 2699 1477 damnabuntur
2756 1428 2989 1493 propter
3027 1422 3281 1492 ipsorum
3327 1422 3474 1475 mala
3531 1420 3755 1485 merita,
3813 1420 3945 1473 idem

2272 1512 2392 1581 ipse
2426 1511 2910 1564 incommutabilis
2943 1512 3087 1565 Deus
3116 1511 3460 1581 perjustum
3485 1509 3766 1580 judicium
3796 1524 3943 1562 suum

2270 1599 2818 1653 incommutabiliter
2875 1598 3302 1668 praedestinavit
3358 1599 3427 1651 ad
3482 1602 3725 1651 mortem
3769 1599 3945 1650 merito

2278 1689 2708 1757 sempiternam.
2750 1712 2773 1733 ››

950 1940 2309 1947 -“mw

938 2055 1490 2189 EPISTULA
1577 2046 2419 2190 GOTTESCHALCI
2504 2056 2655 2188 AD
2742 2049 3499 2191 RATRAMNUM.

1565 2266 1733 2329 (Apud
1770 2267 2063 2328 Cellotium,
2097 2268 2225 2315 Hist.
2260 2267 2624 2325 Gotteschalci,
2658 2282 2707 2330 p.
2743 2270 2870 2329 414.)

2068 2398 2364 2409 —-———

751 2505 887 2569 Age,
927 2516 1144 2570 quasso,
1177 2516 1371 2570 perge,
1412 2499 1551 2564 Clio,

754 2590 1075 2643 [temeando
1098 2590 1263 2641 corde
1295 2589 1409 2642 fido
1439 2606 1450 2641 :

752 2680 1013 2746 Propera,
1050 2678 1199 2729 celer
1238 2676 1450 2743 virago,

754 2766 1000 2835 flepeda,
1043 2782 1209 2833 sagax
1247 2782 1534 2834 propago;

753 2854 853 2906 Cui
878 2852 1052 2904 frater
1082 2857 1166 2904 est
1195 2853 1429 2921 Apollo:

752 2942 835 2995 Ob
868 2940 923 2993 id
952 2941 1076 3006 hoc,
1112 2941 1265 2993 velut
1300 2939 1563 3001 volando,

757 3030 859 3083 Fer
892 3029 1073 3081 amico
1104 3044 1278 3081 ovans
1315 3030 1641 3092 Ratramno,

753 3117 1016 3181 Domino,
1049 3116 1220 3180 Patri,
1256 3116 1548 3185 magistro,

753 3207 985 3259 Calamo
1028 3211 1275 3257 metrum
1313 3204 1611 3273 impolito:

752 3295 912 3356 Quod
950 3293 1002 3345 ci
1027 3293 1210 3346 libens
1241 3293 1490 3355 remitto,

752 3382 973 3436 Celehri
1012 3382 1151 3447 viro,
1175 3386 1230 3433 et
1252 3397 1503 3432 corusco.

750 3475 893 3523 Amo
927 3485 1098 3538 quem
1139 3469 1273 3521 satis
1303 3468 1575 3537 profecto,

752 3557 956 3609 Animo
978 3556 1072 3625 pio
1104 3572 1167 3607 ae
1200 3556 1446 3623 benigno
1482 3573 1493 3607 :

754 3645 928 3697 Datur
957 3649 1017 3694 ut
1052 3642 1193 3695 mihi
1236 3644 1486 3712 maligno

751 3731 833 3784 Ab
865 3748 931 3783 eo
969 3733 1105 3794 Deo,
1140 3730 1355 3784 bonum
1392 3733 1489 3802 qui

754 3819 916 3873 Dabit
946 3819 1101 3872 omni
1129 3819 1430 3890 flagitanti,

751 3908 883 3962 Sine
925 3924 1037 3979 quo
1070 3908 1215 3961 nihil
1246 3908 1362 3962 fore
1394 3910 1535 3961 nulli

754 3999 929 4061 Valet,
964 4003 1022 4049 ut
1050 3996 1248 4066 liquet,
1291 3997 1544 4050 alummo
1580 4014 1591 4049 :

753 4086 933 4153 Igitur
972 4086 1126 4137 velut
1166 4084 1340 4153 petita

752 4175 839 4239 Es,
860 4174 971 4237 abi,
996 4190 1155 4225 mora
1179 4189 1281 4225 nec
1310 4174 1443 4225 ulla.

750 4261 1036 4323 Teucaris,
1070 4276 1133 4313 ac
1174 4261 1382 4314 decora

753 4347 954 4401 Videas
986 4348 1195 4401 sodalis
1226 4365 1343 4402 ora.

751 4436 841 4489 Bis
873 4436 1027 4489 enim
1058 4438 1217 4489 venis
1246 4437 1317 4491 ab
1348 4436 1448 4490 illo

748 4524 1016 4594 Speciosa
1034 4524 1153 4594 jam
1182 4526 1475 4595 magistro,

747 4613 1019 4667 Adimens
1049 4614 1144 4680 fel,
1178 4615 1513 4685 imprimens
1551 4616 1683 4681 mel,

749 4699 953 4755 Reficis
985 4719 1046 4755 os
1075 4713 1095 4737 °
1128 4704 1307 4757 alumi

751 4788 902 4857 Dape
934 4788 1300 4857 dulci,odore
1341 4790 1517 4853 suavi,

752 4876 852 4929 Ubi
887 4877 1041 4930 vides
1073 4878 1389 4947 sedentem,

745 4966 901 5018 Alios
928 4966 1105 5036 probe
1141 4966 1465 5030 docentem,

750 5054 1015 5123 Rogitent
1044 5056 1217 5109 Deum
1252 5062 1565 5125 potentem,

750 5144 851 5196 Det
880 5148 944 5195 ut
973 5143 1061 5196 his
1091 5144 1243 5213 piam
1271 5143 1520 5214 quietem
1547 5161 1557 5197 :

747 5232 903 5301 Rogo
929 5232 1017 5286 die
1042 5233 1240 5302 jugem
1276 5233 1534 5286 salutem.

532 5435 554 5457 ³
598 5428 761 5481 Forte
793 5429 905 5496 leg.
947 5432 1028 5483 tui
1057 5444 1131 5483 os.

461 5498 659 5617 d.b.ln
706 5505 954 5568 quatuor
1000 5506 1206 5570 partes,
1273 5500 1532 5568 orientis,
1609 5500 1940 5569 occidentis,
2017 5508 2148 5569 etc.,

503 5580 663 5617 mso.

503 5580 642 5618 IVISO
655 5610 663 5618 .

2200 2500 2238 2552 Β
2347 2503 2389 2551 l.
2419 2499 2663 2567 Septeno
2714 2502 3002 2566 Augustus
3052 2498 3271 2551 decimo
3320 2498 3613 2568 praebente
3665 2499 3941 2564 Kalendas,

2271 2588 2416 2642 Solis
2449 2588 2580 2657 equi
2611 2587 2833 2639 dulcem
2866 2586 3135 2641 efflarunt
3166 2588 3264 2641 ubi
3303 2588 3553 2641 nubibus
3588 2589 3803 2659 ignem,

2276 2675 2560 2728 Fluctibus
2594 2674 2799 2728 Oceani
2834 2674 3017 2743 capita
3041 2675 3392 2744 atquejubas
3428 2676 3751 2743 madefacti,

2271 2768 2570 2817 Assuetum
2603 2763 2671 2816 ad
2708 2779 2934 2815 cursum
2987 2769 3361 2833 properantes
3420 2770 3643 2817 vertere
3690 2781 3932 2818 currum:

2272 2850 2711 2919 Splendidajam
2742 2854 2864 2903 toto
2898 2856 3191 2904 cesserunt
3230 2851 3417 2905 sidera
3448 2853 3608 2907 coelo.

2275 2938 2487 2992 Pallida
2517 2954 2793 3007 germano
2819 2940 2986 2992 cessit
3016 2956 3245 3011 quoque
3272 2942 3514 3011 Cynthia
3538 2943 3786 2996 Pbmbo:

2272 3027 2687 3096 Solusjamque
2717 3028 2841 3081 citis
2873 3028 3207 3098 quadrigam
3240 3030 3488 3099 agitabat
3522 3031 3792 3097 habenis;

2271 3116 2509 3185 Jamque
2534 3117 2708 3185 jubar
2740 3118 2953 3170 mundo
2994 3118 3267 3172 fundebat
3305 3120 3551 3173 amabile
3582 3122 3799 3191 quadro
3828 3123 3881 3172 b:

2271 3204 2508 3274 Jamque
2541 3205 2723 3257 nitore
2751 3221 2919 3271 novo,
2948 3220 3012 3257 ac
3038 3207 3341 3275 splendore
3372 3208 3618 3261 micabat
3647 3210 3851 3279 opimo,

2272 3292 2435 3346 Clara
2467 3298 2523 3345 et
2552 3293 2676 3345 luce
2708 3309 2868 3346 suam
2908 3294 3180 3347 reddebat
3207 3294 3414 3365 cuique
3442 3298 3709 3365 figuram.

2273 3381 2563 3435 Gaudebat
2586 3382 2846 3434 tenebras
2875 3383 3075 3450 procul
3104 3384 3294 3436 omnis
3324 3390 3477 3438 terra
3502 3385 3749 3455 fugatas,

2272 3471 2457 3537 Atque
2489 3469 2627 3522 mihi
2659 3471 3035 3540 applaudens,
3075 3471 3250 3526 veluti
3307 3488 3566 3543 prmsaga
3620 3474 3755 3529 boni
3785 3490 3942 3535 mens,

2272 3557 2639 3627 Tripudiabat
2685 3574 2858 3611 ovans
2895 3560 3060 3614 solito
3112 3562 3317 3631 magis,
3377 3567 3548 3633 atque
3580 3564 3941 3634 triumphans,

2272 3645 2523 3699 Artubus
2561 3652 2617 3699 et
2646 3647 2865 3700 cunctis
2894 3648 3179 3703 hilarandi
3211 3650 3396 3703 inerat
3427 3652 3620 3721 potior
3644 3654 3744 3707 vis.

2226 3796 2238 3809 η
2275 3736 2416 3790 Cum
2449 3734 2591 3788 mihi
2624 3736 2876 3805 gratuito
2904 3737 3035 3790 data
3064 3744 3197 3792 sunt
3225 3739 3414 3793 subito
3442 3746 3627 3794 metra
3657 3742 3803 3795 dono

2202 3797 2240 3847 (λ
2276 3797 2801 3895 Celsithronivregis
2830 3825 2897 3878 de
2924 3831 3085 3896 parte
3118 3827 3295 3881 relata
3328 3828 3558 3894 sodalis,

2272 3912 2469 3967 Dulcia
2501 3914 2667 3967 melle
2700 3914 2881 3983 magis
2912 3919 3068 3968 trans
3089 3915 3287 3970 lumen
3318 3917 3538 3987 fulgida
3572 3920 3728 3974 solis.

2340 4058 2392 4109 2.
2426 4056 2564 4119 Quae
2596 4056 2840 4123 sitiebat,
2874 4058 2979 4122 uti,
3012 4074 3139 4112 mea
3171 4076 3350 4128 mens,
3402 4062 3508 4116 sub
3542 4062 3729 4117 sidere
3761 4061 3938 4117 Cancri

2272 4145 2480 4199 Messor
2518 4150 2672 4198 amat
2691 4146 2846 4199 refici
2873 4147 3048 4200 fontis
3079 4148 3378 4203 dulcedine
3408 4151 3561 4221 puri,

2269 4232 2514 4287 Tabidus
2545 4238 2714 4303 atque
2745 4234 2893 4289 fame
2924 4238 3168 4291 recreari
3198 4238 3320 4291 vult
3352 4256 3584 4309 quoque
3616 4258 3762 4311 pane
3789 4258 3801 4294 :

2268 4321 2503 4392 Algidus
2534 4327 2709 4392 utque
2731 4323 2940 4389 focum,
2970 4329 3034 4377 ut
3063 4330 3291 4395 exoptat
3319 4328 3509 4381 nudus
3540 4330 3813 4384 amictum
3839 4350 3850 4394 ;

2272 4411 2436 4463 Exsul
2469 4411 2547 4463 ita
2586 4411 2853 4480 patriam,
2879 4412 2992 4473 ‘,seu
3020 4418 3230 4468 terram
3263 4417 3574 4487 naufragus
3602 4418 3815 4472 imam:

2273 4499 2454 4569 thue
2486 4499 2625 4553 situs
2654 4499 2903 4553 tenebris
2933 4501 3089 4572 cupit
3106 4503 3274 4556 alma:
3304 4521 3545 4559 munera
3576 4507 3739 4560 lucis.

2340 4643 2391 4693 3.
2424 4642 2583 4695 Haud
2617 4657 2775 4696 secus
2806 4642 3063 4713 egregias
3108 4660 3236 4699 mea
3263 4662 3414 4700 nunc
3452 4644 3719 4717 cupiebat
3743 4651 3939 4715 egestas

2269 4729 2417 4792 Quas
2438 4735 2537 4784 tua
2572 4731 2841 4784 nobilitas
2870 4732 3247 4803 deprompsit,
3291 4735 3491 4802 amice,
3535 4737 3849 4799 Camoenas,

2271 4817 2548 4889 lnsignes,
2580 4820 2868 4889 pulchras,
2902 4822 3094 4875 dulces
3124 4823 3479 4894 habilesque,
3511 4830 3798 4891 venustas,

2273 4906 2501 4960 Famine
2532 4908 2881 4978 perspicuas,
2909 4913 2964 4963 et
2994 4926 3126 4963 vero
3155 4911 3399 4980 pignore
3417 4929 3590 4983 puras
3610 4921 3630 4947 ε
3654 4930 3670 4967 :

2267 4994 2675 5050 Scemmatibus
2706 4999 2939 5065 validas,
2972 4999 3305 5071 tropicoque
3334 5002 3528 5073 lepore
3556 5018 3818 5057 coruscas

2194 5093 2236 5145 D
2266 5084 2639 5155 Simplicitate
2674 5088 2900 5157 probas,
2933 5089 3137 5143 humili
3170 5090 3385 5160 pietate
3411 5092 3643 5146 decoras
3671 5110 3683 5146 :

2264 5172 2405 5226 Cum
2436 5174 2551 5228 sale
2574 5176 2848 5243 conditas,
2875 5193 3004 5231 eum
3034 5179 3188 5247 pacis
3217 5195 3412 5234 amore
3436 5181 3645 5252 politas
3668 5198 3680 5247 ;

2264 5260 2413 5325 Quas
2435 5263 2701 5333 equidem
2726 5271 2983 5319 sanetum
3010 5267 3246 5322 dictasse
3280 5285 3412 5323 reor
3444 5270 3547 5324 tibi
3573 5270 3809 5342 Flatum.

2262 5504 2523 5643 Βηοορᾶαὲά
2593 5512 2677 5559 est
2733 5522 2917 5560 verum
2974 5511 3216 5577 pignus?
3264 5514 3349 5565 An
3405 5513 3643 5568 fortasse
3702 5514 3815 5567 veri
3867 5510 3936 5581 pi-
