4086 6182
187 310 276 360 369
1434 302 1472 355 Ε
1485 302 1764 359 l’lSTOLA
1807 303 1893 356 AB
1939 305 2395 360 llATRAMNUM.

188 439 291 490 lmo
316 435 508 504 procul
539 432 714 485 dubio
744 431 884 485 nihil
918 430 1069 496 hinc,
1102 430 1187 483 vir
1216 429 1559 497 humillime,
1595 434 1725 483 nato

188 527 310 580 Cum
334 524 480 577 bona
499 526 703 575 cuncta
726 520 931 581 habeo,
964 519 1265 590 accipienti
1297 520 1509 573 dantur
1540 536 1741 589 egeno.
1838 560 1841 563 ς

245 668 379 737 Ergo
421 666 572 719 hunc
617 663 918 733 asqualem,
954 661 1281 731 pariterque
1322 660 1482 731 pium
1530 661 1850 715 Genitorem

183 757 397 813 Trinum
428 769 723 822 unumque
750 753 950 816 Deum,
977 750 1117 803 votis
1138 750 1336 803 efferre
1365 766 1465 820 per
1492 766 1675 803 aevum

188 845 352 900 Debeo
384 842 757 913 supplicibus,
790 856 904 910 quo
932 855 1059 892 sum
1089 838 1193 892 tibi
1224 838 1465 908 praeside
1492 839 1742 907 junctus,

183 936 277 989 Abs
314 930 565 1004 [absque]
608 929 750 983 meis
787 927 1003 982 meritis
1034 944 1045 980 :
1089 928 1219 982 fecit
1251 928 1358 981 hoc
1398 928 1643 997 denique
1678 926 1851 997 gratis

185 1024 347 1077 Effuso
374 1022 474 1092 qui
509 1025 563 1073 te
599 1018 775 1072 voluit
798 1033 1063 1087 reparare
1094 1032 1293 1070 cruore
1320 1026 1344 1050 ⁵
1376 1032 1389 1069 :

182 1110 366 1166 Ditavit
394 1109 615 1179 sophie,
645 1107 876 1178 speciali
906 1106 1045 1177 quin
1077 1111 1133 1159 et
1162 1104 1406 1172 honore,

183 1198 392 1252 Virtutis
425 1197 577 1251 varie
609 1196 842 1251 donavit
872 1195 1114 1248 amando
1146 1194 1369 1248 decore.

182 1288 375 1358 Dignus
406 1292 460 1339 et
492 1291 577 1339 est
600 1285 722 1338 vitae
754 1284 843 1337 hic
872 1284 1108 1336 laudum
1139 1298 1241 1351 per
1270 1281 1435 1334 saecla
1466 1281 1677 1347 favore,

180 1379 228 1432 Si
253 1378 404 1430 daret
436 1376 659 1429 efficere
692 1374 769 1439 id,
807 1372 975 1444 parili
1007 1372 1128 1424 sine
1160 1372 1275 1424 fine
1303 1377 1519 1423 tenore.

179 1466 386 1520 Sincero
419 1470 571 1516 certe
600 1462 815 1533 jugiter
847 1460 1227 1514 redamandus
1258 1475 1481 1521 amore;

180 1556 233 1607 Et
259 1561 401 1607 casto
431 1558 623 1605 sancte
654 1550 995 1604 metuendus
1021 1549 1235 1619 ubique
1265 1548 1494 1609 timore,

177 1642 299 1696 Cum
326 1641 463 1712 petit
491 1640 738 1701 assidue,
771 1654 942 1708 quem
969 1640 1163 1689 sancto
1196 1635 1396 1689 efferre
1425 1640 1690 1688 tremore.

178 1731 381 1784 Viscera
407 1728 608 1799 largiri
642 1728 865 1781 valeant
898 1727 943 1779 si
975 1730 1166 1779 nostra
1198 1724 1332 1793 quid
1370 1722 1451 1777 illi
1485 1740 1495 1775 :

175 1818 384 1887 Indigus
414 1823 503 1869 est
535 1815 713 1868 nostri
743 1813 841 1885 qui
878 1813 959 1866 nil
990 1813 1189 1883 utique
1222 1811 1631 1876 emolumenti;

180 1908 282 1960 Non
312 1912 437 1975 eget
468 1904 755 1974 obsequii,
794 1918 976 1972 neque
1008 1901 1243 1965 servitii,
1279 1906 1449 1969 atque
1487 1915 1588 1951 nec
1614 1897 1846 1967 hymni:

179 1996 320 2048 Solus
347 1995 415 2047 ob
445 1994 497 2046 id
536 1992 765 2045 Domini
798 1990 1013 2060 potitur
1040 1988 1385 2058 cognomine
1418 1987 1556 2040 veri.

179 2083 233 2134 Et
260 2087 440 2134 tamen
466 2081 590 2149 ipse
622 2078 853 2143 horum,
888 2078 1241 2148 reliquorum
1274 2076 1389 2129 sive
1422 2077 1706 2128 honorum

181 2171 286 2222 Esto
314 2170 420 2223 late
451 2175 627 2239 atque
666 2172 882 2231 auctor,
936 2182 1035 2220 seu
1065 2164 1267 2233 nostri,
1300 2170 1360 2217 tu
1396 2164 1543 2216 bone
1580 2164 1775 2217 doctor
1806 2166 1847 2214 b.

234 2313 399 2365 Mente
424 2309 636 2364 humili
679 2309 831 2361 hunc
866 2307 1015 2373 ideo,
1062 2306 1111 2360 si
1141 2306 1258 2374 dat,
1304 2306 1639 2358 benedicere
1678 2309 1848 2363 certo,

178 2402 316 2465 Quod
346 2399 546 2453 tribuit
578 2398 741 2451 nobis
770 2397 941 2449 talem
974 2401 1028 2449 te
1058 2395 1266 2464 pignus
1298 2394 1528 2455 amoris,

177 2488 267 2551 Qui
296 2504 514 2540 servare
549 2486 685 2539 velis
716 2491 770 2539 et
801 2500 1052 2554 pangere
1078 2484 1230 2537 dicta
1260 2483 1446 2552 poesis
1480 2500 1491 2536 :

178 2577 294 2640 Quae
321 2581 509 2630 sancto
542 2576 721 2638 Flatu,
754 2590 871 2627 non
903 2573 999 2625 vili
1030 2572 1227 2626 inflata
1257 2573 1449 2636 boatu,

180 2666 491 2736 Dulciloquo
518 2664 714 2725 affatu,
749 2662 979 2727 celebri,
1014 2661 1301 2730 rutiloque
1331 2660 1537 2723 relatu,

178 2755 446 2807 Demulcet
476 2758 757 2815 mentem,
789 2749 1195 2804 modulaminis
1227 2750 1398 2817 hujus
1431 2754 1693 2817 egentem
1730 2764 1741 2801 :

176 2844 230 2895 Et
255 2845 460 2897 solatur
490 2858 619 2896 eam
652 2840 821 2893 variis
848 2838 1218 2909 languoribus
1245 2852 1479 2907 aegram.

177 2932 516 3002 Diversisque
554 2930 720 2983 malis
751 2930 973 2984 diversa
1005 2931 1272 2997 poemata
1305 2925 1517 2995 psallis.

174 3021 249 3075 Sic
277 3020 578 3076 Citharista
607 3018 819 3071 etenim
855 3015 1074 3069 studuit
1098 3013 1503 3067 celeberrimus
1536 3015 1674 3067 olim

175 3111 265 3164 Cor
294 3110 489 3163 sedare
523 3106 779 3162 hominis
811 3105 1017 3159 fidibus
1040 3103 1337 3173 psallendo
1367 3103 1622 3167 canoris;

176 3198 437 3251 Nimirum
470 3196 724 3251 hominis
752 3196 869 3264 jam
902 3193 1064 3263 regni
1098 3192 1315 3246 honore
1346 3191 1608 3255 carentis,

176 3286 334 3349 Quem
372 3286 543 3339 draco
595 3282 841 3336 crudelis
881 3281 1116 3335 vexabat
1156 3284 1212 3332 et
1258 3279 1556 3349 improbus
1598 3277 1804 3349 anguis
1836 3296 1847 3331 :

176 3376 228 3428 Et
250 3390 372 3428 vere
404 3374 635 3437 merito,
673 3371 981 3425 Dominum
1010 3369 1146 3440 quia
1177 3368 1420 3439 liquerat
1450 3369 1619 3431 ultro,

178 3464 344 3517 Elates
374 3464 525 3517 fastu
555 3460 756 3525 nimio,
780 3458 1021 3513 feritatis
1050 3462 1108 3511 et
1137 3462 1282 3510 astu.

178 3552 302 3608 Huic
331 3558 382 3607 te
411 3551 750 3615 Psalmistae,
784 3549 935 3613 huic,
970 3548 1227 3618 inquam,
1260 3545 1508 3599 similem
1541 3545 1849 3606 citharista,

179 3640 423 3705 Dixerim,
448 3638 633 3691 amice
667 3652 840 3701 sacer,
871 3651 1145 3705 generose
1179 3638 1346 3703 poeta
1376 3634 1739 3703 frequenter;

176 3727 264 3791 Qui
291 3728 645 3782 modulando
676 3726 757 3779 tui
790 3725 1002 3794 levigas
1029 3740 1199 3794 grave
1226 3728 1422 3794 pectus
1452 3723 1690 3777 alumni.

232 3872 278 3923 4.
323 3874 505 3941 Atque
552 3869 771 3922 utinam
808 3883 975 3937 prosa
1010 3872 1128 3921 tam
1168 3866 1374 3932 dulcia,
1419 3871 1535 3919 tam
1574 3866 1847 3937 speciosa,

173 3955 290 4008 Tam
321 3952 680 4025 prafulgida,
717 3956 772 4006 et
797 3956 913 4005 tam
941 3950 1152 4017 suavia,
1188 3956 1421 4020 tamque
1452 3950 1675 4016 decora,

173 4044 290 4098 Tam
318 4045 431 4114 pia,
468 4048 591 4097 tam
624 4041 864 4112 placida,
901 4044 1072 4112 atque
1104 4040 1258 4110 quod
1278 4040 1408 4109 plus
1438 4045 1540 4107 est,
1565 4045 1683 4093 tam
1708 4038 1850 4093 mihi

1672 4126 1846 4198 [vera,

176 4220 397 4274 Psallere
433 4218 727 4289 magnifici
758 4218 936 4289 pietas
962 4216 1235 4271 voluisset
1265 4214 1463 4269 amici!

3561 312 3660 364 370

1893 434 1938 485 A
1969 432 2241 487 Sermone
2271 432 2537 498 incultus,
2574 432 2751 487 veteri
2783 449 3011 503 quoque
3035 434 3165 503 jure
3196 436 3435 504 solutus,

1965 521 2289 584 Quamlibet
2319 523 2428 576 hoc
2458 522 2685 576 modico
2718 538 2853 577 usus
2884 523 2988 576 sim
3034 524 3138 577 sub
3168 528 3424 596 tempore
3455 543 3653 597 pauco.

1968 610 2225 679 Namque
2254 610 2584 681 magisterio
2615 611 2701 664 vix
2732 627 2845 663 uno
2869 611 3126 665 subditus
3156 628 3328 677 anno,

1964 698 2076 752 Nec
2100 699 2275 753 didici
2305 700 2594 771 deinceps,
2629 700 2818 753 dubiis
2845 700 3184 770 ambagibus
3216 718 3443 772 anceps,

1962 787 2277 841 Stultorum
2312 788 2597 858 princeps,
2632 789 2876 857 abrupta
2905 804 3009 857 per
3039 790 3232 842 omnia
3261 806 3513 861 praeceps
3540 808 3551 853 ;

1965 878 2140 930 Nemo
2168 878 2275 930 fuit
2311 877 2449 930 mihi
2488 878 2619 942 dux,
2656 876 2785 929 ideo
2814 877 3050 929 minime
3082 878 3266 946 patuit
3298 879 3411 945 lux,

1962 965 2131 1034 Septo
2158 966 2422 1034 peccatis,
2457 970 2733 1036 quantum
2771 965 2952 1035 pietas
2994 964 3101 1018 nisi
3132 966 3308 1034 gratis

1963 1054 2192 1108 Ccelesti
2225 1053 2446 1119 tribuit,
2480 1054 2571 1107 cui
2600 1054 2793 1121 virtus,
2830 1054 3030 1124 gloria,
3064 1054 3189 1107 laus
3220 1053 3308 1107 sit.

1966 1143 2113 1196 Raro
2148 1143 2254 1194 hoc
2280 1159 2383 1212 per
2414 1158 2503 1195 me
2532 1142 2613 1209 fit,
2647 1148 2820 1212 perte
2854 1147 2983 1211 peto
3013 1141 3267 1194 crebrius
3298 1148 3362 1195 ut
3393 1143 3481 1196 sit.

2042 1284 2287 1339 Proinde
2318 1284 2628 1337 scientiolre
2660 1280 2967 1337 scintillula
2997 1300 3126 1337 cum
3158 1284 3299 1338 mihi
3329 1284 3515 1338 inesse

1964 1375 2063 1428 Vix
2098 1379 2287 1445 queat,
2314 1374 2555 1427 extimeo
2589 1373 2720 1427 hinc
2742 1374 2876 1443 quid
2906 1375 3089 1427 amico
3121 1374 3380 1427 frendere
3415 1389 3661 1439 summa,

1963 1463 2231 1517 Sensibus
2264 1468 2487 1531 arguto,
2524 1462 2721 1532 lingua
2756 1463 3123 1515 vehementer
3154 1466 3337 1515 acuto.

1961 1550 2185 1620 Quippe
2219 1550 2484 1604 exercitio
2516 1550 2612 1621 qui
2644 1556 2807 1603 nocte
2838 1550 3044 1620 dieque
3076 1550 3179 1603 sub
3202 1550 3309 1603 isto

1964 1641 2251 1705 Versatus,
2280 1640 2497 1693 dudum
2532 1640 2755 1692 evasisti
2784 1640 3010 1692 culmen
3038 1639 3105 1691 ad
3133 1639 3340 1709 ipsum.

1891 1733 1929 1785 Β
1963 1731 2073 1783 Hoc
2103 1728 2371 1798 equidem
2403 1728 2721 1792 attendens,
2757 1733 2927 1798 atque
2956 1729 3269 1786 revolvens,

1962 1817 2240 1871 Virtutem
2274 1827 2293 1850 °
2324 1817 2620 1870 intlantem
2654 1821 3018 1887 postponens,
3052 1816 3431 1869 aedificantem

1962 1904 2223 1958 Gaudens
2254 1904 2548 1973 praeferre,
2581 1903 2803 1956 institui
2832 1902 3103 1955 hactenus
3132 1902 3263 1955 inde
3291 1902 3478 1961 silere.

1964 1993 2152 2046 Donec
2182 2009 2288 2061 ope
2326 1990 2549 2044 Domini
2583 1991 2715 2043 hinc
2742 1992 2958 2043 valeam
2990 1990 3125 2059 quid
3150 1996 3369 2043 certum
3401 1990 3660 2060 adipisci,

1961 2085 2140 2133 Aures
2172 2079 2559 2149 magnanimis
2587 2080 2633 2142 d,
2670 2079 2805 2148 quid
2839 2078 3162 2131 demulcere
3196 2077 3428 2142 sodalis,

1963 2170 2185 2239 Corque
2217 2184 2415 2221 muare
2448 2172 2618 2237 queat
2653 2183 2665 2220 :
2702 2183 2772 2219 ne
2802 2166 3036 2237 squalor
3064 2165 3121 2218 in
3154 2164 3249 2217 ilia
3279 2170 3488 2235 serpat,

1963 2258 2028 2310 Et
2058 2258 2244 2310 denuo
2274 2256 2581 2320 offendam,
2617 2256 2661 2308 si
2688 2255 2889 2308 frivola
2914 2255 3060 2307 forte
3092 2254 3411 2307 refundam.

1960 2345 2120 2409 Quod
2155 2344 2277 2398 fieri
2309 2344 2382 2398 ~ut
2414 2344 2607 2414 [haud]
2656 2342 2854 2413 possit,
2897 2359 3020 2396 mea
3061 2358 3223 2396 mens
3275 2346 3372 2395 aut
3414 2340 3663 2411 impigra

3432 2431 3528 2499 [po
3540 2430 3661 2494 scit,

1962 2520 2422 2591 Suppliciterque
2456 2523 2620 2590 rogat
2645 2520 2829 2590 pietas
2859 2526 2921 2573 ut
2948 2517 3097 2571 idem
3127 2521 3223 2570 tua
3256 2523 3469 2587 poscat.

2036 2663 2289 2733 Denique
2312 2668 2447 2715 sunt
2482 2660 2667 2725 multi,
2701 2660 2944 2713 Domino
2978 2659 3250 2723 donante,
3286 2657 3541 2726 magistri

1965 2755 2079 2808 Hac
2111 2752 2345 2821 regione
2376 2750 2488 2813 siti,
2524 2750 2758 2817 ingenio
2792 2750 3076 2819 locuplete
3102 2749 3285 2809 beati;

1967 2840 2122 2894 Unde
2153 2840 2407 2909 palatina
2439 2838 2699 2909 plerique
2735 2844 3035 2890 morantur
3065 2838 3122 2889 in
3154 2837 3303 2889 aula.

1962 2929 2047 2983 Ad
2082 2929 2181 2981 hos
2207 2932 2377 2996 atque
2410 2927 2553 2979 alios
2578 2942 2681 2995 per
2705 2926 2947 2979 barbara
2978 2940 3154 2994 regna
3188 2925 3421 2989 locatos,

1890 3030 1930 3084 (ς
1964 3020 2184 3072 Cernua
2216 3016 2303 3069 his
2336 3014 2532 3068 avidus
2563 3014 2788 3084 porrexi
2821 3014 3102 3082 scriptura
3134 3013 3355 3077 diebus,

1964 3107 2141 3161 Orans
2175 3118 2526 3174 magnopere
2556 3103 2868 3171 dignentur
2898 3108 2957 3154 ut
2989 3100 3147 3153 ocius
3177 3101 3309 3153 inde

1962 3194 2332 3263 Respondere
2368 3192 2531 3255 mihi,
2566 3207 2665 3243 seu
2700 3190 2826 3253 scis,
2862 3189 3229 3242 vehementer
3258 3186 3468 3257 egenti.

1963 3284 2166 3352 Estque
2193 3279 2499 3350 Augustini
2535 3280 2622 3333 his
2648 3278 2932 3331 sententia
2963 3276 3136 3330 missa
3171 3276 3344 3340 beati,

1962 3371 2142 3434 Quam
2175 3369 2397 3439 liquido
2425 3366 2657 3437 exponi,
2686 3366 2905 3419 auctori
2934 3365 3274 3436 quadrando
3298 3362 3551 3433 poposci.

1962 3460 2176 3528 Nempe
2207 3458 2390 3510 tribus
2421 3456 2629 3509 horum
2651 3455 2845 3509 studui
2866 3453 3164 3523 proprium
3188 3453 3385 3506 indere
3406 3466 3656 3516 sensum,

1960 3546 2279 3608 Matcaudo,
2310 3546 2491 3612 Jonas,
2520 3550 2693 3613 atque
2729 3545 2902 3612 Lupo,
2930 3540 3297 3594 rutilantibus
3328 3555 3447 3603 ore,

1960 3638 2202 3690 Poscens
2233 3634 2437 3687 obnixe
2473 3638 2735 3700 satagant
2763 3636 2826 3685 ut
2859 3646 2992 3683 vera
3023 3630 3255 3683 referre.

1959 3722 2251 3791 Proposita
2282 3726 2366 3774 est
2408 3719 2643 3789 reliquis
2684 3718 3082 3771 tantummodo
3129 3717 3370 3787 quaestio
3417 3714 3655 3769 cunctis.

1958 3811 2212 3881 Opposui
2242 3826 2395 3874 sane,
2427 3808 2693 3879 objicitur
2723 3807 2877 3877 quod
2904 3811 3065 3876 parte
3091 3807 3159 3859 ab
3193 3811 3435 3876 utraque

1960 3900 2136 3953 Nemo
2167 3897 2260 3949 sed
2286 3901 2520 3964 excepto
2551 3893 2687 3964 quid
2713 3894 2898 3946 adhuc
2922 3892 3058 3945 mihi
3092 3893 3338 3946 reddidit
3373 3908 3503 3957 una,

1959 3987 2066 4051 Qui
2106 4002 2233 4039 cum
2282 3986 2356 4038 sit
2392 3989 2611 4050 cautus,
2646 3982 2816 4035 simul
2854 3987 2909 4035 et
2952 3986 3130 4043 catus,
3163 3986 3243 4033 est
3294 3980 3655 4043 moderatus;

1958 4076 2046 4131 Sic
2091 4076 2207 4147 jam
2262 4081 2423 4128 terna
2464 4073 2551 4126 sui
2604 4072 2814 4125 librans
2863 4087 3136 4141 responsa
3189 4067 3381 4123 labelli
3422 4067 3545 4137 [al.,
3591 4068 3656 4120 li-

3482 4155 3657 4227 [belli,

1963 4254 2029 4305 Ut
2057 4252 2288 4321 dempto
2320 4250 2509 4304 neutri
2544 4250 2717 4319 pleno
2749 4248 3079 4303 discrimine
3108 4246 3255 4318 parti

178 4306 496 4409 {lietamen
530 4308 815 4409 id-paieo.
853 4306 991 4409 .ifld‘e
1022 4306 1174 4409 fil“):
1202 4307 1355 4409 (ἶυοξί
1392 4306 1629 4409 “fidem
1682 4324 1846 4409 δίξξθτο
1893 4328 1932 4380 Ι)
1966 4306 2254 4409 Congruat
2286 4355 2298 4391 :
2335 4338 2485 4391 unde
2518 4306 2619 4391 tibi
2650 4338 2939 4391 recitanda
2972 4306 3365 4405 haec‘utraque
3396 4334 3552 4397 duxi,

174 4394 389 4464 Scripta,
422 4397 652 4451 favente
684 4396 817 4461 Deo,
851 4395 981 4450 licet
1018 4394 1076 4448 id
1108 4394 1241 4458 cito,
1289 4399 1350 4447 ut
1380 4399 1537 4463 opto,
1574 4395 1848 4463 nequibo,

176 4482 352 4537 Multas
382 4485 456 4538 ob
480 4500 698 4548 causas,
733 4499 976 4553 quarum
1002 4482 1249 4552 primam
1279 4497 1400 4535 esse
1430 4486 1693 4535 venustas

176 4570 301 4624 Hinc
330 4573 453 4625 volo
486 4576 673 4624 vestra
702 4571 861 4636 sciat,
885 4571 1020 4641 quia
1049 4570 1139 4624 vix
1158 4576 1317 4623 vacat
1346 4570 1505 4637 hora,
1537 4570 1751 4624 residat

174 4656 279 4719 Qua
305 4675 430 4712 mea
465 4658 774 4723 rusticitas,
810 4664 869 4711 ut
904 4659 1103 4711 saltem
1140 4657 1273 4711 hinc
1306 4658 1523 4728 fingere
1559 4664 1746 4712 ternas

176 4746 456 4801 Litterulas
488 4747 671 4813 liceat,
706 4746 977 4817 quoniam
1008 4746 1316 4815 imperium
1348 4747 1529 4800 Patris
1560 4746 1732 4801 instat

175 4834 247 4888 Ad
274 4836 613 4905 patrandum
644 4834 883 4906 aliquid,
917 4851 1046 4888 cum
1073 4835 1203 4903 hoc,
1235 4840 1370 4888 tunc
1394 4836 1656 4905 protinus
1689 4836 1851 4903 illud,

176 4923 312 4977 Istud
342 4925 415 4979 ob
446 4924 504 4977 id
535 4940 782 4995 nequeo.
817 4923 923 4978 Sed
954 4924 1060 4979 hoc
1089 4924 1366 4977 veraciter
1399 4924 1569 4991 addo,

175 5010 314 5073 Quod
341 5013 587 5067 nimium
618 5018 810 5067 metuo
842 5013 947 5067 tibi
978 5013 1350 5083 respondere,
1383 5014 1534 5084 quod
1568 5013 1685 5067 imo

178 5099 229 5151 In
258 5117 419 5155 sensu
452 5107 638 5163 teneo,
673 5102 808 5171 quia
838 5106 1037 5172 torpeo
1061 5107 1289 5171 pectore
1319 5100 1510 5154 bruto.

176 5188 397 5243 Inscitiae
426 5191 651 5260 plenus,
686 5190 984 5261 multoque
1016 5206 1208 5244 errore
1241 5191 1492 5255 volutus,

237 5356 257 5377 ³
291 5348 430 5417 Ergo
476 5348 687 5401 elactus
737 5348 1127 5401 Ratramnus:
1175 5362 1306 5399 nam
1359 5346 1443 5399 illi
1487 5346 1591 5399 soli
1649 5345 1854 5399 Christi

182 5419 438 5486 sanguine
470 5418 752 5487 redempti
782 5418 1047 5472 videntur
1076 5417 1484 5471 Gotteschalco.

184 5489 412 5612 dotheg.
483 5495 561 5542 est
611 5491 722 5543 lata
779 5495 940 5558 atque
1002 5494 1189 5542 auctor
1244 5504 1335 5541 seu
1401 5489 1547 5541 nosti
1606 5493 1661 5540 tu
1730 5489 1857 5540 bone

244 5574 364 5613 cor.

1964 4427 2328 4496 Respondere
2360 4426 2457 4478 alii
2488 4431 2802 4496 properant
2832 4425 2971 4479 dum
3005 4430 3197 4479 mente
3228 4423 3433 4494 sagaci,

1962 4516 2083 4580 Quo
2119 4514 2299 4584 magis
2330 4513 2439 4581 his,
2472 4513 2610 4567 mihi
2646 4530 2818 4584 quam
2850 4518 3093 4584 reputes,
3115 4511 3467 4576 charissima,
3493 4509 3659 4581 quid-

3435 4597 3657 4670 [quam,

1964 4694 2021 4748 Si
2052 4691 2239 4745 videas
2272 4689 2491 4760 aliquid
2511 4689 2859 4742 concordans
2890 4687 3042 4758 quod
3069 4686 3172 4739 tibi
3204 4702 3322 4739 non
3355 4686 3445 4751 sit,

1964 4785 2034 4836 At
2064 4780 2193 4833 licet
2225 4794 2403 4849 usque
2434 4794 2575 4848 rogo
2610 4793 2835 4830 mecum
2867 4778 2979 4830 duo
3008 4780 3031 4807 °
3062 4780 3296 4845 perpete
3328 4778 3478 4836 voto,

1965 4872 2195 4925 Pectore
2225 4868 2365 4937 quin
2400 4871 2520 4919 toto
2552 4866 2793 4935 supplex
2821 4882 2984 4919 orare
3011 4869 3323 4929 memento,

1967 4960 2218 5014 Donetur
2246 4955 2452 5010 habilis
2484 4971 2597 5025 quo
2626 4969 2814 5007 sermo
2849 4952 3105 5006 videlicet
3136 4952 3269 5019 illis,

1963 5050 2220 5116 Cumque
2252 5045 2445 5116 vigore
2480 5043 2611 5095 salis
2637 5043 2733 5113 pia
2763 5041 2927 5094 nobis
2962 5042 3205 5110 pignora
3231 5038 3431 5109 pascis.

2036 5186 2263 5242 Gaudeo
2296 5184 2635 5256 praeteritas,
2674 5182 2947 5237 nimirum
2978 5179 3300 5234 venerande
3329 5181 3517 5248 poeta,

2037 5356 2056 5378 ο
2087 5346 2379 5399 Scientiam
2410 5343 2549 5397 dicit
2578 5342 2898 5412 Apostolus,
2933 5355 3044 5412 non
3066 5340 3348 5412 uirtutem.

2035 5418 2062 5459 (ι
2096 5418 2495 5485 Magnammas,
2525 5407 2643 5467 nisi
2664 5428 2897 5482 peccare
2928 5409 3104 5485 voluit
3134 5407 3205 5461 ad
3235 5421 3447 5460 casum.

2037 5494 2058 5520 °
2091 5478 2238 5550 Quid
2292 5486 2442 5539 istud
2483 5478 2691 5539 'mecun'i
2722 5484 2864 5537 duo"
2916 5484 3005 5535 An
3059 5494 3280 5545 mecum,
3325 5490 3555 5547 precare
3606 5478 3663 5525 ut

1971 5557 2078 5612 duo
2107 5558 2341 5612 simul...
2358 5557 2385 5609 7
