4086 6182
365 344 461 396 371

361 470 630 526 Sublimis
656 486 785 525 cum
806 469 903 537 sis,
938 467 1144 522 humili
1172 468 1328 539 quod
1354 469 1573 523 honore
1606 468 1831 523 nitescis
1859 487 1871 523 ε

365 563 621 631 Cumque
651 560 845 630 polum
878 558 1103 625 subeas,
1134 558 1287 628 quod
1326 557 1488 611 humi
1530 562 1585 612 te
1614 575 1815 629 repere
1845 559 2056 629 signas.

362 652 503 704 Nam
534 650 720 719 placet
751 647 900 701 istud
932 647 1003 713 ei,
1039 651 1100 700 ut
1125 646 1295 714 nosti,
1315 646 1413 700 vir‘
1431 647 1749 717 splendide,
1786 648 1945 719 Regi,

342 738 468 802 .Qui
495 738 617 791 fore
647 736 1002 806 praahumilis
1030 751 1131 805 pro
1160 740 1216 789 te
1245 740 1330 789 est
1364 735 1633 806 dignatus
1660 736 1720 789 in
1750 735 1902 802 imis,

361 824 553 879 Mortis
580 823 649 877 ad
684 840 863 894 usque
897 840 1079 893 genus
1104 823 1260 894 quod
1286 830 1408 877 erat
1439 840 1611 895 super
1644 825 1841 878 omnia
1868 825 2053 896 pejus.

362 916 481 969 Hoc
505 913 660 966 velut
690 928 786 965 ore
815 912 971 978 facis,
1006 912 1053 964 si
1079 913 1245 966 corde
1267 919 1495 982 patrare
1524 913 1773 967 studebis

362 1002 707 1056 Cunctarum
736 1017 867 1053 vere
898 1000 1172 1053 virtutum
1196 1001 1369 1054 stabis
1390 1000 1449 1053 in
1482 1017 1628 1054 arce.

362 1090 505 1144 Nam
532 1089 697 1142 facile
729 1094 813 1141 est
842 1088 1064 1142 homini
1096 1089 1371 1143 miserum
1400 1106 1457 1142 se
1490 1106 1625 1143 voce
1656 1089 1842 1156 fateri,

363 1178 477 1232 Seu
504 1176 804 1231 simulator
828 1176 967 1245 agit,
996 1178 1094 1231 sed
1126 1178 1296 1231 corde
1327 1183 1522 1232 tenere
1558 1179 1710 1247 quod
1739 1178 1895 1232 insit.

363 1266 637 1335 Pauperis
670 1270 771 1331 est,
799 1265 991 1319 animo
1014 1265 1071 1319 in
1094 1266 1341 1337 superbo
1364 1267 1659 1336 regnantis
1685 1267 1948 1338 Olympo.

364 1353 510 1407 Illud
542 1352 696 1406 enim
728 1353 958 1422 reprobi
988 1354 1204 1407 faciunt
1232 1370 1487 1425 persaape
1518 1356 1804 1424 gemendi.

364 1443 481 1496 Hoc
510 1446 704 1496 autem
735 1442 920 1511 electi,
956 1443 1232 1498 nimirum
1268 1444 1338 1498 ab
1368 1443 1592 1514 origine
1623 1444 1852 1512 mundi;

432 1626 455 1652 ιι
484 1617 691 1672 Ambro
725 1616 1006 1685 diabolus,
1041 1621 1104 1672 ut
1134 1618 1233 1690 qui
1260 1617 1523 1673 homines
1543 1618 1840 1689 deglutiat.

1818 339 2152 395 LOTHABII
2193 339 2403 396 REGIS

2081 472 2129 523 A
2162 469 2376 523 Idcirco
2404 469 2554 523 haud
2584 467 2823 533 meritis,
2854 484 2985 523 vere
3011 468 3109 522 sed
3138 484 3377 522 munere
3401 466 3607 522 Patris.

3770 341 3878 394 372

2169 557 2390 623 Felicis,
2416 558 2613 624 frater,
2646 557 2859 624 felices,
2892 557 3041 611 celse
3072 557 3367 625 magister,

2167 647 2319 712 Quos
2350 648 2515 701 Pater
2545 646 2606 700 in
2636 647 2858 701 Christo
2892 646 3103 717 delegit
3131 663 3290 699 more
3322 644 3575 715 benigno
3610 660 3623 697 :

2168 737 2422 801 Quorum
2464 753 2633 790 nemo
2677 736 2846 807 perit,
2888 752 3030 804 quos
3068 734 3366 805 sanguinis
3412 734 3570 788 unda
3601 733 3872 788 redemit.

2168 825 2314 895 Agni
2346 826 2606 892 Caelestis,
2637 826 2735 896 qui
2759 826 2931 878 vitam
2967 825 3210 877 contulit
3235 824 3367 877 illis.

2170 916 2326 969 Felix
2352 930 2632 985 agnorum
2662 913 2835 967 fuerit
2862 914 2963 984 qui
2997 917 3282 966 extremus
3313 927 3536 978 eorum,

2168 1004 2281 1058 Nec
2310 1004 2417 1071 leo,
2449 1020 2553 1058 nec
2577 1003 2795 1074 praedo,
2829 1004 3018 1073 lupus,
3053 1017 3116 1056 ac
3155 1002 3347 1068 draco,
3386 1001 3553 1067 latro,
3598 1016 3708 1054 nec
3752 1016 3873 1053 am—

3663 1088 3796 1159 [bro
3827 1098 3871 1154 ³,

2170 1182 2313 1237 Hinc
2359 1180 2586 1252 rapiant
2625 1195 2996 1253 quemquam,
3030 1179 3117 1233 vel
3163 1178 3236 1248 vi,
3287 1179 3372 1232 vel
3420 1178 3720 1233 fraudibus
3763 1193 3874 1229 un-

3642 1265 3871 1338 [quam.

2169 1357 2348 1411 Omne
2380 1355 2612 1427 quidem
2643 1355 2793 1427 quod
2822 1341 2883 1410 ei.
2904 1354 3106 1410 tribuit
3130 1356 3314 1421 Pater,
3341 1354 3573 1409 advenit
3605 1353 3693 1407 illi
3716 1356 3763 1407 δ.

2173 1487 2184 1499 ο
2267 1487 2278 1499 Ι
2360 1488 2369 1498 l
2450 1486 2462 1498 Ι
2542 1489 2553 1509 ’
2630 1488 2641 1498 ο
2722 1486 2733 1498 ο
2816 1484 2828 1497 Ο
2910 1487 2922 1499 ο
3006 1485 3018 1498 ο
3103 1485 3114 1497 ο
3192 1486 3205 1499 ο
3288 1484 3300 1497 ο
3383 1482 3395 1495 Ι
3477 1484 3489 1496 ο
3572 1482 3587 1496 ο
3672 1483 3684 1494 I
3769 1481 3786 1502 ,
3861 1480 3875 1493 ο

2239 1622 2264 1663 Ι)
2296 1622 2478 1675 Pauca
2505 1620 2698 1675 deesse
2725 1620 3012 1676 videntur.

1672 1941 1847 1985 ANNO
1896 1941 2125 1986 DOMINI
2170 1940 2317 1985 DCCC
2327 1941 2551 1986 LXVIII.

1048 2113 3164 2441 LOTHARIUS.

1422 2600 1892 2691 LOTHABII
1956 2598 2453 2690 EPISTOLIE
2522 2599 2801 2689 TRES.

909 2960 1249 3016 EPISTOLA
1289 2961 1526 3016 PRIMA.

879 3084 948 3121 AD
988 3085 1257 3123 NICOLAUM
1299 3084 1471 3122 PAPAM
1502 3077 1546 3123 ⁸.

369 3193 738 3260 Conqueritur
766 3192 911 3261 quod
947 3194 1198 3261 ponti/ea:
1232 3194 1461 3245 nimium
1502 3192 1567 3245 de
1596 3191 1718 3260 ipso
1756 3193 1868 3259 ejus
1897 3206 2060 3244 aemu-

438 3264 506 3316 lis
559 3264 763 3317 credat.
822 3264 1018 3317 Dolore
1073 3278 1128 3317 se
1180 3265 1453 3329 signiﬁcat
1501 3263 1566 3315 de
1622 3262 1967 3329 Theutgaudi
2013 3266 2063 3315 et

441 3334 738 3390 Guntharii
779 3336 1344 3387 excommunicatione.
1399 3336 1667 3386 Caeterum
1709 3347 1959 3401 purgans
2009 3347 2064 3385 se

438 3405 504 3458 de
564 3404 829 3467 omnibus,
884 3408 1141 3471 paratum
1189 3419 1243 3455 se
1296 3404 1527 3456 ostendit
1580 3419 1760 3457 coram
1809 3405 2064 3471 pontiﬁce

438 3475 878 3529 adversariorum
908 3475 1209 3527 calumnias
1232 3474 1491 3539 refellere.

444 3596 686 3651 Domino
720 3612 850 3649 vere
880 3596 1207 3651 beatissimo
1234 3600 1303 3665 jet
1339 3596 1692 3650 sanctissimo
1722 3595 1896 3650 totius
1926 3612 2055 3653 san-

370 3689 474 3739 cta:
506 3684 607 3739 Dei
637 3684 893 3739 Ecclesiae
925 3701 1149 3739 summo
1187 3685 1445 3755 pontiﬁci
1477 3688 1532 3738 et
1560 3684 1869 3739 universali
1899 3700 2062 3755 papae

372 3774 636 3843 NICOLAO,
688 3775 1011 3838 Loraamus,
1065 3774 1255 3829 divina
1301 3774 1687 3846 praeveniente
1735 3773 2057 3841 clementia,

370 3877 486 3929 rex,
519 3878 760 3916 summm
782 3862 1067 3917 felicitatis
1097 3879 1162 3918 ac
1192 3862 1493 3935 praesentis
1531 3863 1927 3935 prosperitatis
1958 3879 2060 3934 pa-

368 3966 492 4005 cem
514 3954 569 4005 et
590 3951 853 4020 gloriam.

443 4041 746 4111 Postquam
780 4039 946 4095 nobis
984 4040 1176 4095 divina
1208 4040 1461 4112 dignatio
1502 4058 1599 4094 sua
1649 4040 1898 4109 gratuita
1949 4040 2062 4095 cle-

368 4129 584 4182 mentia
612 4128 772 4198 regni
803 4128 1191 4198 gubernacula
1218 4130 1520 4197 commisit,
1551 4145 1711 4182 more
1742 4129 2059 4198 praedeces-

366 4232 558 4270 sorum
587 4221 910 4270 nostrorum
935 4216 1552 4271 Christianissimorum
1582 4234 1804 4287 regum,
1838 4233 2063 4288 semper

368 4310 422 4358 et
452 4305 509 4358 in
534 4305 800 4359 omnibus
831 4305 1254 4360 sublimandam
1301 4306 1451 4360 beati
1481 4307 1631 4361 Petri
1673 4307 2058 4377 apostolorum

366 4393 641 4463 principis
687 4394 901 4458 sedem,
951 4398 1014 4447 ut
1056 4395 1292 4465 dignum
1336 4401 1438 4462 est,
1492 4402 1817 4450 reverenter
1857 4396 2050 4450 dilexi-

365 4496 512 4547 mus,
565 4487 733 4552 atque
789 4482 1091 4551 instanter,
1139 4489 1417 4554 quantum
1456 4485 1516 4538 in
1560 4486 1724 4540 nobis
1762 4491 1866 4553 est,
1897 4486 2056 4539 illam

363 4570 606 4623 exaltare
632 4571 817 4640 parati
846 4588 1061 4639 sumus,
1088 4572 1270 4643 deque
1302 4578 1485 4628 vestro
1524 4578 1801 4645 tanquam
1828 4591 2053 4629 summo

361 4657 632 4728 spiritalis
689 4660 869 4714 Patris
926 4662 1210 4731 regimine
1257 4679 1483 4733 semper
1532 4664 1782 4717 salubria
1822 4664 2054 4718 haurire

361 4746 675 4815 cupientes,
734 4748 985 4802 veritatis
1044 4767 1176 4804 voce
1233 4751 1392 4805 vobis
1434 4751 1648 4806 dictum
1700 4752 2050 4806 recolimus:

358 4836 534 4901 Petre,
562 4828 739 4890 'amas
779 4840 900 4891 me?
932 4854 1092 4906 pasce
1133 4855 1250 4893 oves
1291 4856 1434 4894 meas
1475 4842 1660 4911 (Joan.
1697 4840 1808 4909 x1);
1855 4846 1913 4895 et
1949 4858 2053 4911 per

359 4923 693 4995 prophetam
730 4942 742 4979 :
797 4928 906 4993 Ego
947 4942 1172 4995 pascam
1214 4943 1332 4982 oves
1372 4944 1537 4999 meas,
1596 4930 1735 4986 dicit
1794 4932 2051 4985 Dominus

359 5017 541 5068 Deus:
601 5015 745 5084 quod
806 5017 1047 5091 perierat
1107 5019 1403 5084 requiram,
1466 5024 1515 5072 et
1583 5018 1727 5086 quod
1782 5019 2051 5087 abjectum

355 5103 541 5168 fuerat
586 5102 862 5168 reducam,
903 5109 952 5157 et
992 5104 1137 5171 quod
1172 5108 1507 5169 confractum
1545 5110 1662 5159 erat
1700 5108 1958 5175 alligabo,
1999 5112 2049 5161 et

356 5190 500 5257 quod
537 5189 820 5260 inﬁrmum
855 5191 1194 5245 consolidabo
1228 5193 1438 5261 (Ezech.
1479 5196 1689 5264 xxxrv).
1721 5196 2047 5250 Admodum

356 5278 567 5349 quippe
624 5280 1014 5334 desideramus
1053 5280 1217 5334 citius
1265 5281 1422 5335 vobis
1473 5286 1723 5337 nostram
1782 5285 2047 5339 exhibere

353 5367 737 5433 praesentiam,
774 5374 839 5422 ut
862 5369 1005 5422 illud
1038 5368 1243 5423 veriori
1271 5368 1624 5439 experientia
1652 5371 1892 5441 implere
1914 5388 2043 5443 pos-

352 5450 493 5523 sitis,
517 5456 672 5525 quod
704 5458 857 5511 idem
901 5459 1183 5528 propheta
1213 5462 1343 5528 post
1367 5473 1548 5527 pauca
1579 5460 1883 5515 subintulit
1915 5476 1927 5514 :
1964 5462 2044 5515 Et

417 5623 441 5652 α
470 5611 639 5680 Apud
668 5612 975 5681 Lahbeum,
1014 5614 1398 5671 Conciliorum
1431 5615 1599 5688 tomo:
1619 5617 1767 5681 VIII,
1801 5635 1859 5690 p.
1894 5622 2014 5674 500.

2101 2960 2140 3013 Β
2162 2958 2421 3028 judicabo
2478 2960 2603 3014 illas
2658 2963 2714 3015 in
2761 2961 2975 3030 judicio
2996 2966 3046 3016 et
3093 2963 3321 3031 justitia
3370 2964 3588 3035 (Ibid.).
3652 2968 3885 3021 Revera

2171 3049 2601 3103 serenissimum
2650 3067 2712 3104 ac
2758 3050 3185 3105 devotissimum
3227 3052 3375 3106 circa
3412 3053 3567 3124 piam
3612 3056 3882 3126 paterni-

2169 3142 2343 3190 tatem
2374 3142 2619 3191 vestram
2652 3143 2858 3192 nostrae
2891 3140 3093 3193 mentis
3122 3140 3388 3194 affectum
3427 3143 3637 3197 acriter
3683 3145 3880 3198 obnu-

2172 3226 2329 3292 bilat,
2377 3227 2527 3296 quod
2574 3228 2917 3281 aemulorum
2957 3234 3286 3284 nostrorum
3325 3231 3601 3285 falsidicis
3634 3234 3881 3287 vocibus

2170 3315 2418 3369 nimium
2456 3314 2694 3381 creduli,
2736 3315 2889 3369 ultra
2930 3332 3105 3387 quam
3144 3318 3306 3372 nobis
3338 3335 3565 3373 necesse
3610 3328 3781 3381 esset.
3814 3323 3882 3376 in

2171 3408 2364 3456 nostra
2393 3402 2766 3472 derogatione
2800 3405 3142 3459 sanctissimi
3174 3410 3524 3476 apostolatus
3557 3410 3732 3464 vestri
3774 3428 3885 3465 au-

2169 3505 2293 3543 rem
2340 3491 2798 3545 accommodatis.
2841 3494 3161 3548 Praesertim
3201 3512 3330 3549 cum
3371 3502 3563 3551 nostra
3598 3514 3885 3554 mansue-

2169 3578 2307 3631 tudo
2338 3577 2770 3648 promptissima
2799 3581 2872 3633 sit
2900 3582 3056 3635 omni
3089 3583 3389 3654 deroganti
3428 3600 3584 3653 vera,
3631 3593 3689 3639 et
3713 3587 3885 3656 justa

2169 3666 2390 3720 ratione
2419 3666 2679 3722 resistere
2713 3683 2725 3721 :
2759 3670 2912 3738 quod
2944 3674 3000 3724 et
3031 3672 3200 3740 legati
3234 3672 3424 3740 vestri,
3457 3689 3644 3743 nuper
3690 3675 3752 3728 in
3784 3676 3886 3730 his

2169 3755 2425 3825 partibus
2464 3755 2684 3823 directi,
2735 3757 2895 3811 vobis
2943 3758 3211 3813 intimare
3255 3766 3522 3829 poterant
3550 3762 3595 3815 si
3626 3763 3879 3832 vellent,

2170 3843 2306 3915 quia
2336 3860 2440 3897 nos
2467 3844 2596 3898 data
2626 3846 2836 3899 nostris
2876 3847 3297 3901 accusatoribus
3340 3848 3611 3904 ﬁrmitate
3648 3852 3880 3907 aditum

2170 3933 2437 3988 veniendi
2486 3935 2873 3988 concessimus
2928 3941 2984 3989 et
3048 3936 3455 3991 rationabilem
3523 3940 3886 3995 satisfactio-

2171 4036 2326 4083 nem,
2374 4027 2653 4092 tanquam
2694 4023 2755 4076 in
2794 4029 2979 4078 vestra
3009 4025 3304 4094 patientia,
3352 4043 3420 4080 ex
3463 4033 3651 4081 vestro
3692 4030 3886 4087 latere

2171 4109 2398 4163 directis
2446 4113 2672 4180 explere
2719 4112 2906 4181 parati
2952 4113 3187 4179 fuimus,
3242 4115 3387 4168 nihil
3437 4120 3647 4169 nostrae
3692 4120 3885 4187 regia:

2169 4197 2435 4267 dignitati
2472 4199 2745 4263 faventes,
2777 4201 2878 4254 sed
2917 4202 3078 4271 quasi
3114 4218 3260 4255 unus
3290 4219 3355 4256 ex
3402 4203 3697 4258 vilioribus
3736 4222 3882 4275 per-

2169 4286 2343 4353 sonis,
2402 4288 2844 4342 sacerdotalibus
2900 4290 3132 4343 monitis
3184 4296 3471 4360 parentes.
3527 4293 3637 4346 Hoc
3680 4298 3883 4351 totum

2168 4375 2349 4428 nostri
2405 4376 2598 4429 aemuli
2650 4376 2879 4431 sinistra
2926 4376 3402 4448 interpretatione
3450 4380 3878 4451 intelligentes,

2167 4470 2501 4518 exarserunt
2540 4465 2598 4518 in
2630 4465 3089 4536 concupiscentia
3131 4468 3297 4538 regni
3346 4468 3509 4522 nobis
3551 4469 3743 4523 divina
3780 4472 3877 4525 di-

2165 4552 2435 4623 gnatione
2462 4553 2589 4622 jure
2620 4553 2985 4608 haereditario
3015 4556 3267 4609 concessi
3301 4573 3313 4609 :
3351 4573 3467 4610 non
3502 4559 3879 4616 attendentes

2163 4641 2512 4712 Scripturam
2562 4641 2888 4696 dicentem:
2952 4646 3162 4697 Domini
3209 4651 3287 4698 est
3353 4661 3597 4712 regnum,
3648 4653 3699 4701 et
3744 4652 3877 4702 cui-

2162 4745 2369 4797 cunque
2394 4730 2626 4784 voluerit
2654 4731 2808 4784 dabit
2838 4732 2979 4786 illud
3025 4732 3183 4803 (Dan.
3231 4733 3302 4801 1v)
3342 4750 3353 4786 :
3399 4750 3585 4804 neque
3620 4738 3874 4806 Aposto-

2162 4817 2282 4871 lum
2332 4817 2619 4872 dicentem
2653 4836 2665 4872 :
2696 4821 2812 4875 Non
2868 4826 2945 4874 est
2999 4827 3235 4889 potestas
3282 4825 3393 4876 nisi
3445 4840 3480 4877 α
3528 4827 3635 4879 Deo
3685 4827 3869 4895 (Rom.

2160 4906 2296 4976 xm).
2330 4906 2485 4959 Illius
2518 4923 2652 4977 ergo
2682 4907 2903 4962 victrici
2952 4909 3181 4963 dextera
3211 4926 3316 4979 pro
3346 4910 3535 4975 nobis,
3569 4912 3648 4966 uti
3675 4915 3872 4969 credi-

2159 5010 2307 5060 mus,
2338 5000 2647 5063 pugnante,
2680 4996 2779 5066 qui
2810 4997 2966 5050 novit
2997 5004 3053 5050 et
3083 4998 3474 5067 diripientem,
3509 5007 3567 5053 et
3598 5016 3731 5055 eum
3762 5004 3873 5073 qui

2158 5082 2443 5152 diripitur,
2470 5084 2941 5154 parvipendimus
2982 5102 3183 5140 eorum
3231 5088 3446 5141 fucatas
3490 5089 3816 5144 simultates
3850 5108 3865 5146 :

2158 5180 2518 5234 solummodo
2549 5186 2609 5235 ut
2660 5182 2833 5235 vestri
2879 5184 3249 5252 pontiﬁcatus
3290 5185 3561 5252 anchora,
3613 5186 3675 5239 in
3720 5189 3866 5243 soli-

2158 5268 2389 5321 dissimo
2447 5275 2654 5324 sancta:
2711 5272 2909 5324 matris
2971 5273 3227 5326 Ecclesiae
3285 5273 3661 5328 fundamento
3719 5276 3861 5346 ﬁxa,

2155 5355 2321 5409 nobis
2360 5355 2624 5411 similiter
2662 5358 2993 5427 petentibus
3032 5360 3343 5415 concedere
3384 5362 3656 5432 dignetur
3700 5367 3864 5434 quod

2154 5444 2213 5499 in
2244 5445 2528 5499 mandatis
2557 5447 2737 5516 digito
2774 5446 2873 5500 Dei
2917 5447 3144 5518 scriptis
3172 5449 3387 5519 legitur
3423 5467 3435 5504 :
3473 5454 3624 5505 Iuste
3655 5452 3865 5520 judica

2080 5548 2124 5601 [ι
2151 5536 2403 5604 proximo
2447 5539 2536 5589 tuo
2585 5537 2728 5605 (Leu.
2781 5535 2919 5607 nx).
2970 5538 3147 5591 Porro
3190 5554 3296 5592 nos
3344 5539 3402 5593 in
3433 5540 3653 5594 ultimis
3702 5557 3860 5612 pene
