4086 6182
193 330 296 382 373

1661 333 2017 388 EPISTOLE
2056 334 2254 388 TRES.

3611 335 3714 390 374

195 462 360 533 regni
414 464 597 517 nostri
646 463 858 517 ﬁnibus
902 470 1338 529 commorantes,
1374 470 1429 519 et
1473 482 1610 536 erga
1666 466 1898 520 infesta-
1940 471 1986 523 Α
2012 466 2373 532 Trinitatem,
2427 466 2725 521 humiliter
2771 466 3040 538 petimus,
3072 473 3137 522 ut
3180 468 3345 523 facile
3376 469 3715 525 criminosos

197 552 420 605 tionem
481 569 840 624 paganorum
901 554 1211 607 laboriosas
1266 554 1530 608 excubias
1585 560 1898 622 servantes,

199 641 653 695 discurrentium
696 642 975 696 relatione
1024 644 1429 714 comperimus,
1461 645 1903 714 'I‘beutgaudum

198 730 619 796 Trevirensem,
673 736 730 784 et
783 732 1161 785 Guntharium
1202 734 1702 804 Agrippinensem,
1737 750 1767 786 a
1811 750 1903 787 ve-

200 823 316 873 stra
351 820 687 873 auctoritate
733 821 1275 888 excommunicatos,
1324 830 1493 892 atque
1544 824 1657 876 oris
1687 824 1905 893 proprii

200 909 536 962 testimonio
590 909 857 962 canonice
906 910 1237 963 damnatos:
1274 911 1426 979 quod
1470 928 1573 963 nos
1618 928 1732 965 non
1784 911 1904 964 sine

200 997 362 1067 gravi
420 1014 668 1051 maerore
717 998 1074 1064 haurientes,
1110 998 1466 1052 decrevimus
1497 999 1906 1069 longanimiter

201 1102 264 1138 ac
294 1086 589 1155 patienter
634 1086 783 1139 ferre
826 1088 1108 1152 nuntiata,
1144 1093 1200 1140 et
1249 1092 1311 1140 ut
1356 1088 1494 1141 olim
1540 1088 1597 1140 in
1646 1088 1905 1157 pluribus

202 1180 398 1227 actum
430 1180 537 1237 est,
576 1174 955 1228 restitutionis
986 1191 1148 1245 spem
1179 1176 1410 1240 habere,
1444 1181 1499 1228 et
1541 1176 1631 1246 pie
1666 1177 1905 1230 refrica—

202 1263 275 1316 tis
324 1279 391 1316 ac
436 1265 753 1317 retractatis
798 1264 1087 1329 omnibus,
1122 1266 1308 1317 locum
1342 1264 1697 1317 rationabilis
1730 1266 1906 1318 mise-

203 1353 472 1406 ricordias
522 1370 553 1407 a
599 1358 783 1407 vestra
820 1354 1079 1422 largitate
1128 1353 1466 1423 praestolari.
1506 1354 1726 1407 Interea
1760 1355 1903 1407 acci-

204 1443 286 1497 dit
316 1442 486 1495 nobis
510 1458 695 1508 nosse,
727 1442 881 1512 quod
913 1442 1261 1496 Guntharius
1291 1442 1598 1495 missarum
1629 1443 1907 1496 solemnia

202 1536 518 1600 antequam
569 1532 634 1583 ad
694 1546 798 1583 nos
845 1531 1167 1600 perveniret
1211 1532 1497 1584 celebrare
1528 1548 1643 1585 non
1678 1532 1903 1597 metuit,

199 1626 255 1673 et
318 1621 488 1689 juxta
557 1620 978 1689 praecedentem
1039 1620 1515 1673 consuetudinem
1581 1620 1905 1690 episcopale

196 1711 453 1762 chrisma
500 1708 804 1775 conﬁcere,
843 1710 913 1777 :et
959 1708 1232 1779 Spiritum
1282 1710 1635 1779 paracletum
1685 1710 1906 1763 tradere

196 1799 606 1869 praesumpsit:
650 1798 805 1868 quod
837 1814 941 1851 nos
972 1798 1105 1851 satis
1137 1814 1287 1867 aegre
1324 1798 1584 1866 tulimus,
1616 1804 1671 1851 et
1703 1804 1765 1852 ut
1796 1799 1902 1851 hoc

195 1904 314 1942 non
366 1888 554 1951 ﬁeret,
607 1892 886 1957 tanquam
942 1888 1302 1941 mortiferum
1354 1904 1662 1955 venenum,
1715 1888 1902 1941 modis

194 1978 469 2031 omnibus
511 1977 930 2030 abominamur.
969 1978 1069 2030 Illo
1122 1982 1312 2030 autem
1363 1979 1432 2030 ad
1468 1993 1570 2030 nos
1611 1977 1899 2046 veniente,

197 2067 321 2136 ejus
354 2066 589 2118 missam
619 2065 814 2118 audire
849 2066 1160 2129 noluimus,
1191 2081 1293 2118 nec
1324 2065 1381 2117 in
1416 2066 1609 2135 aliquo
1637 2066 1720 2118 illi
1750 2081 1904 2119 com-

197 2158 496 2208 municare
543 2160 729 2207 ratum
780 2154 1065 2217 duximus,
1100 2160 1155 2208 et
1178 2156 1341 2225 juxta
1374 2154 1639 2207 Veritatis
1680 2170 1901 2223 vocem,

198 2244 367 2313 quasi
410 2242 893 2296 scandalizantem
922 2243 1171 2307 oculum,
1206 2260 1235 2295 a
1273 2242 1435 2295 nobis
1466 2259 1667 2295 eruere
1700 2258 1901 2295 macu-

196 2334 312 2385 lam
365 2330 744 2402 disponimus,
806 2347 1104 2401 quousque
1148 2331 1495 2384 sanctissimi
1549 2332 1901 2401 apostolatus

198 2420 374 2473 vestri
406 2420 686 2473 ﬁnitivam
720 2419 1065 2472 sententiam
1108 2420 1176 2473 de
1206 2420 1304 2472 illo
1340 2419 1548 2473 rescire
1588 2420 1897 2473 valeamus.

198 2510 515 2580 Epistolam
547 2524 777 2579 quoque
820 2524 852 2560 a
892 2513 1077 2561 vestra
1110 2508 1408 2561 sanctitate
1439 2507 1721 2579 episcOpis
1753 2508 1901 2562 dice-

193 2614 396 2653 ceseos
438 2598 712 2651 directam
752 2597 836 2650 illi
886 2596 1332 2664 transmisimus,
1376 2602 1437 2650 ut
1466 2596 1677 2651 ibidem
1722 2613 1899 2650 cano-

192 2687 359 2739 nicas
411 2692 581 2755 atque
639 2686 977 2755 apostolicas
1034 2686 1356 2739 sanctiones
1415 2686 1632 2756 liquido
1686 2701 1898 2755 cogno-

192 2792 387 2840 scens,
425 2775 609 2828 videat
652 2774 791 2844 quid
838 2774 895 2828 in
927 2778 1221 2844 posterum
1254 2775 1338 2827 illi
1368 2775 1656 2844 agendum
1690 2776 1780 2828 sit.
1818 2776 1896 2829 De

189 2872 407 2918 caetero
442 2863 719 2916 veraciter
762 2880 824 2915 ac
869 2862 1167 2916 sinceriter
1220 2868 1404 2915 vestra
1452 2863 1766 2932 paternitas
1795 2880 1896 2915 no-

186 2954 363 3021 verit,
396 2952 547 3023 quod
582 2952 988 3021 Theutgaudus
1026 2951 1485 3021 simplicissimus
1525 2957 1696 3021 atque
1729 2951 1896 3005 inno-

186 3043 561 3097 centissimus
590 3041 694 3107 vir,
729 3045 971 3093 vestram
1008 3040 1303 3093 humiliter
1336 3039 1526 3093 ferens
1571 3056 1892 3107 censuram,
1936 3075 1975 3129 Ο

185 3132 249 3186 in
288 3132 453 3184 nullo
486 3132 556 3184 de
600 3146 760 3182 sacro
791 3128 1110 3182 ministerio
1141 3129 1471 3199 contingere
1504 3128 1894 3199 praesumpsit,

187 3221 381 3290 magis
411 3220 631 3289 eligens
658 3217 1170 3272 dehonorationem
1204 3217 1644 3287 praesentialiter
1671 3216 1729 3269 in
1754 3233 1898 3269 ocu-

185 3312 261 3365 lis
297 3310 605 3363 hominum
637 3308 776 3378 pati,
815 3324 989 3378 quam
1019 3323 1121 3376 per
1154 3306 1607 3359 inobedientiam
1647 3306 1717 3359 ab
1746 3306 1897 3359 illius

186 3398 475 3454 membris
524 3396 765 3462 secerni,
822 3395 922 3466 qui
953 3400 1125 3465 caput
1154 3400 1241 3448 est
1288 3394 1620 3461 humilium,
1664 3394 1897 3464 suisque

186 3486 497 3557 discipulis
529 3487 641 3539 ait:
684 3488 882 3539 Discite
911 3502 945 3538 a
986 3501 1067 3538 me
1110 3488 1241 3553 quia
1270 3487 1417 3537 mitis
1448 3500 1566 3537 sum
1597 3489 1646 3537 et
1678 3485 1897 3537 humilis

183 3577 369 3642 corde,
418 3581 469 3629 et
515 3576 796 3628 invenietis
828 3577 1066 3641 requiem
1104 3573 1391 3626 animabus
1423 3576 1617 3625 vestris
1660 3572 1889 3640 (Matth.

186 3672 292 3731 x1).
329 3666 455 3735 Ipse
484 3665 661 3728 enim,
697 3662 795 3732 qui
830 3660 1093 3731 superbis
1122 3660 1357 3728 resistit,
1389 3666 1446 3714 et
1477 3660 1720 3730 gratiam
1747 3676 1896 3729 pra)-

184 3760 307 3808 stat
363 3752 705 3815 humilibus,
756 3750 967 3820 poterit
1018 3750 1205 3816 illum,
1254 3748 1300 3801 si
1350 3750 1625 3802 innocens
1675 3753 1776 3814 est,
1827 3749 1895 3801 de

186 3842 461 3913 supernis
512 3839 957 3893 misericorditer
1004 3838 1308 3908 respicere.
1342 3837 1644 3891 Enimvero
1693 3837 1896 3907 legatis

184 3931 402 3984 nostris
431 3928 805 3998 Theutgaudo
853 3931 908 3980 et
938 3926 1273 3993 Gunthario,
1324 3926 1468 3979 nihil
1518 3928 1629 3979 tale
1679 3926 1892 3995 aliquid

185 4021 245 4073 in
291 4036 395 4071 sua
422 4018 708 4087 legatione
747 4017 853 4070 fari
888 4016 1279 4086 prmcipimus,
1311 4015 1462 4068 unde
1512 4015 1897 4068 damnationis

184 4113 391 4162 notam
420 4108 801 4159 incurrerent.
836 4105 943 4158 Sed
979 4120 1081 4157 nec
1114 4104 1184 4157 de
1214 4104 1542 4172 Ingeltrude
1571 4118 1742 4155 uxore
1785 4105 1895 4157 Bo-

186 4197 351 4251 sonis
383 4196 617 4265 aliquod
650 4192 1048 4264 praajudicium
1088 4194 1236 4245 ferre
1283 4192 1559 4245 debemus
1589 4196 1687 4243 aut
1736 4192 1895 4245 volu-

188 4300 361 4340 mus:
400 4300 575 4353 quam
628 4299 753 4347 nos,
796 4286 1091 4351 Comperto
1143 4281 1295 4351 quod
1346 4280 1727 4332 anathematis
1769 4279 1895 4332 vin-

183 4375 320 4427 culo
364 4376 514 4425 esset
566 4370 859 4435 innodata,
922 4369 1255 4435 Gunthario,
1314 4368 1449 4438 quia
1500 4373 1635 4420 tunc
1692 4368 1751 4419 in
1796 4383 1895 4419 sua

184 4462 468 4533 parochia
502 4465 645 4527 erat,
678 4458 1227 4522 commendavimus,
1262 4462 1577 4523 monentes,
1613 4461 1675 4510 ut
1704 4457 1773 4510 de
1795 4457 1893 4511 illa

185 4567 359 4605 suum
424 4548 813 4602 ministerium
870 4548 1101 4612 faceret,
1157 4546 1274 4599 imo
1326 4546 1484 4599 illam
1530 4561 1594 4598 ex
1631 4545 1896 4599 omnibus

185 4640 358 4711 regni
389 4638 571 4692 nostri
607 4637 821 4692 ﬁnibus
852 4636 1265 4690 eliminaudam
1310 4634 1653 4688 censuimus.
1703 4635 1898 4705 Legati

186 4730 347 4783 enim
380 4727 555 4781 vestri
604 4727 760 4780 illam
801 4726 1168 4797 postmodum
1208 4724 1583 4794 requirentes,
1618 4729 1788 4793 atque
1838 4724 1895 4777 in

186 4817 382 4871 medio
414 4820 752 4879 statuentes,
796 4831 899 4867 nos
932 4814 1267 4881 ignoramus
1302 4828 1473 4882 quem
1508 4812 1684 4865 ﬁnem
1713 4827 1897 4865 causa:

184 4907 369 4976 ipsius
422 4902 825 4973 imposuerint.
874 4902 1138 4972 Episcopi
1191 4917 1325 4955 vero
1356 4901 1662 4954 dioeceseos
1696 4899 1893 4954 Trevi-

187 4993 376 5048 rensis
422 4991 778 5062 metropolis,
825 4995 881 5044 et
908 4990 1243 5060 Agrippina:
1277 4989 1545 5055 Coloniae,
1598 5005 1701 5042 nec
1744 5004 1894 5042 com-

188 5083 369 5154 plices
401 5082 831 5145 damnatorum,
888 5094 995 5133 nec
1040 5078 1295 5132 fautores
1342 5078 1633 5145 vitiorum,
1689 5093 1793 5130 nec
1838 5076 1897 5130 in

186 5172 389 5241 aliquo
444 5168 893 5239 apostolicorum
930 5167 1296 5221 decretorum
1330 5171 1773 5236 contemptores,
1807 5166 1897 5219 vel

186 5259 606 5315 canonicorum
658 5257 995 5326 dogmatum
1046 5256 1351 5310 violatores
1403 5271 1524 5308 esse
1568 5255 1895 5325 probabun-

188 5354 307 5413 tur,
357 5347 455 5401 sed
490 5362 647 5399 sane:
687 5350 858 5415 atque
888 5337 1183 5399 catholica:
1233 5344 1366 5398 ﬁdei
1396 5360 1459 5397 ac
1492 5344 1609 5397 veri
1644 5344 1740 5397 Dei
1770 5345 1897 5396 cul-

190 5442 375 5490 tores.
433 5433 615 5505 Igitur
660 5436 896 5503 propter
926 5432 1131 5495 Deum,
1165 5436 1416 5486 sanctam
1450 5436 1505 5484 et
1543 5431 1897 5485 individuam

2010 558 2081 611 ad
2129 557 2517 611 causationem
2560 562 2811 610 nostram
2858 558 3185 611 nullatenus
3212 558 3557 614 admittatis:
3606 577 3712 614 ne-

2012 662 2123 716 que
2156 650 2217 699 ut
2259 647 2561 716 Apostolus
2606 646 2791 711 docet,
2828 646 2984 699 omni
3036 646 3264 716 spiritui
3312 648 3581 713 credatis,
3615 649 3712 704 sed

2011 734 2249 804 probate
2278 735 2323 788 si
2377 752 2441 788 ex
2498 735 2612 787 Deo
2646 734 2713 787 sit
2749 736 2797 804 (I
2836 736 3004 788 Joan.
3055 735 3129 804 iv)
3159 752 3171 788 :
3206 736 3339 805 quia
3386 737 3570 805 parati
3612 755 3713 791 su—

2014 840 2162 889 mus,
2224 824 2270 877 si
2328 824 2473 877 ratio
2535 823 2847 888 dictaverit,
2909 840 3013 893 per
3069 824 3449 893 nosmetipsos
3506 826 3708 894 polire,

2013 913 2165 981 quod
2221 913 2561 965 aemulorum
2606 912 2821 965 invidia
2870 912 3036 983 tingit
3087 913 3294 965 aliena.
3332 912 3708 982 Omnipotens

2014 1002 2163 1053 Deus
2194 1000 2620 1055 sanctissimum
2670 1002 3016 1070 praesulatus
3068 1001 3233 1053 vestri
3270 1001 3489 1070 apicem
3535 1000 3710 1071 tequi-

2014 1089 2147 1143 tatis
2217 1090 2376 1142 lance
2420 1090 2784 1143 moderatum
2844 1090 2941 1144 diu
3003 1090 3350 1144 incolumem
3406 1090 3707 1144 custodiat.

2017 1183 2215 1233 Amen.

2618 1250 3013 1305 EPISTOLA
3067 1252 3109 1304 Ι.

2652 1373 2719 1409 AD
2762 1372 2987 1410 EUMDEM
3028 1366 3069 1410 τι.

2019 1483 2084 1535 Ut
2122 1482 2722 1534 excommunicationem
2772 1482 2833 1535 ob
2885 1484 3211 1536 consortium
3254 1498 3371 1535 cum
3410 1481 3714 1536 Waldrada

2085 1554 2469 1604 comminutum
2524 1552 2771 1619 e/fugiut,
2832 1568 2988 1605 suum
3046 1553 3119 1605 ad
3174 1554 3451 1607 Nicolaum
3487 1553 3714 1605 Romam

2085 1622 2377 1675 adventum
2428 1625 2669 1689 nuntiat,
2728 1628 2777 1675 et
2836 1629 2895 1676 ut
2961 1640 3078 1677 eum
3134 1639 3225 1691 spe
3280 1624 3415 1677 bona
3474 1624 3713 1691 ludiﬁcet

2085 1696 2453 1761 episcoporum
2523 1693 2596 1745 ad
2649 1694 2889 1747 eumdem
2958 1696 3271 1761 legationem
3338 1695 3599 1758 decernit,
3662 1698 3713 1745 et

2086 1765 2360 1817 auxilium
2392 1769 2578 1817 contra
2606 1765 2924 1829 Saracenos,
2958 1768 3008 1818 si
3036 1780 3167 1834 opus
3201 1768 3291 1830 sit,
3325 1767 3374 1817 ei
3402 1766 3706 1833 pollicetur.

2082 1888 2324 1942 Domino
2356 1904 2485 1941 vere
2539 1888 2899 1942 sanctissimo
2941 1906 3005 1942 ac
3033 1888 3388 1953 beatissimo,
3423 1889 3709 1958 totiusque

2012 1978 2112 2032 Dei
2150 1978 2411 2032 Ecclesia;
2444 1993 2604 2031 roseo
2633 1978 2743 2046 piis
2777 1978 2945 2048 Regis
2973 1977 3183 2032 Christi
3214 1977 3494 2047 sanguine
3520 1976 3710 2047 acqui-

2011 2066 2135 2120 sita:
2188 2082 2413 2119 summo
2466 2066 2723 2136 pontiﬁci
2768 2074 2823 2121 et
2866 2067 3175 2120 universali
3224 2083 3389 2135 papas
3446 2066 3706 2130 NICOLAO,

2009 2156 2337 2222 LOTHARIUS,
2420 2154 2611 2208 divina
2684 2154 3031 2225 propitiante
3108 2155 3411 2207 clementia
3469 2170 3567 2207 rex
3644 2170 3709 2208 ac

2008 2243 2412 2297 devotissimus
2453 2242 2604 2297 ﬁlius
2635 2248 2837 2307 vester,
2869 2242 3280 2313 sempiternam
3312 2258 3440 2295 cum
3473 2242 3703 2313 gaudio,

2009 2333 2423 2405 prosperitatis,
2484 2338 2540 2387 et
2586 2332 2873 2388 felicitatis
2920 2334 3186 2404 gloriam,
3243 2333 3525 2403 ﬁdeleque
3582 2347 3705 2386 ser-

2008 2422 2234 2476 vitium.

2078 2511 2191 2564 Rex
2243 2526 2444 2579 regum
2493 2514 2548 2563 et
2596 2510 2861 2581 princeps
2917 2514 3213 2580 pastorum
3264 2508 3545 2578 Christus,
3604 2509 3705 2579 qui

2006 2598 2440 2663 sacerdotalem,
2493 2603 2547 2652 et
2599 2599 2818 2668 regiam
2877 2599 3219 2669 dignitatem
3270 2598 3329 2651 in
3381 2598 3703 2652 ministerio

2006 2692 2202 2741 nostro
2256 2687 2673 2757 redemptionis
2735 2689 2793 2740 in
2850 2687 3037 2757 seipse
3079 2687 3278 2751 univit,
3336 2687 3551 2757 quique
3619 2687 3707 2740 sui

2006 2775 2170 2829 ovilis
2203 2792 2400 2829 curam
2434 2776 2599 2829 beato
2630 2778 2795 2829 Petro
2827 2777 3215 2846 apostolorum
3251 2775 3498 2845 principi
3530 2780 3704 2829 tuen-

2006 2864 2136 2917 dam
2184 2864 2491 2931 commisit,
2543 2864 2637 2916 ille
2669 2880 2774 2916 nos
2818 2864 3140 2917 salubribus
3190 2864 3388 2917 edictis
3432 2864 3702 2929 instituit,

2007 2957 2069 3005 ut
2097 2953 2450 3021 apostolatus
2498 2952 2670 3005 vestri
2700 2952 3145 3005 sacratissimum
3176 2952 3396 3021 apicem
3429 2952 3703 3006 divinitus

2006 3042 2066 3094 in
2108 3041 2483 3095 fundamento
2532 3040 2793 3093 Ecclesia:
2824 3040 3194 3093 sublimatum
3227 3040 3474 3094 fideliter
3504 3040 3705 3109 diliga-

2008 3146 2155 3194 mus,
2191 3134 2248 3182 et
2273 3128 2570 3182 humiliter
2599 3144 2956 3181 veneremur.
3006 3129 3147 3181 IIinc
3173 3134 3275 3191 est,
3308 3129 3463 3199 quod
3494 3136 3703 3181 nostra;

2006 3216 2469 3270 mansuetudinis
2522 3216 2776 3282 affectus,
2829 3216 2977 3269 circa
3020 3221 3263 3270 vestram
3304 3216 3701 3270 celsitudinem

2006 3321 2155 3360 verae
2198 3304 2491 3358 charitatis
2542 3304 2674 3375 igne
2720 3304 3128 3367 inﬂammatur,
3185 3309 3241 3357 et
3288 3321 3320 3357 a
3362 3304 3555 3357 multis
3579 3304 3702 3373 jam

2006 3398 2155 3448 retro
2185 3393 2404 3459 diebus,
2458 3408 2561 3447 nos
2610 3393 2677 3446 ad
2722 3398 2969 3445 vestram
3017 3392 3387 3462 praesentiam
3416 3391 3703 3446 desidera-

2004 3484 2195 3536 biliter
2240 3482 2480 3535 invitare
2522 3498 2640 3535 non
2685 3486 2890 3534 cessat.
2946 3482 3305 3551 QuaprOpter
3351 3481 3455 3534 hos
3498 3488 3701 3534 vestra:

2007 3570 2473 3625 eminentissima!
2515 3570 2842 3640 paternitati
2893 3569 3204 3623 direximus
3254 3569 3462 3638 apices,
3515 3573 3575 3621 ut
3632 3568 3700 3622 de

2003 3666 2190 3715 vestra
2234 3658 2476 3729 optabili
2524 3658 2796 3727 sospitate
2848 3659 3088 3711 celerius
3139 3657 3347 3710 rescire
3395 3657 3700 3727 possimus,

2005 3765 2133 3819 qua:
2164 3748 2424 3801 omnium
2455 3762 2813 3816 gemmarum
2846 3746 3033 3799 nitore
3062 3746 3386 3815 pretiosior,
3425 3745 3700 3815 omnique

2004 3838 2270 3891 thesauro
2320 3834 2545 3888 charior
2576 3840 2768 3887 nostro
2799 3834 3163 3903 amplexatur
3210 3833 3271 3885 in
3318 3849 3580 3902 corpore.
3634 3835 3700 3886 Et

2005 3926 2139 3994 quia
2172 3940 2273 3977 nos
2323 3924 2429 3976 hoc
2472 3922 2624 3976 idem
2671 3922 2740 3974 de
2787 3926 2973 3973 vestra
3018 3921 3260 3973 sanitate
3300 3920 3700 3973 incunctanter

2004 4014 2308 4078 credimus,
2340 4011 2515 4064 satius
2537 4011 2694 4064 vobis
2724 4009 3107 4063 intimandum
3140 4008 3517 4073 decrevimus,
3542 4008 3697 4077 quod

2005 4102 2198 4157 divina
2282 4100 2600 4171 opitulante
2671 4098 2997 4162 clementia,
3066 4102 3263 4150 nostra
3323 4097 3696 4150 mansuetudo

2005 4191 2218 4261 optime
2258 4190 2430 4260 viget,
2484 4189 2856 4257 ﬁdeliumque
2889 4191 3214 4239 nostrorum
3247 4185 3590 4255 generalitas
3636 4186 3693 4237 in

2004 4278 2336 4334 necessariis
2388 4276 2718 4347 reipublicae
2767 4273 3036 4345 negotiis,
3092 4275 3410 4345 opitulante
3450 4273 3695 4341 Christo,

1935 4367 2327 4424 Dsalubribus
2394 4364 2618 4436 proﬁcit
2672 4363 3065 4431 incrementis,
3120 4362 3238 4416 imo
3300 4361 3697 4432 prosperitatis

2004 4471 2321 4509 successum
2357 4454 2426 4507 ab
2453 4453 2575 4523 ipso
2600 4453 2882 4506 bonorum
2915 4452 3173 4505 omnium
3206 4452 3475 4523 largitore
3506 4451 3697 4520 profu-

2003 4549 2197 4598 turum
2246 4541 2543 4596 humiliter
2591 4556 2653 4593 ac
2700 4541 2949 4594 ﬁdeliter
2980 4541 3399 4610 praestolamur.
3434 4541 3697 4611 Regnum

2006 4648 2236 4704 quoque
2287 4631 2448 4684 nobis
2495 4630 2686 4683 divina
2743 4630 2953 4699 pietate
3006 4629 3376 4682 commissum
3420 4629 3491 4683 ab
3540 4629 3697 4683 omni

2005 4736 2360 4792 paganorum
2437 4718 2821 4784 infestatione,
2901 4718 3263 4788 aliorumque
3328 4717 3697 4771 inimicorum

2005 4808 2445 4879 depraedatione,
2497 4807 2729 4861 dextera
2759 4806 3173 4876 omnipotentis
3224 4806 3325 4859 Dei
3376 4823 3481 4875 pro
3533 4806 3697 4859 nobis

2004 4902 2317 4970 pugnante,
2368 4901 2425 4949 et
2470 4894 2879 4949 auxiliantibus
2927 4894 3148 4948 meritis
3188 4894 3340 4948 beati
3380 4893 3530 4947 Petri
3562 4908 3697 4962 apo-

2007 4986 2153 5051 stoli,
2206 4984 2518 5055 vestrisque
2572 4983 2836 5053 precibus
2907 4983 3179 5036 almiﬂuis
3234 4981 3694 5051 suifragantibus,

2005 5077 2280 5135 hactenus
2340 5089 2468 5127 cum
2517 5072 2675 5125 omni
2722 5070 3049 5141 integritate
3101 5074 3291 5125 tutum
3338 5084 3569 5123 manere
3602 5084 3697 5121 co-

2007 5162 2277 5233 gnoscite.

2077 5254 2254 5306 Porro
2306 5254 2508 5305 vestrae
2564 5248 2878 5303 sanctitatis
2940 5247 3161 5301 noverit
3211 5246 3307 5315 pia
3361 5244 3697 5315 paternitas,

2004 5342 2158 5412 quod
2190 5340 2295 5394 isto
2326 5345 2586 5410 tempore
2616 5335 3102 5392 ferventissimum
3139 5333 3488 5388 desiderium
3526 5333 3699 5387 habe-

2004 5446 2133 5484 mus
2185 5446 2354 5484 causa
2410 5427 2693 5483 orationis
2750 5425 3137 5497 apostolorum
3190 5422 3393 5477 limina
3446 5422 3698 5490 visitare,

271 5625 297 5653 δ
332 5610 496 5682 Apud
532 5607 842 5664 Baronium
876 5608 945 5662 ad
974 5623 1187 5662 annum
1219 5610 1341 5675 867,
1378 5623 1442 5660 ex
1467 5606 1656 5661 codice
1684 5604 2026 5659 Trevirensi.
