4086 6182
413 342 514 398 375

414 486 775 550 vestramque
805 480 901 535 diu
933 478 1315 533 desideratam
1344 477 1547 531 faciem
1577 494 1829 545 cernere,
1862 485 1920 533 et
1951 495 2108 533 sacra
2145 480 2190 530 A

415 569 657 624 dulciter
698 567 1010 638 amplexari
1042 566 1311 637 vestigia;
1362 571 1419 619 et
1445 567 1563 634 jam
1594 567 1865 631 secundo,
1900 583 1962 620 ac
1986 573 2109 621 ter-

414 659 493 713 tio
528 656 706 711 nostri
754 656 975 710 itineris
1005 661 1339 727 apparatum
1378 656 1482 709 sub
1512 661 1663 709 certa
1696 656 2109 710 deliberatione

413 746 723 817 repetitum
786 746 1083 810 habemus,
1153 744 1307 814 quod
1353 743 1413 796 in
1462 750 1590 796 voto
1636 749 1826 797 manet
1872 744 2110 813 implere

416 835 821 889 desiderantes.
859 834 1067 885 Verum
1097 831 1142 884 si
1190 831 1405 902 aliqua,
1441 832 1590 901 quod
1622 832 1791 898 absit,
1825 832 2109 901 periculo-

415 939 606 977 sorum
658 928 982 990 temporum
1018 920 1261 972 varietas
1308 925 1505 972 votum
1548 926 1809 973 nostrum
1864 920 2109 973 interce-

415 1012 585 1083 perit,
640 1012 854 1079 legatos
894 1014 1121 1061 nostros
1165 1008 1486 1062 Gutfridum
1529 1006 1916 1080 [Luitfridum]
1966 1008 2107 1062 dile-

416 1100 735 1154 ctissimum
757 1098 1101 1151 avunculum
1133 1101 1412 1164 nostrum,
1448 1103 1501 1149 et
1524 1098 1856 1151 Waltarium
1880 1098 2112 1151 ﬁdelem

418 1192 696 1252 nostrum,
746 1202 966 1238 necnon
1011 1190 1067 1237 et
1111 1186 1546 1255 Theutgaudum
1596 1186 1978 1239 venerabilem
2029 1202 2113 1238 ar-

418 1274 869 1344 chiepiscopum,
906 1279 1079 1341 atque
1109 1276 1379 1326 Attonem
1414 1272 1765 1344 [Hattonem,
1792 1280 1929 1341 puta
1965 1276 2109 1329 Viri-

418 1364 673 1418 dunensz's
716 1362 993 1431 Ecclesim]
1027 1362 1430 1431 coepiscopum
1471 1364 1538 1414 ad
1576 1367 1813 1414 vestram
1865 1378 2110 1431 praesen-

419 1452 558 1506 tiam
601 1452 885 1505 destinare
928 1450 1389 1521 procurabimus,
1452 1456 1515 1503 ut
1569 1467 1673 1519 per
1721 1451 1847 1503 illos
1894 1450 2112 1521 liquido

420 1546 721 1610 cognoscat
768 1546 951 1593 vestra
1001 1539 1298 1604 celsitudo,
1351 1555 1521 1608 quam
1562 1539 1761 1592 ﬁdeles
1808 1539 1964 1592 vobis
2011 1556 2114 1608 per

420 1629 615 1683 omnia
644 1628 962 1692 existimus,
1001 1645 1102 1680 nos
1134 1632 1190 1680 et
1220 1628 1414 1680 ﬁdeles
1447 1627 1644 1693 nostri,
1679 1633 1732 1681 et
1764 1644 1936 1697 quam
1970 1627 2111 1681 ﬁde-

421 1718 552 1771 liter
616 1717 814 1771 vestris
879 1716 1203 1770 salubribus
1270 1715 1543 1780 consiliis,
1605 1720 1660 1769 et
1723 1716 2114 1786 spiritualibus

422 1805 653 1860 monitis
696 1821 896 1875 parere
949 1804 1362 1859 desideramus.
1407 1805 1623 1858 Revera
1667 1804 1811 1858 sicut
1842 1804 2114 1874 spiritalis

422 1911 487 1948 ac
540 1892 942 1947 devotissimus
1000 1893 1150 1945 ﬁlius
1197 1893 1656 1946 reverentissimo
1714 1893 1882 1963 patri,
1945 1898 2114 1963 atque

426 1981 733 2036 universali
783 1998 968 2050 papae,
1014 1980 1203 2050 debet,
1255 1982 1468 2051 quippe
1519 1997 1621 2033 nos
1661 1986 1718 2033 et
1761 1981 2115 2035 venerabiles

424 2071 678 2140 episcopi
724 2076 896 2138 atque
948 2069 1143 2121 ﬁdeles
1192 2069 1393 2134 nostri,
1439 2069 1630 2121 sinon
1659 2085 1913 2138 corpore,
1948 2070 2115 2123 corde

424 2164 617 2212 tamen
645 2158 715 2210 ad
758 2162 942 2210 vestra
990 2173 1148 2210 sacra
1197 2158 1433 2226 vestigia
1477 2158 1781 2227 provoluti,
1819 2159 2117 2213 humiliter

424 2246 695 2316 petimus,
769 2250 830 2298 ut
892 2243 939 2296 si
990 2245 1195 2316 aliquis
1245 2246 1612 2299 inimicorum
1664 2253 1990 2300 nostrorum
2048 2265 2113 2301 ex

424 2338 620 2388 nostra
661 2338 844 2403 parte,
893 2333 1169 2402 quiddam
1221 2333 1515 2387 sinistrum
1552 2335 1823 2388 mendoso
1856 2336 2115 2389 falsitatis

425 2421 611 2490 elogio
661 2421 862 2475 vestris
911 2421 1282 2475 sanctissimis
1322 2423 1556 2477 auribus
1594 2423 1915 2494 signiﬁcare
1960 2442 2112 2495 prae-

425 2510 754 2576 sumpserit,
789 2510 950 2579 quasi
992 2510 1386 2580 serpentinum
1418 2513 1591 2576 virus,
1635 2513 1942 2581 apostolica
1982 2512 2112 2566 abo-

426 2598 675 2652 minetur
723 2598 1046 2651 auctoritas.
1100 2600 1160 2653 Et
1211 2599 1442 2669 quidem
1475 2600 1657 2653 nostri
1688 2600 1937 2671 episcopi
1968 2600 2114 2654 veri—

424 2686 552 2739 tatis
577 2685 862 2753 discipuli,
895 2686 1154 2755 magistri
1187 2687 1396 2740 erroris
1430 2704 1548 2740 esse
1583 2703 1699 2740 non
1729 2692 1990 2757 possunt,
2018 2688 2116 2758 qui

424 2773 731 2828 orthodoxi
779 2774 957 2843 patris
1014 2774 1301 2828 catholicae
1354 2781 1409 2828 et
1463 2776 1782 2844 apostolicae
1821 2776 1956 2829 ﬁdei
1998 2777 2117 2830 veri

423 2862 825 2933 probabuntur
855 2878 975 2916 esse
1004 2863 1269 2916 cultores.

493 2952 648 3004 Inter
676 2950 783 3004 ista
830 2967 963 3004 vero
1019 2956 1206 3004 ratum
1255 2968 1376 3005 esse
1418 2952 1685 3005 duximus
1724 2951 2113 3020 inserendum,

425 3040 575 3112 quod
609 3040 657 3093 si
706 3040 897 3111 aliqua
927 3041 1175 3093 incursio
1206 3057 1560 3111 paganorum
1596 3043 1733 3094 lines
1784 3041 1933 3095 beati
1966 3042 2115 3095 Petri

424 3129 587 3182 vobis
618 3128 841 3182 coalitus
884 3130 1221 3183 commissos
1268 3129 1425 3183 adire
1473 3130 1794 3197 tentaverit,
1840 3136 1936 3184 aut
1973 3128 2115 3183 forte

422 3218 700 3272 terminos
731 3218 1121 3289 augustissimi
1154 3218 1514 3288 imperatoris
1537 3225 1705 3288 atque
1738 3220 2115 3273 amantissimi

423 3306 684 3377 germani
736 3307 914 3359 nostri
974 3307 1265 3373 Ludovici,
1328 3312 1499 3376 prout
1549 3308 1883 3377 nuperrima
1944 3314 2115 3376 atque

422 3395 675 3448 infausta
722 3395 1000 3447 relatione
1031 3395 1440 3463 comperimus,
1479 3396 1800 3464 irrumpere
1834 3411 2116 3464 praesum—

423 3483 622 3551 pserit,
666 3482 805 3534 illud
842 3482 1006 3534 nobis
1040 3483 1253 3551 absque
1286 3483 1402 3534 ulla
1433 3482 1706 3535 dilatione
1740 3482 1898 3535 ocius
1940 3482 2117 3551 signi-

424 3570 579 3623 ﬁcari
628 3570 1016 3638 deposcimus;
1071 3569 1206 3639 quia
1254 3569 1512 3639 quolibet
1556 3569 1870 3639 postposito
1921 3585 2117 3623 rerum

423 3658 832 3727 temporalium
853 3658 1085 3716 damno.
1110 3663 1282 3727 atque
1300 3658 1641 3728 parvipenso
1665 3658 1903 3727 perituri
1928 3658 2117 3712 discri-

424 3746 579 3799 mine
627 3745 793 3815 regni
824 3762 924 3812 pro
956 3762 1167 3811 amore,
1213 3752 1271 3801 et
1301 3748 1507 3800 timore
1540 3747 1662 3812 Dei,
1713 3752 1770 3801 et
1814 3746 2117 3801 beatorum

424 3833 832 3904 apostolorum,
866 3838 1304 3904 sanctorumque
1352 3835 1613 3889 omnium
1662 3837 1997 3899 reverentia,
2041 3837 2117 3891 si-

423 3922 658 3991 mulque
706 3929 891 3976 vestra
954 3923 1313 3977 sanctissima
1362 3924 1725 3993 patet-nitate,
1776 3941 1946 3994 quam
1996 3941 2116 3994 prae

423 4011 690 4064 omnibus
722 4012 1060 4067 mortalibus
1083 4012 1339 4082 diligere,
1365 4030 1427 4064 ac
1453 4013 1710 4065 venerari
1742 4013 2114 4081 decrevimus,

424 4116 527 4153 nos
584 4116 646 4153 ac
697 4100 892 4153 ﬁdeles
946 4106 1174 4153 nostros
1234 4101 1424 4165 morti,
1474 4117 1537 4152 ac
1586 4100 1843 4168 periculo
1892 4101 2115 4155 tradere

424 4188 611 4257 parati
658 4204 875 4254 sumus,
931 4189 1173 4241 scientes
1223 4205 1341 4241 esse
1391 4189 1707 4258 scriptum:
1743 4189 1964 4243 Timere
2000 4205 2115 4243 non

426 4273 703 4327 debemus
729 4279 994 4341 mortem,
1021 4292 1145 4345 quae
1174 4277 1296 4328 sine
1328 4276 1502 4330 dubio
1535 4276 1795 4345 perducit
1826 4278 1893 4330 ad
1917 4278 2110 4331 vitam.

492 4361 677 4431 Igitur
734 4362 942 4431 quibus
998 4364 1252 4417 valemus
1308 4364 1469 4431 votis,
1520 4365 1745 4418 Domini
1796 4366 2112 4420 misericor-

425 4450 581 4505 diam
604 4449 999 4521 imploramus,
1024 4458 1087 4506 ut
1115 4459 1370 4506 nostram
1395 4454 1893 4508 mansuetudinem
1914 4461 2114 4510 vestras

424 4538 913 4594 excellentissima
961 4542 1206 4595 almitati
1256 4543 1488 4596 tandem
1538 4549 1909 4613 repraesentet
1960 4544 2113 4598 inco-

425 4628 646 4693 lumen;
727 4635 1010 4697 quatenus
1094 4630 1283 4685 verior
1339 4631 1691 4700 experientia
1768 4633 2116 4701 apostolatus

424 4715 593 4768 vestri
642 4715 862 4784 puriter
913 4724 1235 4787 cognoscat,
1294 4725 1487 4773 utrum
1534 4721 1755 4790 prolata
1804 4720 2116 4774 averitatis

425 4804 584 4857 fonte
628 4806 1038 4859 emanaverint.
1074 4807 1454 4877 Omnipotens
1489 4811 1635 4863 Deus
1671 4808 1849 4864 nostri
1892 4824 2112 4863 memo-

424 4908 545 4946 rem
579 4908 869 4947 summum
916 4895 1085 4948 vestri
1114 4896 1454 4950 sanctissimi
1487 4896 1853 4966 pontiﬁcatus
1894 4898 2112 4967 apicem

423 4982 712 5052 prosperis
764 4983 1112 5037 successibus
1162 4985 1403 5039 feliciter
1446 4986 1786 5057 insignitum
1836 4987 1907 5040 ad
1936 4994 2115 5041 custo-

424 5068 577 5123 diam
635 5068 825 5140 gregis
895 5086 1248 5138 conseivare,
1300 5078 1355 5125 et
1399 5075 1649 5127 exaltare
1692 5074 1931 5139 dicetur,
1987 5077 2111 5144 glo-

422 5157 757 5226 riosissime,
790 5174 853 5213 ac
879 5160 1345 5230 prmstantissime
1380 5170 1557 5231 pater.

493 5511 512 5532 “
541 5504 703 5567 Apud
739 5505 1063 5569 Baronium,
1098 5508 1231 5559 ibid.

1515 342 1836 397 LOTHARII
1879 343 2087 397 REGIS
2126 342 2479 398 EPISTOLA‘Z
2511 343 2702 397 TRES.

3792 346 3882 396 376

2834 475 3161 531 EPISTULA
3204 478 3298 532 ΙΙΙ.

2742 600 2810 636 AD
2839 598 3116 638 ADRIANUM
3142 600 3177 636 ll
3221 600 3391 637 PAPAM

2219 695 2290 746 De
2319 692 2533 745 Nicolui
2567 691 2713 744 obitu
2742 692 2935 744 cerh'ur
2964 692 3147 754 factus
3204 691 3517 753 Lothan’us,
3572 691 3667 745 has
3698 689 3884 746 litteras

2290 764 2363 815 ad
2433 763 2548 829 ejus
2598 777 2944 815 successorem
2996 762 3301 814 .tirianum
3334 762 3542 826 scribit,
3597 777 3784 827 rogans
3837 770 3885 815 ut

2290 833 2432 901 quod
2462 849 2492 885 α
2546 834 2763 887 Nicolao
2813 833 3048 885 obtinere
3106 848 3208 885 non
3230 834 3431 900 potuit,
3458 833 3527 885 ab
3567 848 3621 885 eo
3653 837 3885 901 impetra-

2292 909 2390 969 ret,
2423 919 2579 957 suum
2613 904 2796 956 Roma;
2826 904 3136 956 adventum.

2290 1008 2656 1062 Sanctissimo
2715 1015 2772 1061 et
2846 1008 3278 1079 perbeatissimo
3345 1010 3629 1063 [humano
3684 1025 3885 1063 summo

2218 1097 2475 1168 pontiﬁci
2508 1104 2563 1151 et
2594 1098 2900 1150 universali
2943 1112 3128 1166 papae,
3170 1098 3504 1161 Loraamus,
3554 1097 3739 1150 divina
3768 1114 3888 1168 prae-

2220 1186 2480 1239 veniente
2512 1186 2833 1252 clementia,
2866 1202 2984 1252 rex,
3021 1191 3253 1238 aeternas
3282 1185 3652 1239 beatitudinis
3684 1192 3735 1237 et
3759 1203 3885 1256 prte-

2222 1274 2397 1327 sentis
2428 1274 2824 1343 prosperitatis
2851 1290 3049 1343 paceni
3082 1279 3139 1327 et
3166 1274 3433 1343 gloriam.

2293 1363 2544 1416 Infausta
2596 1364 2812 1429 relatio,
2856 1367 2911 1415 et
2942 1363 3001 1416 in
3046 1362 3317 1432 ambiguo
3350 1363 3623 1416 hactenus
3656 1379 3886 1427 manens,

2224 1456 2287 1504 ut
2329 1451 2407 1505 ita
2457 1451 2729 1515 dicamus,
2767 1450 2972 1503 acriter
3018 1455 3232 1502 nostra:
3264 1450 3590 1503 serenitatis
3622 1456 3888 1505 transver-

2222 1539 2441 1592 beravit
2480 1556 2645 1593 aures
2696 1538 3044 1605 intimando,
3077 1539 3224 1608 quod
3269 1538 3450 1591 beatze
3484 1540 3770 1593 memorize
3798 1541 3889 1594 do-

2222 1643 2391 1681 mnus
2424 1628 2685 1681 Nicolaus
2728 1627 3060 1680 universalis
3107 1643 3257 1697 papa
3288 1627 3355 1681 ab
3399 1628 3505 1681 hac
3534 1629 3889 1699 lacrymarum

2223 1717 2389 1781 valle,
2447 1720 2680 1770 vocante
2729 1715 2975 1779 Christo,
3028 1716 3352 1782 decesserit,
3406 1733 3538 1770 cum
3588 1719 3800 1784 sanctis,
3842 1724 3889 1772 ut

2225 1804 2531 1869 credimus,
2573 1803 3047 1857 inmstimabiliter
3085 1805 3468 1859 coronandus.
3512 1806 3670 1859 Unde
3708 1813 3890 1860 nostra!

2224 1890 2684 1945 mansuetudinis
2730 1891 2952 1944 alfectio
3004 1891 3313 1944 admodum
3366 1892 3767 1962 ingemiscens,
3807 1910 3888 1962 ge-

2225 1980 2381 2034 mino
2414 1980 2607 2033 dolore
2660 1979 3003 2045 concutitur,
3064 1979 3329 2033 videlicet
3359 1979 3515 2049 quod
3566 1986 3743 2033 mater
3786 1998 3888 2033 om-

2225 2069 2386 2123 nium
2441 2068 2815 2122 Ecclesiarum
2862 2070 2981 2135 Dei,
3018 2074 3228 2133 sancta,
3285 2074 3339 2121 et
3384 2068 3695 2138 apostolica
3738 2069 3889 2123 Eccle-

2224 2158 2327 2223 sia,
2362 2157 2463 2211 tali
2494 2173 2556 2210 ac
2586 2161 2742 2210 tanto
2776 2155 2958 2209 caruit
2987 2160 3166 2225 patre,
3210 2161 3381 2226 atque
3414 2156 3477 2209 in
3513 2158 3722 2211 caelesti
3752 2160 3889 2212 Jeru-

2225 2248 2403 2299 salem
2449 2246 2680 2299 lucerna
2727 2245 2931 2298 ardens
2980 2250 3036 2298 et
3085 2246 3279 2298 lucens
3331 2246 3545 2299 nostris
3587 2245 3890 2315 periculosis

2223 2333 2579 2404 temporibus
2615 2350 2645 2386 a
2682 2333 2995 2387 tenebrosis
3042 2332 3322 2386 maleﬁdis
3356 2333 3456 2387 Dei
3506 2332 3656 2405 [diei]
3708 2333 3891 2387 ﬁnibus

2225 2423 2296 2477 sit
2330 2427 2566 2476 remota.
2616 2423 2729 2476 Nec
2778 2421 2986 2487 differt,
3036 2426 3099 2475 ut
3143 2422 3329 2475 omnis
3362 2421 3684 2476 Christiana
3720 2422 3891 2491 religio

2224 2511 2292 2564 de
2342 2516 2501 2564 tanto
2534 2510 2802 2580 pontiﬁce
2836 2510 3040 2577 doleat,
3084 2515 3140 2563 et
3170 2510 3356 2563 omnis
3395 2510 3540 2565 ordo
3585 2511 3891 2565 ecclesiasti-

2225 2616 2322 2654 cus
2368 2601 2436 2654 de
2489 2599 2938 2670 prudentissimo
2984 2616 3047 2652 ac
3095 2598 3451 2653 sanctissimo
3488 2616 3642 2671 papa
3671 2599 3889 2669 ingenii-

2226 2693 2359 2741 scat.
2395 2690 2611 2743 Revera
2641 2704 2743 2742 nos
2789 2687 2980 2758 potius
3015 2686 3312 2755 deflemus,
3347 2687 3445 2758 qui
3475 2704 3675 2741 causas
3706 2693 3891 2741 nostra:

2225 2776 2527 2830 calumnias
2556 2777 2887 2842 insolentes,
2922 2781 2975 2829 et
3014 2776 3403 2829 fraudulentas
3435 2778 3776 2830 aemulorum
3801 2792 3888 2827 no-

2226 2869 2473 2919 strorum
2518 2864 2927 2934 querimonias,
2963 2869 3075 2916 tam
3125 2864 3374 2933 benigno
3424 2864 3576 2934 patri
3613 2864 3890 2934 aequitatis,

2226 2958 2281 3007 et
2303 2953 2538 3023 justitite
2586 2954 2746 3006 lance
2794 2952 3193 3022 ponderandas
3237 2969 3299 3006 ac
3339 2953 3796 3007 determinandas
3832 2954 3890 3003 ad

2154 3056 2193 3110 (ζ
2226 3047 2452 3112 tempus
2501 3045 2555 3094 et
2615 3041 2675 3094 in
2724 3046 2882 3111 parte
2936 3042 3345 3095 commisimus.
3400 3041 3509 3096 Sed
3562 3042 3708 3113 quod
3754 3042 3893 3110 lugu-

2224 3130 2401 3184 briter
2439 3128 2802 3198 replicamus,
2843 3129 2971 3197 plus
3017 3128 3167 3197 apud
3215 3128 3577 3181 sanctitatem
3624 3129 3769 3181 illius
3812 3142 3891 3177 va-

2225 3221 2382 3273 luere
2440 3224 2765 3270 nostrorum
2827 3216 3185 3268 inimicorum
3247 3216 3469 3269 insidize
3532 3222 3590 3270 et
3640 3216 3892 3269 simulatae

2225 3303 2609 3377 deceptiones,
2657 3322 2831 3376 quam
2863 3310 3052 3358 nostra
3086 3305 3325 3374 simplex
3370 3312 3426 3358 et
3455 3323 3604 3375 pura
3634 3304 3889 3365 defensio;

2226 3396 2441 3465 quippe
2476 3395 2758 3464 patienter
2800 3398 2971 3463 atque
3011 3395 3411 3463 aequanimiter
3453 3395 3603 3447 ultra
3646 3393 3890 3447 sufferen-

2224 3484 2363 3537 tiam
2397 3483 2656 3536 omnium
2687 3482 3170 3551 praedecessorum
3192 3487 3521 3535 nostrorum
3548 3488 3793 3536 nostram
3822 3496 3893 3531 re-

2226 3571 2377 3640 giam
2412 3570 2769 3636 dignitatem,
2817 3585 2881 3621 ac
2910 3569 3184 3623 divinitus
3215 3570 3549 3623 attributam
3581 3574 3891 3641 potestatem

2224 3658 2557 3709 reverentia:
2587 3657 2761 3721 illius,
2806 3656 2922 3710 imo
2968 3658 3156 3727 potius
3195 3659 3584 3728 apostolorum
3625 3656 3890 3729 principis,

2221 3744 2517 3800 humiliter
2569 3745 2963 3806 submisimus,
2997 3752 3054 3799 et
3100 3748 3245 3799 ultra
3279 3763 3455 3816 quam
3506 3748 3660 3801 credi
3709 3750 3888 3817 posset,

2225 3835 2342 3887 suis
2386 3833 2637 3904 paternis
2680 3833 2912 3886 monitis
2941 3834 3187 3888 ﬁdenter
3238 3835 3560 3904 paruimus,
3606 3852 3668 3888 ac
3713 3835 3890 3887 misso-

2225 3939 2351 3976 rum
2393 3938 2627 3975 suorum
2668 3922 2822 3974 varia
2853 3927 2908 3975 et
2940 3923 3279 3992 multiplicia
3309 3924 3675 3976 hortamenta
3700 3928 3889 3974 sectan-

2224 4011 2294 4064 do
2326 4015 2559 4079 propter
2590 4025 2843 4062 amorem
2880 4010 3000 4075 Dei,
3034 4016 3090 4063 et
3137 4011 3514 4063 reverentiam
3564 4018 3888 4067 sanctorum,

2223 4096 2282 4149 in
2329 4097 2615 4166 aliquibus
2666 4113 2696 4149 a
2744 4101 2939 4149 nostro
2991 4096 3149 4164 regio
3197 4099 3470 4162 themate,
3534 4113 3696 4151 secus
3740 4109 3889 4167 quam

2224 4190 2515 4255 oporteret
2562 4184 2619 4236 in
2670 4189 2827 4253 parte
2862 4184 3324 4239 exorbitavimus.
3378 4186 3557 4255 Igitur
3601 4189 3888 4256 sperantes,

2225 4279 2282 4327 et
2314 4272 2494 4326 modis
2526 4273 2791 4325 omnibus
2823 4274 3138 4341 credentes,
3168 4273 3228 4326 in
3256 4275 3615 4328 sanctissimo
3646 4273 3890 4344 pontiﬁce

2156 4385 2198 4438 Ι)
2225 4362 2403 4416 fidum
2437 4366 2648 4414 nostrae
2680 4361 2939 4414 tuitionis
2964 4362 3241 4414 auxilium
3273 4362 3566 4432 ponimus.
3600 4364 3705 4417 Sed
3736 4359 3892 4414 nesci-

2228 4466 2355 4503 mus
2388 4450 2593 4521 quibus
2626 4449 3108 4517 suggestionibus,
3143 4454 3240 4502 aut
3268 4458 3420 4503 certe
3454 4451 3757 4519 superﬂuis
3784 4463 3893 4518 pro-

2228 4537 2591 4591 missionibus
2622 4543 2810 4590 actum
2860 4544 2959 4603 est,
3008 4537 3162 4606 quod
3200 4538 3491 4607 insperata
3530 4538 3727 4592 dilatio
3762 4536 3890 4588 mul-

2225 4626 2446 4696 tiplices
2479 4626 2702 4695 peperit
2746 4626 3089 4690 simultates;
3133 4631 3301 4695 atque
3333 4627 3404 4679 ob
3435 4626 3541 4680 hoc
3573 4633 3760 4680 nostra
3788 4639 3892 4677 res-

2225 4714 2451 4784 publica
2512 4730 2627 4766 non
2669 4713 2948 4766 modicam
3001 4729 3414 4783 usquequaque
3464 4715 3697 4784 pertulit
3727 4712 3891 4766 laesio-

2226 4819 2377 4857 nem.
2456 4804 2565 4855 Nos
2621 4807 2811 4854 autem
2876 4801 3077 4854 litteris
3145 4807 3202 4855 et
3283 4802 3463 4855 verbis
3520 4801 3894 4855 indesinenter

2224 4890 2664 4960 proclamantes,
2719 4894 2776 4941 et
2819 4889 3053 4941 diversis
3086 4889 3467 4958 legationibus
3516 4891 3711 4943 eadem
3742 4902 3890 4956 repeo

2224 4985 2433 5041 tentes,
2467 4976 2763 5029 humiliter
2788 4977 3223 5046 postulavimus,
3248 4982 3310 5030 ut
3343 4994 3445 5031 nos
3478 4984 3535 5030 et
3561 4983 3893 5031 accusatores

2226 5067 2406 5122 nostri
2435 5068 2594 5133 juxta
2626 5065 2846 5118 divinas
2892 5072 2947 5119 et
2992 5067 3273 5119 humanas
3302 5067 3480 5134 leges,
3514 5067 3600 5120 sui
3635 5060 3893 5135 pontiﬁcii

2226 5156 2575 5210 audientiam
2610 5170 2985 5222 mereremur,
3021 5161 3083 5208 ut
3112 5157 3255 5208 ratio
3276 5156 3463 5223 docet,
3495 5162 3745 5209 nostram
3770 5166 3893 5223 pras-

2224 5244 2467 5297 sentiam
2499 5241 2839 5296 exhibendo.
2877 5242 2983 5295 Sed
3018 5242 3182 5294 toties
3223 5242 3439 5312 repulsi
3473 5242 3643 5295 etiam
3681 5241 3891 5294 tandem

2224 5330 2618 5400 multipliciter
2662 5330 2857 5396 coacti,
2888 5329 3168 5399 judicium
3219 5347 3281 5384 ac
3313 5331 3600 5398 refugium
3630 5335 3889 5385 nostrum.

2223 5422 2281 5475 in
2313 5420 2410 5472 illa
2459 5419 2857 5472 collocavimus
2906 5424 3085 5487 petra,
3133 5420 3202 5473 de
3232 5436 3346 5491 qua
3390 5420 3685 5474 Psalmista
3732 5415 3892 5471 conﬁ-
