4086 6182
201 380 282 427 377
1306 371 1691 426 GUNTHARII
1736 372 2100 427 DIABOLICA
2143 370 2508 425 CAPI'I‘ULA.
3566 377 3665 426 378

200 508 315 560 deus
336 503 509 557 aiebat
541 518 554 555 :
600 503 806 557 Montes
850 503 1047 555 δωσίδιεί
1078 504 1269 566 cervis,
1305 507 1465 569 petra
1491 506 1651 570 petra
1686 504 1845 568 refu-
1884 507 1929 557 A
1964 508 2045 555 tas
2086 502 2180 571 [αἱ.
2216 499 2553 572 quantitas].
2592 500 2731 553 Nam
2766 499 2811 552 si
2840 504 3067 570 tempus
3100 500 3375 569 arriserit,
3412 506 3467 556 et
3503 504 3664 557 auxi-

198 598 321 661 gium
348 594 573 645 erinacei
595 590 761 661 (Psal.
792 590 928 659 cui).

254 684 407 735 Porro
451 680 587 733 illud
628 680 987 750 potissimum
1029 683 1235 732 nostrae
1277 679 1485 733 mentis
1538 679 1715 732 aciem
1748 680 1853 732 ob-

196 769 455 836 nubilavit,
493 769 646 838 quod
685 784 785 821 nos
826 768 897 821 ab
940 768 1061 838 ipsa
1101 773 1293 821 sancta
1329 768 1459 822 sede
1500 770 1849 837 repellimur,

196 875 407 928 quorum
439 858 832 927 progenitores
864 862 918 910 et
948 859 1095 910 atavi
1127 857 1282 910 illam
1316 864 1569 911 sanctam
1611 862 1853 911 matrem

194 948 485 1011 Ecclesiam,
542 947 735 1000 divino
794 946 1005 999 auxilio
1068 946 1160 1015 pie
1199 964 1261 999 ac
1315 947 1559 999 tideliter
1607 947 1852 1016 patroci-

193 1042 364 1090 nantes
389 1042 708 1105 protexere.
748 1036 809 1089 Et
848 1035 1083 1105 quidem
1127 1035 1279 1089 ultra
1307 1052 1479 1106 quam
1522 1036 1627 1089 fari
1658 1037 1851 1106 possit,

190 1126 646 1196 congratulamur,
697 1126 849 1195 quod
906 1125 1194 1193 Bulgaros,
1236 1129 1291 1177 et
1338 1124 1449 1177 alia
1496 1140 1852 1193 paganorum

189 1215 353 1269 feritas
404 1214 473 1267 ad
519 1214 719 1267 limina
758 1219 1081 1266 sanctorum
1126 1215 1518 1282 apostolorum
1557 1214 1852 1282 invitatur,

190 1303 285 1355 imo
316 1303 456 1372 quod
500 1308 693 1355 sancta
736 1301 999 1367 Ecclesia,
1028 1302 1189 1370 juxta
1231 1301 1560 1354 vaticinium
1607 1302 1854 1371 prophe-

189 1397 261 1453 ta},
292 1391 479 1444 dilatat
511 1391 701 1444 locum
732 1390 965 1443 tentorii
998 1389 1104 1454 sui,
1142 1395 1198 1442 et
1229 1390 1431 1459 longos
1464 1389 1597 1442 facit
1628 1388 1852 1441 funicu-

190 1479 258 1531 los
293 1495 432 1542 suos,
475 1494 537 1531 ac
577 1479 755 1548 pelles
798 1478 1299 1531 tabernaculorum
1331 1493 1562 1530 suorum
1607 1476 1857 1530 extendit

188 1570 293 1631 Usu.
336 1568 454 1635 Liv).
508 1568 618 1621 Sed
655 1583 771 1620 non
812 1568 1032 1619 modice
1065 1567 1489 1631 contristamur,
1542 1566 1695 1635 quod
1739 1572 1855 1619 tam

186 1655 355 1708 crebro
380 1654 513 1707 illuc
544 1654 869 1707 anhelando
909 1654 1198 1707 audientia
1231 1654 1662 1723 praedecessoris
1684 1654 1857 1707 vestri

184 1743 330 1814 potiri
390 1760 503 1797 non
564 1744 865 1797 valuimus.
922 1743 1027 1797 Sed
1076 1743 1163 1796 his
1222 1742 1468 1808 omissis,
1524 1743 1592 1795 ad
1648 1747 1856 1795 nostrae

189 1832 367 1885 mentis
406 1833 794 1902 propositum,
848 1836 903 1883 et
934 1830 1101 1883 vestri
1146 1832 1256 1883 Deo
1302 1830 1460 1899 digni
1502 1830 1851 1899 apostolatus

186 1920 548 1973 excellentiam
583 1920 903 1983 redeamus,
938 1919 1097 1971 etuti
1124 1918 1361 1988 dignum
1393 1923 1493 1982 est,
1531 1918 1855 1987 gloriamin

186 2008 387 2060 excelsis
422 2010 535 2062 Deo
577 2023 927 2070 resonemus,
973 2006 1069 2077 qui
1101 2022 1266 2059 roseo
1308 2007 1527 2076 proprii
1560 2007 1855 2076 sanguinis

187 2097 346 2166 pretio
396 2096 680 2166 acquisito
729 2096 889 2165 gregi
950 2095 1479 2149 misericordissima
1524 2095 1854 2165 dignatione

187 2185 528 2254 prospiciens,
578 2185 747 2237 vestri
786 2184 1067 2253 pontilicii
1105 2184 1296 2253 jubar,
1340 2201 1442 2237 sua
1481 2186 1756 2237 electione
1798 2184 1853 2237 in

183 2272 294 2327 sede
332 2279 535 2327 sanctas
581 2274 779 2326 matris
824 2273 1080 2327 Ecclesiae
1119 2273 1436 2340 collocavit,
1491 2274 1559 2326 ad
1603 2279 1853 2327 nostram

184 2368 229 2415 et
251 2362 407 2415 totius
439 2363 777 2416 Christiana:
810 2362 993 2432 plebis
1028 2363 1287 2415 salutem.

240 2452 293 2504 Et
337 2452 469 2521 quia
517 2452 888 2522 omnipotens
933 2453 1078 2505 Deus
1126 2452 1391 2521 princeps
1432 2456 1745 2521 pastorum,
1799 2452 1853 2506 in

182 2540 260 2592 illa
287 2545 469 2593 sancta
491 2541 651 2607 sede,
674 2540 845 2593 vestri
866 2540 1231 2609 pontiﬁcatus
1252 2540 1473 2610 apicem
1504 2540 1853 2605 sublimavit,

181 2635 361 2683 nostra:
392 2629 716 2683 serenitatis
747 2629 973 2683 salubre
1005 2630 1303 2695 auxilium,
1336 2630 1406 2682 ad
1438 2628 1851 2696 defensionem,

181 2721 383 2781 statum,
436 2724 612 2787 atque
663 2717 940 2771 honorem
1016 2717 1383 2787 pontiﬁcatus
1441 2717 1629 2780 vestri,
1699 2734 1855 2771 more

178 2807 637 2875 przedecessorum
707 2811 1052 2867 nostrorum,
1118 2805 1177 2858 in
1260 2805 1528 2858 omnibus
1590 2806 1855 2859 exhibere

177 2894 337 2961 parati
382 2910 605 2946 sumus.
656 2895 721 2947 Et
778 2898 920 2947 teste
972 2909 1169 2947 rerum
1222 2894 1483 2947 omnium
1533 2894 1851 2957 conditore,

177 2982 341 3034 nullus
394 2983 815 3036 catholicorum
879 2998 1102 3052 regum,
1152 2982 1343 3035 nullus
1404 2982 1853 3037 Christianorum

1966 594 2135 646 liante
2188 592 2380 644 divina
2429 589 2734 643 clementia
2780 589 3043 643 scandala
3083 589 3271 659 sopita
3318 594 3662 662 conquieve-

1964 682 2096 745 rint,
2149 698 2275 752 quas
2326 680 2615 733 simultate
2665 685 2721 732 et
2767 680 3135 749 suggestione
3183 680 3519 735 asmulorum
3566 699 3662 734 no-

1961 778 2234 838 strorum,
2290 769 2681 823 membrorum
2740 767 3004 820 videlicet
3046 768 3289 831 Satanas,
3345 770 3660 823 enormiter

1963 875 2265 923 emersere,
2298 863 2546 910 vestrum
2585 856 2977 926 multipliciter
3007 856 3393 909 desideramus
3422 874 3661 926 conspe-

1963 956 2139 1009 ctum,
2175 953 2230 1001 et
2262 946 2464 999 vestris
2500 948 2610 998 Deo
2644 944 2835 1015 dignis
2864 944 3108 997 animari
3139 945 3460 1015 colloquiis,
3493 951 3664 1015 atque

1965 1039 2244 1093 mellillua
2300 1034 2697 1089 benedictione
2761 1033 2955 1103 potiri.
3028 1032 3283 1103 Denique
3350 1034 3663 1089 almilluam

1964 1127 2364 1198 paternitatem
2396 1131 2639 1178 vestram
2671 1122 2966 1176 humiliter
2998 1138 3317 1191 precamur,
3350 1128 3411 1175 ut
3442 1124 3664 1176 nullum

1965 1216 2138 1285 regiae
2169 1214 2481 1283 dignitatis,
2521 1217 2575 1264 et
2621 1211 2870 1264 nominis
2916 1210 3078 1263 nobis
3122 1210 3480 1263 consimilem
3514 1227 3665 1280 prae-

1964 1306 2111 1359 ferre
2147 1319 2377 1374 quoquo
2410 1300 2605 1366 modo,
2638 1306 2737 1353 aut
2769 1315 3102 1369 praeponere
3150 1304 3356 1352 nostrze
3402 1315 3664 1352 iiiansue-

1966 1393 2149 1448 tudini
2206 1389 2547 1454 decernetis,
2608 1405 2795 1458 neque
2856 1389 3027 1441 etiam
3073 1388 3259 1457 apices
3301 1387 3666 1441 beatitudinis

1965 1487 2163 1535 vestrae
2198 1480 2358 1533 nobis
2392 1478 2791 1549 porrigendos,
2824 1494 2927 1547 per
2967 1477 3216 1545 aliquem
3263 1476 3509 1545 dirigere
3546 1477 3665 1545 pla-

1966 1578 2109 1634 ceat,
2147 1569 2271 1634 nisi,
2315 1574 2414 1621 aut
2454 1584 2555 1638 per
2592 1572 2848 1619 nostrum
2896 1567 3172 1635 legatum,
3220 1570 3317 1618 aut
3367 1571 3518 1618 certe
3562 1582 3666 1635 per

1967 1665 2215 1714 vestrum
2251 1675 2281 1710 a
2328 1661 2510 1710 vestro
2549 1660 2743 1708 sancto
2790 1656 2966 1708 latere
3010 1654 3380 1717 destinatum,
3435 1654 3516 1706 vel
3562 1669 3665 1723 per

1968 1749 2234 1802 nuntium
2270 1744 2656 1813 augustissimi
2704 1743 2963 1813 germani
3011 1742 3190 1796 nostri
3244 1741 3510 1795 Ludovici
3557 1742 3665 1795 im-

1965 1837 2244 1909 peratoris
2282 1853 2293 1889 :
2347 1835 2500 1904 quia,
2543 1840 2606 1887 ut
2647 1848 2778 1886 vere
2827 1834 3127 1893 fateamur,
3182 1848 3295 1884 non
3341 1830 3563 1883 modica
3599 1829 3667 1882 si-

1964 1928 2172 1981 multas
2200 1927 2473 1979 hactenus
2505 1916 2625 1975 istis
2660 1922 2719 1975 in
2758 1920 3015 1991 partibus
3064 1936 3165 1989 per
3206 1918 3538 1988 liujusmodi
3572 1918 3663 1971 fa-

1964 2022 2114 2069 ctum
2148 2020 2275 2068 orta
2316 2012 2591 2073 noscitur,
2628 2016 2682 2063 et
2730 2010 2838 2063 nisi
2883 2011 2941 2062 in
2982 2014 3270 2078 posterum
3313 2013 3474 2060 caute
3518 2023 3663 2077 pras-

1963 2106 2145 2159 visum
2187 2103 2375 2164 fuerit,
2425 2101 2712 2171 quoddam
2753 2098 2965 2169 poterit
3008 2114 3281 2166 generare
3332 2096 3659 2149 discrimen.

2036 2195 2260 2248 Interea
2291 2191 2478 2244 modis
2519 2188 2781 2243 omnibus
2821 2188 3205 2249 obsecramus,
3240 2186 3314 2254 :ut
3366 2184 3434 2238 de
3482 2187 3666 2236 vestra

1963 2281 2199 2353 optabili
2266 2278 2641 2349 prosperitate
2721 2275 2921 2329 litteris
2991 2274 3189 2327 vestris
3266 2272 3661 2325 celsitudinem

1966 2379 2219 2425 nostram
2266 2374 2479 2422 certam
2534 2366 2853 2429 reddentes,
2893 2364 3077 2415 charte
3126 2361 3413 2415 tiliationis
3456 2376 3665 2413 munus

1964 2460 2133 2515 nobis
2169 2456 2455 2528 impertiri
2490 2453 2829 2524 dignemini,
2876 2457 2931 2504 et
2981 2452 3177 2504 vestris
3221 2448 3493 2503 almilluis
3535 2466 3662 2519 pre-

1965 2544 2123 2595 cibus
2174 2550 2429 2595 nostram
2470 2541 2621 2611 apud
2666 2539 2975 2594 Dominum
3017 2536 3529 2591 commendabilem
3573 2541 3662 2589 at-

1964 2648 2075 2702 que
2141 2631 2481 2687 veniabilem
2549 2629 2858 2683 exhibeatis
2927 2627 3315 2689 serenitatem,
3381 2630 3663 2696 quatenus

1962 2720 2105 2773 tanti
2163 2719 2338 2790 patris
2398 2719 2504 2789 piis
2565 2719 2827 2789 precibus
2884 2717 3119 2779 sulfulti,
3166 2714 3441 2767 creditum
3500 2713 3663 2765 nobis

1962 2808 2245 2877 regimen,
2295 2807 2517 2861 Christo
2573 2806 2908 2876 opitulante,
2965 2805 3287 2875 gubernare
3349 2801 3658 2853 valeamus.

1964 2897 2339 2966 Omnipotens
2372 2896 2518 2948 Deus
2540 2896 2711 2947 vestri
2736 2893 3019 2963 pontilicii
3042 2890 3448 2961 splendilluum
3468 2888 3658 2957 jubar,

1964 2991 2134 3055 atque
2161 2984 2480 3052 angelicam
2511 2982 2947 3035 sanctimoniam
2979 2980 3071 3034 diu
3120 2978 3283 3031 nobis
3319 2977 3659 3029 incolumem

175 3070 471 3141 principum
522 3072 783 3125 devotior
846 3077 1047 3125 vestras
1092 3070 1398 3139 sanctitati,
1443 3076 1497 3124 et
1534 3072 1857 3141 promptior
1895 3104 1935 3157 Ο
1963 3087 2302 3125 conservare
2338 3070 2624 3140 dignetur.
2661 3072 2863 3121 Amen.

176 3164 351 3211 vestras
401 3159 637 3213 utilitati
677 3176 797 3212 esse
841 3160 1143 3227 desiderat,
1176 3176 1350 3229 quam
1394 3166 1588 3213 nostra
1632 3160 1857 3229 exigui-

1461 3422 1629 3463 ANNO
1684 3419 1907 3462 DOMINI
1956 3419 2298 3461 DCCLXVI”.

1147 3581 2668 3755 GUNTHARIUS

1467 3825 1921 3882 COLONIENSIS
1962 3825 2355 3881 EPISCOPUS.

382 3967 935 4057 GUNTHABII
1028 3966 1547 4057 DIABOLICA
1640 3968 1740 4054 IN
1833 3966 2337 4056 NICOLAUM
2419 3966 2750 4054 PAPAM
2846 3963 3419 4055 CAPITULA“.

1300 4128 1505 4189 (Pertz.,
1536 4126 1875 4174 Monumenta
1898 4126 2189 4175 Germanias
2221 4126 2512 4187 historica.)

1650 4246 2154 4319 PRi‘EFATIO

1359 4416 1439 4458 AD
1489 4414 1819 4457 EPISCOPOS
1869 4415 2055 4457 REGNI
2108 4414 2428 4457 LO’I'HARII.

231 4596 440 4651 Sanctis
502 4614 569 4650 ac
634 4597 971 4651 venerandis
1039 4597 1306 4652 fratribus
1370 4602 1427 4650 et
1490 4597 1844 4667 coepiscopis
1884 4600 1927 4652 Ι)
2027 4597 2315 4665 Rogamus
2376 4596 2711 4665 suppliciter
2786 4596 3178 4650 charissimam
3238 4597 3653 4652 fraternitatem

174 4682 505 4740 Guntharius
549 4692 722 4756 atque
762 4687 1159 4755 Theotgaudus
1203 4687 1262 4740 in
1298 4686 1543 4740 Domino
1586 4684 1847 4740 salutem.

230 4848 250 4872 ³
276 4842 345 4894 De
378 4842 470 4895 his
501 4840 752 4895 Annales
793 4842 1080 4895 Hincmari
1113 4843 1451 4897 Rhemensis
1485 4859 1497 4896 :
1533 4862 1559 4893 α
1596 4844 1853 4913 Impera-

175 4912 249 4962 tor
270 4912 651 4966 Guntharium
698 4920 754 4965 et
782 4914 1219 4983 Theutgaudum
1261 4914 1619 4983 degradatos,
1664 4912 1726 4968 ut
1766 4931 1852 4968 se-

170 4989 647 5055 cumgvenerant,
707 4985 1001 5037 Franciam
1081 4985 1265 5038 redire
1348 4986 1632 5055 prazcepit.
1700 4987 1856 5040 Tunc

172 5050 502 5128 Guntharius
538 5055 977 5128 haecgdiabolica
1002 5056 1255 5128 capitula
1295 5050 1656 5109 et—hacte'nus
1684 5056 1855 5110 inau-

171 5120 287 5196 dita,
323 5142 453 5193 quae
497 5142 629 5178 cum
673 5126 777 5178 hac
823 5120 1179 5195 praefatione,
1222 5128 1453 5196 quando
1499 5128 1737 5181 Romam
1796 5128 1855 5180 in

172 5190 410 5270 Ludovici
475 5196 755 5270 obsequio
809 5190 997 5270 rediit,
1046 5190 1335 5266 episcopis
1389 5198 1550 5270 regni
1610 5198 1856 5252 Lotharii

173 5266 325 5339 misit,
383 5284 489 5336 per
541 5267 890 5339 Hilduinumg
918 5268 1151 5321 fratrem
1202 5284 1369 5322 suum
1410 5269 1701 5333 clericum,
1752 5270 1853 5323 ad-

167 5336 352 5409 iunctis
392 5339 446 5390 ei
499 5338 614 5409 suis
656 5337 1358 5409 liominibus,ﬂapostolico
1382 5339 1557 5405 misit,
1594 5341 1734 5392 dans
1772 5340 1855 5393 illi

173 5408 221 5454 in
270 5408 553 5460 mandatis
604 5415 663 5460 ut
708 5408 769 5479 si,
808 5408 1151 5476 apostolicus
1203 5410 1301 5463 illa
1358 5411 1533 5464 nollet
1575 5410 1851 5479 recipere,

172 5489 322 5542 super
362 5495 575 5548 corpus
621 5478 775 5532 beati
836 5480 985 5533 Petri
1031 5496 1095 5532 ea
1136 5479 1396 5549 jactaret.
1438 5502 1457 5527 ι
1499 5478 1855 5547 Apostolicus

175 5552 340 5599 autem
382 5550 775 5621 prsecognitus
822 5551 939 5603 haec
987 5551 1239 5619 recipere
1278 5550 1481 5603 noluit.
1533 5553 1853 5621 Supl'ascri-

173 5621 282 5681 ptas
321 5626 518 5673 autem
553 5620 852 5675 Hilduinus
889 5626 1143 5675 armatus
1177 5637 1305 5675 cum
1348 5622 1679 5676 hominibus
1701 5625 1848 5676 (jun.

1960 4689 2203 4738 vestram
2262 4687 2324 4737 ut
2379 4684 2541 4737 nobis
2587 4700 2691 4754 pro
2737 4684 2891 4737 vobis
2921 4684 3147 4738 assidue
3193 4686 3488 4740 orantibus
3537 4703 3661 4740 san—

1962 4842 2137 4895 tharii
2186 4840 2479 4894 ecclesiam
2522 4840 2673 4894 beati
2710 4841 2862 4894 Petri
2901 4842 3139 4911 apostoli
3177 4843 3298 4896 sine
3347 4844 3464 4897 ulla
3498 4859 3655 4896 reve-

1963 4912 2147 4966 rentia
2212 4913 2451 4983 intrans,
2535 4911 2883 4965 diabolicum
2964 4914 3253 4983 spiritum,
3318 4914 3461 4967 sicut
3520 4930 3657 4966 suus

1964 4985 2137 5037 frater
2165 4982 2511 5038 Guntharius
2555 4982 2605 5035 ei
2639 4982 3008 5053 praeceperat,
3060 4985 3106 5037 si
3138 4984 3484 5053 apostolicus
3513 4984 3657 5037 illud

1963 5056 2143 5109 nollet
2170 5054 2446 5123 recipere,
2479 5070 2651 5122 super
2691 5070 2895 5122 corpus
2931 5055 3081 5107 beati
3111 5055 3261 5108 Petri
3292 5055 3508 5123 jactare
3552 5071 3655 5106 vo—

1964 5127 2087 5191 luit,
2145 5131 2201 5178 et
2253 5142 2286 5178 a
2330 5124 2662 5177 custodibus
2708 5124 3054 5193 prohibitus,
3106 5126 3335 5177 eosdem
3393 5124 3654 5178 custodes

1963 5214 2093 5250 cum
2121 5196 2367 5249 fustibus
2403 5201 2518 5248 tam
2547 5195 2667 5264 ipse
2708 5211 2882 5264 quam
2916 5201 2971 5247 et
2999 5194 3085 5247 sui
3116 5195 3420 5263 complices
3458 5196 3654 5249 verbe-

1965 5284 2089 5320 rare
2120 5271 2437 5336 creperunt,
2472 5266 2613 5319 adeo
2661 5272 2724 5319 ut.
2756 5282 2904 5319 unus
2949 5266 3161 5319 ibidem
3206 5265 3421 5318 occisus
3462 5266 3651 5320 fuerit.

1961 5340 2116 5392 Tunc
2162 5339 2350 5409 ipsum
2380 5338 2655 5409 scriptum
2708 5353 2879 5409 super
2919 5353 3121 5406 corpus
3171 5336 3322 5389 beati
3373 5337 3521 5390 Petri
3566 5338 3653 5407 ja-

1962 5410 2152 5475 ctavit,
2186 5407 2373 5478 'seque
2422 5407 2601 5462 isdem
2644 5412 2698 5461 et
2736 5407 2994 5478 quicum
3038 5424 3101 5459 eo
3153 5413 3429 5460 venerunt
3475 5409 3657 5478 evagi-

1962 5479 2110 5534 natis
2160 5480 2368 5548 gladiis
2419 5483 2806 5550 protegentes,
2858 5479 2928 5532 de
2975 5478 3219 5550 ecclesia
3266 5478 3545 5544 exierunt,
3600 5484 3657 5531 et

1962 5551 2028 5603 ad
2075 5549 2455 5604 Guntliarinm
2494 5555 2723 5617 peracto
2781 5549 3026 5618 lugendo
3074 5550 3302 5619 negotio
3361 5550 3650 5603 rederunt.
