4098 6180
392 331 495 383 3'79

1524 323 1906 379 GUNTHARIl
1943 321 2396 378 COLONIENSIS
2434 320 2751 376 EPISCOPI

3786 324 3888 375 380

393 459 884 527 ctarumiprecum
931 454 1132 508 solatia
1176 454 1457 508 instanter
1494 453 1858 524 impendatis,
1909 458 1966 507 et
2013 467 2084 506 ne
2121 457 2167 509 A
2200 452 2428 517 remini,
2486 452 2637 523 quod
2684 452 2973 523 longiores
3030 453 3255 525 agimus
3308 468 3518 506 moras.
3579 452 3888 506 Dominum

392 545 704 601 turbemini
734 561 922 615 neque
951 543 1281 598 terreamini
1314 559 1415 614 pro
1460 542 1567 609 his,
1602 559 1731 613 quas
1761 543 1913 597 fama
1940 542 2083 597 forte

394 635 465 689 de
507 634 666 688 nobis
694 650 758 686 ac
793 633 953 687 vobis
1000 632 1286 685 sinistrius
1327 631 1576 685 nuntiat.
1621 630 1975 695 confidimus
2014 630 2083 684 de

394 722 619 777 Domini
661 721 840 775 nostri
891 720 1336 774 clementissima
1381 721 1658 783 bonitate,
1709 720 1843 790 quia
1895 735 2082 789 neque

391 810 454 863 in
485 826 679 881 regem
711 814 970 864 nostrum
1004 825 1188 879 neque
1222 809 1282 861 in
1317 825 1440 874 nos,
1475 808 1791 878 opitulante
1827 810 1939 861 Deo
1973 807 2081 861 ini-

391 900 673 953 micorum
705 899 1098 969 praavalebunt
1134 897 1377 962 insidiae,
1416 911 1604 967 neque
1652 897 1985 966 gaudebunt
2014 897 2083 950 de

392 988 557 1042 nobis
596 988 901 1041 adversarii
941 986 1140 1040 nostri.
1184 987 1323 1040 Nam
1355 986 1612 1055 quamvis
1640 986 1888 1039 domnus
1918 986 2083 1040 Nico-

392 1078 513 1131 laus
544 1078 643 1147 qui
673 1076 878 1129 dicitur
907 1093 1073 1146 papa,
1107 1080 1163 1129 et
1186 1075 1286 1146 qui
1332 1091 1390 1129 se
1422 1076 1741 1145 apostolum
1771 1075 1921 1129 inter
1951 1092 2086 1145 apo-

393 1167 565 1220 stolos
597 1170 958 1230 annumerat,
1001 1166 1293 1234 totiusque
1326 1164 1527 1217 mundi
1575 1164 1986 1234 imperatorem
2026 1181 2083 1217 se

393 1255 544 1321 facit,
591 1253 657 1305 ad
701 1253 933 1306 illorum
974 1252 1303 1305 instinctum
1347 1256 1395 1305 et
1439 1258 1654 1317 votum,
1698 1252 1904 1322 quibus
1942 1269 2084 1305 con—

393 1344 637 1413 spiratus
680 1342 865 1395 favere
916 1342 1291 1412 dignoscitur,
1345 1357 1444 1394 nos
1485 1341 1757 1394 damnare
1795 1341 2079 1405 voluisset,

395 1436 587 1486 tamen
631 1432 815 1485 modis
855 1431 1123 1484 omnibus
1161 1431 1381 1484 Christo
1413 1430 1661 1499 propitio
1703 1447 1819 1483 suae
1849 1430 2084 1483 insaniae

394 1521 704 1575 renitentes
750 1521 984 1585 invenit,
1023 1525 1074 1573 et
1122 1519 1401 1589 quidquid
1446 1519 1579 1572 inde
1611 1519 1762 1584 fecit,
1806 1536 1923 1572 non
1964 1537 2082 1573 me-

395 1609 665 1664 diocriter
694 1609 858 1662 illum
890 1609 1259 1678 postmodum
1294 1608 1579 1678 paenituit.
1634 1608 1885 1661 Misimus
1922 1610 2084 1663 vobis

392 1700 513 1753 hzec
541 1699 856 1768 subscripta
886 1698 1154 1767 capitula,
1187 1698 1409 1767 iquibus
1449 1698 1800 1768 cognoscatis
1830 1704 2083 1753 nostram

392 1789 663 1841 adversus
719 1788 1021 1858 praefatum
1079 1788 1410 1858 pontificem
1469 1788 1915 1859 querimoniam.
1972 1789 2085 1842 Nos

394 1882 588 1930 autem
619 1877 830 1947 egressi
861 1893 892 1929 a
923 1877 1101 1930 Roma
1133 1877 1478 1946 longiusque
1505 1878 1854 1942 recedentes,
1878 1878 2085 1931 iterum

395 1966 467 2019 ad
517 1967 759 2020 Romam
814 1966 1063 2019 revocati
1115 1982 1329 2020 sumus.
1392 1966 1514 2030 Quo
1574 1983 1675 2019 nos
1740 1966 2084 2035 incipientes

394 2054 624 2121 reverti,
666 2054 769 2107 has
805 2054 965 2107 vobis
1013 2055 1295 2108 litterulas
1339 2055 1691 2125 scripsimus,
1727 2060 1791 2107 ut
1834 2071 1950 2107 non
1981 2054 2087 2107 mi-

2193 556 2385 611 regem
2419 546 2679 595 nostrum
2710 545 2826 594 tam
2860 558 2962 612 per
2989 558 3085 595 vos
3134 542 3289 610 ipsos
3330 558 3503 613 quam
3535 541 3648 612 per
3676 546 3890 595 vestros

2193 630 2397 684 missos
2424 635 2480 684 et
2508 631 2725 685 litteras
2755 631 2963 701 saepius
2994 630 3216 684 visitate
3250 636 3305 684 et
3346 630 3680 699 confortate,
3723 630 3890 700 eique

2195 735 2568 789 quoscunque
2632 721 2869 790 potestis
2930 720 3139 773 amicos
3206 722 3261 773 et
3319 720 3517 773 fideles
3574 720 3890 785 conciliate,

2193 808 2441 861 maxime
2474 808 2821 862 Ludovicum
2854 825 3049 878 regem
3083 809 3444 862 admonendo
3483 825 3709 879 semper
3748 808 3893 861 invi-

2194 901 2328 961 tate,
2352 902 2408 951 et
2437 914 2566 950 cum
2606 897 2704 951 illo
2734 898 2803 951 de
2832 897 3129 951 communi
3159 897 3405 951 utilitate
3441 896 3747 965 diligenter
3795 896 3887 949 iu-

2196 986 2427 1057 quirite,
2463 988 2736 1057 quoniam
2766 988 2826 1040 in
2856 1003 2992 1058 pace
3031 1002 3232 1041 eorum
3262 1002 3464 1056 regum
3498 986 3589 1055 [aL
3628 984 3887 1057 regnum]

2194 1075 2303 1129 erit
2349 1092 2460 1145 pax
2509 1081 2724 1130 nostra.
2772 1079 2953 1147 AEquo
2999 1077 3190 1130 animo
3246 1081 3422 1129 estote
3468 1082 3526 1129 et
3578 1075 3891 1146 tranquillo

2194 1164 2381 1231 corde,
2419 1164 2634 1219 domini
2671 1166 2894 1231 fratres,
2938 1166 3072 1236 quia
3126 1167 3241 1219 Deo
3285 1167 3504 1218 volente
3550 1165 3686 1217 talia
3730 1164 3892 1217 vobis

2194 1253 2460 1305 nuntiare
2503 1270 2821 1322 speramus,
2865 1255 2923 1306 in
2969 1254 3177 1325 quibus
3225 1255 3439 1325 absque
3481 1270 3675 1307 errore
3718 1258 3887 1324 pote—

2192 1342 2319 1395 ritis
2366 1342 2658 1396 advertere
2713 1343 2978 1413 spiritum
3031 1342 3258 1396 Domini
3303 1344 3599 1397 docentem
3651 1342 3793 1412 quid
3837 1345 3896 1393 et

2195 1432 2478 1500 quomodo
2522 1448 2690 1501 agere
2730 1430 2999 1484 debeatis.
3045 1431 3289 1484 Tantum
3339 1430 3686 1484 omnimodis
3738 1447 3895 1500 pras-

2193 1520 2375 1573 fatum
2406 1536 2597 1590 regem
2628 1536 2994 1573 commonere
3028 1530 3242 1584 curate,
3278 1526 3338 1572 ut
3368 1520 3517 1572 inter
3549 1520 3734 1572 varias
3766 1536 3897 1589 sug-

2195 1609 2481 1679 gestiones
2530 1610 2610 1663 ita
2661 1615 2890 1663 maneat
2919 1609 3269 1678 ,immobilis,
3317 1609 3497 1663 donec
3545 1614 3603 1662 et
3646 1609 3770 1678 ipse
3814 1624 3898 1661 re-

2197 1714 2324 1751 rum
2391 1714 2588 1752 causas
2640 1705 2962 1769 cognoscat.
3016 1698 3315 1765 Caeterum,
3377 1696 3891 1752 desiderantissimi

2123 1767 2164 1819 Β
2193 1785 2418 1853 fratres,
2449 1788 2833 1841 necessarium
2880 1786 3040 1841 vobis
3084 1792 3170 1841 est
3218 1793 3274 1840 et
3320 1787 3487 1841 laude
3530 1786 3792 1856 dignum,
3835 1791 3896 1840 ut

2185 1876 2529 1946 promissam
2574 1878 2696 1946 regi
2728 1882 2925 1931 nostro
2957 1876 3131 1930 ﬁdem
3176 1892 3366 1929 coram
3400 1877 3515 1929 Deo
3547 1880 3602 1928 et
3632 1874 3891 1928 homini-

2185 1966 2291 2019 bus
2352 1964 2757 2020 inviolabiliter
2817 1982 3235 2020 conservemus.
3311 1966 3459 2018 Deus
3515 1964 3887 2034 omnipotens

2184 2071 2284 2107 vos
2316 2055 2373 2107 in
2404 2072 2506 2108 suo
2528 2061 2721 2109 sancto
2745 2056 2974 2109 servitio
3009 2070 3343 2108 conservare
3376 2054 3663 2123 dignetur.

1610 2325 2103 2398 INCIPIUNT
2159 2325 2653 2399 CAPITULA.

463 2598 591 2653 CAP.
625 2597 765 2650 l.—
810 2596 978 2663 Audi,
1029 2596 1239 2650 domne
1286 2611 1437 2665 papa
1485 2595 1739 2661 Nicolae;
1791 2598 1981 2664 patres
2028 2601 2087 2649 et

392 2685 593 2739 fratres
623 2684 941 2755 coepiscopi
972 2683 1151 2738 nostri
1182 2685 1249 2737 ad
1281 2689 1337 2737 te
1368 2701 1472 2737 nos
1513 2684 1863 2749 direxerunt,
1897 2689 1952 2737 et
1982 2700 2086 2737 nos

318 2835 327 2841 _
393 2779 597 2845 sponte
632 2775 922 2838 venimus,
962 2775 1258 2828 consulere
1297 2774 1561 2827 videlicet
1602 2779 1764 2827 tuum
1824 2774 2085 2843 magiste-

393 2865 541 2918 rium
574 2880 745 2935 super
776 2864 863 2917 his
895 2880 1021 2934 quaa
1053 2863 1288 2933 pariter,
1326 2867 1501 2932 prout
1540 2862 1703 2916 nobis
1743 2863 1924 2915 visum
1954 2863 2080 2928 fuit,

394 2958 451 3007 et
476 2953 881 3023 adjicientibus
906 2957 962 3006 et
1001 2952 1450 3022 approbantibus
1482 2956 1683 3004 notum
1723 2967 1842 3005 esse
1875 2953 2080 3022 potuit,

2193 2595 2405 2666 pimus,
2437 2594 2555 2648 imo
2595 2610 2723 2648 cum
2774 2593 2931 2648 omni
2975 2598 3122 2649 coetu
3162 2594 3417 2648 fraterno
3454 2593 3615 2664 quasi
3660 2593 3902 2648 maledi-

2193 2689 2349 2737 ctum
2370 2684 2581 2737 frustra
2610 2684 2899 2753 prolatum
2922 2683 3340 2736 contemnimus
3365 2688 3534 2753 atque
3566 2682 3897 2752 abjicimus.

2190 2773 2461 2843 Teipsum
2511 2788 2763 2843 quoque,
2818 2771 3103 2825 damnatis
3152 2777 3207 2825 et
3264 2766 3764 2826 anatheniatizatis
3813 2789 3904 2825 sa-

2192 2877 2462 2931 cramque
2501 2862 2845 2931 religionem
2874 2861 3275 2930 abjicientibus
3305 2877 3368 2914 ac
3393 2861 3903 2915 contemnentibus

2194 2950 2478 3004 faventem
2536 2957 2591 3004 et
2633 2951 3176 3016 communicautem,
3230 2951 3290 3004 in
3321 2955 3571 3004 nostram
3630 2966 3900 3003 commu-

387 3042 790 3111 judicavimus,
850 3041 1217 3095 auctoritates
1270 3040 1635 3109 rationesque
1702 3056 1842 3110 quas
1908 3040 2088 3094 secuti
2128 3040 2427 3133 Cnionem
2484 3045 2863 3109 nostrumque
2917 3039 3265 3093 consortium
3310 3040 3561 3110 recipere
3605 3040 3901 3105 nolumus,

391 3132 605 3185 fuimus
654 3131 879 3200 scriptis
932 3130 1318 3196 ostendentes,
1381 3135 1446 3182 ut
1495 3135 1593 3183 tua
1641 3129 1919 3199 sapientia
1962 3145 2089 3199 per-

393 3220 653 3274 scrutatis
700 3220 987 3279 omnibus.
1035 3218 1134 3289 qui
1182 3218 1317 3271 inde
1370 3218 1603 3271 sentiret
1648 3222 1703 3271 et
1751 3218 1889 3288 quid
1921 3219 2089 3271 vellet

393 3310 554 3363 nobis
585 3310 1023 3363 demonstraret.
1065 3310 1133 3361 Et
1170 3309 1216 3360 si
1253 3307 1395 3361 illud
1444 3308 1645 3360 melius
1675 3311 1773 3359 tua
1821 3308 2088 3360 sanctitas

394 3398 701 3465 inveniret,
741 3402 806 3451 ut
847 3414 952 3451 nos
994 3397 1305 3450 instrueres
1353 3399 1408 3447 et
1461 3395 1697 3449 doceres
1736 3395 1864 3459 hoc,
1904 3395 2090 3447 humi-

393 3486 526 3540 liter
566 3486 945 3555 postulamus,
997 3482 1179 3554 parati
1210 3481 1495 3552 quidquid
1538 3482 1743 3534 rectius
1792 3487 1847 3534 et
1885 3483 2089 3551 proba-

393 3574 585 3628 biliter
612 3574 951 3639 insinuares,
997 3588 1112 3625 una
1140 3586 1271 3623 cum
1321 3569 1703 3623 confratribus
1741 3570 1951 3623 nostris
1991 3587 2081 3623 sa-

394 3662 484 3716 nis
509 3663 869 3733 acquiescere
891 3659 1272 3715 documentis.

462 3751 590 3807 CAP.
652 3754 721 3806 ll.
753 3781 821 3789 ——
865 3750 974 3804 Sed
1015 3766 1116 3802 nos
1164 3764 1267 3818 per
1314 3751 1429 3801 tres
1482 3747 1869 3802 hebdomadas
1925 3752 2089 3801 tuum

394 3846 781 3911 exspectantes
827 3854 1194 3909 responsum,
1238 3837 1382 3890 nihil
1430 3837 1791 3891 certitudinis
1831 3837 2088 3908 nihilque

391 3931 663 3985 doctrinm
702 3929 864 3983 nobis
903 3926 1248 3998 expressisti,
1290 3925 1388 3979 sed
1429 3932 1653 3978 tantum
1703 3925 1953 3996 quodam
1997 3927 2088 3980 die

392 4019 451 4073 in
492 4020 721 4089 publico
769 4018 983 4083 dixisti,
1038 4033 1145 4069 nos
1196 4014 1544 4068 excusabiles
1594 4030 1870 4083 apparere
1913 4019 1969 4067 et
2007 4016 2090 4068 in-

392 4113 663 4162 nocentes
687 4107 848 4176 juxta
877 4105 1059 4159 nostri
1087 4103 1461 4156 assertionem
1491 4102 1689 4155 libelli.

465 4196 591 4249 CAP.
621 4195 715 4248 Ill.
754 4222 827 4233 —
869 4193 955 4247 Ad
1023 4192 1291 4245 ultimum
1348 4207 1449 4243 nos
1496 4190 1729 4256 evocati,
1799 4191 1869 4244 ad
1928 4196 2086 4245 tuam

392 4282 757 4354 praesentiam
811 4280 1036 4334 deducti
1079 4296 1275 4333 sumus
1315 4280 1459 4333 nihil
1509 4280 1867 4333 adversitatis
1898 4282 2087 4351 suspi-

2200 3129 2451 3183 contenti
2490 3128 2662 3182 totius
2695 3128 2953 3182 Ecclesia:
2983 3128 3384 3183 communione
3417 3133 3471 3181 et
3519 3129 3772 3182 fraterna
3812 3145 3905 3181 so-

2200 3219 2422 3286 cietate,
2466 3234 2639 3289 quam
2695 3223 2752 3271 tu
2794 3222 3131 3286 arroganter
3156 3221 3209 3270 te
3243 3216 3671 3286 superexaltans
3702 3215 3903 3284 despi-

2199 3308 2297 3374 cis,
2334 3313 2506 3378 teque
2540 3308 2608 3360 ab
2648 3323 2713 3360 ea
2758 3306 3022 3359 elationis
3062 3312 3290 3360 tumore
3329 3304 3636 3374 indignum
3678 3304 3905 3357 faciens

2201 3401 2542 3467 sequestras.

2270 3485 2396 3537 CAP.
2430 3485 2494 3537 V.
2528 3514 2597 3524 —
2628 3483 2810 3554 Igitur
2850 3500 2920 3537 ex
2965 3488 3079 3537 tuae
3123 3481 3365 3536 levitatis
3404 3480 3729 3535 temeritate
3773 3497 3907 3551 pro-

2197 3572 2325 3642 pria
2352 3571 2582 3626 tibimet
2611 3570 2900 3627 sententia
2939 3571 3317 3625 anathematis
3358 3575 3574 3640 pestem
3606 3568 3902 3633 inﬂixisti,

2198 3662 2568 3715 exclamans:
2637 3663 2741 3726 Qui
2809 3663 3104 3729 apostolica
3167 3665 3441 3729 praecepta
3517 3674 3623 3713 non
3692 3664 3908 3725 servat,

2198 3751 2487 3804 anathema
2518 3755 2608 3815 sit,
2645 3766 2774 3821 quae
2801 3756 2859 3803 tu
2891 3749 3287 3819 multipliciter
3328 3748 3538 3801 violare
3569 3752 3626 3800 et
3655 3746 3906 3799 violasse

2199 3839 2570 3910 dignosceris,
2621 3840 2837 3893 divinas
2889 3839 3059 3891 simul
3104 3840 3258 3908 leges
3314 3842 3368 3890 et
3418 3852 3601 3889 sacros
3648 3851 3907 3888 canones

2198 3934 2481 4000 quantum
2537 3928 2594 3982 in
2643 3934 2697 3982 te
2748 3933 2832 3982 est
2882 3943 3180 3989 evacuaus,
3232 3925 3714 3996 praedecessorum
3768 3929 3909 3977 tuo-

2197 4034 2348 4079 rum,
2406 4017 2744 4087 pontiﬁcum
2806 4018 3213 4081 Romanorum,
3273 4014 3509 4084 vestigia
3566 4013 3733 4083 sequi
3803 4029 3910 4067 no-

2198 4106 2344 4160 lens.

2270 4196 2396 4249 Car.
2432 4194 2518 4247 Vl.
2551 4225 2619 4232 ——
2650 4194 2810 4247 Nunc
2844 4209 2982 4263 ergo
3029 4192 3166 4263 quia
3209 4190 3656 4245 fraudulentiam
3704 4193 3764 4242 et
3793 4191 3911 4243 eal-

2199 4283 2477 4337 liditatem
2503 4287 2663 4336 tuam
2702 4282 2921 4352 experti
2963 4298 3183 4347 sumus,
3229 4296 3349 4334 non
3379 4279 3542 4350 quasi
3571 4278 3644 4332 ad
3676 4278 3911 4331 illatam

393 4376 604 4437 cantes,
664 4370 860 4439 ibique
922 4368 1196 4422 obseratis
1248 4369 1411 4422 ostiis
1467 4369 1887 4438 conspiratione
1928 4385 2085 4424 more
2125 4364 2363 4425 Dnobis
2428 4371 2834 4425 contumeliam
2900 4370 3189 4441 provocati
3256 4383 3473 4432 sumus,
3539 4367 3637 4420 sed
3696 4372 3912 4420 contra

394 4459 711 4515 latrocinali
741 4459 910 4527 facta,
965 4462 1021 4512 et
1050 4473 1115 4512 ex
1147 4458 1362 4511 clericis
1410 4462 1466 4511 et
1503 4458 1654 4512 laicis
1704 4458 1870 4512 turba
1927 4459 2091 4512 colle-

393 4555 483 4604 cta
511 4552 567 4604 et
599 4547 891 4619 permista,
926 4563 1031 4600 nos
1079 4547 1405 4617 opprimere
1440 4548 1591 4601 inter
1638 4552 1830 4601 tantos
1876 4546 2087 4601 violen-

394 4644 481 4693 ter
509 4637 797 4705 studuisti,
830 4642 1002 4707 atque
1029 4636 1153 4690 sine
1186 4637 1402 4707 synodo
1436 4642 1493 4690 et
1526 4636 1794 4689 canonico
1828 4637 2089 4689 examine

395 4726 552 4779 nullo
603 4727 922 4791 accusante,
972 4723 1133 4778 nullo
1176 4724 1535 4789 testificante,
1580 4724 1850 4793 nullaque
1892 4722 2088 4792 dispu-

396 4814 628 4870 tationis
659 4813 1012 4868 districtione
1056 4812 1360 4867 dirimente
1396 4813 1483 4865 vel
1527 4812 1919 4866 auctoritatem
1966 4828 2090 4881 pro-

392 4904 620 4959 batione
650 4903 1039 4969 convincente,
1080 4902 1295 4972 absque
1344 4902 1522 4955 nostri
1557 4901 1670 4954 oris
1711 4900 2087 4968 confessione,

395 4991 721 5046 absentibus
760 4990 886 5044 aliis
938 4989 1394 5059 metropolitanis
1432 4995 1487 5043 et
1518 4989 1850 5044 direcesanis
1896 4989 2087 5058 coepi-

395 5079 578 5150 scopis
606 5084 662 5133 et
701 5078 1081 5132 confratribus
1111 5078 1335 5141 nostris,
1371 5082 1529 5131 extra
1563 5076 1823 5130 omnium
1854 5078 2087 5129 omnino

395 5183 739 5223 consensum
785 5172 884 5222 tuo
927 5167 1105 5221 solius
1154 5166 1390 5220 arbitrio
1437 5171 1494 5220 et
1549 5165 1844 5236 tyrannico
1899 5165 2089 5218 furore

397 5257 672 5310 damnare
703 5260 928 5309 nosmet
949 5254 1202 5309 voluisti.

469 5347 597 5400 CAP.
629 5347 714 5400 IV.
744 5377 812 5386 ——
861 5346 970 5401 Sed
1018 5350 1176 5399 tuam
1234 5343 1594 5398 maledictam
1646 5342 2008 5408 sententiam,
2058 5357 2091 5395 a

399 5437 638 5502 paterna
686 5435 1037 5505 benignitate
1097 5433 1367 5499 alienam,
1418 5450 1450 5486 a
1504 5432 1756 5486 fraterna
1814 5432 2089 5485 charitate

399 5527 752 5589 extraneam,
787 5524 1089 5577 adversum
1139 5538 1240 5575 nos
1282 5522 1494 5590 injuste
1531 5526 1587 5575 et
1615 5520 2089 5575 irrationabiliter

399 5616 597 5665 contra
645 5612 800 5683 leges
843 5610 1143 5665 canonicas
1185 5610 1489 5680 prolatam,
1529 5625 1889 5681 nequaquam
1939 5608 2088 5661 reci-

2199 4466 2356 4515 tuam
2406 4460 2766 4531 iniquitatem
2802 4460 2924 4513 zelo
2977 4457 3216 4525 accensi,
3268 4473 3371 4510 nec
3410 4460 3623 4509 nostra;
3663 4455 3915 4510 vilitatis

2198 4565 2503 4621 personam
2558 4548 2933 4613 attendentes,
2991 4547 3089 4601 sed
3156 4562 3389 4599 omnem
3436 4544 3618 4598 nostri
3676 4545 3914 4598 ordinis

2196 4638 2635 4693 universitatem
2692 4636 2784 4690 cui
2840 4635 2956 4689 vim
2994 4635 3205 4690 inferre
3254 4632 3481 4688 conaris
3546 4649 3667 4704 prae
3718 4634 3916 4689 oculis

2198 4729 2492 4782 habentes.

2261 4818 2387 4871 CAP.
2424 4816 2540 4869 VII.
2572 4844 2642 4853 —
2693 4813 2837 4878 Quid
2900 4817 3108 4867 nostrae
3164 4811 3425 4882 specialis
3478 4808 3918 4880 propositionis

2199 4922 2425 4960 summa
2464 4903 2653 4969 fuerit,
2709 4903 2769 4956 in
2808 4902 3002 4971 paucis
3053 4901 3418 4971 replicamus.
3463 4900 3572 4953 Lex
3606 4898 3812 4952 divina
3861 4905 3923 4954 et

2198 4994 2473 5049 canonica
2503 4992 2798 5062 aptissime
2845 4991 3071 5061 probat,
3113 4990 3286 5043 etiam
3324 4988 3663 5041 venerandae
3706 4988 3923 5042 saeculi

2199 5083 2353 5153 leges
2393 5082 2795 5151 astipulantur,
2838 5080 2990 5151 quod
3029 5078 3173 5132 nulli
3212 5079 3341 5131 licet
3383 5077 3697 5146 ingenuam
3730 5077 3924 5147 virgi-

2176 5184 2331 5226 ‘nem
2376 5171 2546 5224 alicui
2586 5170 2705 5224 viro
2754 5169 2979 5223 tradere
3036 5168 3097 5221 in
3135 5167 3600 5227 concubinatum,
3647 5165 3921 5220 maxime

2197 5260 2243 5313 si
2309 5260 2408 5313 illa
2473 5260 2664 5329 puella
2726 5273 3025 5328 nunquam
3092 5256 3302 5309 illicitae
3380 5253 3652 5308 assentire
3720 5255 3928 5309 voluit

2198 5349 2447 5417 copulae;
2484 5353 2541 5401 et
2571 5348 2708 5418 quia
2751 5362 2854 5399 suo
2890 5345 3013 5399 viro
3065 5349 3369 5414 parentum
3413 5357 3719 5407 consensu,
3770 5344 3923 5409 fide,

2200 5434 2403 5488 affectu
2452 5434 2572 5504 [al.,
2619 5433 2842 5506 effectu]
2896 5449 2959 5487 ac
3005 5432 3308 5487 dilectione
3348 5428 3641 5500 conjugali
3686 5430 3929 5486 sociata

2200 5528 2304 5584 est,
2338 5538 2479 5578 uxor
2508 5522 2784 5592 profecto,
2813 5537 2931 5577 non
2962 5520 3300 5587 concubina,
3336 5518 3599 5574 habenda
3625 5516 3717 5572 sit.
