4086 6182
180 368 253 421 381
1176 361 1391 415 EPIST.
1433 360 1526 414 AD
1566 360 1940 416 EPISCOPOS
1978 360 2192 417 REGNI
2232 358 2579 415 LUDOVlCl.

3526 365 3630 418 382

1253 638 1915 712 RETRACTATIO
2003 638 2539 713 GUNTHARII

1546 791 1871 848 ADBIANO
1911 792 1961 846 II
2004 792 2216 847 DATA.

230 1056 472 1112 Proﬁteor
528 1072 635 1125 ego
684 1055 1030 1109 Cuntharius
1086 1070 1277 1108 coram
1336 1056 1451 1109 Deo
1500 1060 1555 1110 et
1611 1054 1819 1110 sanctis
1857 1058 1901 1110 A
1931 1056 2261 1128 pontificem
2303 1056 2535 1128 aliquod
2567 1056 2896 1111 scandalum
2925 1057 3012 1109 vel
3061 1056 3375 1127 quidquam
3409 1056 3634 1110 adversi

174 1147 287 1217 ejus,
306 1144 472 1208 vobis,
511 1144 755 1198 Domino
792 1160 920 1197 meo
952 1143 1195 1199 Adriano
1220 1160 1444 1198 summo
1471 1144 1731 1214 pontifici
1763 1149 1819 1198 et

173 1233 438 1289 universali
481 1249 670 1303 papae,
710 1249 775 1285 ac
822 1233 1159 1287 venerandis
1187 1233 1292 1287 tibi
1322 1233 1560 1287 subditis
1593 1234 1819 1304 episco-

172 1324 239 1395 pis
278 1322 599 1392 reliquoque
631 1327 931 1386 conventu,
981 1321 1253 1392 quoniam
1281 1322 1561 1391 judicium
1594 1322 1822 1393 deposi-

172 1412 310 1466 tionis
335 1411 388 1463 in
416 1426 570 1463 mea
622 1410 838 1463 domno
884 1409 1115 1464 Nicolao
1165 1411 1438 1464 canonice
1477 1415 1662 1464 totum
1710 1427 1827 1465 non

174 1498 508 1570 reprehendo,
544 1499 639 1552 sed
690 1499 985 1553 humiliter
1025 1504 1211 1565 porto.
1258 1500 1415 1554 Unde
1460 1516 1563 1553 nec
1589 1500 1829 1553 ulterius

173 1604 356 1641 sacrum
393 1586 781 1642 ministerium
843 1588 1176 1658 contingere
1223 1604 1531 1657 praesumo,
1586 1588 1694 1641 nisi
1726 1604 1832 1658 per

170 1676 579 1731 misericordiam
632 1676 775 1730 mihi
836 1677 1141 1731 subvenire
1196 1677 1510 1743 volueritis,
1572 1693 1674 1730 nec
1730 1678 1827 1731 ali-

170 1765 360 1836 quando
388 1769 587 1819 contra
616 1771 868 1819 sanctam
902 1781 1201 1819 romanam
1244 1765 1547 1819 Ecclesiam
1573 1769 1672 1819 aut
1705 1766 1828 1836 ejus

1928 1162 2157 1199 movere
2188 1147 2334 1213 volo,
2387 1147 2481 1199 sed
2532 1146 2802 1199 devotum
2865 1161 2955 1198 me
3008 1145 3195 1199 eidem
3229 1150 3432 1198 sanctas
3463 1144 3632 1198 matri

1932 1234 2193 1288 Ecclesia:
2222 1236 2457 1305 ejusque
2489 1233 2723 1304 praesuli
2752 1233 3019 1286 exhibere
3051 1237 3221 1303 atque
3266 1232 3630 1286 obedientem

1935 1340 2270 1391 permanere
2310 1327 2611 1393 protestor.
2675 1323 2795 1391 Ego
2844 1322 3193 1377 Guntharius
3246 1322 3380 1375 huic
3409 1320 3630 1391 profes-

1937 1412 2082 1466 sioni
2114 1431 2145 1466 a
2178 1429 2269 1466 me
2300 1413 2459 1466 factae
2494 1428 2663 1465 manu
2699 1411 2933 1481 propria
2969 1410 3296 1481 subscripsi.
3344 1412 3483 1464 Data
3516 1411 3628 1463 Ka-

1938 1502 2135 1555 lendas
2191 1501 2344 1569 Julii,
2377 1501 2685 1555 indictione
2718 1517 2778 1565 ll,
2837 1500 2897 1553 in
2944 1499 3180 1553 ecclesia
3229 1498 3419 1554 Sancti
3448 1498 3634 1552 Salva-

1940 1591 2101 1657 toris,
2161 1606 2291 1661 quas
2339 1594 2422 1643 est
2476 1589 2536 1643 in
2592 1589 2939 1642 monasterio
3001 1588 3191 1643 Sancti
3244 1585 3535 1641 Benedicti
3574 1586 3632 1640 in

1941 1678 2193 1734 Cassino.

400 2081 1399 2215 THEODGAUDI,
1520 2082 1827 2191 GUN'

1942 2082 2324 2190 HARII
2458 2083 2639 2190 ET
2776 2080 3373 2190 ARDUICI

1232 2297 1697 2370 EPISTULA
1754 2298 1881 2370 AD
1943 2298 2043 2370 HI
2054 2296 2559 2371 NCMARUM.

940 2473 1111 2538 (Apud
1140 2474 1429 2535 Labbeum,
1461 2475 1817 2525 Conciliorum
1847 2475 2175 2539 generalium
2208 2478 2350 2525 tomo
2385 2475 2519 2531 V’Ill,
2552 2474 2653 2530 col.
2683 2475 2827 2534 762.)

223 2764 445 2835 Optabili
517 2763 583 2818 in
667 2763 888 2818 Christo
946 2763 1107 2817 fratri
1179 2764 1385 2818 Icuano
1470 2762 1821 2835 [Hincmaro]
1862 2765 1909 2817 Α
1940 2762 2091 2818 disti.
2129 2764 2274 2834 Ergo
2320 2763 2456 2834 quia
2510 2768 2565 2817 te
2596 2763 2815 2834 objecta
2870 2765 3250 2835 probaturum
3298 2766 3633 2837 promisisti,

166 2853 533 2908 Turoocwnus
588 2852 807 2923 primas
879 2852 1119 2921 Belgicae
1196 2852 1411 2918 Galliae,
1481 2854 1832 2905 GUNTBARIL‘S

166 2942 569 3011 Agrippinensis
602 2941 875 3005 Coloniae,
928 2946 983 2993 et
1035 2944 1311 2995 Annmccs
1370 2940 1835 2994 Vesontionensis

166 3030 389 3084 Ecclesiae
421 3030 683 3101 episc0pi
709 3030 951 3084 salutem
982 3034 1038 3083 et
1072 3044 1288 3099 pacem.

223 3120 554 3189 Relegimus,
600 3120 794 3181 frater,
856 3124 910 3171 et
941 3119 1158 3171 utinam
1207 3118 1383 3172 frater
1413 3120 1633 3187 Ignare,
1668 3116 1831 3170 libel-

165 3206 261 3260 lum
291 3212 395 3261 ture
440 3208 825 3262 accusationis
873 3208 1141 3261 adversus
1174 3206 1510 3260 Hilduinum
1560 3206 1832 3259 dilectum

166 3296 319 3349 tilium
375 3302 430 3350 et
485 3297 727 3350 fratrem
775 3301 1056 3362 nostrum,
1107 3301 1167 3349 ut
1220 3295 1503 3349 credimus
1558 3294 1832 3347 idoneum

164 3386 339 3451 virum,
368 3387 423 3438 in
455 3403 574 3457 quo
609 3386 797 3456 ipsum
829 3385 1015 3439 ofﬁcio
1049 3384 1317 3455 pastorali
1345 3384 1653 3453 indignum
1686 3399 1833 3436 asse-

162 3486 311 3541 veras,
342 3481 395 3528 et
424 3492 629 3529 causas
655 3482 708 3528 te
751 3475 916 3543 scire,
974 3491 1080 3544 pro
1129 3474 1337 3545 quibus
1367 3473 1572 3527 iisdem
1617 3473 1831 3526 electus

166 3561 384 3615 ordinari
450 3580 571 3617 non
634 3562 855 3630 debeat,
925 3562 1553 3626 exclamas.,Quamvis
1607 3561 1675 3614 ab
1725 3562 1832 3614 hac

162 3648 498 3719 improbitate
530 3653 642 3706 hoc
671 3652 1034 3705 solummodo
1074 3655 1131 3705 te
1175 3667 1440 3704 revocare
1471 3651 1556 3704 vel
1607 3656 1828 3719 tempe-

161 3752 262 3791 rare
292 3740 603 3806 debuisset,
656 3741 812 3810 quod
865 3740 960 3795 ille
1023 3746 1151 3793 tuus
1191 3740 1436 3793 domnus
1488 3744 1545 3792 et
1581 3738 1831 3791 nutritor

157 3825 300 3881 fuerit
326 3829 555 3895 Charus,
591 3830 637 3882 si
678 3835 869 3883 tamen
914 3844 1139 3882 memor
1160 3835 1216 3882 et
1250 3844 1365 3882 non
1419 3828 1679 3899 ingratus
1710 3828 1828 3882 fore

160 3917 417 3986 voluisses,
449 3919 621 3987 cujus
666 3918 773 3972 iste
826 3923 883 3972 et
922 3917 1261 3971 affinitatem
1300 3918 1476 3971 refert
1507 3923 1564 3971 et
1592 3934 1824 3973 nomen.

158 4002 290 4057 Nunc
328 4007 611 4076 quoniam
644 4006 860 4059 delator
892 4022 1011 4059 esse
1042 4006 1287 4071 voluisti,
1322 4006 1476 4077 quod
1507 4012 1681 4060 restat
1712 4023 1827 4061 non

160 4093 377 4146 omittas.
432 4097 512 4149 Te
546 4095 702 4148 enim
734 4095 1058 4165 exspoliasti
1082 4095 1319 4164 judicio,
1363 4095 1501 4149 dum
1555 4096 1825 4151 crimina-

158 4178 305 4233 tionis
340 4182 688 4249 chartulam,
757 4184 910 4253 quod
964 4189 1063 4237 tuo
1119 4183 1305 4237 ofﬁcio
1365 4189 1420 4238 et
1474 4185 1703 4252 honori,
1764 4192 1827 4240 ut

158 4270 496 4339 aestimamus,
554 4288 671 4325 non
711 4272 1091 4342 competebat,
1145 4272 1374 4343 pr0pria
1429 4289 1623 4339 manu,
1677 4275 1828 4344 quod

160 4369 340 4425 negare
394 4376 518 4413 non
576 4364 760 4430 potes,
835 4360 893 4414 in
969 4366 1253 4414 conventu
1302 4376 1505 4430 regum
1580 4362 1829 4433 principi

158 4450 324 4499 nostro
376 4447 649 4502 Lothario
698 4447 1017 4502 inconsulte
1077 4448 1400 4519 porrexisti,
1458 4465 1521 4503 ac
1549 4466 1830 4504 memora-

159 4534 258 4586 tum
305 4535 669 4601 Hilduinum,
725 4553 941 4607 nosque
1008 4538 1224 4608 pariter
1277 4544 1571 4608 suspectos
1638 4539 1826 4593 reddi-

1942 2869 2294 2923 consequens
2360 2858 2487 2921 est,
2540 2858 2600 2907 ut
2680 2854 3007 2924 exsequeris
3075 2872 3204 2926 quae
3288 2856 3632 2925 promisisti:

1941 2942 2094 2995 unde
2125 2946 2180 2994 et
2234 2946 2289 2994 te
2339 2942 2612 2995 canonica
2661 2958 3091 2996 commonemus
3158 2944 3515 3011 auctoritate,
3572 2950 3637 3000 ut

1940 3030 2317 3083 accusationis
2373 3036 2488 3084 tua:
2540 3032 2961 3085 exsecutionem
3000 3033 3268 3086 canonice
3322 3050 3632 3104 prosequa-

1941 3119 2038 3171 ris.
2084 3118 2245 3182 Quod
2276 3118 2322 3171 si
2352 3123 2407 3172 te
2450 3118 2798 3172 accusationi
2824 3119 3191 3187 subtraxeris,
3226 3126 3283 3174 et
3312 3123 3634 3191 probationi

1942 3207 2207 3273 defueris,
2270 3206 2494 3259 noveris
2570 3212 2625 3259 te
2708 3206 2998 3259 canonicis
3074 3208 3144 3261 de
3213 3211 3633 3264 accusatoribus

1941 3295 2155 3366 regulis
2184 3295 2492 3364 subjacere.
2540 3294 2852 3349 Calumniaz
2907 3311 3040 3348 vero
3086 3312 3227 3365 quas
3270 3297 3633 3367 synodalibus

1942 3385 2183 3438 decretis
2211 3384 2553 3437 obumbrare
2588 3384 2743 3437 nisus
2788 3400 2866 3449 es,
2899 3383 2959 3436 in
3019 3391 3069 3437 te
3118 3389 3286 3456 atque
3341 3385 3402 3439 in
3451 3387 3634 3456 aequi--

1940 3490 2139 3527 vocum
2188 3479 2455 3544 nepotem
2486 3480 2671 3537 tuum,
2707 3473 2807 3544 qui
2854 3473 2930 3526 ita
2970 3475 3222 3543 provecti
3270 3475 3404 3528 estis
3435 3476 3631 3530 reflec-

1938 3568 2156 3617 tuntur.
2198 3562 2452 3627 Quorum
2486 3569 2687 3616 neuter
2730 3578 2796 3616 ex
2826 3563 2925 3616 illa
2954 3562 3063 3616 fuit
3108 3564 3361 3629 ecclesia,
3414 3565 3475 3618 in
3520 3582 3632 3635 qua

1939 3652 2249 3706 ambitione
2276 3658 2447 3722 atque
2476 3653 2669 3705 favore
2700 3657 3028 3720 potentatus
3065 3651 3481 3707 inthronizatus
3512 3670 3632 3707 esse

1940 3741 2309 3811 dignoscitur.
2361 3742 2472 3793 Hac
2517 3740 2846 3793 conditione
2898 3741 3101 3794 dehinc
3130 3740 3387 3811 exigente
3418 3742 3632 3812 synodo

1938 3834 1993 3883 te
2025 3830 2220 3883 adesse
2261 3829 2565 3899 oportebit,
2602 3845 2732 3898 quas
2780 3829 2912 3882 Idus
2968 3830 3196 3882 Martias
3248 3830 3399 3899 apud
3433 3830 3633 3885 urbem

1939 3918 2449 3982 Mediomatricum,
2509 3917 2716 3972 Christi
2771 3917 2994 3971 favente
3056 3917 3260 3986 gratia,
3312 3917 3631 3970 celebrabi-

1936 4012 2066 4061 tur:
2100 4007 2198 4060 ubi
2237 4006 2540 4077 srepefatus
2573 4007 2748 4059 frater
2800 4011 2899 4059 aut
2947 4011 3045 4058 tua
3100 4004 3436 4075 probatione
3493 4022 3629 4059 con-

1935 4096 2211 4161 vincatur,
2262 4101 2362 4150 aut
2404 4112 2505 4149 sua
2552 4094 2883 4148 defensione
2935 4093 3229 4148 liberetur.
3268 4094 3371 4148 Ubi
3401 4110 3631 4164 quoque

1936 4189 1992 4237 et
2036 4201 2138 4238 nos
2177 4184 2280 4239 tibi
2336 4200 2401 4238 ex
2442 4184 2729 4249 omnibus,
2778 4199 2903 4254 quae
2963 4183 3031 4237 de
3079 4182 3315 4236 ecclesia
3367 4183 3632 4238 Camera-

1938 4274 2091 4327 censi
2139 4274 2392 4327 scribens
2448 4272 2726 4327 monuisti
2780 4278 2835 4326 et
2886 4271 3326 4342 reprehendisti,
3379 4271 3632 4325 rationes

1938 4362 2227 4416 reddendo
2255 4362 2603 4433 respondere
2636 4363 2941 4416 valeamus.
2992 4362 3057 4414 In
3090 4360 3310 4415 Christo
3356 4366 3410 4415 te
3444 4361 3631 4416 valere

1940 4455 2227 4519 optamus.

1462 4836 2283 4941 EORUMDEM

612 5008 1010 5076 EPISTOLA
1056 5010 1162 5074 AD
1210 5010 1643 5077 EPISCOPOS
1698 5011 1775 5075 IN
1826 5008 2089 5075 BEGNO
2139 5008 2510 5076 LUDOVlCl
2566 5006 3145 5074 CONSTlTUTOS.

214 5287 639 5345 Venerabilibus
683 5289 743 5343 in
793 5288 1015 5344 Christo
1067 5288 1339 5343 fratribus
1380 5288 1822 5359 archiepiscopis
1865 5286 1905 5339 Ι)
1934 5288 2313 5343 Ecclesiarum
2385 5286 2821 5358 archiepiscOpi,

158 5379 201 5425 et
230 5378 500 5449 episcopis
537 5379 599 5431 in
651 5394 827 5449 regno
880 5378 1072 5432 eximii
1113 5378 1263 5448 regis
1312 5377 1574 5432 Ludovici
1606 5378 1822 5432 consti-

159 5464 270 5517 tutis
294 5467 698 5522 Tasoncxnnus
739 5467 979 5537 Belgica:
1032 5467 1227 5521 Gallias
1275 5466 1511 5537 primas,
1569 5468 1825 5522 GUNTHA-

159 5564 255 5603 λιες
295 5556 733 5626 Agrippinensis
770 5556 1041 5623 Colonias,
1095 5559 1370 5610 Aanurcus
1410 5556 1821 5610 Vesontionen-

160 5638 231 5706 SiS,
300 5644 632 5698 ROTLANDUS
713 5644 1079 5712 Arelatensis,
1152 5646 1302 5699 TADO
1390 5644 1825 5699 Mediolanensis

2908 5301 3223 5356 eorumque
3301 5283 3626 5355 coepiscopi

1933 5378 2175 5432 salutem
2207 5381 2262 5431 et
2293 5392 2489 5447 pacem
2526 5380 2693 5430 orant
2723 5381 2778 5429 et
2807 5380 3028 5446 optant.

2006 5466 2251 5521 Diversis
2305 5467 2608 5520 Ecclesiam
2653 5465 2751 5520 Dei
2818 5462 3341 5535 perturbationibus
3396 5462 3622 5516 concuti

1934 5560 1991 5609 et
2044 5556 2275 5626 percelli
2334 5556 2592 5626 quotidie
2643 5555 2888 5608 exterius
2928 5553 3217 5608 cernimus
3266 5568 3330 5606 ac
3377 5551 3622 5622 suspira-

1936 5660 2090 5699 mus:
2123 5644 2364 5701 interius
2403 5661 2535 5698 vero
2578 5643 2766 5699 vexari
2816 5658 2941 5697 eam
2995 5647 3165 5714 atque
3196 5640 3354 5696 exuri
3397 5640 3453 5694 in
3489 5657 3619 5694 suo-
