4098 6180
396 339 495 390 383

394 486 523 525 rum
606 466 962 522 dissensione
1034 461 1449 524 membrorum,

396 554 884 628 perhorrescimus
932 555 987 604 et
1038 551 1320 605 dolemus.
1376 551 1567 620 Neque
1620 550 1774 603 enim
1826 550 2016 602 dolere
2045 552 2100 601 et

396 640 591 717 lugere
622 660 737 697 non
786 656 1117 712 possumus,
1152 639 1304 709 quod
1364 644 1592 692 sanctos
1627 638 1723 691 Dei
1755 638 2094 700 sacerdotes,

396 734 762 788 Hincmarum
815 729 1076 784 videlicet
1140 727 1632 797 archiepiscopum
1704 725 1983 793 religione
2044 730 2098 776 et

394 821 675 888 sapientia
733 820 904 889 longe
960 818 1191 887 lateque
1263 817 1582 886 vulgatum,
1660 819 1715 867 et
1771 813 2092 867 Rothadum

393 909 745 978 longiturnai
800 912 856 960 et
912 904 1257 959 venerabilis
1296 903 1728 958 conversatione
1784 901 2095 956 sanctitatis

393 998 698 1059 famosum,
747 996 827 1049 ita
885 994 1272 1064 comperimus
1321 995 1391 1046 ab
1441 993 1682 1046 invicem
1725 990 2093 1052 disciirdasse,

393 1091 457 1140 ut
497 1102 614 1138 non
650 1084 861 1137 veritus
896 1084 968 1136 sit
1027 1081 1503 1153 metropolitanus
1552 1081 1705 1133 idem
1736 1080 2093 1148 sutfraganeo

395 1175 579 1229 cidem
638 1171 1246 1226 excommunicationis
1321 1169 1661 1223 sententiam
1734 1168 2088 1236 intorquere,

396 1268 452 1316 et
495 1261 685 1315 ofﬁcio
741 1262 1024 1330 privatum
1076 1259 1269 1312 divino
1311 1258 1577 1311 custodias
1636 1258 1929 1326 deputare.
1988 1255 2093 1309 Sed

396 1367 566 1421 quem
599 1367 627 1403 e
658 1350 881 1403 duobus
922 1349 1103 1419 magis
1133 1347 1447 1401 defleamus
1500 1344 1876 1399 admiratione
1920 1344 2091 1397 simul

393 1454 457 1492 ac
496 1445 729 1508 stupore
778 1438 971 1490 vallati
1030 1436 1333 1489 nescimus.
1396 1434 1719 1489 Rothadum
1758 1432 1969 1485 scilicet
2013 1432 2092 1485 ita

396 1544 427 1579 a
457 1543 589 1579 vero
646 1526 1010 1589 exorbitasse,
1066 1529 1125 1576 ut
1164 1524 1215 1576 ei
1262 1523 1433 1592 digne
1486 1521 1619 1575 talia
1666 1521 2087 1590 intligurentur,

395 1619 493 1668 aut
544 1615 915 1669 Hincmarum
976 1613 1056 1666 ita
1110 1612 1347 1683 justitiaa
1396 1615 1452 1663 et
1499 1610 1797 1679 dignitatis
1846 1609 2088 1662 limitem

395 1702 728 1769 transilisse,
791 1706 851 1753 ut
913 1701 1105 1770 aliquo
1165 1698 1562 1752 amaritudinis
1611 1702 1709 1750 aut
1757 1695 2088 1750 ambitionis

393 1791 513 1843 zelo
573 1790 867 1843 devinctus
913 1807 1013 1842 seu
1073 1789 1326 1843 devictus
1375 1792 1585 1851 sancto,
1620 1791 1682 1840 ut
1727 1785 2084 1850 credebatur,

396 1884 451 1931 et
493 1895 709 1931 annoso
760 1878 1025 1948 episcopo
1080 1878 1215 1931 talia
1247 1878 1456 1930 inferre
1512 1875 1748 1929 minime
1779 1875 2085 1928 dubitaret.

395 1967 493 2020 Ille
547 1967 757 2020 etenim
816 1984 874 2019 se
940 1967 1150 2035 injuste
1196 1967 1530 2018 damnatum
1588 1965 1923 2034 proclamat,
1989 1962 2089 2031 qui

396 2055 571 2109 etiam
603 2056 754 2108 inter
781 2056 891 2107 alia
942 2054 1375 2107 excusationum
1409 2069 1642 2105 suarum
1674 2052 1998 2105 munimina
2030 2052 2089 2104 in

393 2144 781 2213 appellatione
821 2143 1067 2197 Romani
1096 2142 1382 2212 perstabat
1410 2141 1715 2210 pontiﬁcis.
1758 2141 1865 2195 Iste
1896 2146 2087 2194 autem

393 2231 544 2284 inter
574 2236 780 2286 caetera
831 2231 1206 2284 invictionum
1254 2235 1579 2283 commenta
1634 2230 1702 2283 de
1755 2232 2083 2298 contemptu

393 2326 450 2373 et
480 2319 870 2374 inobedientia
917 2320 1004 2372 sui
1048 2320 1201 2390 juste
1245 2335 1374 2372 eum
1404 2318 1473 2372 ab
1508 2318 1714 2377 ofﬁcio,
1749 2318 2088 2371 sacerdotali

400 2425 689 2462 removere
755 2409 1073 2462 denuntiat.
1118 2407 1276 2471 Quod
1334 2407 1470 2478 quia
1518 2407 1682 2461 nobis
1737 2422 1839 2476 per
1895 2406 2088 2460 omnia

392 2497 673 2551 incertum
722 2502 823 2563 est,
881 2496 1095 2567 quippe
1152 2497 1251 2567 qui
1307 2496 1567 2549 neutrius
1623 2512 1849 2548 causam
1898 2495 2087 2565 palam

395 2585 788 2655 cognovimus,
820 2586 1149 2639 rumoribus
1183 2600 1287 2638 nec
1317 2584 1480 2638 facile
1525 2584 1754 2637 credere
1786 2584 2082 2649 audemus,

397 2690 499 2728 nec
531 2674 855 2727 absentium
888 2673 1269 2727 dissensiones
1302 2678 1515 2726 temere
1572 2672 1882 2742 dijudicare
1912 2672 2086 2724 debe-

398 2778 543 2815 mus.
581 2762 662 2815 Ob
719 2762 827 2815 hoc
881 2767 1069 2814 tamen
1128 2763 1356 2825 multos,
1419 2761 1532 2815 imo
1582 2776 1726 2830 pene
1786 2776 1986 2813 omnes
2017 2760 2085 2814 ad

391 2866 763 2921 quoscunque
787 2851 907 2903 hinc
925 2850 1077 2902 fama
1110 2849 1389 2917 pervenit,
1424 2849 1722 2903 nobiscum
1754 2849 2083 2902 scandalum

390 2955 585 3009 passos
641 2955 755 2991 non
827 2940 947 2991 sine
1021 2936 1180 3007 gravi
1238 2953 1481 2990 maerore
1548 2937 1831 2990 sanctitati
1889 2942 2085 2991 vestrae

392 3026 753 3091 mandamus,
817 3030 1044 3078 orantes
1104 3030 1159 3078 et
1190 3025 1633 3078 unanimitatem
1685 3030 1930 3079 vestram
1989 3042 2085 3095 po-

390 3120 628 3181 scentes,
679 3120 741 3167 ut
775 3114 1114 3168 discordiam
1167 3115 1572 3183 praedictorum
1627 3115 1942 3167 antistitum
1975 3114 2090 3167 ani-

391 3200 704 3255 madversis
781 3201 1006 3271 antiqui
1062 3202 1238 3255 hostis
1317 3202 1555 3268 insidiis,
1614 3207 1670 3255 et
1722 3200 2091 3255 consideratis

394 3291 666 3344 humanae
698 3290 1028 3360 fragilitatis
1085 3290 1421 3355 excessibus,
1471 3290 1716 3361 qualiter
1746 3290 1999 3359 coeperit,
2036 3294 2092 3342 et

390 3379 718 3443 increverit,
775 3379 1073 3432 sollicitius
1117 3379 1431 3431 intendatis
1482 3396 1547 3431 ac
1593 3378 1982 3448 perpendatis,
2034 3383 2090 3431 et

390 3468 692 3521 nobiscum
725 3466 965 3520 Domino
1000 3467 1284 3519 mediante
1317 3467 1742 3532 convenientes,
1786 3466 2090 3520 dubietatis

392 3556 569 3623 hujus
600 3554 840 3607 nebulas
890 3553 1309 3606 studiosissime
1355 3553 1627 3622 indagine
1677 3553 2088 3623 abstergamus,

393 3646 450 3694 et
498 3642 567 3694 ad
596 3640 853 3693 veritatis
901 3641 1089 3692 lucem
1148 3655 1282 3691 vera
1334 3640 1459 3693 luce
1500 3641 1785 3693 revelante
1816 3641 2088 3711 perduca-

391 3745 558 3783 mus:
590 3745 705 3800 quo
758 3732 856 3781 aut
886 3728 1180 3783 Rothadus
1233 3728 1278 3781 si
1326 3729 1479 3799 juste
1516 3729 1804 3799 depositus
1834 3746 2092 3799 compro-

391 3818 581 3887 batur,
612 3818 875 3871 omnium
924 3816 1143 3888 judicio
1194 3818 1553 3884 conticescat,
1611 3824 1707 3871 aut
1754 3820 2090 3872 Hincmarus

393 3907 461 3959 de
494 3906 704 3976 injuste
737 3906 1007 3959 damnato
1059 3906 1262 3958 merito
1295 3905 1611 3960 erubescat.
1662 3908 1727 3959 Et
1758 3908 2089 3961 scandalum

393 3996 510 4049 sive
568 4010 849 4061 murmur,
900 3995 1055 4065 quod
1108 3994 1168 4047 in
1221 4001 1416 4047 sancta
1464 3996 1711 4048 Ecclesia
1766 4012 1941 4066 super
1986 3997 2091 4049 hac

393 4084 776 4139 controversia
813 4084 1096 4153 plurimos
1155 4082 1497 4150 diverberat,
1544 4089 1738 4137 nostra
1796 4085 2092 4154 vigilantia

393 4174 744 4226 destructum
831 4179 1001 4242 atque
1082 4172 1343 4225 sedatum
1416 4172 1656 4239 fatiscat,
1736 4190 1805 4226 ne
1866 4179 2091 4227 tantum

396 4260 807 4315 otfendiculum
839 4260 1228 4314 Christianum
1271 4261 1551 4329 populum
1607 4260 1821 4314 diutius
1862 4268 2089 4330 pertur-

1173 325 1656 391 THEODGAUDI,
1697 324 2085 378 GUNTHAHII
2129 319 2349 376 EPlS’l‘.
2395 322 2482 375 Al)
2527 320 2925 386 EPISGOPOS,
2964 323 3114 377 E'rc.

1529 460 1784 516 videntes
1841 457 2086 513 nimium
2131 460 2169 510 Α
2202 457 2695 526 dissentientibus,

3798 324 3897 376 384

2812 474 3223 528 usquequaque
3345 475 3547 512 nocere
3656 458 3893 513 valeant.

2210 546 2287 599 De
2340 546 2549 615 quibus
2593 551 2782 599 autem
2840 546 3133 600 Rothadus
3183 546 3461 615 queritur,
3515 562 3733 617 nosque
3782 546 3899 616 plu-

2208 634 2421 687 rimum
2496 640 2703 699 movet,
2768 634 3053 688 sanctitati
3116 640 3314 688 vestrae
3391 634 3637 688 breviter
3706 636 3901 688 subter

2207 722 2583 777 annectimus.
2638 724 2693 777 Si
2741 723 2946 777 debeat
3000 722 3295 793 presbyter
3372 731 3471 775 aut
3545 723 3818 777 diaconus
3868 740 3901 775 a

2205 811 2438 882 proprio
2490 811 2752 882 episcopo
2805 812 2958 882 juste
3018 812 3329 882 depositus,
3382 828 3415 864 a
3458 812 3901 881 metropolitano

2204 905 2303 953 aut
2323 900 2434 953 alio
2483 901 2739 971 quolibet
2767 901 2826 953 in
2859 902 3098 971 gradum
3140 900 3444 973 pristinum
3479 900 3601 953 sine
3648 901 3901 971 ejusdem

2204 989 2455 1059 episcopi
2488 1005 2764 1042 consensa
2813 988 3080 1042 restitui:
3131 1005 3261 1042 cum
3307 988 3368 1042 in
3421 989 3664 1041 concilio
3704 990 3899 1044 Antio-

2202 1078 2381 1130 cheno
2415 1078 2558 1147 (cap.
2603 1080 2683 1143 ιιι)
2717 1078 2786 1131 de
2831 1079 2939 1131 hoc
2980 1078 3060 1130 ita
3089 1078 3368 1131 habeatur
3396 1094 3408 1132 :
3452 1079 3509 1130 Si
3539 1078 3636 1148 qui
3669 1078 3901 1147 presby-

2204 1166 2307 1219 teri
2349 1172 2447 1219 aut
2478 1166 2701 1220 diaconi
2733 1183 2765 1219 a
2794 1167 3029 1237 proprio
3079 1167 3346 1237 episcopo
3399 1166 3897 1226 excommunicati,

2201 1255 2324 1309 ausi
2371 1256 2600 1321 fuerint,
2644 1260 2749 1309 etc.
2791 1258 2931 1309 ltem
2973 1256 3027 1308 in
3088 1256 3287 1309 eodem
3327 1256 3563 1309 concilio
3602 1257 3747 1325 (cap.
3785 1262 3895 1324 vn):

2201 1344 2258 1398 Si
2310 1344 2435 1414 quis
2483 1362 2515 1396 a
2565 1344 2795 1413 proprio
2844 1344 3112 1413 episcopo
3182 1344 3585 1397 communione
3643 1345 3899 1413 privatus

2202 1438 2304 1498 est,
2337 1437 2441 1485 etc.
2487 1432 2543 1486 Si
2576 1430 2781 1485 debeat
2839 1432 3135 1501 presbyter
3173 1432 3506 1484 criminatus
3543 1437 3713 1503 atque
3742 1434 3896 1485 dam-

2201 1527 2367 1575 natus
2398 1526 2523 1589 post
2565 1526 2809 1590 quatuor
2857 1536 3036 1572 annos
3083 1520 3462 1583 reconciliari,
3495 1537 3623 1573 cum
3666 1521 3735 1574 de
3792 1521 3896 1573 hoc

2199 1609 2257 1661 in
2291 1609 2530 1662 concilio
2572 1609 2835 1663 Africano
2887 1608 3029 1678 (cup.
3078 1608 3174 1673 χιι)
3220 1608 3297 1661 ita
3347 1609 3649 1662 habeatur:
3682 1610 3738 1663 Si
3767 1610 3896 1679 quis

2199 1698 2347 1751 infra
2371 1714 2588 1750 annum
2608 1713 2836 1751 causam
2861 1713 3021 1750 suam
3046 1714 3289 1767 purgare
3321 1699 3754 1767 contempserit,
3788 1704 3890 1750 etc.

2202 1786 2257 1841 Si
2281 1786 2481 1840 debeat
2520 1787 2758 1855 qbilibet
2786 1787 3085 1856 episcopus
3117 1786 3349 1839 alterius
3383 1787 3708 1839 ordinatum
3764 1786 3893 1839 reti-

2200 1891 2357 1939 nere,
2387 1881 2601 1944 quanto
2648 1875 2837 1927 minus
2868 1891 3068 1944 capere
3104 1876 3186 1927 vel
3220 1875 3277 1927 in
3328 1892 3611 1928 carcerem
3645 1876 3896 1939 trudere,

2200 1977 2329 2014 cum
2378 1963 2447 2015 de
2498 1963 2605 2015 hoc
2658 1963 2714 2014 in
2764 1963 3147 2015 decretalibus
3194 1964 3269 2015 ita
3329 1968 3635 2016 statuatur:
3703 1964 3900 2016 Nullus

2200 2051 2497 2120 episcopus
2588 2051 2821 2104 alterius
2892 2052 3307 2121 parochianum
3380 2057 3694 2121 praesumat
3773 2052 3899 2105 reti-

2202 2156 2354 2205 nere,
2387 2145 2491 2194 etc.
2535 2142 2601 2194 Et
2653 2146 2783 2209 post
2835 2141 3163 2211 aliquanta:
3218 2140 3273 2194 Si
3322 2140 3447 2211 quis
3508 2141 3898 2210 metropolita-

2199 2244 2305 2282 nus
2375 2229 2698 2299 episcopus,
2768 2228 2877 2282 nisi
2947 2229 3098 2298 quod
3167 2228 3237 2282 ad
3306 2244 3465 2282 suam
3534 2228 3898 2281 solummodo

2196 2318 2489 2388 prepriam
2570 2318 2817 2388 pertinet
2910 2318 3258 2388 parochiam,
3343 2324 3447 2370 etc.
3547 2317 3603 2371 Si
3692 2317 3899 2370 debeat

2197 2407 2493 2477 episcopus
2589 2407 2822 2460 alterius
2931 2406 3182 2475 episc0pi
3273 2405 3563 2459 ministros
3663 2405 3896 2475 scriptis

2196 2494 2456 2562 invitare,
2526 2501 2624 2549 aut
2675 2495 2868 2565 aliquo
2932 2496 3098 2548 modo
3156 2493 3479 2559 sollicitare,
3546 2499 3643 2546 aut
3699 2496 3895 2565 plebes

2197 2585 2428 2639 alterius
2480 2584 2741 2654 potestati
2797 2600 2915 2637 suae
2968 2600 3285 2652 usurpare;
3353 2600 3483 2637 cum
3550 2584 3617 2636 de
3682 2584 3791 2636 hoc
3839 2583 3898 2636 in

2197 2671 2458 2726 Africano
2508 2672 2745 2725 concilio
2779 2672 2857 2725 ita
2887 2671 3107 2725 dicatur
3163 2671 3307 2742 (cap.
3363 2674 3450 2737 x):
3500 2672 3694 2725 Nullus
3729 2672 3901 2725 debet

2196 2762 2431 2829 collega:
2461 2777 2562 2813 suo
2594 2762 2778 2814 facere
2809 2761 3100 2828 injuriam,
3149 2767 3252 2814 etc.
3291 2762 3461 2815 Multa
3493 2760 3812 2830 quinetiam
3841 2761 3899 2813 in

2198 2849 2399 2902 eodem
2439 2851 2679 2902 concilio
2711 2851 2777 2903 de
2827 2850 2915 2902 his
2956 2849 3069 2903 alia
3108 2849 3571 2918 promulgantur.
3603 2849 3660 2903 Si
3693 2849 3903 2903 debeat

2197 2937 2495 3007 episcopus
2539 2939 2729 2991 minus
2776 2954 2947 3008 quam
2996 2955 3028 2991 a
3077 2938 3373 2991 duodecim
3421 2937 3627 3002 audiri,
3678 2944 3902 3007 quanto

2198 3026 2381 3095 magis
2437 3027 2719 3093 damnari,
2782 3026 2933 3097 quod
2989 3026 3047 3079 in
3098 3026 3419 3079 Sardicensi
3471 3025 3713 3079 concilio
3781 3027 3899 3079 evi-

2199 3114 2426 3168 dentius
2458 3116 2771 3169 inhibetur.
2831 3116 2888 3170 Si
2938 3115 3139 3169 debeat
3187 3115 3450 3169 damnari
3498 3116 3586 3169 vel
3616 3116 3676 3168 in
3708 3116 3901 3169 locum

2198 3204 2321 3274 ejus
2352 3205 2603 3276 episcopi
2634 3204 2934 3275 subrogari
2980 3204 3121 3257 alter
3155 3204 3476 3275 episcopus,
3526 3204 3626 3275 qui
3675 3204 3737 3257 in
3792 3222 3902 3274 ap-

2198 3294 2509 3364 pellatione
2565 3299 2780 3363 perstat
2836 3294 3081 3347 Romani
3164 3292 3472 3362 pontiﬁcis,
3543 3294 3651 3345 nisi
3723 3292 3908 3346 fuerit

2197 3398 2367 3434 causa
2435 3382 2777 3451 appellantis
2844 3382 2903 3434 in
2955 3383 3076 3451 ejus
3126 3382 3503 3435 determinata
3551 3380 3789 3450 judicio.
3846 3381 3905 3434 Si

2197 3471 2375 3539 possit
2432 3476 2761 3539 suspectum
2813 3474 2868 3524 et
2917 3471 3106 3523 minus
3156 3476 3371 3523 certum
3414 3470 3695 3537 judicium
3737 3486 3904 3523 reno-

2196 3558 2339 3622 vari,
2373 3560 2459 3613 vel
2511 3560 2553 3611 si
2600 3565 2893 3628 suspectus
2941 3559 3416 3629 metropolitanus
3477 3558 3691 3611 vicinos
3757 3575 3902 3628 pro-

2197 3646 2395 3700 vincia:
2437 3648 2659 3717 judices
2708 3663 3040 3712 convocare,
3080 3647 3233 3700 unde
3285 3647 3461 3699 multa
3528 3645 3588 3698 in
3639 3648 3906 3699 conciliis

2197 3735 2565 3806 synodalibus
2622 3740 2677 3788 et
2730 3736 2787 3788 in
2836 3735 3076 3788 decretis
3134 3735 3524 3788 Romanorum
3554 3734 3906 3802 pontiﬁcum

2197 3824 2585 3878 continentur.
2618 3824 2675 3879 Si
2704 3825 2907 3878 debeat
2935 3824 3209 3876 innocens
3253 3823 3339 3875 vel
3394 3822 3686 3875 inauditus
3735 3823 3907 3875 dam-

2197 3913 2341 3967 nari.
2376 3913 2433 3967 Si
2459 3913 2662 3967 debeat
2711 3913 2971 3967 damnari
3003 3929 3067 3965 eo
3103 3911 3253 3982 quod
3308 3911 3647 3979 (egritudine
3704 3912 3911 3965 deten-

2198 4008 2287 4055 tus
2318 4003 2536 4072 synodo
2570 4017 2865 4056 occurrere
2898 4004 3021 4054 nou
3043 4000 3247 4070 potuit,
3283 4000 3371 4053 cui
3402 4016 3514 4052 non
3545 4016 3648 4070 pro
3674 3998 3910 4069 imposv

2198 4090 2463 4143 sibilitate
2514 4090 2639 4156 hoc,
2712 4091 2810 4143 sed
2876 4106 2980 4158 pro
3039 4094 3373 4157 contemptu
3438 4089 3786 4157 imputatur.
3850 4088 3913 4142 Si

2199 4179 2405 4232 debeat
2430 4177 2803 4231 condemnari
2833 4194 2939 4246 pro
2973 4193 3062 4241 eo,
3115 4177 3265 4246 quod
3299 4181 3354 4229 et
3383 4175 3911 4245 metropolitanum

2198 4281 2547 4336 omnemque
2584 4269 2928 4318 conventum
2967 4270 3295 4333 suspectum
3333 4264 3562 4328 habeat,
3597 4269 3652 4315 et
3698 4271 3917 4318 contra

392 4349 505 4402 bet.
563 4350 758 4417 Neque
816 4363 953 4417 ergo
1001 4347 1129 4400 ullis
1174 4348 1283 4400 hoc
1331 4348 1498 4402 debet
1549 4351 1903 4419 argumentis
1943 4367 2083 4420 pree-
2126 4362 2167 4415 1)
2199 4371 2257 4407 se
2280 4354 2632 4423 conspiratas
2657 4358 2917 4406 metuens
2951 4360 3050 4407 aut
3087 4353 3289 4421 sciens,
3321 4353 3393 4406 ad
3422 4357 3650 4423 tempus
3691 4353 3917 4423 synodi

395 4435 653 4501 termitti,
689 4440 789 4489 aut
834 4436 1231 4490 occasionibus
1277 4436 1512 4502 differri,
1544 4437 1819 4508 quoniam
1874 4447 1932 4490 ut
1964 4455 2088 4492 me-

394 4525 629 4580 minisse
684 4541 788 4578 nos
839 4525 1206 4590 arbitramur,
1259 4531 1315 4579 et
1359 4527 1518 4580 sedes
1556 4528 1863 4597 apostolica
1915 4545 2090 4599 quon-

396 4614 528 4667 dam
566 4629 730 4666 suam
791 4613 1133 4667 sententiam
1183 4614 1239 4666 in
1292 4614 1496 4667 melius
1535 4619 1922 4678 commutavit,
1959 4634 2086 4670 cum

392 4703 502 4757 sibi
554 4701 891 4771 subreptum
927 4702 995 4755 de
1026 4703 1276 4772 quodam
1308 4704 1615 4773 perspexit,
1664 4710 1719 4757 et
1766 4706 2087 4770 Dioscorus,

393 4792 530 4862 quia
587 4797 849 4844 sanctum
917 4791 1104 4844 virum
1169 4792 1355 4861 dignm
1413 4793 1705 4847 memoriae
1760 4794 2091 4847 Flavianum

388 4880 599 4949 injuste
629 4880 988 4948 deposuerat,
1018 4896 1051 4932 a
1080 4879 1213 4933 sede
1253 4881 1563 4949 apostolica
1611 4882 1915 4935 damnatus
1958 4898 2084 4934 eva-

391 4967 537 5031 nuit,
580 4968 1013 5021 remanentibus
1088 4968 1213 5022 aliis
1265 4968 1633 5037 indamnatis,
1705 4970 1804 5040 qui
1864 4969 1915 5022 ei
1976 4986 2091 5023 non

393 5062 617 5126 sponte,
654 5057 748 5109 sed
804 5057 966 5127 quasi
1000 5062 1189 5110 coacte
1238 5057 1296 5110 in
1343 5058 1702 5127 depositione
1735 5058 1910 5110 sancti
1954 5075 2089 5111 rou-

394 5150 689 5198 senserant
744 5144 1012 5215 episcopi,
1069 5160 1212 5212 quos
1261 5146 1383 5214 ipse
1434 5146 1733 5199 Dioscorus
1800 5147 2088 5200 multifor-

393 5233 565 5287 miter
593 5239 650 5287 et
688 5238 889 5303 argute
916 5233 1113 5286 fallere
1144 5233 1387 5286 callidus
1421 5240 1853 5303 argumentator
1891 5236 2089 5289 elabo-

366 5328 637 5376 .raverat.
695 5322 875 5375 Nolite
925 5322 1047 5392 jam
1102 5338 1252 5375 nunc
1304 5322 1518 5375 morari
1578 5329 1866 5377 crescente
1933 5325 2089 5394 peri-

395 5408 541 5473 culo,
603 5414 659 5463 et
709 5410 1118 5465 insultantibus
1175 5415 1370 5464 sancto
1428 5410 1614 5465 ordini
1672 5418 1843 5483 atque
1905 5416 2089 5467 detra-

396 5496 667 5549 lientilius
710 5499 922 5564 multis,
995 5499 1094 5568 qui
1156 5498 1465 5568 gloriantes
1522 5501 1629 5553 sibi
1681 5502 1887 5554 ﬁducia
1956 5519 2087 5571 pro-

402 5583 657 5652 mittunt,
722 5587 872 5658 quod
928 5589 1109 5655 .nubis
1168 5588 1408 5642 invicem
1472 5590 1865 5643 mordentibus
1918 5598 2090 5662 atque

2197 4444 2383 4496 locum
2416 4443 2642 4512 ingredi
2693 4441 2898 4507 diﬁert,
2936 4442 3254 4495 Romanum
3303 4440 3634 4510 pontiﬁcem
3666 4457 3919 4513 semper

2199 4532 2511 4602 appellans.
2546 4529 2602 4585 Si
2633 4530 2837 4584 debeat
2865 4533 3160 4583 accusator
3206 4529 3365 4582 testis
3420 4545 3540 4582 esse
3566 4529 3649 4582 vel
3674 4530 3873 4599 judex
3902 4548 3915 4583 :

2197 4621 2285 4673 vel
2318 4619 2363 4672 si
2404 4618 2736 4689 episcopum
2790 4618 2909 4671 haec
2943 4618 3207 4671 universa
3254 4618 3555 4671 conveniat
3584 4634 3763 4688 agere
3806 4636 3915 4689 pa-

2199 4708 2355 4761 riter.
2392 4709 2519 4761 Haec
2548 4707 2740 4777 itaque
2765 4723 2860 4760 vos
2882 4705 3203 4760 sacerdotes
3237 4705 3487 4767 Domini,
3510 4706 3919 4761 comministri

2201 4795 2301 4849 Dei
2352 4795 2530 4849 nostri
2578 4796 2677 4865 qui
2728 4795 2784 4846 in
2831 4794 2956 4863 lege
3000 4792 3225 4847 Domini
3280 4793 3638 4847 meditamini
3698 4794 3805 4848 die
3855 4812 3923 4849 ac

2199 4889 2389 4951 nocte,
2420 4882 2787 4954 perscrutatis
2816 4888 2873 4936 et
2923 4882 3159 4934 evolutis
3210 4882 3533 4936 divinarum
3578 4887 3921 4939 auctorita-

2199 4977 2320 5026 tum
2381 4970 2604 5040 paginis
2662 4970 2861 5025 rimari
2925 4975 3139 5035 curate,
3211 4976 3403 5023 utrum
3444 4971 3515 5024 sit
3564 4971 3924 5040 liujusmodi

2198 5061 2475 5130 sapientia
2504 5060 2845 5125 desursum;
2886 5075 3012 5128 qua:
3059 5060 3221 5127 juxta
3252 5061 3576 5127 apostolum
3630 5063 3784 5126 (Jac.
3840 5077 3927 5127 ιιι)

2198 5149 2449 5221 primum
2512 5148 2747 5217 quidem
2797 5148 3005 5217 pudica
3053 5152 3155 5207 est.
3204 5147 3409 5200 deinde
3462 5148 3741 5216 paciﬁca:
3819 5168 3925 5215 an,

2200 5238 2356 5308 quod
2402 5237 2565 5303 absit,
2617 5253 2683 5289 ea
2732 5251 2903 5307 quam
2956 5236 3254 5304 praemisit,
3308 5240 3554 5300 terrena,
3606 5236 3928 5305 animalis,

2201 5326 2498 5381 diabolica.
2558 5326 2766 5379 Redeat
2832 5325 3027 5394 itaque
3098 5324 3434 5393 quantocius
3516 5324 3609 5393 pia
3666 5327 3931 5383 solertia

2199 5420 2382 5469 vestra
2413 5425 2468 5468 et
2510 5414 2723 5475 labore.
2758 5417 2949 5467 sancta
2978 5412 3221 5465 Ecclesia
3252 5429 3315 5465 ac
3352 5412 3603 5466 fraterna
3647 5414 3934 5472 Charitas

2196 5504 2255 5556 in
2286 5520 2504 5573 pacem,
2537 5519 2665 5572 qua:
2705 5500 3081 5556 scandalizata
3113 5501 3337 5554 videtur
3385 5500 3632 5555 aliorum
3682 5502 3933 5575 impr-0-

2199 5592 2391 5646 bitate.
