4086 6182
234 386 3744 418 mm

1555 530 1724 573 ANNO
1774 531 1999 574 DOMINI
2054 533 2400 577 DCCCLXVIII
2416 564 2427 577 .

1350 709 2623 859 THEUDOINUS

981 946 2041 1034 CATALAUNENSIS
2157 956 2814 1038 PR/EPOSIT
2836 960 3007 1039 US.

1480 1247 1816 1308 NOTITIA
1864 1250 1975 1311 EX
2017 1251 2435 1314 FABRICIO.

290 1509 668 1571 Taenoomus,
702 1510 1025 1577 praepositus
1056 1508 1487 1575 Catalaunensis,
1522 1525 1661 1563 anno
1692 1513 1795 1565 868
1841 1515 2063 1581 scripsit
2108 1516 2389 1581 epistolam
2436 1514 2510 1568 ad
2552 1518 2883 1571 Almannum
2912 1521 3230 1574 monachum
3262 1522 3726 1576 Altivillarensem

224 1603 386 1655 prope
446 1589 699 1654 Bhemos,
756 1592 817 1640 ut
866 1588 1046 1640 Vitam
1092 1591 1268 1641 sancti
1313 1591 1551 1642 Memmii
1590 1592 1830 1659 episcopi
1867 1593 2278 1646 Catalaunensis
2322 1596 2491 1662 primi
2535 1596 2873 1650 describeret.
2928 1598 3097 1651 Edita
3150 1604 3227 1651 est
3266 1616 3299 1653 a
3363 1601 3723 1666 Mabiltionio,

232 1672 343 1723 γει.
375 1670 633 1723 Analect.
660 1686 719 1740 p.
753 1669 878 1734 423,
901 1686 967 1722 ea:
998 1685 1101 1737 quo
1130 1670 1542 1738 desumpsimus.

1473 2008 2494 2112 THEUDOINI

1924 2202 2017 2254 AD

803 2364 1407 2469 ALMANNUM
1478 2365 2065 2468 MONAGHUM
2135 2368 3152 2475 AL’l‘lVlLLARENSEM

1611 2586 2352 2721 EPISTOLA,

998 2795 1075 2846 De
1106 2793 1390 2846 scribenda
1431 2795 1554 2847 Vita
1594 2797 1770 2848 sancti
1798 2796 2021 2861 Manu,
2056 2799 2295 2866 epiecopi
2324 2799 2737 2853 Catalaunensis
2765 2802 2956 2868 primi.

281 3118 672 3174 Dilectissimo
714 3116 873 3171 fratri
905 3118 1192 3182 ALMANNO,
1226 3117 1504 3170 monacho
1534 3116 1913 3187 professione,
1954 3122 1997 3172 Α
2027 3118 2213 3181 cessit,
2260 3124 2541 3188 tanquam
2591 3135 2833 3188 sponsus
2867 3120 2937 3173 de
2985 3120 3235 3173 thalamo
3293 3137 3414 3175 suo.
3472 3123 3725 3176 Didicisti

216 3213 265 3260 et
292 3225 394 3278 per
425 3207 677 3279 gratiam
709 3207 804 3260 Dei
845 3206 1061 3260 hiereo.

280 3298 339 3350 In
370 3298 501 3368 lege
534 3295 766 3350 Domini
788 3294 879 3348 die
908 3312 970 3348 ac
1000 3300 1165 3347 nocte
1196 3294 1479 3359 meditari,
1516 3310 1633 3347 non
1653 3294 1802 3347 cedit
1832 3294 1919 3347 in.

214 3401 427 3440 cassum
460 3387 525 3439 in
575 3386 754 3439 oculis
785 3383 993 3437 divina:
1040 3383 1374 3453 majestatis.
1422 3383 1669 3453 Ideoque
1719 3399 1910 3453 operas

214 3476 456 3542 pretium
493 3473 662 3529 duxit
710 3479 867 3526 tuam
899 3472 1390 3525 commonefacere
1430 3472 1793 3539 charitatem,
1852 3476 1917 3525 ut

214 3564 480 3632 quoniam
520 3563 597 3616 ab
640 3562 874 3615 ineunte
904 3565 1068 3614 aetate
1099 3561 1161 3614 in
1190 3560 1313 3614 loco
1344 3560 1616 3630 religioso
1648 3560 1912 3625 nutritus,

212 3652 264 3704 in
294 3653 399 3706 hoc
444 3652 698 3706 maxime
733 3667 967 3721 operam
1005 3650 1230 3717 dedisti,
1287 3655 1348 3703 ut
1394 3651 1454 3704 in
1504 3651 1662 3704 mulo
1712 3667 1911 3721 expers

212 3746 582 3808 grammatos,
632 3741 807 3793 etiam
851 3740 937 3792 vel
969 3740 1075 3792 hoc
1116 3738 1442 3809 proﬁceres,
1495 3744 1558 3793 ut
1588 3740 1913 3793 nullatenus

213 3844 349 3883 esses
382 3829 695 3900 imperitus
726 3828 1059 3898 graphidos,
1110 3828 1364 3881 dimittas
1410 3844 1614 3881 nemus
1644 3828 1911 3898 Angitiae,

214 3921 260 3970 et
304 3922 492 3972 totum
551 3922 609 3971 te
656 3933 784 3970 cum
816 3917 1027 3969 auxilio
1070 3916 1261 3969 divino
1294 3917 1601 3970 transferas
1634 3918 1695 3970 in
1736 3916 1914 3970 vineis

215 4006 479 4076 Engaddi.
539 4008 702 4061 Certe
752 4006 903 4059 nosti
954 4010 1007 4058 et
1029 4005 1255 4059 vineam
1309 4005 1549 4072 Sorech;
1600 4006 1809 4059 audisti
1860 4012 1915 4059 et

212 4096 705 4164 patremfamilias,
742 4094 842 4165 qui
873 4094 1007 4147 exiit
1039 4095 1224 4165 primo
1261 4110 1446 4160 mane,
1484 4099 1536 4147 et
1570 4112 1671 4164 per
1704 4094 1913 4148 divisas

215 4180 394 4251 horas,
443 4188 645 4237 tamen
696 4182 976 4252 praeﬁxas,
1028 4181 1344 4235 conducere
1391 4183 1685 4252 cperarios
1732 4183 1791 4234 in
1831 4182 1913 4235 vi-

215 4285 368 4324 neam
428 4288 618 4325 suam.
678 4271 894 4325 Revera
954 4276 1009 4324 et
1054 4271 1115 4323 in
1156 4271 1266 4324 hoc
1316 4287 1443 4324 mea
1474 4276 1606 4323 sunt
1653 4275 1803 4337 vota,
1854 4276 1916 4324 ut

215 4366 437 4414 vocatus
484 4360 783 4415 vocatione
833 4360 1145 4414 secundum
1188 4360 1547 4430 propositum
1599 4360 1694 4413 Dei
1744 4361 1908 4426 facta,

215 4449 376 4503 etiam
400 4452 575 4519 juxta
597 4450 972 4520 pusillitatem
1000 4448 1242 4518 alicujus
1265 4448 1502 4518 igniculi
1536 4449 1619 4501 tui
1652 4448 1911 4503 laborare

215 4537 267 4590 in
296 4540 547 4593 Ecclesia
600 4538 824 4592 Domini
875 4538 1123 4592 Sabaoth
1158 4538 1279 4591 sine
1311 4539 1428 4591 ulla
1467 4537 1908 4607 interpolatione

213 4641 389 4697 neque
441 4627 707 4692 moreris,
756 4644 943 4697 neque
997 4627 1116 4680 ulla
1166 4625 1440 4680 dilatione
1495 4625 1760 4695 gravetis.
1816 4626 1909 4679 Est

215 4716 353 4770 enim
386 4716 558 4770 nobis
589 4732 744 4768 mors
776 4714 1152 4779 velocissima,
1186 4715 1319 4768 licet
1347 4714 1419 4767 sit
1454 4715 1616 4768 nobis
1660 4713 1907 4767 nimium

214 4804 489 4873 sapientia
525 4810 683 4858 tanta
727 4805 793 4873 [Γ.
827 4802 1034 4873 tarda].
1092 4804 1235 4874 Ergo
1281 4804 1532 4857 accelera
1580 4805 1639 4855 iu
1671 4803 1905 4873 quibus-

214 4908 428 4964 cunque
479 4894 665 4947 fultus
713 4892 981 4962 praesidio
1010 4892 1280 4956 veritatis,
1313 4892 1445 4945 etin
1478 4892 1649 4945 domo
1680 4891 1906 4944 Domini

214 4981 437 5052 aliquod
496 4982 793 5035 vasculum
850 4979 1144 5053 [elabora].
1182 4982 1326 5035 Sunt
1357 4980 1511 5034 enim
1571 4980 1626 5033 in
1670 4996 1735 5033 ea
1788 4996 1906 5033 non

215 5070 385 5124 solum
416 5086 555 5124 vasa
577 5086 751 5122 aurea
772 5074 827 5123 et
857 5073 1150 5139 argentea,
1184 5068 1282 5122 sed
1310 5073 1367 5122 et
1390 5068 1581 5138 lignea
1603 5074 1659 5122 et
1686 5067 1902 5134 ﬁctilia,

216 5157 269 5209 in
293 5164 486 5212 sancta
532 5157 797 5212 videlicet
839 5157 1104 5224 Ecclesia,
1171 5174 1297 5228 quae
1341 5158 1506 5226 juxta
1564 5157 1906 5228 prophetam

216 5244 345 5301 Osee
372 5248 720 5318 desponsata
757 5251 843 5301 est
874 5246 1193 5316 tripliciter,
1227 5247 1415 5317 primo
1450 5251 1579 5300 ante
1615 5249 1797 5315 legem
1846 5246 1905 5300 in

216 5334 517 5399 Abraham,
554 5336 806 5390 secundo
857 5336 961 5389 sub
1006 5335 1134 5406 lege
1161 5352 1266 5407 per
1314 5337 1565 5406 Moysen,
1598 5335 1765 5389 tertio
1798 5352 1905 5388 au-

219 5428 320 5477 tem
367 5427 475 5480 sub
521 5425 727 5495 gratia,
763 5424 890 5494 ipso
923 5425 1168 5479 Domino
1199 5425 1480 5488 veniente,
1524 5432 1581 5480 et
1632 5426 1692 5479 in
1741 5429 1904 5478 utero

219 5512 472 5582 virginali
504 5530 734 5568 carnem
782 5514 1099 5585 virgineam
1140 5518 1486 5579 assumente,
1521 5515 1588 5568 de
1628 5530 1740 5584 qua
1771 5530 1901 5583 pro-

2025 3206 2196 3259 etiam
2228 3206 2379 3276 quod
2412 3222 2542 3260 cum
2575 3207 2768 3260 bestiis
2812 3208 2932 3277 agri
2973 3214 3183 3261 etcum
3217 3209 3540 3262 volatilibus
3592 3210 3719 3263 caeli

2024 3300 2228 3348 etcum
2258 3296 2559 3366 reptilibus
2592 3299 2760 3349 terras
2803 3296 3152 3367 disposuerit
3182 3297 3456 3350 Dominus
3492 3304 3720 3367 pactum

2024 3383 2199 3451 inire;
2242 3390 2297 3437 et
2343 3385 2500 3455 quod
2550 3385 2720 3439 etiam
2766 3402 2869 3456 per
2897 3391 3153 3456 pastores
3184 3387 3422 3439 Thecuse
3464 3388 3724 3441 consulat

2024 3474 2300 3527 Dominus
2339 3474 2519 3531 vinea:
2550 3491 2686 3529 suae.
2720 3478 2907 3546 Atque
2941 3480 3004 3530 ut
3052 3475 3408 3529 manifestius
3436 3475 3537 3528 fiat
3568 3477 3719 3546 quod

2022 3563 2226 3628 aimus,
2259 3564 2485 3618 noveris
2517 3566 2669 3635 quod
2704 3582 2823 3620 non
2852 3566 3066 3635 absque
3116 3566 3335 3619 occulta
3379 3564 3584 3619 divinae
3635 3566 3721 3620 di-

2024 3653 2355 3722 spositionis
2400 3655 2763 3723 providentia
2806 3655 3029 3719 accidit,
3089 3653 3277 3708 ablato
3319 3656 3613 3709 mausoleo
3670 3660 3724 3708 et

2023 3756 2233 3810 aggere
2266 3748 2433 3796 terrae
2464 3748 2701 3804 semoto,
2750 3744 3122 3813 perlustrasse
3155 3760 3256 3796 nos
3288 3744 3438 3796 beati
3470 3743 3719 3796 Memmii

2022 3830 2351 3899 sepulcrum
2399 3831 2459 3884 in
2516 3832 2914 3902 quadrangula
2963 3838 3019 3885 et
3066 3832 3433 3885 cmmentaria
3485 3832 3719 3901 pretiosi

2022 3920 2274 3989 corporis
2306 3920 2454 3973 fossa
2489 3937 2500 3973 :
2534 3925 2589 3973 et
2619 3920 2725 3973 hoc
2755 3926 2838 3973 est
2884 3921 3093 3973 factum
3121 3920 3285 3989 jussu
3318 3921 3486 3988 Regis
3518 3920 3719 3974 CAROLI

2021 4025 2171 4061 anno
2202 4009 2271 4062 ab
2312 4009 2709 4062 lncarnatioue
2742 4010 2964 4063 Domini
2996 4011 3118 4073 868,
3154 4008 3352 4063 Indict.
3381 4026 3418 4073 ι,
3458 4026 3554 4062 vm
3596 4011 3717 4063 Kal.

2021 4093 2252 4163 Aprilis,
2288 4110 2417 4165 quae
2449 4094 2557 4147 fuit
2598 4099 2800 4164 quarta
2830 4094 2972 4147 feria
3008 4098 3139 4147 ante
3188 4093 3431 4147 mediam
3469 4094 3719 4157 Quadra-

2022 4181 2340 4252 gesimam:
2375 4184 2613 4253 ejusque
2653 4188 2907 4237 sanctum
2950 4184 3274 4253 sepulcrum
3309 4187 3392 4235 est
3422 4183 3719 4236 inventum

2024 4270 2261 4325 minime
2289 4288 2355 4324 ex
2387 4272 2502 4325 ulla
2535 4277 2694 4341 parte
2727 4273 2946 4326 haerere
2990 4272 3057 4325 ad
3087 4278 3333 4337 terram;
3385 4272 3477 4325 sed
3512 4272 3719 4325 virtute

2021 4359 2434 4429 omnipotentis
2485 4362 2603 4428 Dei,
2654 4362 2803 4430 apud
2839 4377 3009 4432 quem
3058 4360 3263 4414 merita
3313 4360 3457 4413 tanti
3489 4360 3718 4431 patroni

2020 4447 2331 4517 refulgent,
2362 4448 2418 4501 in
2462 4450 2579 4519 ipsa
2613 4450 2761 4502 fossa
2799 4450 2973 4502 veluti
3009 4448 3273 4501 libratum
3308 4448 3369 4501 in
3410 4465 3543 4501 aera
3573 4464 3711 4518 pen-

2020 4535 2153 4589 dere
2189 4541 2433 4606 quatuor
2466 4538 2659 4607 digitis
2690 4555 2721 4590 a
2751 4542 2919 4590 terra.
2954 4537 3076 4600 Quo
3102 4537 3377 4589 miraculo
3404 4537 3719 4607 stupefacta

2020 4624 2349 4677 mortalium
2380 4625 2553 4679 corda
2584 4626 2958 4694 depromunt,
2992 4625 3245 4678 dicentes
3281 4641 3292 4678 :
3329 4625 3370 4678 Ο
3404 4641 3576 4694 quam
3603 4640 3719 4679 ma-

2018 4729 2130 4782 gno
2162 4714 2393 4783 pietatis
2433 4715 2624 4767 studio
2673 4714 2885 4767 caelesti
2927 4714 3056 4767 vitae
3101 4730 3160 4766 se
3194 4713 3527 4767 conformen
3580 4713 3717 4767 red—

2018 4802 2181 4866 didit,
2217 4802 2355 4855 dum
2388 4803 2525 4855 vixit
2556 4803 2615 4855 in
2648 4808 2819 4869 terra,
2851 4802 3012 4872 cujus
3052 4818 3205 4855 nunc
3233 4807 3390 4855 tanta
3421 4808 3506 4855 est
3536 4801 3715 4871 gloria

2016 4889 2075 4943 in
2105 4890 2266 4956 caelo,
2297 4892 2503 4961 utejus
2529 4892 2876 4960 sepulcrum,
2923 4892 3136 4944 nedum
3185 4906 3391 4960 corpus
3458 4894 3715 4958 tangere,

2016 4977 2313 5046 indignam
2364 4994 2422 5032 se
2489 4980 2737 5032 fateatur
2799 4984 2971 5032 terra.
3034 4980 3168 5049 Ejus
3222 4977 3565 5031 sanctissimi
3610 4977 3714 5030 viri

2016 5066 2189 5119 vitam
2220 5082 2253 5119 a
2278 5071 2376 5120 tua
2407 5066 2709 5121 devotione
2741 5065 3053 5137 quterimus
3104 5066 3486 5119 innovandam
3520 5081 3532 5118 :
3584 5080 3712 5133 quae

2015 5155 2288 5209 diuturna
2335 5161 2615 5210 vetustate
2643 5161 2700 5210 et
2730 5155 3103 5227 negligentia,
3138 5155 3294 5208 velut
3341 5155 3400 5207 in
3444 5153 3711 5225 pittaciis,

2014 5244 2262 5297 habetur
2318 5261 2464 5315 pene
2528 5250 2887 5315 consumpta.
2951 5245 3095 5314 Ergo
3156 5259 3279 5313 age,
3333 5259 3438 5313 pro
3496 5243 3715 5297 viribus

2016 5336 2224 5385 nostra:
2283 5333 2550 5403 petitioni
2626 5333 2820 5387 favens
2860 5338 3015 5386 esto:
3099 5335 3383 5402 quatenus
3430 5331 3497 5386 de
3554 5335 3712 5385 tanto

2012 5422 2388 5475 intercessore
2438 5423 2505 5476 ad
2554 5428 2893 5493 perpetuam
2954 5421 3198 5475 salutem
3251 5420 3436 5490 possis
3479 5420 3539 5474 in
3571 5421 3713 5474 caelo

2015 5512 2291 5582 gaudere.
