4098 6180
444 262 544 313 387
1758 257 1980 312 ALVAR
1994 257 2074 312 US
2111 256 2609 316 CORDUBENSIS.
3826 267 3908 319 388

1555 506 2046 579 ALMANNI
2114 507 2824 589 RESCRIPTUM.

516 720 836 775 Venerabili
882 718 1191 791 praeposito
1242 720 1588 787 Tueunomo,
1650 720 1953 774 ALMANNUS
1999 736 2134 790 pec-
2175 722 2221 775 A
2251 736 2344 774 me
2390 720 2560 775 talem
2595 720 2775 774 facere
2826 720 3118 790 dignetur,
3154 736 3187 789 a
3217 736 3332 791 quo
3388 737 3505 775 non
3536 721 3720 792 exigat
3750 723 3914 778 debita

442 813 620 863 cator.

515 897 783 969 Praecipis
833 897 973 952 mihi
1033 897 1307 951 charitate
1357 896 1576 949 coalitus
1636 896 1827 950 infusa
1873 897 2139 951 cordibus

443 986 754 1040 electorum
790 1003 891 1056 per
921 986 1199 1055 Spiritum
1228 990 1485 1038 sanctum
1516 985 1613 1055 qui
1640 985 1805 1038 datus
1835 990 1919 1038 est
1950 985 2136 1051 nobis,

444 1080 507 1128 ut
535 1075 709 1127 vitam
756 1072 933 1126 sancti
964 1073 1211 1125 Memmii
1259 1073 1685 1126 Catalaunensis
1719 1074 1894 1143 primi
1943 1075 2135 1144 ponti-

444 1163 583 1229 ﬁcis,
635 1166 913 1215 vetustate
959 1162 1279 1231 neglectam
1330 1165 1388 1214 et
1441 1161 1733 1231 imperitia
1784 1168 2135 1233 corruptam,

443 1252 596 1305 haud
644 1267 801 1303 secus
859 1266 922 1303 ac
980 1250 1027 1302 si
1076 1266 1140 1303 ex
1195 1249 1481 1303 cineribus
1532 1250 1814 1317 effossam,
1866 1252 2137 1305 innovare

444 1340 786 1394 contendam
841 1338 1048 1408 peritia
1109 1338 1423 1409 corrigam;
1475 1343 1531 1391 et
1587 1339 1866 1409 quidquid
1914 1340 2140 1394 videtur

446 1428 660 1495 deesse,
712 1428 918 1480 moliar
960 1427 1226 1497 supplere
1268 1427 1454 1480 studio
1496 1428 1748 1480 veritatis
1804 1428 2133 1498 impressus.

446 1518 551 1571 Sed
581 1517 759 1569 multa
804 1521 955 1579 sunt,
1001 1516 1207 1584 quibus
1254 1515 1417 1568 facile
1454 1521 1614 1568 tanto
1649 1532 1738 1569 me
1775 1533 2007 1585 possum
2042 1534 2133 1571 cx-

444 1621 641 1659 cusare
672 1605 919 1673 negotio.
972 1605 1246 1668 Primum,
1297 1603 1445 1673 quod
1499 1603 1804 1674 disputatio
1849 1606 2138 1659 neoterice

442 1710 556 1748 non
612 1693 877 1762 congruit
928 1697 1100 1745 tanta:
1152 1692 1448 1760 gravitatis
1505 1699 1561 1745 et
1618 1693 1935 1747 sanctitatis
1992 1695 2132 1748 viro.

440 1780 786 1848 Secundum,
821 1780 972 1851 quod
1009 1780 1131 1850 ipse
1170 1780 1332 1832 testis
1364 1780 1709 1849 ignorantiae
1730 1797 1893 1847 meae,
1925 1783 2137 1835 nullius

437 1869 769 1922 testimonio
798 1869 1006 1922 nititur
1051 1868 1401 1922 conscientia
1432 1885 1578 1936 mea,
1629 1875 1692 1922 ut
1741 1886 1832 1923 me
1866 1871 2139 1940 profitear

440 1957 780 2029 sapientem,
812 1974 943 2011 cum
974 1958 1079 2011 sim
1111 1957 1385 2028 insipiens
1419 1974 1433 2011 :
1484 1958 1731 2029 ideoque
1764 1960 1957 2013 minus
1994 1977 2133 2014 con-

437 2047 612 2106 venit,
648 2052 710 2100 ut
738 2063 1087 2115 praesumam
1129 2048 1282 2099 ultra
1348 2046 1497 2099 vires
1537 2048 1775 2117 aggredi
1815 2049 2131 2119 negotium.

437 2135 688 2188 Tertium
747 2139 804 2187 et
850 2134 1166 2187 maximum
1226 2134 1367 2187 illud
1418 2139 1520 2199 est,
1573 2136 1726 2205 quod
1774 2141 2135 2206 peccatorum

437 2237 702 2275 meorum
737 2222 995 2275 luctuosa.
1034 2222 1373 2287 recordatio,
1407 2222 1544 2276 dum
1593 2240 1698 2293 pro
1743 2225 1959 2278 debitio
1994 2226 2135 2279 deli-

439 2314 659 2364 ciorum
688 2326 949 2364 meorum
981 2327 1072 2364 me
1117 2311 1225 2363 soli
1261 2310 1485 2380 delegat
1517 2312 1906 2378 amaritudini,
1962 2315 2133 2367 terri-

437 2398 614 2453 bilem
670 2398 809 2453 mihi
844 2400 1107 2452 timorem
1168 2399 1396 2466 incutit,
1451 2399 1606 2453 illius
1660 2406 1821 2471 gesta
1874 2418 2133 2473 pangere

438 2487 600 2557 stylo,
648 2489 810 2557 cujus
839 2487 1264 2558 praedicationis
1293 2488 1619 2558 apostolicae
1661 2494 1718 2544 et
1764 2491 2135 2545 sanctissimas

438 2576 736 2646 religionis
808 2593 1102 2647 nunquam
1163 2592 1274 2645 me,
1332 2577 1482 2646 proh
1535 2578 1725 2633 dolor!
1795 2581 2134 2651 participem

438 2663 909 2737 imitatoremque
967 2666 1217 2720 exhibui.
1265 2667 1467 2720 Fateor
1516 2682 1672 2736 ergo,
1728 2667 1971 2722 debetur
2026 2669 2136 2722 hoc

440 2769 585 2823 opus
614 2753 742 2809 vitae
774 2755 999 2821 merito,
1036 2758 1091 2807 et
1129 2754 1423 2808 cbaritatis
1452 2754 1686 2809 scientia
1717 2756 1982 2826 sapienti,
2017 2773 2133 2811 non

439 2841 584 2893 mihi
627 2858 728 2911 per
759 2841 953 2894 omnia
1004 2841 1320 2909 insipienti,
1357 2858 1426 2894 ne
1477 2841 1617 2895 mihi
1658 2842 1848 2896 veniat
1902 2843 1999 2896 illa
2030 2860 2133 2898 vox

431 2927 600 2997 justas
648 2930 986 2995 severitatis,
1021 2947 1147 3001 quas
1188 2931 1338 2983 dicat
1375 2946 1388 2983 :
1433 2931 1609 2995 Quare
1640 2937 1700 2985 tu
1723 2948 1949 2986 enarras
1971 2933 2134 3002 justi-

440 3020 545 3071 tias
573 3033 735 3082 meas,
764 3024 817 3073 et
846 3021 1079 3073 assumis
1108 3034 1296 3072 nomen
1327 3034 1499 3073 meum
1528 3035 1626 3087 per
1654 3035 1710 3073 os
1742 3026 1930 3074 tuum?
1963 3021 2127 3085 (Psal.

436 3105 611 3175 xux.)
640 3105 747 3159 Sed
798 3106 932 3176 quia
971 3112 1025 3160 te
1083 3111 1352 3176 precante
1400 3106 1647 3159 charitas
1682 3108 1867 3176 jubet,
1902 3114 1957 3161 te
1990 3109 2132 3162 hor-

436 3197 593 3247 tante
633 3195 889 3249 Christus
929 3195 1208 3265 imperat;
1263 3196 1838 3267 quantulumcunque
1874 3202 2131 3250 nostrum

434 3282 609 3336 fuerit
658 3284 1082 3349 munusculum,
1128 3300 1242 3337 non
1300 3284 1736 3354 subterfugiam,
1768 3285 1923 3356 :quin
1973 3287 2129 3355 quod

436 3372 717 3425 Dominus
740 3372 981 3441 dederit,
1005 3374 1273 3441 pandam.
1300 3372 1442 3425 Novi
1480 3373 1691 3426 etenim
1720 3374 1869 3444 quod
1888 3374 2095 3427 dicitur
2117 3390 2129 3428 :

433 3462 614 3528 Aperi
661 3476 716 3514 os
774 3466 945 3525 tuum,
997 3465 1046 3513 et
1100 3461 1326 3529 implebo
1375 3461 1515 3513 illud
1566 3463 1733 3528 (Psal.
1786 3467 1975 3529 Lxxx);
2030 3468 2130 3516 et:

436 3549 670 3615 Operare
702 3554 901 3601 terram
929 3554 1101 3609 tuam,
1144 3554 1192 3601 ct
1218 3548 1505 3601 satiaberis
1530 3550 1770 3618 panibus
1811 3550 1987 3620 (Prov.
2031 3566 2130 3618 xu,

438 3636 672 3705 tl).Nec
694 3652 949 3707 quaeram
977 3636 1340 3690 altitudinem
1372 3637 1697 3703 verborum,
1723 3655 1853 3692 cum
1894 3640 2132 3694 minime

434 3739 691 3793 unquam
725 3725 883 3779 illam
935 3725 1260 3795 attigerim;
1295 3727 1393 3779 sed
1440 3732 1494 3779 et
1526 3726 1768 3798 simplex
1817 3727 2029 3781 habens
2061 3729 2132 3781 ab

432 3812 770 3883 antiquitate
801 3814 1121 3879 materiam,
1152 3815 1340 3868 verbis
1369 3815 1602 3885 quidem
1648 3816 1991 3886 simplicem,
2032 3819 2128 3871 sed

432 3900 591 3954 factis
621 3901 917 3973 limpidius
960 3903 1076 3957 sole
1116 3903 1426 3971 lucentem,
1458 3910 1513 3958 et
1543 3921 1774 3958 omnem
1823 3906 2129 3959 mundana:

432 3990 601 4044 molis
622 3990 947 4045 machinam
972 3991 1230 4062 potentia
1252 3992 1340 4045 sui
1387 3996 1440 4045 et
1461 3992 1670 4046 virtute
1702 3993 1897 4046 divina
1935 3998 2127 4047 trans-

432 4080 797 4148 cendentem;
826 4084 882 4133 et
914 4080 1035 4147 ipse
1089 4081 1242 4132 velut
1272 4084 1493 4149 potero,
1547 4096 1791 4150 sequens
1841 4097 1959 4150 ero,
2016 4082 2128 4136 suf-

433 4167 681 4238 fragium
713 4184 746 4220 a
778 4168 980 4220 vestris
1010 4167 1365 4221 orationibus
1404 4184 1689 4237 quaerens,
1723 4174 1785 4223 ut
1820 4186 1853 4222 a
1882 4174 2130 4240 quatuor

433 4256 614 4310 ventis
640 4256 873 4309 veniens
905 4255 1138 4325 spiritus
1172 4260 1399 4309 mortua
1431 4273 1558 4310 ossa
1601 4274 1729 4312 mea
1776 4258 2037 4326 viviticct,
2073 4264 2130 4313 et

2249 825 2430 879 usque
2455 810 2522 862 ad
2547 809 2923 863 novissimum
2950 809 3351 879 quadrantem,
3376 810 3514 880 quin
3539 811 3731 879 potius
3756 811 3914 866 deleat

2249 904 2306 951 et
2352 898 2603 951 dimittat
2634 899 2830 952 omnia
2861 898 3067 952 delicta
3096 914 3225 952 mea
3253 913 3433 969 usque
3464 899 3533 952 ad
3568 899 3912 954 novissimum

2249 987 2643 1057 quadrantem.
2680 989 2741 1040 In
2774 1003 2887 1058 quo
2918 992 3145 1040 sanctus
3174 987 3473 1040 Memmius
3501 986 3666 1040 nobis
3705 988 3821 1058 pius
3842 991 3913 1043 in-

2248 1080 2524 1129 tercessor
2580 1076 2801 1141 existat,
2856 1075 2947 1127 cui
3005 1075 3322 1129 devotionis
3378 1080 3590 1129 nostrm
3644 1077 3912 1130 servitium

2249 1164 2453 1217 offerre
2514 1181 2811 1230 conamur,
2871 1164 3003 1218 licet
3074 1163 3365 1230 exiguum.
3416 1169 3609 1217 tamen
3659 1170 3913 1234 quantum

2247 1256 2460 1306 nostrae
2490 1252 2783 1323 parvitatis
2826 1252 3111 1323 igniculus
3149 1257 3201 1305 et
3235 1252 3489 1305 veritatis
3525 1252 3763 1306 materia
3805 1270 3913 1306 cum

2248 1341 2461 1394 auxilio
2496 1340 2691 1393 divino
2750 1340 2991 1394 contulit
3034 1340 3220 1394 nobis.
3276 1341 3462 1410 Atque
3513 1341 3574 1393 in
3622 1341 3727 1394 hoc
3776 1357 3917 1395 com-

2248 1432 2411 1483 muni
2467 1429 2740 1499 opusculo
2797 1434 2963 1483 tuum
2996 1429 3103 1483 erit
3150 1429 3360 1498 eligere
3408 1444 3577 1499 quem
3635 1429 3919 1483 sortiamur

2245 1519 2517 1588 judicent.
2571 1518 2790 1571 Etenim
2843 1534 2973 1571 cum
3021 1518 3079 1571 in
3131 1518 3396 1571 omnibus
3444 1518 3611 1572 rebus
3663 1519 3737 1570 sit
3780 1518 3917 1570 utilis

2246 1607 2533 1677 probatio,
2567 1608 2837 1676 Apostolo
2870 1607 3092 1660 dicente
3122 1624 3133 1660 :
3160 1608 3354 1660 Omnia
3385 1607 3625 1675 probate,
3660 1622 3776 1675 quae
3803 1608 3920 1660 bona

2247 1701 2370 1749 sunt
2405 1701 2570 1749 tenete
2590 1697 2648 1762 (Ι
2679 1697 2863 1749 Thess.
2895 1712 2948 1763 v,
2986 1698 3106 1763 21);
3140 1696 3387 1749 maxime
3419 1696 3478 1750 in
3506 1695 3595 1748 his
3626 1696 3919 1761 necessaria

2246 1784 2549 1851 habentur,
2593 1801 2721 1854 quae
2764 1784 3018 1837 veritatis
3049 1785 3236 1837 lucem
3284 1785 3459 1855 justaa
3505 1784 3921 1839 examinationis

2248 1874 2498 1927 efﬁcacia
2547 1877 2829 1943 spectant:
2864 1878 2920 1927 et
2947 1873 3055 1926 hoc
3100 1874 3188 1927 vel
3245 1875 3430 1927 solum
3484 1873 3793 1927 maximum
3830 1879 3917 1937 est,

2248 1978 2349 2015 cur
2397 1967 2784 2032 exspectamus
2818 1961 3100 2031 judicium
3147 1961 3463 2032 sapientite.
3521 1963 3742 2016 Etenim
3790 1963 3921 2033 ipsas

2247 2052 2635 2119 grammaticae
2670 2052 2943 2119 cautelas,
2977 2052 3185 2122 quibus
3215 2068 3249 2104 a
3274 2052 3629 2105 barbarismo
3650 2056 3751 2106 aut
3779 2053 3921 2105 soloe-

2244 2139 2419 2192 cismo
2464 2144 2655 2193 censet
2700 2139 2827 2209 ipsa
2882 2139 3218 2206 cavendum,
3270 2144 3367 2192 aut
3418 2139 3563 2193 nihil
3598 2144 3699 2193 aut
3737 2155 3921 2210 parum

2244 2243 2509 2281 curamus
2538 2227 2595 2281 in
2626 2227 2795 2297 hujus
2824 2228 2909 2281 rei
2957 2226 3347 2281 moderatione
3383 2244 3395 2280 :
3427 2243 3558 2282 cum
3604 2234 3921 2298 quaerentur

2242 2316 2467 2377 veritas,
2500 2319 2555 2369 et
2585 2315 2789 2370 debeat
2817 2316 3091 2369 facessere
3134 2315 3375 2382 vanitas,
3428 2320 3484 2369 et
3528 2321 3795 2386 optemus
3839 2316 3921 2369 fu-

2244 2420 2376 2474 gere
2400 2403 2776 2467 contrarium,
2823 2420 2951 2457 cum
3008 2403 3338 2457 insistemus
3377 2403 3642 2473 gravitati
3676 2402 3742 2477 [ι.
3797 2404 3921 2457 veri-

2243 2492 2365 2563 tati]
2429 2509 2535 2562 pro
2592 2493 2806 2546 viribus
2864 2492 3092 2547 mentis.
3148 2493 3343 2563 Neque
3400 2493 3508 2546 hoc
3564 2492 3827 2559 dicimus,
3871 2496 3925 2545 ut

2241 2581 2675 2651 grammaticam
2706 2586 3043 2650 reputemus
3072 2581 3130 2634 in
3163 2581 3324 2650 vitio,
3374 2596 3503 2634 cum
3543 2581 3615 2635 sit
3643 2584 3768 2652 ipsa
3795 2582 3923 2645 sola,

2241 2668 2327 2721 vel
2362 2669 2610 2722 maxima
2634 2670 2811 2722 virtus
2832 2668 3080 2722 scientiae
3112 2685 3125 2723 :
3159 2669 3255 2723 sed
3286 2669 3422 2739 quia
3446 2669 3668 2722 veritati
3703 2683 3924 2737 operam

2242 2757 2510 2811 dantibus
2549 2758 2927 2812 obscurantur
2957 2756 3088 2823 alia,
3123 2757 3276 2810 velut
3308 2774 3339 2810 a
3368 2758 3485 2811 sole
3526 2758 3734 2811 sidera.
3784 2756 3927 2811 Unde

2241 2846 2455 2900 dictum
2478 2851 2563 2901 est
2596 2864 2607 2901 :
2647 2847 2931 2901 Tenebras
2960 2862 3073 2899 non
3099 2846 3325 2911 amabo,
3350 2863 3480 2900 cum
3514 2848 3694 2900 solem
3720 2846 3924 2900 videro.

2241 2934 2498 3004 Denique
2528 2940 2803 3005 quantam
2852 2936 2910 2988 in
2940 2936 3048 2989 hoc
3081 2936 3268 3005 patiar
3303 2936 3732 3002 verecundiam,
3782 2934 3929 2989 effari

2241 3028 2341 3076 aut
2370 3025 2483 3091 vix,
2516 3031 2616 3078 aut
2645 3024 2881 3078 minime
2916 3041 3170 3094 possum,
3203 3024 3415 3078 veritus
3459 3041 3531 3078 ne
3572 3026 3709 3078 liam
3749 3023 3930 3078 fabula

2240 3110 2612 3181 sapientibus,
2641 3112 2739 3182 qui
2761 3112 2820 3164 in
2837 3111 2942 3165 hac
2984 3128 3045 3164 re
3072 3111 3228 3165 volui
3251 3111 3548 3164 consulere
3575 3109 3928 3181 legentibus:

2239 3200 2338 3253 ubi
2378 3207 2671 3254 succurret
2723 3199 3021 3254 modestiae
3061 3199 3297 3266 latebra,
3361 3198 3408 3252 si
3441 3198 3564 3253 ﬁeri
3613 3202 3829 3268 posset,
3879 3200 3932 3246 ut

2241 3289 2457 3359 absque
2493 3289 2804 3343 exaratoris
2836 3288 3072 3342 nomine
3104 3293 3297 3342 manet
3331 3288 3615 3358 scriptura
3646 3287 3705 3340 in
3748 3299 3930 3356 opere.

2244 3376 2310 3429 Et
2345 3378 2463 3430 haec
2512 3376 2747 3430 arbitrio
2792 3381 2891 3430 tuo
2933 3377 3149 3447 pariter
3202 3375 3560 3447 derelinquo.
3604 3376 3820 3429 Potens
3857 3376 3936 3426 est

2243 3464 2397 3517 enim
2458 3466 2604 3518 Deus
2632 3464 2878 3534 :auferre
2920 3465 3294 3536 opprobrium
3346 3470 3627 3531 nostrum,
3683 3462 3837 3535 quod
3884 3467 3935 3515 et

2241 3553 2431 3619 faciet,
2464 3558 2529 3607 ut
2578 3554 2639 3606 in
2673 3554 3069 3609 misericordia
3118 3555 3239 3625 ejus
3266 3554 3544 3607 veraciter
3572 3554 3933 3615 conﬁdimus,

2241 3641 2631 3696 intercedente
2664 3643 2829 3697 beato
2860 3642 3160 3711 Memmio,
3212 3643 3311 3713 qui
3362 3660 3469 3696 nos
3506 3643 3733 3696 caelitus
3768 3640 3937 3694 oculis

2243 3730 2469 3801 respicit
2498 3730 2793 3801 benignis;
2835 3736 2889 3785 te
2936 3748 3040 3801 per
3071 3732 3434 3786 devotionem
3466 3731 3675 3785 mentis
3710 3731 3939 3784 hortan-

2241 3821 2378 3881 tem,
2434 3833 2524 3869 me
2573 3833 2677 3887 pro
2732 3817 2924 3872 debita
2955 3818 3229 3872 ﬁdelitate
3275 3822 3330 3871 et
3385 3818 3702 3888 capacitate
3763 3814 3940 3869 cordis

2241 3905 2604 3958 scribentem.
2640 3906 2784 3975 Opto
2816 3906 3009 3976 itaque
3040 3906 3199 3960 vobis
3230 3906 3401 3976 hujus
3430 3906 3564 3960 facti
3597 3922 3719 3960 non
3754 3903 3941 3959 modi-

2238 4009 2363 4047 cam
2414 4010 2643 4047 manere
2690 3995 3061 4049 mercedem:
3099 3995 3191 4048 cui
3241 4011 3370 4049 cum
3429 3995 3627 4048 omnia
3677 3994 3938 4055 debeam,

2238 4087 2354 4137 tam
2389 4083 2630 4136 arduam
2662 4100 2783 4137 rem
2816 4101 2931 4138 non
2964 4099 3177 4153 negare
3208 4084 3385 4155 potui.
3421 4085 3568 4155 Opto
3617 4101 3723 4137 vos
3774 4097 3944 4154 quam

2236 4172 2382 4226 bene
2410 4172 2619 4237 valere,
2648 4176 2705 4226 et
2732 4189 2851 4226 esse
2876 4173 3100 4227 felicem
3130 4189 3312 4245 usque
3336 4173 3406 4227 ad
3442 4189 3716 4242 superum
3750 4171 3941 4242 gloria

2238 4261 2802 4331 contemplationem.

1776 4487 1943 4531 ANNO
1992 4488 2219 4532 DOMINI
2268 4489 2598 4533 DCCCLXIX.

440 4656 1272 4848 PAULUS
1374 4660 2358 4932 ALVARps
2468 4660 3948 4855 CORDUBENSIS.

1472 5018 2065 5123 NOTITIA
2132 4998 2927 5125 HISTOBICA.

1262 5185 1433 5249 (Apud
1463 5185 1772 5245 Antonium,
1804 5184 2129 5235 Bibliotheca
2154 5186 2384 5248 Hispana
2414 5189 2579 5243 vetus,
2615 5189 2742 5235 tom.
2779 5186 2846 5245 II,
2880 5201 2938 5249 p.
2980 5189 3111 5250 475.)

511 5388 877 5459 Synchronus
925 5388 1192 5462 omnibus
1242 5387 1331 5462 his
1371 5388 1482 5462 fuit
1531 5390 2134 5462 ALVARUSpORDUBEN-
2176 5391 2217 5444 D
2248 5389 2443 5462 omnia
2498 5390 2882 5462 placentque:
2908 5389 2979 5444 de
3027 5405 3094 5444 eo
3133 5390 3218 5444 uti
3246 5397 3537 5462 comperta
3594 5394 3961 5451 referuntur.

442 5474 538 5524 διε,
580 5461 648 5513 de

687 5473 804 5530 quo
835 5459 1127 5512 memoriae
1161 5459 1438 5529 quidquid
1482 5468 1585 5521 est,
1628 5460 1960 5529 compilavit
2002 5463 2137 5513 Am-

440 5529 664 5583 brosius
696 5529 934 5584 Morales
977 5530 1074 5583 lib.
1111 5546 1222 5596 xlv,
1255 5545 1378 5600 cap.
1436 5532 1485 5581 3.
1548 5530 1719 5584 Nobis
1770 5537 1959 5585 tamen
2026 5547 2139 5584 non

2245 5461 2337 5515 Ait
2391 5461 2627 5514 Morales
2682 5461 2888 5515 illustri
2944 5477 3072 5514 cum
3132 5478 3341 5531 genere
3381 5461 3589 5518 ortum
3672 5468 3966 5522 Cordubae

2249 5532 2443 5597 fuisse,
2474 5536 2645 5601 atque
2680 5532 2887 5585 Idcirco
2931 5532 3252 5588 Serenitatzs
3283 5540 3338 5588 et
3380 5536 3744 5591 Serenissimi
3804 5555 3967 5591 voca-
