4086 6182
212 290 297 342 389
1584 286 1858 343 ΝΟΤΙΤΙΑ

1998 287 2288 344 iTORICA.

3584 298 3688 351 390

208 423 327 498 bule
382 422 795 498 compellatum
857 422 928 475 ab
986 421 1525 498 Eulogioeumdem
1574 427 1738 498 putat
1771 423 1871 491 (a).
1916 423 1963 475 Α
1990 422 2151 498 plina
2179 424 2455 498 excultus]
2484 426 2778 495 proprium
2810 426 3010 495 ignoro
3036 428 3314 498 studium,
3342 434 3396 485 et
3427 433 3678 487 nescien-

209 494 319 553 Sed.
352 493 395 545 si
426 510 545 546 non
588 496 729 546 alius
760 498 845 546 est
879 498 1079 546 auctor
1107 494 1365 562 epistolas
1397 494 1693 562 cujusdam
1726 493 1878 546 inter

209 565 327 617 alias
374 564 562 616 Alvari
599 565 666 616 ad
715 566 1041 617 Eleazarum
1074 570 1223 617 secta
1250 565 1514 617 Judaeum
1540 581 1603 616 ex
1640 565 1877 617 idolola-

208 642 455 704 tra,quzP.
502 636 739 704 incipit:
799 637 1105 699 Confectum
1160 636 1458 699 mendacio,
1524 641 1652 697 ctc.,
1714 636 1877 688 fateri

210 722 332 776 opus
363 713 464 767 est,
498 707 567 758 de
602 722 810 775 genere
846 705 1215 759 Hebraeorum
1265 722 1382 757 esse
1428 722 1557 758 eum
1610 706 1708 775 qui
1756 708 1879 759 haec

208 779 265 831 de
293 792 345 829 se
389 777 456 829 ad
507 778 873 829 Eleazarum:
910 797 937 823 ‹‹
978 777 1120 839 Quia
1164 792 1231 829 ex
1280 776 1400 845 ipsa
1428 777 1600 847 stirpe
1650 778 1878 831 Israeli-

206 849 301 900 tica
337 849 445 900 orti
475 852 744 916 parentes
774 847 911 899 olim
942 847 1176 901 fuerunt
1206 848 1418 907 nostri;
1452 849 1548 900 sed
1599 847 1696 900 ubi
1727 848 1878 900 desi—

208 920 417 971 deratus
468 920 686 971 cunctis
745 918 1011 987 gentibus
1062 918 1237 982 venit,
1292 918 1442 970 illico
1486 920 1605 988 jam
1657 919 1878 971 venisse

207 990 579 1057 cognovimus.
622 1011 641 1035 ›
693 990 753 1041 Et
798 989 1004 1041 clarius
1037 988 1474 1058 expressiusque
1513 990 1697 1041 intra:
1757 1012 1777 1037 α
1818 991 1880 1042 Et

207 1062 310 1113 hazc
337 1060 581 1112 dicimus
611 1064 676 1111 ut
704 1065 891 1112 vestra
921 1060 1217 1129 frangatur
1268 1059 1556 1128 superbia,
1590 1066 1646 1113 et
1692 1066 1881 1113 retun-

208 1132 356 1184 datur
405 1130 736 1183 assertionis
784 1131 1055 1183 versutia.
1105 1130 1388 1183 Casterum
1446 1131 1683 1183 liberior
1737 1130 1881 1184 mihi

206 1202 481 1270 responsio
517 1207 573 1254 et
612 1200 854 1266 brevior,
889 1202 1003 1254 imo
1034 1201 1242 1253 clarior
1269 1206 1465 1265 exstat,
1517 1218 1583 1254 eo
1615 1202 1769 1271 quod
1815 1218 1879 1254 ex

209 1273 413 1325 lsraelis
446 1273 623 1342 stirpe
668 1272 1017 1325 descendens
1045 1276 1247 1325 cuncta
1283 1272 1423 1324 mihi
1464 1271 1679 1339 glorior
1709 1273 1877 1337 dicta,

207 1360 316 1413 qua:
346 1343 452 1396 tibi
482 1348 544 1395 tu
592 1342 891 1413 applaudis
923 1348 1202 1412 excerpta.
1259 1344 1574 1395 Prudenter
1604 1343 1878 1411 intellige,

207 1421 252 1466 et
277 1414 479 1483 collige
509 1414 815 1483 sapienter,
850 1419 905 1466 et
934 1430 1134 1484 arquus
1163 1414 1377 1467 arbiter
1406 1420 1549 1467 esto.
1590 1414 1724 1477 Quis
1758 1431 1881 1465 ma-

204 1486 277 1554 gis
306 1485 529 1538 lsraelis
582 1484 817 1537 nomine
878 1486 1096 1537 censeri
1151 1494 1233 1538 est
1282 1486 1510 1554 dignus,
1558 1491 1618 1538 tu
1652 1484 1749 1554 qui
1782 1484 1882 1537 diu

205 1572 259 1608 ex
303 1555 631 1608 idololatria
661 1556 733 1608 ad
765 1556 973 1607 summi
1010 1556 1104 1607 Dei
1137 1556 1352 1607 cultum
1388 1572 1643 1609 reversus
1678 1572 1757 1619 es,
1810 1571 1880 1607 an

206 1642 320 1695 ego,
350 1628 448 1696 qui
504 1632 563 1678 et
602 1627 714 1678 lide
748 1632 803 1679 et
855 1642 1063 1695 genere
1114 1626 1387 1680 Hebrmus
1418 1629 1591 1679 sum?
1614 1626 1717 1680 Sed
1756 1627 1883 1679 ideo

201 1698 410 1750 Judaus
444 1713 565 1749 non
598 1713 786 1761 vocor,
820 1698 954 1765 quia
992 1713 1202 1750 nomen
1240 1713 1445 1749 novum
1480 1698 1621 1751 mihi
1652 1696 1883 1766 imposi-

1987 494 2125 547 tiam
2158 511 2342 547 meam
2364 496 2511 571 ipse
2534 494 2653 571 non
2682 494 2898 571 nescio;
2930 503 2993 571 et
3022 500 3175 569 quod
3211 494 3537 571 magisterio
3567 505 3674 558 hu-

1988 581 2157 641 mano
2193 582 2305 641 non
2348 566 2537 641 didici,
2570 568 2838 641 exhibere
2859 569 3013 641 aliis,
3041 566 3243 639 utpote
3275 566 3527 641 ignarus,
3560 592 3673 629 non

1986 637 2216 689 valui.»
2262 637 2367 690 Sed
2403 638 2531 689 licet
2579 640 2966 708 eloquentiam
3017 637 3404 696 desideremus
3450 637 3522 698 inv
3555 648 3675 699 viro

1987 708 2178 783 densis
2221 709 2558 783 captivitatis
2584 712 2853 783 tenebris
2888 711 3192 783 iimmerso,
3242 714 3537 783 ingenium
3574 718 3674 769 do-

1987 778 2341 850 ctrinamque
2389 780 2749 848 suspicimus.
2806 782 2920 835 Sub
2968 778 3336 850 Speraindeo,
3386 802 3497 838 una
3546 804 3675 839 cum

1990 849 2222 925 Eulogio
2258 856 2527 925 martyre,
2563 852 2713 904 bona
2744 859 2935 925 mente
2970 849 3024 904 et
3053 854 3207 925 feriis
3237 855 3677 925 cogitationibus

1988 920 2297 973 admodum
2330 922 2610 989 profuisse
2641 939 2771 976 eum
2804 924 2944 975 alias
2980 924 3261 978 novimus.

2058 991 2423 1065 Calamitates
2475 993 2667 1065 etiami
2702 996 2772 1047 ab
2824 994 3159 1047 adversariis
3222 1013 3417 1065 passus
3447 997 3673 1065 dicitur,

1989 1061 2058 1115 de
2109 1062 2315 1130 quibus
2356 1063 2475 1132 ipse
2523 1064 2592 1116 ad
2648 1064 2966 1117 Romanum
3020 1061 3342 1119 medicum:
3396 1087 3422 1117 ‹‹
3468 1061 3677 1122 Omnes

1988 1133 2347 1206 adversantes
2408 1134 2545 1206 mihi
2598 1136 2975 1188 amicissimos
3040 1137 3168 1203 feci,
3225 1145 3280 1189 et
3337 1139 3676 1206 quibusdam

1989 1203 2241 1273 paciﬁcis
2294 1205 2531 1257 nexibus
2584 1211 2750 1258 utens
2776 1207 3005 1259 solertia
3063 1208 3260 1269 animi,
3323 1203 3493 1261 manu
3530 1210 3678 1263 dile-

1989 1274 2191 1348 ctionis
2243 1276 2530 1348 contrario
2580 1278 2917 1345 amplexavi,
2968 1280 3289 1331 humilitate
3335 1280 3577 1348 leniens,
3624 1285 3679 1333 et

1991 1345 2287 1418 affectione
2321 1346 2668 1418 demulcens.
2718 1369 2743 1395 »
2781 1348 2832 1401 S.
2882 1349 3102 1417 Eulogii
3135 1350 3399 1418 martyris
3430 1345 3680 1403 amicitia

1992 1417 2076 1491 in_
2102 1416 2304 1491 primis
2331 1416 2552 1491 claruit,
2598 1418 2937 1491 scriptisque
2977 1416 3098 1488 ejus
3129 1421 3250 1472 Vita
3282 1416 3337 1472 et
3376 1422 3676 1491 Martyrio:

1991 1487 2150 1556 cujus
2202 1488 2396 1556 scripti
2436 1488 2676 1560 frontem
2712 1492 2817 1543 hac
2846 1487 3149 1560 inscripsit
3196 1496 3350 1554 nota,
3396 1487 3677 1545 conditio-

1992 1574 2238 1627 nemque
2273 1564 2447 1609 status
2483 1559 2569 1611 sui
2605 1560 2817 1612 laicalis
2849 1566 2902 1613 et
2931 1559 3134 1614 saeculo
3174 1562 3446 1615 bmrentis
3494 1564 3677 1616 omni-

1990 1628 2096 1701 bus
2142 1634 2339 1701 notum
2365 1629 2625 1701 reliquit.
2667 1652 2687 1677 ι
2728 1632 3025 1698 Proliteor,
3073 1634 3278 1701 inquit,
3314 1650 3403 1685 me
3438 1650 3551 1687 non
3579 1650 3679 1687 au-

1993 1700 2108 1752 dita
2156 1705 2210 1751 et
2240 1699 2432 1765 dubia,
2476 1701 2571 1753 sed
2606 1701 2726 1753 visa
2758 1708 2813 1754 et
2844 1718 2947 1771 per
2993 1719 3084 1755 me
3134 1699 3371 1771 probata
3424 1710 3680 1758 retexere

202 1776 306 1820 tum
349 1773 453 1845 est,
496 1776 651 1845 quod
702 1784 763 1819 os
790 1768 1041 1845 Domini
1088 1768 1447 1845 nominavit._
1474 1770 1685 1845 Nempe
1717 1774 1881 1845 pater
1919 1773 1958 1825 B
1991 1771 2081 1835 (de
2118 1770 2417 1845 Eulogio):
2468 1772 2740 1845 quoniam
2771 1768 2955 1841 gratia
2992 1776 3088 1845 Dei
3121 1768 3459 1844 cooperante
3492 1793 3523 1827 a
3560 1775 3680 1845 pri-

204 1855 347 1890 meus
378 1840 671 1891 Abraham
724 1843 825 1899 est,
881 1838 1016 1908 quia
1065 1840 1310 1905 majores
1341 1838 1450 1891 mei
1506 1856 1568 1891 ex
1621 1840 1743 1907 ipsa
1782 1839 1880 1891 de-

203 1909 538 1962 scenderunt
600 1909 853 1963 traduce.
937 1910 1335 1978 Exspectantes
1397 1909 1551 1963 enim
1621 1910 1879 1962 Messiam

202 1987 513 2043 venturum,
562 1986 618 2032 et
664 1980 1000 2048 recipientes
1050 1980 1394 2045 venientem,
1438 1980 1622 2048 magis
1670 1981 1753 2033 illi
1803 1982 1883 2032 vi-

202 2050 390 2103 dentur
452 2051 629 2103 Israel
686 2067 805 2103 esse
853 2066 1024 2120 quam
1068 2052 1167 2120 qui
1221 2052 1640 2120 exspectabant,
1689 2056 1744 2103 et
1786 2067 1880 2103 ve-

201 2126 437 2175 nientem
474 2126 841 2191 respuerant,
876 2137 981 2174 nec
1010 2125 1202 2174 tamen
1234 2137 1367 2174 eum
1397 2128 1723 2192 exspectare
1757 2137 1881 2174 ces-

202 2198 399 2245 sarunt.
436 2212 466 2241 »

264 2265 375 2316 172.
408 2263 625 2333 Aliquo
675 2267 867 2315 autem
908 2262 1079 2314 modo
1125 2262 1349 2315 videtur
1375 2269 1432 2316 et
1467 2263 1606 2316 mihi
1636 2263 1883 2317 Gothum

200 2350 249 2386 se
279 2350 391 2387 esse
441 2335 735 2387 affirmare
781 2333 850 2385 ad
882 2333 1148 2386 eumdem
1199 2334 1523 2387 Eleazarum
1566 2334 1883 2387 rescribens

201 2405 439 2473 epistola,
478 2421 611 2474 quae
640 2403 843 2457 mutila
874 2408 956 2455 est
988 2404 1045 2456 in
1076 2408 1362 2473 postremo
1392 2406 1532 2469 loco,
1560 2410 1615 2459 et
1644 2406 1878 2473 incipit:

200 2476 309 2539 Qua
366 2477 553 2545 stylus
610 2482 713 2528 tum
762 2477 1173 2542 prosecutionis,
1233 2491 1443 2545 nempe
1504 2477 1595 2529 his
1650 2476 1878 2529 verbis:

203 2547 347 2600 «Sed
400 2555 468 2599 ut
510 2562 623 2607 me,
676 2546 774 2614 qui
826 2546 934 2597 sim
967 2546 1089 2617 ipse
1142 2562 1469 2613 cognoscas,
1528 2553 1584 2600 et
1639 2546 1883 2617 amplius

199 2632 279 2669 me
310 2618 555 2671 tacendo
587 2617 822 2681 devites,
863 2616 1160 2685 Virgilium
1192 2617 1325 2669 audi
1360 2618 1470 2687 (b):

248 2741 459 2789 Mortem
494 2742 847 2789 contemnunt
868 2738 1080 2787 laudato
1107 2738 1323 2788 vulnere
1357 2741 1521 2789 Getes.

198 2820 392 2869 Necnon
425 2826 481 2869 et.
508 2820 672 2868 illud:

306 2903 476 2961 Getes,
520 2900 710 2962 inquit,
746 2914 850 2962 quo
871 2900 1042 2963 pergit
1070 2912 1234 2962 equo;

197 2979 329 3028 L'nde
357 2985 409 3028 et.
443 2979 583 3028 illud
616 2984 789 3028 exstat
810 2984 976 3041 poeta:
1002 2993 1013 3026 :

249 3060 374 3108 Hinc
404 3062 586 3108 Dacus
616 3063 833 3121 premat,
858 3058 977 3107 inde
1010 3058 1158 3107 Getes
1184 3061 1442 3106 occurrat.

259 3194 368 3262 Ego
400 3210 557 3255 sum,
589 3208 696 3261 ego
726 3209 871 3255 sum,
898 3207 1069 3262 quem
1094 3191 1413 3262 Alexander
1438 3190 1733 3244 vitandum
1763 3207 1891 3260 pro-

194 3261 488 3327 nuntiavit,
546 3264 796 3333 Pyrrhus
847 3261 1163 3331 pertimuit,
1216 3263 1402 3316 Caesar
1452 3262 1762 3314 exhorruit.
1814 3264 1888 3316 De

195 3337 346 3388 nobis
396 3351 638 3406 quoque
690 3341 745 3387 et.
791 3340 990 3406 noster,
1018 3335 1398 3406 Hieronymus
1431 3333 1603 3406 dicit:
1642 3351 1666 3406 ᾳ
1699 3334 1889 3387 Cornu

194 3406 351 3459 habet
387 3404 451 3459 in
509 3406 718 3469 fronte,
752 3405 921 3473 longe
972 3405 1131 3473 fuge.
1173 3426 1197 3452 ιι
1251 3404 1389 3466 Quze
1440 3404 1547 3455 nisi
1596 3404 1665 3455 ad
1706 3420 1887 3473 genus

196 3478 486 3530 scribentis
543 3476 887 3542 referantur,
936 3476 1097 3543 quasi
1130 3474 1333 3527 ludens
1359 3474 1656 3543 jactaverit
1688 3476 1889 3527 Gothi-

196 3563 303 3600 cam
342 3546 627 3601 ferociam
652 3547 981 3614 provocanti
1000 3545 1325 3598 adversario
1353 3545 1886 3614 pertimescendam,

196 3620 367 3671 nescio
395 3634 580 3688 quem
623 3618 797 3669 alium
829 3616 1097 3669 idoneum
1129 3631 1360 3688 sensum
1406 3616 1671 3688 habeant.
1710 3616 1887 3688 Caste-

194 3705 307 3741 rum
334 3686 497 3759 quod
538 3690 605 3740 de
638 3690 963 3742 Serenitatis
994 3686 1333 3759 salutatione
1365 3687 1593 3759 Alvarq
1616 3686 1889 3738 attributa

194 3756 602 3827 prius—dictum
646 3760 771 3823 fuit,
806 3759 951 3810 alius
983 3757 1215 3810 omnino
1249 3772 1419 3825 quem
1462 3756 1774 3809 hodiernus
1806 3763 1890 3809 est

194 3834 356 3899 stylus
386 3836 521 3883 erat
558 3829 715 3882 illius
749 3828 1043 3897 temporis,
1093 3844 1206 3897 quo
1239 3832 1352 3879 tam
1387 3828 1492 3879 isto
1537 3843 1710 3899 quam
1758 3828 1889 3880 Em-

194 3898 439 3956 cellentiae
494 3906 548 3954 et
601 3901 966 3952 Sublimitatis
1023 3900 1240 3951 honore
1291 3914 1412 3951 sese
1470 3898 1710 3950 invicem
1771 3914 1888 3951 non

193 3974 492 4043 praecipuae
555 3970 798 4043 allcujus
848 3969 1143 4043 dignitatis
1199 3968 1885 4043 hominesexcipiebant.

261 4039 375 4096 1‘73:
443 4042 724 4110 Exempla
771 4040 1046 4093 habemus
1106 4040 1165 4091 in
1230 4040 1317 4092 his
1386 4039 1525 4109 ipsis
1572 4040 1782 4105 Alvari,
1836 4046 1892 4092 et

197 4113 427 4166 aliorum
463 4114 537 4166 ad
591 4128 744 4178 eum,
778 4112 1053 4180 epistolis.
1088 4110 1397 4178 Cujusdam
1433 4110 1728 4179 inscriptio
1764 4110 1890 4163 talis

197 4190 270 4237 est
333 4186 696 4239 Serenissimo
756 4185 991 4235 omnium
1048 4182 1431 4234 catholicorum
1497 4181 1712 4234 domino
1779 4197 1890 4234 meo

196 4256 441 4317 Romano,
511 4270 687 4324 quem
754 4254 1075 4306 Romanum
1144 4253 1428 4304 medicum
1478 4257 1635 4304 vocat
1679 4252 1889 4324 lemma

197 4326 463 4395 epistolae.
517 4322 605 4378 Ad
637 4326 937 4377 eumdem:
988 4326 1337 4377 Anteriorum
1385 4338 1640 4387 meorum,
1683 4322 1888 4395 inquit,

196 4394 498 4459 exordiens,
551 4398 889 4449 serenissime
936 4395 1167 4457 domine,
1226 4409 1355 4463 erga
1395 4408 1509 4461 vos,
1565 4397 1667 4445 etc.
1715 4394 1888 4446 Paulo

194 4466 332 4521 infra
361 4467 827 4521 sublimissimum
872 4466 1027 4518 hunc
1058 4464 1249 4534 ipsum
1284 4469 1460 4517 vocat.
1515 4466 1593 4516 Ac
1639 4463 1881 4517 deinde:

194 4538 264 4591 Mi
332 4539 734 4593 sublimissime
806 4537 1035 4601 domine,
1121 4536 1461 4587 dilectionem
1533 4550 1703 4587 meam
1759 4550 1889 4600 erga

194 4624 294 4676 ros,
335 4617 444 4664 etc.
485 4609 752 4677 Ejusdem
787 4608 1011 4676 generis
1050 4606 1159 4658 fuit
1194 4607 1548 4677 Emcellentize
1582 4606 1891 4674 compella-

195 4679 284 4732 tio.
328 4676 724 4750 Speraindeus
772 4679 838 4731 ad
888 4679 1199 4750 AlvarumV:
1233 4677 1313 4750 Et
1350 4676 1424 4750 ad
1451 4692 1514 4728 ea
1557 4692 1674 4750 quae
1711 4680 1892 4729 vestra

193 4746 505 4804 excellentia
562 4752 762 4817 posuit,
819 4753 1102 4802 revertam.
1154 4746 1743 4799 Animadvertendum
1806 4752 1891 4817 est

194 4825 373 4874 tamen
421 4816 589 4891 quod
640 4820 779 4891 sive,
809 4837 841 4873 a
889 4818 1122 4873 Gothica
1163 4818 1406 4891 origine,
1457 4817 1573 4870 sive
1612 4818 1797 4891 aliam
1817 4816 1888 4870 ob

195 4888 459 4959 causam;
487 4891 722 4944 videtur
770 4890 815 4942 is
865 4891 1051 4943 Flavii
1090 4893 1146 4941 et
1183 4890 1401 4942 Aurelii
1451 4888 1889 4957 cognominibus

196 4962 255 5014 ab
280 4963 364 5016 his
397 4964 505 5033 qui
558 4962 777 5014 litteras
807 4961 858 5014 ei
898 4961 1131 5033 dabant,
1166 4960 1570 5033 compellatus;
1624 4960 1717 5033 sed
1751 4974 1887 5033 pro-

193 5033 309 5098 prio
340 5030 587 5087 nomine
632 5034 900 5087 Alvarum
932 5032 1164 5086 Paulum
1202 5047 1259 5083 se
1307 5032 1430 5100 ipse
1476 5034 1644 5085 vocat
1673 5030 1734 5082 in
1764 5030 1886 5099 ple-

194 5102 371 5174 risque
404 5103 696 5174 epistolis.

250 5170 353 5228 Sed
414 5170 709 5245 quidquid
751 5174 819 5228 de
841 5173 1043 5245 istirpe
1090 5171 1162 5245 sit
1209 5170 1463 5236 Gothica,
1509 5187 1579 5245 an
1628 5170 1884 5237 Hebraea,

195 5242 452 5299 modeste'
495 5242 627 5313 ipse
701 5245 760 5297 in
830 5244 1078 5298 Indiculo
1133 5244 1414 5310 luminosa,
1472 5242 1634 5313 cujus
1692 5246 1889 5313 auctor

194 5313 351 5371 fuisse
381 5312 667 5380 creditur,
694 5315 762 5369 de
787 5316 902 5368 suis
932 5315 1134 5368 studiis
1158 5315 1449 5384 loquitur:
1481 5334 1501 5360 ι
1532 5312 1672 5375 Quia
1703 5328 1807 5365 nec
1826 5312 1887 5384 in

194 5385 507 5442 liberalium
539 5388 755 5441 artium
787 5386 1091 5456 disciplina
1123 5382 1251 5439 non'
1269 5384 1557 5439 excultum
1600 5384 1664 5452 [f.
1715 5382 1886 5437 disci-

256 5570 331 5639 (a)
364 5571 590 5625 Eodem
621 5573 959 5640 argumento
999 5568 1288 5638 Hinguera
1334 5567 1513 5621 utitur
1548 5565 1608 5619 in
1637 5564 1789 5619 notis
1815 5564 1886 5619 ad

198 5638 618 5712 Luitprandum
648 5638 799 5695 anno
832 5641 954 5694 846.

259 5708 331 5781 (bi
360 5715 529 5767 Falso
562 5712 895 5765 tribuuntur
921 5709 983 5765 hi
1012 5725 1207 5781 versus
1238 5708 1493 5781 Virgilio:

263 5775 327 5851 lc}
374 5786 437 5837 In
486 5782 829 5854 praefatione
876 5787 1009 5835 ante
1039 5780 1139 5834 lib.
1186 5796 1239 5832 xx
1287 5775 1427 5834 Hist.
1461 5779 1731 5848 Hispan.,
1782 5775 1885 5830 sub

1989 1857 2170 1893 mmvo
2248 1842 2643 1895 adolescentiae
2711 1844 2852 1896 ﬂore
2917 1842 3579 1899 charitatis'dulcedina
3624 1851 3681 1899 et

1986 1912 2407 1981 Scripturarum
2465 1928 2660 1965 amore
2718 1930 2831 1966 uno
2888 1914 3114 1968 vinculo
3175 1917 3437 1969 concordi
3484 1916 3681 1969 innexi

1986 1983 2167 2056 hujus
2191 1985 2340 2046 vitae,
2378 1983 2504 2056 licet
2553 2000 2665 2036 non
2697 1985 2819 2056 pari
2868 1986 3090 2046 ordine,
3130 1991 3322 2039 tamen
3367 1988 3493 2056 pari
3537 1987 3680 2041 affe—

1988 2060 2102 2119 ctu,
2156 2053 2214 2106 in
2261 2053 2478 2105 cunctis
2527 2055 2943 2123 quaestionibus
2990 2056 3255 2109 duximus
3295 2053 3522 2125 jugum.
3570 2059 3679 2112 Sed

1988 2125 2427 2197 illesacerdotii
2476 2130 2708 2197 ornatus
2746 2142 3006 2197 munere,
3040 2128 3245 2197 pennis
3296 2129 3571 2182 virtutum
3620 2130 3681 2181 in

1989 2195 2231 2267 sublime
2254 2200 2489 2267 revectus
2534 2196 2705 2267 altius
2749 2192 3174 2267 evolabat,'ego
3207 2198 3453 2251 luxuriae
3484 2204 3539 2251 et
3581 2216 3681 2251 vo-

1991 2266 2224 2333 luptatis
2252 2266 2373 2319 luto
2417 2266 2729 2331 confectus,
2781 2272 2934 2320 terra
2965 2266 3131 2321 tenus
3169 2285 3375 2337 repens
3408 2271 3682 2323 hactenus

1990 2337 2201 2389 trahor.
2251 2356 2271 2383 )
2309 2337 2587 2405 Conjugio
2622 2344 2813 2391 autem
2848 2340 3140 2392 astrictum
3181 2340 3354 2393 fuisse
3388 2342 3680 2405 Alvarum,

1988 2408 2234 2460 Joannes
2294 2408 2640 2476 Hispalensis
2668 2408 2719 2461 ei
2778 2410 3033 2462 scribens
3099 2411 3338 2463 innuere
3400 2412 3486 2463 his
3521 2411 3682 2464 vide-

1991 2485 2122 2530 tur:
2183 2498 2211 2525 «
2260 2477 2514 2531 Salutare
2566 2495 2851 2547 praesumo
2904 2495 3007 2549 per
3049 2497 3111 2533 os
3157 2486 3409 2534 vestrum
3448 2497 3681 2535 omnem

1991 2549 2255 2602 decorem
2305 2549 2505 2603 domus
2554 2556 2772 2604 vestrae.
2826 2551 3045 2605 Salutat
3092 2568 3190 2605 vos
3238 2552 3472 2605 domina
3524 2552 3681 2606 Froi-

1992 2619 2176 2684 sinda,
2208 2638 2234 2668 »
2260 2622 2368 2673 etc.

2062 2690 2232 2762 Plura
2261 2704 2328 2742 ex
2358 2690 2561 2744 eodem
2587 2691 2728 2745 Vitae
2760 2691 2978 2762 Eulogii
3012 2692 3245 2746 exordio
3277 2692 3347 2747 de
3387 2693 3683 2747 communi

1990 2761 2295 2831 utriusque
2326 2762 2431 2814 sub
2474 2762 2807 2831 Speraindei
2844 2761 3062 2817 abbatis
3116 2765 3288 2817 ductu
3321 2764 3685 2818 consuetudi-

1992 2848 2188 2904 nequeg
2214 2832 2512 2901 subjicere,
2545 2833 2682 2903 quia
2704 2835 2773 2886 de
2804 2836 3006 2887 studiis
3038 2841 3310 2904 concepta
3340 2844 3490 2899 sunt,
3520 2835 3679 2889 libet.

1998 2924 2017 2948 α
2054 2902 2400 2971 Agebamus,
2450 2908 2514 2955 ut
2560 2902 2672 2956 alia
2712 2911 3053 2973 praeteream
3104 2906 3165 2957 in
3198 2902 3363 2959 editis
3413 2906 3679 2973 videnda,

1991 2975 2221 3042 utrique
2280 2973 2705 3043 Scripturarum
2754 2975 3172 3041 delectabilem,
3225 2976 3435 3044 inquit,
3469 2976 3681 3042 lusum,

1992 3048 2047 3096 et
2076 3046 2350 3096 scalmum
2382 3045 2442 3096 in
2488 3046 2615 3097 lacu
2653 3048 2970 3099 nescientes
3002 3062 3221 3114 regere,
3275 3046 3474 3099 Euxini
3508 3048 3683 3100 maris

1926 3126 1965 3179 ο
1996 3114 2373 3186 credebamur
2402 3114 2636 3186 fragori.
2664 3116 2824 3186 ANam
2861 3116 3107 3185 pueriles
3152 3118 3546 3169 contentiones
3583 3134 3683 3186 pro

1998 3185 2289 3249 doctrinis,
2326 3185 2533 3257 quibus
2564 3184 2960 3257 dividebamur
2993 3186 3162 3253 (forte
3210 3187 3269 3238 in
3308 3184 3683 3257 philosopho-

1996 3270 2125 3327 rum
2159 3256 2407 3327 placitis)
2446 3271 2561 3309 non
2592 3255 2810 3321 odiose,
2845 3258 2943 3311 sed
2971 3255 3381 3310 delectabiliter
3413 3255 3682 3327 epistola-

1996 3326 2189 3398 timiin
2242 3326 2764 3398 invicemegimus,
2808 3334 2864 3380 et
2895 3328 3232 3398 rhythmicis
3274 3326 3529 3381 versibus
3580 3345 3684 3382 nos

1996 3396 2262 3449 laudibus
2302 3397 2711 3452 mulcebamus.
2750 3400 2811 3452 Et
2856 3396 3110 3451 hoc'erat
3158 3399 3490 3452 exercitium
3522 3399 3684 3453 nobis

1996 3467 2166 3540 melle
2209 3468 2456 3540 suavius,
2501 3468 2640 3521 favis
2673 3470 3003 3537 jucundius.
3054 3475 3111 3522 et
3149 3470 3207 3522 in
3240 3475 3370 3522 ante
3404 3487 3501 3524 eos
3533 3487 3685 3540 quo—

1997 3538 2136 3592 tidie
2190 3539 2555 3591 extendentes
2590 3542 2768 3593 multa
2817 3540 3112 3594 inadibilia
3156 3546 3375 3594 tentare
3423 3541 3483 3594 in
3531 3538 3684 3596 Scri-

1998 3610 2179 3678 pturis
2208 3609 2447 3679 puerilis
2492 3610 2801 3664 immatura
2836 3611 3156 3664 docibilitas
3188 3612 3320 3681 egit.
3357 3613 3441 3665 Ita
3485 3618 3547 3666 ut
3582 3629 3687 3665 vo-

1996 3681 2217 3733 lumina
2238 3681 2635 3741 conderemus,
2662 3698 2788 3751 quae
2818 3688 3014 3751 postea
3041 3689 3176 3735 tetas
3200 3688 3361 3735 muta
3381 3683 3685 3751 abolenda,

1996 3767 2067 3803 ne
2098 3751 2155 3802 in
2192 3756 2447 3819 posteros
2479 3760 2865 3815 remanerent,
2899 3753 3165 3805 decrevit.
3198 3774 3224 3801 ››

2068 3822 2253 3890 Opera
2282 3822 2452 3889 hujus
2499 3822 2687 3874 Alvari
2720 3824 2884 3875 nobis
2920 3823 3159 3875 feliciter
3188 3824 3543 3878 conservavit
3588 3840 3687 3878 co-

1995 3891 2368 3964 dexgquidam
2402 3892 2659 3945 Ecclesia
2706 3893 3084 3946 Cordubensis
3114 3910 3147 3946 a
3185 3895 3582 3964 septingentis,
3625 3900 3691 3949 ut

1997 3962 2263 4031 colligere
2312 3963 2497 4029 datur,
2541 3964 2706 4015 annis
2753 3964 3015 4032 scriptus,
3050 3980 3220 4033 quem
3249 3962 3405 4018 'vidit
3455 3966 3689 4019 Morales

1998 4034 2304 4103 laudatque
2338 4050 2455 4086 non
2482 4050 2598 4086 uno
2634 4035 2753 4087 loco
2788 4034 2878 4101 (c).
2911 4034 3176 4089 Codicem
3196 4036 3370 4088 alium
3396 4037 3686 4089 Toletanaa

1999 4105 2258 4157 Ecclesiae
2288 4105 2532 4158 Thomas
2585 4105 2851 4158 Tamaius
2891 4106 3087 4158 laudat
3126 4106 3221 4175 (d).
3279 4107 3387 4159 Nos
3417 4106 3551 4159 inde
3600 4107 3687 4159 di-

1999 4192 2236 4228 manans
2285 4176 2545 4228 omnium
2598 4192 2722 4245 quae
2777 4177 2856 4230 ibi
2906 4183 3127 4230 exstant
3174 4177 3452 4231 habemus
3494 4193 3689 4230 exem-

1998 4248 2178 4317 plum,
2232 4247 2633 4316 transcriptum
2666 4264 2729 4301 ex
2763 4249 2940 4301 altero
2975 4248 3137 4301 nobis
3168 4248 3588 4301 communicato
3622 4265 3689 4301 ex

2000 4318 2349 4387 amplissima
2394 4319 2671 4371 Francisci
2724 4319 2779 4372 S.
2825 4320 2888 4372 R.
2951 4319 3007 4372 E.
3044 4319 3345 4372 cardinalis
3394 4319 3691 4373 Barberini

2000 4389 2259 4441 Romana
2306 4388 2667 4455 bibliotheca,
2704 4389 2762 4441 in
2803 4405 2913 4459 qua
2944 4395 3297 4443 asservatur:
3331 4391 3468 4443 olim
3505 4391 3691 4444 eidem

1928 4477 1970 4529 ι)
1998 4462 2449 4528 purpuratorum
2483 4475 2693 4528 magno
2726 4460 2937 4526 decori,
2974 4467 3028 4513 et
3058 4462 3437 4515 litteratorum
3486 4478 3549 4514 ac
3598 4463 3689 4515 lit-

1998 4536 2252 4583 terarum
2317 4530 2627 4599 protectori
2675 4531 3213 4599 beneficentissimo,
3266 4532 3496 4597 Matriti,
3552 4532 3691 4585 dum

2001 4616 2067 4654 eo
2100 4606 2306 4653 sanctae
2364 4601 2653 4653 memoriae
2708 4601 2921 4654 Urbani
2969 4603 3083 4655 Vlll
3141 4619 3175 4655 α
3228 4603 3393 4656 latere
3448 4603 3694 4657 venisset

2000 4672 2240 4743 legatus,
2272 4670 2342 4723 ab
2372 4672 2582 4743 eodem
2625 4672 3104 4743 ThomarTamaio
3135 4674 3203 4726 de
3248 4674 3478 4743 Vargas,
3529 4674 3689 4743 regio

2001 4742 2463 4813 chronographo,
2494 4758 2606 4794 una
2642 4758 2783 4813 cum,
2799 4742 2925 4795 aliis
2954 4744 3177 4813 antiqui
3209 4744 3310 4797 aevi
3341 4742 3691 4797 monumen-

1998 4813 2070 4865 tis
2103 4812 2385 4885 Hispanis,
2416 4829 2483 4865 ex
2515 4812 2847 4885 apographo
2881 4830 2982 4866 suo
3017 4812 3289 4885 scriptum
3320 4820 3376 4867 et
3408 4816 3686 4867 oblatum.

2071 4884 2248 4953 Hujus
2306 4889 2675 4952 conspectum
2733 4883 2825 4937 hic
2865 4883 3148 4951 dabimus,
3200 4886 3688 4954 quemadmodum

1998 4970 2065 5007 ex
2116 4970 2205 5019 eo,
2260 4956 2412 5024 quod
2468 4954 2576 5007 fuit
2632 4954 2850 5007 laudati
2879 4956 3113 5007 Thomas
3145 4956 3382 5020 Tamaii,
3429 4956 3689 5023 exemplo

1996 5025 2210 5095 prodiit
2238 5040 2251 5078 :
2302 5026 2521 5078 Aurelii
2552 5026 2728 5078 Flavii
2776 5026 2972 5078 Alvari
3014 5027 3266 5091 illustris,
3297 5028 3525 5094 patricii
3556 5028 3692 5081 Cor-

1997 5096 2270 5161 dubensis,
2319 5096 2374 5150 S.
2412 5096 2649 5163 Eulogii,
2698 5096 3091 5165 archiepiscopi
3127 5097 3370 5149 Toletani
3405 5098 3689 5163 martyris,

1996 5169 2162 5220 amici
2190 5173 2239 5219 et
2284 5166 2589 5221 studiorum
2618 5167 2850 5234 collegae,
2898 5182 3060 5237 opera
3089 5169 3288 5233 omnia,
3342 5182 3460 5234 qua:
3498 5169 3557 5219 in
3615 5167 3694 5220 bi-

1998 5238 2271 5291 bliothecis
2334 5240 2611 5305 Hispaniae
2658 5241 2896 5303 exstant,
2929 5254 2963 5290 a
3018 5238 3203 5291 multis
3255 5238 3510 5291 hactenus
3548 5238 3691 5291 desi-

1997 5308 2208 5373 derata,
2273 5323 2553 5376 nunquam
2601 5308 2748 5361 edita
2790 5324 2823 5361 a
2872 5308 3049 5363 codice
3094 5313 3401 5377 pervetusto
3445 5310 3695 5363 Ecclesia?

1997 5380 2354 5435 Cordubensis
2407 5381 2604 5433 litteris
2656 5380 2886 5447 golhicis
2944 5384 3187 5445 exarata,
3242 5380 3377 5433 bona
3423 5380 3526 5439 ﬁde
3572 5382 3690 5448 pri-

1996 5559 2352 5640 epigraphe:
2404 5561 2510 5640 llas
2554 5558 2769 5629 ayudas
2809 5574 2958 5628 para
2999 5558 3046 5612 lo
3069 5557 3134 5611 de
3165 5562 3297 5629 aqui
3326 5558 3597 5628 adelante,
3640 5566 3696 5615 et

2000 5631 2096 5685 lib.
2120 5647 2231 5696 xxv,
2264 5646 2387 5700 cap.
2418 5633 2468 5683 3.

2071 5701 2145 5771 (ἀ)
2179 5703 2236 5753 ln
2270 5699 2420 5755 notis
2451 5700 2519 5753 ad
2568 5698 3003 5769 Luitprandum,
3054 5716 3188 5755 ann.
3224 5703 3349 5771 869,
3397 5718 3526 5774 pag.
3566 5704 3688 5759 209.
