4098 6180
380 267 470 318 391
1703 253 2025 308 ALVARUS
2065 251 2564 308 CORDUBENSIS.

3786 260 3888 311 392

378 415 524 453 mum
590 400 941 463 transcripta.
1010 392 1226 445 tandem
1264 408 1289 444 e
1340 391 1658 443 bibliotheca
1860 391 2068 443 Thomze
2107 394 2151 444 A
2184 390 2427 463 Indiculi
2449 390 2619 463 hujus
2642 394 2839 463 auctor
2869 390 2950 463 sic
2976 406 3126 459 saepe
3159 392 3382 463 locutus
3403 391 3576 463 fuel-1L
3600 396 3879 461 quem“-

384 472 598 526 Tamaii
646 469 711 521 de
773 462 977 531 Vargas
1010 463 1440 530 historiographi
1489 463 1647 526 regii.
1683 462 1907 514 libenter
1937 476 2077 514 com-

381 546 678 596 municata.
726 539 937 605 Nempe
978 535 1082 588 hac
1116 534 1483 605 inscriptione
1518 532 1857 605 insignitum
1903 532 2077 585 habe-

382 614 481 666 bat
544 612 626 662 vir
672 608 765 662 ille
818 603 1196 671 doctissimus,
1263 604 1413 672 quod
1488 603 1723 655 editioni
1785 619 2080 672 praepara-

381 684 495 747 bat,
528 680 715 733 Alvari
743 693 986 746 operum
1018 691 1384 747 corpus,quo
1416 674 1536 727 haec
1568 674 1959 747 continentur.

450 745 727 805 Indiculus
774 745 1087 801 luminosae.
1121 745 1380 814 'lncipit:
1448 747 1517 797 In
1556 745 1866 810 defensione
1895 759 2076 798 servo-

381 838 501 876 rum
530 827 769 885 tuorum,
812 822 1060 884 Domine,
1103 823 1208 870 etc.
1253 816 1509 884 Scriptus
1554 816 1623 868 ab
1654 820 1883 868 auctore
1926 832 2077 867 anno

382 894 504 958 854,
537 899 602 945 ut
630 908 693 944 ex
743 890 829 943 his
862 892 1072 959 liquet:
1116 909 1141 936 ‹‹
1171 887 1465 956 Siquidem
1496 888 1553 938 in
1590 888 1710 959 hoc,
1751 886 1848 951 ait,
1886 887 2078 939 Inmr-

381 964 632 1017 nationis
664 960 891 1014 Domini
913 958 1060 1012 anno
1088 959 1562 1027 octingentesimo
1600 958 2079 1026 quinquagesimo

382 1040 607 1105 quarto,
660 1038 715 1085 et
756 1048 889 1105 tera,
924 1047 1051 1105 qua:
1078 1029 1787 1105 currit,octingentesima
1826 1044 2076 1096 nonage-

382 1099 529 1158 sima
568 1103 837 1167 secunda,
871 1099 1006 1154 anni
1035 1101 1245 1154 Arabes
1296 1100 1526 1152 lunares
1563 1099 1791 1152 ducenti
1839 1114 2077 1169 compu-

381 1182 575 1229 tantur
627 1174 1025 1245 quadraginta,
1079 1173 1289 1224 solares
1331 1186 1461 1245 vero
1509 1170 1643 1245 anni
1684 1170 2073 1245 ducenti_.......

383 1263 452 1300 ex
482 1262 593 1317 qua
642 1242 867 1317 summa
911 1248 1220 1312 supersunt
1264 1242 1401 1317 anni
1451 1242 1664 1317 soleres
1708 1242 2013 1317 sexdecim.
2043 1262 2075 1317 _»

384 1311 540 1387 Opu's
571 1333 686 1369 non
717 1321 800 1368 est
831 1316 889 1367 in
929 1311 1263 1387 computum
1313 1313 1484 1387 hocce
1534 1312 1865 1387 diligentius
1894 1311 2079 1380 inqui-

384 1382 530 1452 rere,
563 1388 697 1440 dum
751 1384 1184 1447 lncarnationis,
1236 1400 1365 1437 imae
1398 1383 1679 1452 Hispanae,
1712 1382 2077 1451 Arabumque

385 1475 486 1512 seu
520 1458 739 1526 llegirae
794 1473 973 1509 annos
1033 1456 1325 1508 habemus.
1378 1454 1567 1507 Alvari
1615 1470 1747 1526 esse
1782 1454 1887 1505 hoc
1935 1469 2077 1523 Opus

387 1524 692 1597 negaverat
741 1528 875 1579 olim
926 1529 1159 1579 Morales
1213 1527 1293 1590 (a)
1347 1542 1410 1577 ex
1468 1542 1534 1575 eo
1604 1524 1871 1587 maxime,
1908 1526 2075 1597 quod

384 1595 607 1654 nullum
640 1600 698 1651 in
727 1615 791 1650 eo
833 1599 1069 1650 vcrlium
1113 1598 1181 1649 de
1214 1597 1449 1663 Eulogio
1480 1598 1690 1647 factum
1734 1595 2075 1662 reperiatur,

384 1672 576 1726 Alvari
617 1670 963 1721 amicissimo
1004 1668 1216 1736 capite:
1272 1667 1419 1735 quod
1450 1667 1537 1718 vix
1588 1666 1945 1718 committere
1988 1666 2077 1717 hic

384 1741 653 1811 potuerit,
692 1742 840 1792 idem
893 1755 1021 1791 cum
1071 1737 1175 1811 illo
1224 1744 1632 1811 argumentum
1662 1741 1945 1811 tractans
1972 1736 2073 1788 At-

382 1806 573 1866 tamen
624 1816 821 1881 postea
859 1808 1204 1862 renuntiavit
1252 1808 1384 1881 huic
1417 1806 1851 1881 opinio_ni,pcum
1887 1808 2076 1860 Histo-

383 1882 523 1936 riam
567 1878 838 1935 scriberet
860 1880 955 1949 (b),
979 1886 1035 1933 et
1066 1896 1131 1932 ex
1170 1878 1349 1932 animi
1379 1879 1661 1931 sententia
1692 1879 1843 1931 hunc
1883 1882 2079 1930 nostro

382 1954 594 2007 librum
625 1952 991 2021 adjudicavit.
1043 1952 1176 2005 Jure
1220 1950 1492 2020 quidem:
1548 1949 1867 2021 ipse_enim
1902 1950 2080 2021 stylus

344 2069 349 2073 .
383 2030 438 2077 et
468 2024 651 2078 verbis
679 2019 733 2076 et
781 2021 1194 2091 compositione
1241 2019 1468 2073 'caeteris
1516 2019 1707 2073 Alvari
1740 2020 1963 2089 scriptis
1999 2019 2077 2070 si-

385 2096 663 2148 millimus
713 2094 1046 2162 eandemque
1114 2108 1222 2158 res,
1290 2091 1442 2143 idem
1495 2091 1796 2162 utriusque
1856 2097 2079 2162 tempus

385 2165 610 2233 Eulogii
642 2168 699 2216 et
729 2165 916 2216 Alvari
944 2160 969 2229 ;'
992 2177 1211 2215 necnon
1242 2166 1298 2214 et
1328 2160 1552 2233 mentio,
1598 2162 1655 2213 in
1706 2160 2079 2233 EulogiiiVita

385 2230 609 2289 exstahs
661 2234 949 2303 scripsisse
1010 2234 1279 2286 Alvarum
1327 2231 1557 2302 aliquod
1616 2247 1757 2303 opus
1806 2232 1958 2301 quod
2010 2230 2080 2284 ad

386 2307 688 2360 historiam
721 2301 873 2357 illius
917 2303 1331 2373 persecutionis
1364 2301 1698 2371 pertineret,
1734 2301 1792 2354 in
1823 2307 1943 2355 tuto
1969 2318 2080 2371 po-

385 2393 521 2431 nere
554 2378 836 2441 videntur,
884 2391 997 2427 non
1030 2374 1205 2427 alium
1237 2389 1357 2426 esse
1387 2373 1517 2425 libri
1550 2378 1861 2425 auctorem.

456 2449 640 2511 Quare
685 2448 783 2499 has
809 2451 999 2515 partes
1043 2450 1363 2514 sequuntur
1392 2444 1724 2515 frequenter
1775 2442 1955 2496 nostri
1982 2441 2079 2515 (c),

386 2525 617 2589 excepto
658 2534 771 2569 uno
800 2514 980 2586 usque
1029 2516 1095 2569 ad
1124 2531 1291 2568 suum
1337 2519 1565 2589 tempus
1600 2514 1944 2589 Hieronymo
1978 2514 2083 2589 Ito-

390 2585 560 2642 manb
588 2591 656 2641 de
708 2590 759 2639 Ia
809 2585 1091 2656 Higuera;
1153 2602 1220 2638 ea
1270 2594 1466 2639 tamen
1504 2586 1628 2654 ipsa
1677 2585 2078 2648 inconstantia,

390 2676 519 2731 quae
573 2660 631 2712 in
662 2660 787 2731 aliis
847 2660 967 2731 ejus
1015 2657 1285 2731 operibus
1332 2661 1586 2725 apparet,
1634 2660 1699 2731 e_t_
1740 2656 1989 2731 maxime
2019 2656 2079 2731 in

389 2725 798 2801 prmstituendo
847 2725 1086 2801 Indiculi
1137 2728 1304 2796 hujus
1353 2732 1603 2801 auctore.
1660 2727 1807 2801 Nam
1836 2726 1881 2777 si
1933 2725 2083 2801 Luit-

388 2796 673 2873 prandum
706 2801 807 2865 (ἀ),
842 2800 1103 2873 Higuerze
1136 2814 1300 2867 opus,
1349 2797 1641 2873 consulas,
1675 2796 1926 2873 tinnitus,
1962 2796 2083 2873 epi-

389 2867 592 2942 scopus
620 2867 963 2934 Toletanus';
1007 2870 1275 2942 siautem
1320 2869 1573 2942 ejusdem
1615 2868 1928 2942 Julianum,
1964 2867 2082 2919 Wi-

390 2939 687 2997 strcmirus
739 2948 794 2994 et
826 2942 976 2994 idem
1021 2940 1200 2993 Toleti
1253 2939 1455 3009 prtesul
1512 2939 1703 2991 fuerit.
1764 2939 1993 2992 Necnon
2030 2943 2085 2990 et

389 3032 537 3068 unus
575 3014 726 3067 idem
759 3012 1015 3065 Julianus
1059 3010 1112 3063 id
1145 3008 1431 3080 posterius
1473 3009 1532 3062 in
1573 3009 1848 3063 Chronico
1898 3008 2078 3073 eli‘ert,

2190 462 2424 514 modum
2484 460 2542 513 in
2601 459 2851 529 epistolis
2890 461 3160 514 Alvarum
3208 461 3462 514 locutum
3514 459 3777 531 legi—mus.
3828 464 3887 515 In

2192 548 2305 584 una
2369 547 2567 584 earum
2622 547 2763 601 quas
2811 531 2882 585 ad
2934 533 3212 585 Joannem
3264 533 3533 602 scripsit:
3582 551 3606 584 ‹
3670 535 3735 586 Ut
3772 540 3891 586 tota

2190 608 2386 656 contra
2433 603 2551 655 haec
2599 607 2778 655 certet
2816 604 3061 655 invectio
3110 608 3309 656 vestra.
3364 625 3391 651 ››
3448 605 3511 656 Et
3567 603 3625 656 in
3674 605 3785 657 alia
3818 606 3889 657 ad

2190 674 2459 728 eumdem
2489 674 2771 727 Joannem
2799 674 2883 726 his
2906 675 3051 727 intra
3069 690 3251 742 pauca
3283 674 3453 727 verba
3488 691 3498 727 :
3528 694 3554 725 »
3581 676 3887 744 Nunquam

2191 746 2341 799 enim
2394 744 2624 797 sedatur
2675 745 2997 813 responsio,
3048 745 3155 798 nisi
3210 745 3368 813 prius
3418 746 3794 798 convincatur
3822 750 3885 809 fe)

2190 816 2454 870 invectio.
2496 834 2521 864 υ
2574 816 2675 868 Et:
2715 837 2735 862 ι
2777 815 2859 869 Sit
2888 816 3145 869 llexuosa
3174 816 3435 868 catenula
3469 823 3525 869 et
3576 820 3887 869 catenatim

2189 887 2480 941 contentio
2514 886 2786 950 ﬂexuosa,
2821 903 2947 956 quae
2993 903 3095 940 nec
3148 887 3557 940 invectionibus
3612 888 3885 951 eluditur,

2190 976 2291 1013 nec
2330 957 2802 1026 responsionibus
2834 958 3195 1011 terminatur.
3232 978 3257 1005 ››
3294 958 3353 1010 In
3388 958 3625 1026 epistola
3655 974 3886 1028 quoque

2190 1032 2257 1083 ad
2315 1029 2639 1082 Romanum
2686 1027 3005 1081 medicum:
3044 1050 3071 1077 ‹‹
3120 1029 3184 1080 Et
3222 1028 3570 1081 invectiones
3617 1031 3882 1082 adversa-

2190 1102 2403 1154 riorum
2434 1100 2791 1167 apologetico
2826 1099 3191 1152 retunderem
3226 1115 3416 1168 opere.
3459 1120 3478 1145 ι

2259 1170 2691 1240 Quamplurima
2727 1170 2945 1222 suntin
2974 1170 3180 1239 quibus
3223 1170 3373 1222 idem
3421 1169 3721 1238 utrobique
3775 1169 3885 1222 sibi

2189 1242 2515 1312 respondet
2548 1247 2765 1306 auctor,
2803 1257 2937 1312 quae
2970 1246 3028 1293 ut
3073 1241 3142 1293 de
3182 1256 3242 1293 re
3274 1257 3387 1310 qua
3419 1241 3487 1293 de
3516 1241 3739 1309 agimus
3764 1257 3884 1293 non

2189 1311 2339 1367 ultra
2387 1311 2697 1375 dubitetur,
2731 1311 3077 1381 subjungere
3130 1327 3317 1381 operae
3351 1312 3596 1380 pretium
3629 1316 3731 1363 est.
3789 1314 3885 1366 Se-

2188 1383 2411 1453 quipedi
2451 1382 2787 1436 nominandi
2822 1399 2975 1447 casu,
3010 1387 3064 1435 et
3105 1383 3390 1453 plurativo
3428 1397 3689 1441 numere.
3738 1381 3887 1435 indi-

2187 1452 2311 1509 cule
2345 1459 2479 1507 sunt
2510 1454 2571 1513 ii.
2615 1454 2715 1523 qui
2757 1458 3076 1522 sequuntur
3131 1452 3410 1523 pedibus:
3462 1472 3487 1503 α
3540 1454 3604 1506 Et
3633 1468 3737 1521 pro
3777 1453 3883 1505 do-

2187 1532 2375 1597 gmate
2426 1524 2680 1586 eruditis,
2733 1531 2788 1576 et
2835 1523 3042 1597 Christi
3102 1524 3427 1597 sequipedis.
3483 1542 3518 1597 ῃ
3570 1524 3632 1597 Et
3687 1523 3879 1597 infra:

2192 1594 2217 1644 «ἰ
2279 1599 2387 1650 Nos
2439 1613 2571 1647 vero
2629 1595 2937 1663 evangelici
2996 1596 3143 1647 servi
3198 1595 3406 1647 Christi
3467 1594 3881 1663 discipulorum

2190 1668 2607 1721 rusticanorum
2655 1666 2956 1733 sequipedi.
3018 1686 3038 1712 ι
3098 1667 3233 1717 Item
3268 1666 3336 1717 de
3370 1664 3671 1718 Mahometi
3702 1670 3881 1717 secta-

2118 1746 2157 1798 B
2192 1738 2449 1792 toribus:
2488 1757 2513 1786 «
2569 1737 2749 1799 Quam
2806 1736 3179 1805 impurissimi
3226 1742 3436 1789 sectam
3486 1734 3878 1805 impurissime

2188 1808 2471 1878 sequipedi
2511 1807 2872 1876 ampliantes,
2923 1825 2947 1857 ι
2990 1812 3095 1860 etc.
3120 1877 3125 1878 ί
3150 1808 3224 1860 De
3256 1806 3455 1859 iisdem
3488 1822 3654 1859 mox:
3689 1807 3884 1878 Sequi-

2186 1877 2346 1949 pedes
2393 1879 2521 1948 ﬁdei
2559 1894 2685 1931 suae.
2731 1878 2938 1931 Eodem
3002 1877 3171 1931 modo
3217 1879 3469 1949 loquitur
3523 1894 3635 1930 una
3662 1877 3887 1949 ex‘epi-

2191 1946 2349 2003 stolis
2371 1946 2440 2002 ad
2470 1964 2821 2017 anonymum
2851 1950 3183 2018 episcopum
3210 1946 3546 2017 quemdam:
3576 1968 3601 1996 (ς
3639 1948 3700 2001 Et
3731 1946 3881 2013 ideo,

2192 2022 2269 2074 mi
2330 2020 2737 2073 sublimissime
2789 2020 3037 2083 domine,
3103 2020 3493 2087 apostolorum
3538 2019 3769 2079 vicarie,
3826 2025 3885 2070 et

2192 2108 2382 2144 rerum
2411 2090 2629 2159 opiﬁcis
2660 2090 2867 2144 Christi
2899 2090 3183 2159 sequipede
3213 2093 3308 2157 (Γ),
3349 2112 3369 2135 ι
3403 2094 3506 2142 etc.
3542 2090 3765 2142 Phrasis
3798 2096 3889 2140 est

2192 2162 2455 2225 Indiculi,
2505 2177 2645 2231 opus
2687 2162 2980 2229 praecidere
3027 2176 3129 2230 pro
3166 2162 3339 2227 ﬁnire.
3381 2161 3515 2213 Fine
3543 2160 3720 2213 debito
3749 2174 3886 2227 opu-

2189 2235 2395 2287 sculum
2423 2232 2802 2301 praecidamus.
2850 2232 3344 2294 Quemadmodum
3389 2236 3446 2284 et
3483 2232 3887 2301 epistolarum,

2190 2310 2406 2375 quartae
2455 2304 2665 2375 scilicet
2713 2303 2785 2356 ad
2828 2303 3109 2356 Joannem
3159 2302 3570 2372 Hispalensem,
3623 2318 3726 2370 quo
3772 2302 3887 2365 ﬁne

2194 2377 2325 2428 talia
2346 2374 2597 2443 praecidit
2626 2374 2792 2427 dicta.

2261 2442 2538 2499 Adverbio
2571 2461 2669 2497 seu
2716 2443 3123 2513 praepositione
3173 2448 3322 2497 tenus
3376 2459 3526 2512 saape
3558 2442 3738 2495 utitur
3769 2442 3886 2509 hic,

2192 2533 2364 2586 quem
2414 2516 2678 2568 eumdem
2712 2515 2996 2568 credimus
3034 2514 3297 2586 scriptor.
3321 2515 3408 2586 De
3447 2514 3626 2586 beatis
3664 2513 3888 2586 visione

2194 2584 2291 2641 Dei
2338 2587 2655 2639 fruentibus
2719 2586 3007 2638 lndiculus
3056 2585 3133 2637 ita
3176 2584 3455 2655 loquitur:
3491 2584 3884 2648 Quietitudine

2186 2660 2304 2727 jam
2338 2659 2599 2711 laetantes
2629 2661 2861 2721 aeterna,
2896 2662 2947 2709 et
2971 2656 3094 2724 regi
3122 2672 3222 2709 suo
3261 2655 3403 2708 facie
3435 2661 3600 2708 tenus
3631 2655 3887 2727 servien-

2194 2726 2297 2781 tes.
2334 2750 2360 2776 ››
2392 2730 2531 2780 ltem
2580 2728 2720 2780 ccelo
2750 2733 2936 2789 tenus,
2970 2743 3096 2798 pro,
3139 2743 3320 2798 usque
3352 2727 3418 2779 ad
3444 2727 3649 2798 coelum
3672 2742 3691 2798 A:
3737 2746 3763 2771 ‹‹
3806 2726 3891 2777 Ita

2194 2800 2252 2852 hi
2298 2799 2469 2852 hodie
2527 2798 2878 2851 abundantia
2926 2796 3251 2868 perfectiori
3308 2802 3370 2851 ut
3430 2797 3537 2849 sibi
3594 2796 3886 2859 videntur,

2194 2871 2334 2923 caelo
2377 2876 2543 2922 tenus
2590 2869 2907 2938 perferunt.
2956 2889 2977 2915 ι
3036 2868 3163 2921 Pari
3212 2868 3377 2921 modo
3418 2870 3734 2934 facietenus,
3776 2882 3890 2938 pro

2199 2948 2560 3011 apparenter.
2594 2936 2723 3011 ‘Der
2762 2939 3203 3011 Mahomietanis:
3259 2962 3283 2985 ‹‹
3344 2938 3570 2991 Pietatis
3636 2936 3889 3011 speciem

2194 3008 2505 3065 facietenus
2534 3010 2859 3063 ostendunt.
2894 3032 2918 3057 ››
2956 3010 3023 3061 Et
3054 3015 3248 3077 postea
3283 3025 3295 3061 :
3342 3031 3367 3055 ‹‹
3402 3011 3561 3063 Facie
3593 3014 3741 3061 tenus
3774 3008 3892 3077 pie-

390 3092 445 3139 et
474 3087 533 3138 in
565 3085 801 3154 epistola
829 3082 1100 3154 Chronici
1150 3081 1503 3154 praaanibula
1557 3096 1662 3149 pro
1692 3080 1907 3154 ‘Bonito
1947 3086 2075 3132 stat.
2121 3083 2160 3138 C
2194 3089 2365 3136 tatem
2395 3081 2868 3154 praetendentem.
2897 3102 2915 3126 ι
2947 3080 3220 3134 Similiter
3242 3080 3301 3132 in
3328 3081 3549 3154 Eulogii
3576 3080 3717 3143 Vita,
3752 3095 3886 3148 quae

393 3158 455 3210 Et
485 3150 634 3209 hunc
684 3153 973 3208 hominem
1034 3150 1349 3221 suspiciunt
1405 3153 1616 3220 plures,
1675 3150 1744 3204 de
1800 3167 1913 3220 qno
1954 3156 2083 3220 apte

389 3243 517 3281 cum
578 3227 761 3279 Ennio
821 3224 1070 3278 dixeris:
1131 3226 1279 3278 Imus
1337 3224 1477 3287 hinc,
1530 3224 1669 3274 imus
1723 3222 1904 3275 illinc:
1965 3238 2083 3274 cum

388 3300 517 3352 illuc
564 3302 780 3350 ventum
833 3302 929 3360 est,
986 3297 1061 3347 iri
1112 3295 1265 3347 illinc
1325 3294 1499 3359 lubet;
1553 3297 1652 3344 aut
1715 3308 1845 3345 eum
1888 3293 2082 3346 Graeco

392 3370 538 3423 alio:
572 3371 677 3421 Aio
706 3382 963 3436 negoque,
1015 3365 1256 3433 quidque
1284 3363 1462 3416 dicam
1500 3366 1693 3436 nescio.
1719 3364 1920 3436 Cujus
1960 3362 2082 3431 qui-

391 3441 521 3493 dem
555 3438 721 3491 nihili
767 3432 1074 3489 au£toritas
1120 3436 1338 3486 haerere
1385 3440 1577 3485 tamen
1625 3432 1759 3485 fecit
1804 3434 2083 3486 Thomam

390 3509 712 3569 Tamaium,
754 3509 938 3559 virum
990 3504 1109 3557 falli
1158 3503 1463 3573 priestigiis
1514 3503 1664 3556 hisce
1710 3504 1948 3557 minime
2005 3504 2085 3555 di-

390 3596 591 3649 gnum,
622 3578 721 3648 qui
771 3578 1003 3649 demum
1060 3581 1189 3649 post
1240 3575 1573 3627 incultatam
1632 3589 1862 3649 omnem
1911 3574 2083 3637 viam,

392 3645 460 3704 ad
504 3645 778 3705 Alvarum
827 3648 1017 3699 ﬂectit.
1070 3646 1261 3716 quue
1314 3650 1573 3698 movetur
1623 3645 1871 3698 maxime
1929 3646 2085 3716 quod

391 3722 648 3775 luminosi
700 3720 807 3772 hoc
864 3715 1453 3787 epithetonilndiculo
1500 3716 1855 3784 adaptatum,
1922 3715 2085 3785 quasi

392 3792 713 3863 proprium,
744 3794 799 3863 et
826 3786 913 3841 uti
952 3793 1087 3863 tunc
1118 3788 1503 3863 loquebantur
1528 3786 1894 3863 _scriptorum
1952 3787 2086 3863 alio-

393 3857 520 3916 runi
570 3862 759 3916 Alvari
800 3875 973 3912 verna
1021 3859 1109 3912 sit.
1162 3858 1338 3927 Hujus
1379 3857 1461 3911 rei
1492 3858 1711 3927 aliquot
1741 3858 1789 3910 is
1830 3858 2089 3925 exempla

391 3934 640 3998 adducit,
690 3948 755 3985 ex
813 3932 938 3983 Vita
968 3946 1175 4000 nempe
1218 3928 1459 3998 Eulogii,
1495 3934 1550 3982 et
1599 3944 1662 3982 ex
1702 3928 1770 3981 ad
1820 3930 2084 3982 eumdem

393 4006 630 4077 epistola
663 4002 949 4077 quadam.

466 4078 619 4131 Ultra
662 4068 804 4138 hinc,
860 4073 921 4125 in
971 4072 1083 4125 alia
1136 4071 1205 4123 ad
1254 4071 1532 4123 Joannem
1586 4068 1976 4138 Hispalensem
2026 4069 2087 4121 in

392 4148 541 4202 ﬁne:
610 4147 790 4212 Atque
864 4144 1200 4195 luminositer
1263 4145 1454 4193 cuncta
1520 4140 1845 4212 nobis‘oris
1918 4142 2089 4193 vestri

391 4224 583 4286 aperta
603 4209 867 4270 sententia
892 4214 1103 4265 revelet.
1140 4212 1472 4286 Necauctor
1502 4209 1745 4286 Indiculi
1786 4214 2089 4286 contentus

392 4281 499 4341 fuit
528 4302 832 4355 usurpasse
879 4284 1210 4355 tantumin
1258 4282 1529 4355 lemmate
1582 4281 2085 4355 hoc__vocabulum,

392 4351 917 4429 quinimoqiassim
948 4369 1014 4406 eo
1055 4353 1255 4429 utitur.
1303 4353 1607 4429 Eleazarus
1638 4351 1996 4429 (alicubi__a_it)
2024 4355 2091 4429 in

2195 3160 2343 3207 certe
2382 3158 2464 3205 est
2502 3152 2727 3205 Alvari:
2765 3172 2791 3198 ‹‹
2832 3153 3148 3205 Terratenus
3192 3166 3392 3220 repens
3442 3151 3714 3203 hactenus
3762 3158 3882 3201 tra-

2194 3225 2326 3279 hor.
2358 3244 2379 3271 ι
2408 3224 2473 3275 Et
2501 3224 2558 3275 in
2580 3223 2744 3292 epist.
2777 3224 2810 3273 2
2837 3222 2907 3275 ad
2933 3223 3209 3275 Joannem
3239 3238 3249 3274 :
3286 3221 3450 3275 Verbo
3482 3227 3631 3274 tenus
3662 3227 3882 3273 narrat.

2197 3296 2261 3348 Et
2314 3295 2370 3347 in
2406 3301 2609 3363 quarta
2640 3293 2709 3346 ad
2742 3293 3038 3346 eumdem:
3085 3312 3111 3339 <<
3170 3293 3235 3344 Et
3264 3292 3388 3360 ipso
3439 3292 3694 3356 nomine,
3741 3294 3894 3356 facie

2197 3372 2347 3419 tenus
2378 3364 2517 3434 quid
2546 3366 2618 3417 sit
2667 3364 2917 3432 apertius
2966 3364 3315 3432 indagetur;
3357 3363 3519 3432 quasi
3576 3364 3896 3434 dicat,_pa-

2196 3432 2411 3489 tenter:
2455 3436 2523 3488 Et
2553 3435 2610 3487 in
2667 3434 2867 3503 quinta
2910 3435 2980 3488 ad
3025 3434 3331 3487 eumdem:
3378 3456 3399 3481 ε
3440 3436 3482 3486 Α
3531 3437 3684 3485 terra
3715 3432 3893 3503 altius

2195 3509 2318 3559 calo
2351 3512 2501 3559 tenus
2550 3502 2939 3557 extendamus.
2977 3526 3002 3551 ››
3036 3506 3104 3557 Et
3146 3507 3316 3574 paulo
3348 3510 3509 3573 post:
3546 3525 3567 3550 ε
3605 3502 3899 3572 Astrologi

2196 3579 2323 3631 εωιο
2354 3582 2503 3630 tenus
2555 3577 2861 3629 voluerunt
2890 3576 3096 3645 pennis
3130 3578 3337 3641 volare,
3365 3594 3391 3624 ι)
3426 3590 3549 3645 pro,
3598 3590 3779 3644 usque
3822 3575 3892 3626 ad

2196 3651 2422 3701 emtum.

2267 3716 2555 3773 Simillimi
2601 3721 2776 3769 etiam
2822 3716 3123 3770 commatis
3178 3721 3312 3769 sunt
3364 3716 3423 3769 in
3482 3715 3772 3769 Iudiculo:
3834 3720 3897 3768 ut

2195 3795 2415 3844 conatus
2446 3788 2649 3852 adfuit.
2707 3788 2770 3840 Et
2801 3786 2861 3840 in
2888 3788 3052 3857 epist.
3080 3789 3113 3840 4
3161 3787 3229 3840 ad
3276 3789 3552 3840 Joannem
3579 3828 3591 3839 .
3628 3791 3898 3853 quantum

2196 3876 2349 3932 posse
2369 3859 2505 3912 mihi
2537 3860 2776 3932 exstitit,
2814 3874 2941 3928 pro,
2974 3864 3038 3910 ut
3075 3859 3255 3932 potui.
3292 3857 3653 3932 Deponentia
3694 3857 3896 3932 verba,

2196 3928 2432 4001 opinari,
2492 3929 2797 3992 adversari,
2857 3931 3180 3997 praeconari,
3242 3934 3321 4001 eti
3359 3930 3469 4001 alia
3509 3928 3897 4001 hujusmodi,

2196 3999 2503 4070 utrobique
2533 4001 2775 4068 legimus
2804 4001 2983 4052 active
3012 4001 3272 4052 formata.
3308 3999 3544 4051 Indiculi
3573 4000 3689 4051 haec
3722 4004 3896 4050 sunt:

2204 4095 2223 4120 ι
2262 4074 2514 4125 Fortasse
2542 4071 2751 4139 aliquis
2782 4073 2970 4135 opinat
2999 4071 3172 4123 fuisse
3202 4070 3521 4122 vitandum.
3561 4088 3587 4117 ι)
3622 4070 3684 4121 Et
3716 4084 3853 4120 mox
3884 4085 3895 4120 :

2199 4143 2759 4211 Opinaverintmulta.
2788 4141 3052 4211 Epistolm
3085 4143 3117 4194 4
3162 4141 3283 4194 hinc
3314 4145 3480 4193 sunt:
3521 4141 3649 4193 Tam
3702 4140 3903 4191 ter-iter

2199 4216 2467 4281 opinasse.
2511 4216 2722 4265 Auctor
2772 4212 3011 4265 Indiculi
3068 4212 3183 4264 ait:
3244 4212 3424 4265 Veluti
3461 4212 3661 4275 furiosi
3689 4225 3903 4277 praco-

2197 4290 2351 4337 nant.
2402 4284 2472 4337 Et
2505 4298 2667 4335 mox:
2714 4284 2983 4351 Clamant,
3024 4283 3289 4350 replicant
3325 4288 3373 4335 et
3412 4287 3740 4351 praeconum.
3800 4282 3903 4333 Al-

2198 4371 2365 4407 varus
2432 4354 2491 4406 in
2551 4354 2942 4408 Confessione:
3001 4355 3224 4407 Peccata
3270 4353 3523 4406 detestas.
3594 4353 3660 4404 Et
3699 4350 3901 4403 infra:

393 4421 493 4483 lib.
530 4445 566 4482 ιι
614 4421 1049 4481 Machabazorum
1097 4425 1433 4477 luminositer
1488 4423 1654 4476 docet.
1692 4423 1760 4475 Et
1806 4422 1981 4476 alibi:
2018 4425 2085 4477 Et
2126 4432 2168 4485 Ι)
2198 4427 2467 4480 Aversare
2522 4428 2757 4477 conetur.
2818 4424 3143 4476 Indiculus:
3185 4446 3209 4471 ‹‹
3252 4424 3320 4475 Ex
3379 4439 3620 4476 numero
3653 4421 3778 4489 ejus
3814 4438 3901 4475 re-

393 4504 455 4556 B.
505 4500 737 4553 Joannes
782 4499 841 4549 in
902 4510 1002 4549 sua
1043 4496 1271 4563 epistola
1298 4496 1483 4562 prima
1535 4495 1872 4547 luminositer
1914 4494 2084 4547 docet.

397 4573 509 4626 Nec
540 4571 729 4624 minus
779 4566 1017 4621 Indiculi
1075 4581 1285 4618 nomen
1318 4567 1554 4619 Alvarus
1585 4570 1824 4634 usurpat
1874 4565 1932 4617 in
1962 4565 2089 4634 epi—

395 4643 575 4707 stolis,
623 4646 671 4693 et
710 4638 1095 4695 ldcsideratum
1140 4638 1293 4691 nobis
1350 4638 1514 4689 amici
1561 4635 1872 4689 Indiculum
1920 4638 2087 4689 misit.

395 4714 477 4769 Ad
510 4715 629 4766 haec
651 4712 970 4765 Invectionis
1001 4708 1256 4773 nomine,
1306 4707 1469 4777 quasi
1515 4722 1840 4759 sermonem
1883 4708 1951 4759 ad
1993 4706 2092 4759 ali-

396 4800 566 4856 quem
598 4784 805 4837 factum
840 4781 1069 4856 dixeris,
1106 4779 1567 4856 s_zepissi_me_tam
1617 4776 1861 4856 Indiculi
1895 4782 2093 4856 auctor

396 4848 569 4927 quam
601 4856 836 4908 Alvarus
884 4852 1031 4927 alias
1060 4849 1258 4927 utitur.
1311 4849 1373 4927 I_n
1424 4848 1681 4927 Indiculo
1733 4849 1856 4927 hinc
1902 4849 2089 4915 legas:

396 4996 635 5052 rationis
667 4994 930 5049 invectio.
965 5014 991 5041 ››
1022 4992 1086 5044 Et
1116 4992 1286 5060 paulo
1312 4994 1442 5059 post
1470 5006 1483 5043 :
1520 5011 1545 5037 ‹‹
1576 4991 1639 5043 Et
1670 4989 1801 5060 licet
1850 4989 2092 5042 invectio

398 5073 658 5123 accurata
688 5070 887 5119 exerto
932 5059 1205 5133 operelf.
1241 5066 1461 5114 excerto
1492 5059 1687 5129 opere]
1722 5061 1779 5133 in
1808 5075 2092 5133 campum

398 5146 516 5195 tota
544 5138 840 5209 producat.
876 5154 902 5186 ››
923 5131 1003 5209 Et
1032 5134 1234 5186 iterum
1274 5138 1405 5209 post
1436 5147 1616 5201 pauca
1640 5148 1723 5209 :_«_
1758 5131 2095 5209 lllecebrosa

399 4918 431 4979 οἵ
462 4927 563 4982 Cui
596 4930 743 4979 recte
774 4922 1041 4976 convenit
1092 4920 1189 4973 illa
1219 4920 1277 4973 in
1327 4918 1630 4973 Israelitica
1661 4924 1830 5042 gente
1861 4934 2096 4988 exagge-

399 4996 635 5042 rationis
667 4994 930 5042 invectio.
965 5014 991 5041 ››
1022 4992 1086 5042 Et
1116 4992 1286 5042 naulo
1312 4994 1442 5042 post
1470 5006 1483 5042 :
1520 5011 1545 5037 ‹‹
1576 4991 1639 5042 Et
1693 4989 1801 5042 icet
1850 4989 2092 5042 invectio

398 5202 644 5264 invectio
674 5223 793 5261 non
822 5205 1053 5275 puduit.
1092 5225 1113 5252 ι
1148 5209 1343 5275 Atque,
1360 5202 1540 5275 item:
1596 5202 1733 5275 «__Et
1775 5206 1973 5275 contra
2018 5216 2097 5253 re-

398 5279 796 5351 prehensionis
825 5271 1210 5331 invectionem
1243 5271 1531 5326 stolidam.
1557 5294 1583 5321 »
1610 5271 1713 5325 Vix
1750 5272 1897 5325 alius
1921 5287 2095 5342 quam

471 5460 543 5523 (a)
576 5459 636 5511 In
671 5456 821 5511 notis
847 5454 917 5507 ad
944 5454 1129 5507 Vitam
1156 5448 1378 5519 Eulogii
1406 5448 1463 5503 in
1498 5450 1630 5504 ﬁne.

473 5526 546 5595 (ὸ)
578 5528 693 5581 Lib.
735 5542 842 5592 x1v,
880 5541 1001 5594 cap.
1038 5526 1088 5577 3.

473 5590 540 5669 (ο)
577 5600 723 5652 Petr.
754 5590 1169 5669 Po'ntius‘apud
1202 5591 1481 5669 liloralem
1502 5590 1559 5644 in
1582 5590 1738 5669 Notis
1758 5590 2095 5669 adEulogii

402 5660 609 5733 Vitam,
682 5670 780 5721 ubi
843 5660 1129 5736 proxime,
1204 5662 1556 5717 ltamirezius
1623 5662 1689 5715 ad
1758 5660 2092 5732 Luitprand.

2198 4502 2423 4550 vertent.
2464 4516 2485 4542 ι
2515 4495 2688 4563 Epist.
2714 4498 2769 4562 2,
2808 4516 2827 4541 ι
2864 4495 3011 4547 Deus
3037 4495 3331 4547 hominem
3384 4510 3500 4546 non
3531 4492 3819 4558 dedignat.
3880 4515 3902 4541 ρ

2202 4568 2376 4637 Epist.
2412 4567 2461 4628 4,
2499 4588 2517 4612 α
2550 4567 2615 4618 Et
2644 4581 2747 4618 nec
2800 4565 2937 4618 dum
2985 4565 3428 4637 apprehendisse
3456 4570 3827 4637 gemuerunt.
3877 4584 3906 4636 »ζ

2151 4689 2155 4694 .
2202 4620 2266 4693 Et
2287 4620 2517 4707 postea:
2555 4655 2582 4687 α
2632 4638 2739 4689 Per
2768 4637 2995 4704 regulas
3021 4620 3153 4689 ἰίοη
3206 4636 3408 4707 ordivit
3455 4620 3676 4688 Don‘ati.
3714 4654 3742 4682 ι)
3780 4620 3909 4687 Eu:

2196 4706 2438 4778 phrasiae
2470 4708 2662 4762 Graeco
2695 4708 2970 4760 vocabulo
3006 4707 3294 4778 Indiculus
3325 4706 3533 4778 utitur:
3559 4728 3596 4778 fr
3637 4707 3908 4770 Euphra-

2200 4776 2285 4833 sia
2315 4796 2413 4831 sua
2436 4779 2669 4831 millcno
2701 4783 2979 4831 sectarum
3010 4778 3123 4830 ritu
3163 4776 3446 4829 conflavit.
3483 4798 3509 4823 ››
3548 4776 3701 4830 Sicut
3730 4778 3912 4829 Alva-

2200 4866 2298 4903 rus
2330 4849 2495 4901 initio
2548 4848 2720 4918 epist.
2764 4849 2796 4900 4
2839 4849 2907 4902 ad
2956 4849 3233 4902 Joannem
3274 4848 3688 4917 Hispalensem,
3744 4847 3912 4916 quod

2201 4926 2531 4989 corruptum
2563 4923 2646 4971 est
2674 4920 2733 4971 in
2765 4934 2892 4971 meo
2924 4918 3253 4988 exemplari,
3304 4919 3401 4971 sed
3434 4934 3547 4971 non
3579 4918 3635 4970 in
3666 4920 3915 4986 euphra-

2198 4994 2296 5045 siaz
2317 4988 2550 5043 nomine
2576 5005 2589 5041 :
2617 5010 2642 5037 ‹‹
2673 4988 2955 5059 Emperiae
2979 4996 3181 5043 vestra:
3203 4994 3491 5041 sumentes
3512 4989 3846 5057 euphrasia.
3882 5010 3913 5036 ››

2277 5062 2455 5113 Verbo
2524 5063 2993 5114 innumerositatis
3050 5065 3167 5113 tam
3235 5060 3478 5112 Indiculi
3533 5064 3732 5111 auctor
3790 5060 3915 5123 his,

2204 5152 2230 5182 (ί
2264 5134 2725 5186 innumerositatis
2763 5132 3050 5184 licentiam
3082 5130 3303 5192 tribuit,
3337 5152 3363 5178 υ
3396 5131 3465 5183 de
3498 5130 3724 5183 licentia
3771 5130 3915 5199 plu-

2202 5218 2291 5256 res
2351 5218 2551 5255 uxores
2602 5202 2848 5255 habendi
2914 5201 3329 5255 Mahometanis
3382 5216 3667 5263 concessa,
3720 5216 3912 5269 quam

2202 5274 2439 5328 Alvarus
2470 5273 2635 5343 epist.
2675 5276 2758 5340 15,
2790 5272 2861 5326 ad
2894 5274 3221 5327 Eleazarum
3255 5289 3266 5326 :
3302 5290 3327 5324 α
3366 5273 3473 5325 Per
3502 5271 3919 5326 diversitatum

2204 5469 2297 5505 an.
2333 5454 2455 5513 866,
2506 5468 2664 5506 num.
2701 5454 2801 5506 309
2833 5472 2847 5518 ;
2885 5452 3150 5507 Tamaius
3185 5454 3294 5507 huc
3342 5452 3523 5523 magis
3562 5452 3804 5507 inclinat
3840 5456 3921 5509 ad

2208 5540 2297 5575 an.
2333 5526 2455 5587 869,
2487 5539 2615 5592 pag.
2650 5525 2770 5577 208.

2280 5594 2359 5661 (ri)
2390 5598 2552 5646 Anno
2585 5596 2707 5659 866,
2738 5610 2893 5648 num.
2922 5597 3042 5648 309.

2280 5668 2347 5732 te)
2382 5665 2445 5717 ln
2481 5680 2585 5717 ms.
2612 5670 2802 5736 nostro
2836 5666 3063 5735 legitur,
3098 5673 3497 5736 conuersentur,
3530 5667 3698 5721 male.

2279 5738 2341 5804 (Γ)
2376 5736 2435 5788 ln
2459 5739 2654 5788 nostro
2689 5735 2813 5789 cod.
2848 5740 2932 5789 est
2960 5738 3301 5806 sequippede.
