4098 6180
156 293 252 345 393
314 309 338 336 ι

151 425 617 496 innumerositates
649 428 906 478 utuntur.
943 444 970 475 υ
1022 427 1228 480 Domui
1253 441 1353 494 pro
1398 425 1585 481 domus
1643 428 1700 480 in
1765 428 1849 496 gi-
1890 432 1930 484 Α

150 495 358 563 gnendi
391 513 521 547 casu
552 496 920 549 retinendum
953 496 1252 566 utrobique
1283 498 1604 564 credimus;
1640 499 1697 551 in
1749 495 1849 551 In-

152 567 336 619 diculo
369 583 577 635 nempe
603 583 615 619 :
648 587 672 615 (ι
699 568 878 620 Pudet
900 583 1146 636 namque
1171 568 1449 620 insaniam
1479 569 1629 621 illius
1669 570 1852 622 domui

150 637 441 706 sigillatim
479 654 799 707 exponere;
837 659 861 683 ι)
896 639 1036 690 etin
1081 638 1320 706 epistola
1351 641 1597 692 secunda
1630 655 1643 692 :
1691 643 1851 694 Deco-

149 723 256 760 rem
297 708 486 760 domui
526 713 732 762 vestrm.
775 709 1018 761 Alterius
1064 709 1294 777 generis
1316 709 1667 762 substantiva
1720 728 1850 764 cum

149 779 386 831 alterius
415 779 712 847 adjectivis
732 779 953 847 juncta,
998 784 1058 850 ut
1088 779 1380 845 ﬁniamus,
1414 782 1645 850 passim,
1679 781 1756 833 ita
1791 786 1852 834 ut

148 849 203 901 in
235 850 496 919 epistolis
546 850 602 902 in
638 850 893 902 Indiculo
939 849 1108 902 etiam
1152 849 1440 918 leguntur.
1473 851 1547 904 Ex
1595 851 1847 905 indiculo

150 923 268 972 haec
299 921 644 989 selegimus:
674 943 699 968 ‹‹
727 920 956 973 Imitare
971 920 1160 973 decuit
1184 924 1392 987 factum
1439 923 1790 989 probabilem.
1821 944 1847 971 ››

149 991 308 1055 Item,
359 992 672 1059 conjugium
712 1007 886 1058 quem,
921 997 1025 1044 etc.
1074 991 1146 1044 Ex
1177 992 1417 1061 epistola
1443 996 1472 1045 5
1506 993 1624 1045 hinc
1656 1009 1668 1046 ε
1706 1013 1732 1043 (ι
1766 994 1847 1047 Ad

148 1063 300 1114 illum
363 1062 590 1115 ﬂectere
649 1063 954 1114 articulum
1029 1062 1310 1130 congruit,
1382 1062 1537 1132 quod
1594 1070 1846 1118 mentem

148 1138 417 1185 macerat.
454 1155 480 1177 η
516 1138 619 1185 etc.
655 1133 730 1185 Ex
770 1137 799 1185 7
835 1149 846 1185 :
882 1133 1126 1204 Apostoli
1153 1148 1270 1186 eum
1297 1133 1519 1187 dictum.
1556 1135 1729 1204 Epist.
1765 1138 1794 1188 9
1830 1152 1842 1189 :

147 1204 622 1257 Abundantiorcm
651 1207 906 1272 pretium.
952 1202 1084 1266 Quae.
1125 1204 1498 1272 grammatica
1525 1202 1615 1257 est
1635 1206 1842 1260 Alvari.

149 1274 466 1327 difﬁcilime
510 1290 638 1327 cum
673 1274 797 1326 aliis
827 1274 1095 1327 omnibus
1133 1275 1251 1343 jam
1285 1274 1572 1327 adnotatis
1623 1276 1844 1330 duobus

147 1345 480 1398 auctoribus
523 1345 879 1410 communis;
939 1349 1002 1397 ut
1023 1345 1144 1413 jam
1193 1346 1262 1399 de
1315 1345 1555 1398 ludiculi
1611 1352 1844 1400 auctore

148 1415 395 1483 amplius
427 1415 805 1486 queerendum
848 1431 961 1468 non
990 1417 1080 1468 sit.

215 1487 416 1556 Neque
475 1503 633 1539 novae
688 1487 855 1539 amici
914 1486 1092 1538 nostri
1157 1486 1218 1538 ι).
1278 1486 1510 1556 Josephi
1563 1487 1840 1540 Pellizerii

149 1557 408 1626 opinioni
440 1557 834 1622 deferendum,
870 1557 1058 1628 quiex
1090 1573 1154 1608 eo
1177 1562 1396 1609 tantum
1432 1559 1582 1628 quod
1606 1560 1844 1612 Alvarus

148 1629 201 1700 iu
235 1629 487 1698 quadam
520 1629 758 1698 epistola
784 1628 852 1681 ad
901 1627 1201 1700 Eulogium
1243 1627 1462 1697 scripta
1481 1629 1556 1682 sic
1595 1629 1794 1700 incipit
1829 1647 1840 1683 :

148 1699 501 1752 Luminosum
572 1702 742 1752 vestri
803 1701 979 1767 operis
1041 1698 1454 1752 documentum:
1525 1698 1844 1768 suspicatur

149 1771 212 1822 ad
235 1771 344 1822 hoc
381 1770 602 1838 Eulogii
636 1787 800 1839 Opus.
835 1769 986 1838 quod
1018 1769 1296 1822 Indiculus
1337 1771 1633 1824 luminosus
1667 1772 1844 1838 audit,

149 1841 466 1909 respexisse
521 1841 721 1894 videri.
774 1841 947 1893 Plane
993 1846 1144 1892 errat
1178 1841 1262 1892 vir
1293 1841 1558 1905 eximius,
1593 1842 1847 1910 mihique

147 1911 441 1981 praecipuo
473 1927 701 1980 semper
721 1912 940 1964 honore
971 1910 1370 1978 excipiendus;
1408 1929 1537 1965 nam
1570 1913 1638 1965 de
1668 1916 1848 1966 Docu—

148 1988 319 2035 mento
363 1983 702 2049 martyriali,
761 1982 939 2034 Florae
990 1987 1059 2052 et
1089 1981 1276 2034 Maria:
1327 1983 1621 2036 sororibus
1671 1984 1850 2052 virgi—

149 2053 314 2106 nibus
361 2058 715 2122 nuncupata,
771 2069 942 2122 quem
1003 2051 1218 2104 librum
1279 2053 1549 2122 Eulogius
1606 2053 1656 2106 ei
1717 2051 1846 2107 cum

149 2123 411 2193 proxima
450 2129 604 2176 retro
645 2123 886 2192 epistola
925 2122 1292 2175 invisendum
1335 2125 1653 2187 remiserat,
1683 2125 1848 2177 Alve-

153 2211 241 2246 rus
279 2193 528 2246 solemni
580 2211 682 2247 suo
728 2195 981 2247 luminosi
1025 2193 1300 2246 vocabulo
1357 2202 1524 2247 utens
1573 2196 1846 2265 loquitur.

153 2265 258 2318 Nec
287 2265 456 2318 facile
491 2267 549 2317 in
571 2265 808 2334 Eulogio
839 2265 1010 2317 talem
1039 2265 1337 2334 sermonis,
1380 2281 1508 2334 quae
1546 2265 1602 2318 in
1649 2266 1850 2319 Alvaro

151 2340 246 2401 est,
275 2335 568 2389 licentiam
601 2337 969 2405 reperiemus.
1023 2335 1134 2388 Nec
1165 2336 1307 2388 tanti
1360 2336 1630 2404 ponderis
1676 2342 1762 2390 est
1790 2342 1852 2389 ut

151 2423 248 2458 nos
278 2423 491 2474 urgere
515 2407 739 2473 debeat,
759 2412 1050 2459 auctorem
1082 2405 1320 2458 ludiculi
1343 2406 1490 2459 haud
1522 2407 1851 2460 meminisse

154 2477 376 2546 Eulogii
426 2478 553 2529 talis
601 2477 726 2543 viri,
783 2477 998 2546 quique
1053 2477 1315 2529 eamdem
1366 2477 1504 2530 olim
1549 2484 1852 2530 navaverat

152 2564 418 2616 operam;
453 2563 580 2600 cum
624 2549 831 2616 poterit
863 2547 1154 2600 Iudiculus
1199 2547 1288 2599 hic
1334 2547 1401 2600 ab
1434 2549 1636 2602 Alvaro
1681 2549 1851 2601 scribi

150 2625 458 2688 antequam
497 2619 766 2688 Eulogius
806 2618 1126 2672 Memoriale
1157 2634 1324 2671 suum
1373 2625 1681 2672 sanctorum
1712 2636 1846 2672 cou-

150 2689 390 2743 fecisset.
455 2691 689 2743 Constat
745 2689 897 2742 enim
954 2689 1262 2741 formatum
1326 2689 1648 2742 Indiculum
1699 2706 1848 2743 anno

151 2761 268 2825 854,
332 2760 417 2813 uti
464 2759 622 2830 prius
687 2759 1024 2812 adnotatum
1074 2759 1600 2830 fuitrMemorialis
1655 2767 1847 2813 autem

151 2831 382 2884 tertium
417 2834 616 2883 saltem
667 2830 871 2882 librum
906 2835 1033 2899 post
1080 2832 1203 2883 856.
1235 2829 1410 2883 Suum
1456 2837 1645 2884 autem
1698 2833 1849 2885 ludi-

151 2902 338 2954 culum
370 2901 628 2954 modeste
674 2902 938 2954 Alvarum
968 2902 1347 2970 suppressisse
1393 2908 1457 2954 ut
1489 2918 1592 2955 nec
1623 2902 1691 2955 ad
1742 2904 1850 2955 liu-

148 2973 284 3040 logii
307 2972 576 3025 notitiam
608 2972 951 3041 perveniret,
978 2987 1094 3024 non
1121 2971 1478 3039 impossibile
1511 2978 1612 3026 est.

1552 297 1823 352 NOTI'I‘IA
1858 297 2250 352 lllSTORICA.

3554 308 3656 360 394

2035 427 2231 503 11.-Αά
2272 429 2547 494 Joannem,
2593 443 2763 503 quem
2805 426 2897 503 hic
2925 429 3174 499 primum
3217 437 3378 485 vocat
3426 435 3653 503 Spalin-

1958 513 2087 550 sem.
2125 499 2357 551 Lemma
2391 514 2404 550 :
2439 501 2666 551 Aurelio
2703 501 2888 552 Flavio
2929 503 3125 554 Joanni
3144 503 3348 556 Paulus
3388 499 3653 561 Albanis.

1961 570 2166 636 Incipit
2200 586 2210 621 :
2248 571 2518 622 Hactenus
2552 572 2845 622 amicorum
2867 585 3025 624 more.

2033 640 2272 715 lll._7Es_t_
2329 642 2550 715 Joannis
2612 640 2886 715 Spalensis
2943 658 3070 694 cum
3131 643 3231 696 hac
3294 644 3652 715 epigraphe:

1959 711 2182 763 Aurelio
2213 712 2397 763 Flavio
2431 712 2634 763 Alvaro
2666 711 2972 778 illustrique
3011 715 3128 766 viro
3164 711 3380 768 minimi
3397 711 3654 771 'Joannis

1957 783 2247 846 suggestio.
2307 781 2491 847 Vides,
2542 787 2604 834 ut
2644 783 2891 834 Joannes
2939 788 2993 834 et
3042 784 3277 837 Alvarus
3323 787 3562 840 invicem
3595 805 3654 842 se

1958 853 2246 905 Aurelium
2278 859 2334 904 et
2363 852 2637 924 Flavium,
2673 852 2904 924 honoris
2931 859 2992 905 ut
3024 855 3254 908 credere
3296 872 3537 924 pronum
3571 864 3655 911 est;

1957 939 2147 981 causa,
2181 939 2293 974 non
2326 923 2480 992 quod
2509 922 2589 974 ita
2628 923 3079 993 appellarentur,
3115 922 3332 978 vocent.
3367 928 3603 982 Initium
3637 946 3650 982 :

1957 993 1999 1047 0
2023 1009 2216 1060 magne
2235 993 2466 1047 domine.

2026 1063 2113 1116 IV.
2149 1064 2240 1116 Ad
2285 1063 2526 1116 eumdem
2570 1065 2850 1118 Joannem.
2895 1063 3082 1117 Alvari
3144 1069 3226 1118 est
3273 1083 3402 1120 cum
3453 1069 3653 1123 iisdem

1956 1134 2310 1188 nominibus.
2389 1135 2695 1189 Exordium
2753 1136 3012 1204 corrupit
3069 1140 3334 1189 vetustas.
3405 1140 3465 1191 In
3526 1156 3653 1193 meo

1955 1206 2214 1276 exemplo
2271 1205 2501 1275 legitur,
2553 1222 2667 1258 non
2719 1207 2981 1274 procula
3038 1223 3167 1258 vera
3210 1208 3498 1262 lectione:
3534 1211 3652 1263 En-

1954 1277 2125 1342 clocae,
2172 1278 2417 1344 emperize
2463 1281 2651 1331 vestrae
2709 1283 2973 1329 sumentes
3024 1278 3319 1345 euphrasia
3361 1283 3464 1332 imo
3504 1295 3654 1332 ener-

1954 1349 2057 1410 giw
2109 1352 2476 1414 percurrentes
2524 1349 2782 1414 epitoma,
2835 1347 3084 1416 jucunda
3129 1351 3282 1413 facta
3328 1355 3404 1403 est
3448 1353 3652 1404 anima.

1955 1417 2160 1469 Libens
2205 1418 2488 1482 legerim:
2539 1420 2782 1484 Englocaz
2828 1421 3096 1486 empeirire
3146 1425 3336 1472 vestrae
3387 1428 3654 1475 sumentes

1953 1488 2322 1556 euphrasiam,
2359 1489 2464 1540 hoc
2498 1495 2604 1553 est,
2649 1488 2918 1554 dulci/tua.v
2957 1491 3166 1555 pm'itiae
3214 1497 3400 1544 vestra:
3434 1507 3654 1544 sumen-

1955 1563 2029 1611 tes
2070 1559 2147 1626 (in
2183 1559 2466 1630 manibus)
2504 1561 2877 1626 eloquentiam.
2915 1560 3116 1630 Graecis
3147 1557 3419 1630 ἐγγλύσσω
3453 1569 3535 1614 est
3562 1566 3652 1615 in—

1953 1629 2290 1701 dulcoro(a),
2345 1629 2684 1682 duecedinem
2725 1630 2910 1696 affero,
2943 1627 3219 1701 ipim-cpia,
3249 1635 3468 1699 peritia,
3512 1649 3656 1701 pru—

1887 1728 1926 1780 B
1957 1699 2163 1780 (lentia.
2194 1703 2264 1780 Et
2295 1701 2486 1780 forsan
2522 1701 2608 1752 his
2639 1701 2818 1780 tribus
2849 1699 3184 1780 Graecanica:
3218 1702 3429 1780 linguai
3463 1699 3651 1780 verbis

1959 1771 2214 1842 exordiri
2267 1771 2591 1842 epistolam,
2651 1771 3054 1839 languescente
3114 1772 3232 1840 jam
3305 1775 3652 1842 eloquentia,

1960 1857 2073 1964 DtOIl]
2109 1841 2372 1911 puditum
2402 1841 2530 1894 fuit.
2576 1841 2819 1910 Longior
2851 1848 3044 1894 autem
3079 1843 3202 1894 aliis
3233 1842 3351 1896 hinc
3400 1841 3482 1896 est
3533 1845 3654 1913 epi-

1961 1928 1984 1964 s
2013 1929 2044 1964 0
2073 1929 2121 1964 a.

1961 1917 2121 1964 stola.

2031 1983 2093 2033 V.
2135 1982 2247 2054 _Ad
2323 1982 2563 2035 eumdem
2632 1981 2896 2035 similiter
2956 1983 3247 2052 inscripta.
3311 1983 3649 2054 Inscripsit:

1961 2054 2083 2106 Post
2113 2052 2536 2121 disputationem
2567 2056 2863 2106 inscientiae
2886 2059 3099 2107 nostrae.

2029 2124 2116 2176 VI.
2154 2124 2249 2176 Est
2269 2126 2493 2176 Joannis
2524 2123 2597 2176 ad
2626 2125 2914 2189 Alvarum,
2948 2126 3111 2193 cujus
3150 2124 3269 2177 haec
3315 2125 3650 2195 inscriptio:

1958 2195 2192 2259 Illustri,
2225 2197 2423 2247 eximio
2453 2195 2691 2262 celsoque
2728 2196 2948 2256 Alvaro,
2977 2197 3206 2249 Joannes
3236 2198 3492 2250 minimus
3537 2211 3654 2249 om-

1958 2265 2138 2330 nibus,
2166 2269 2224 2317 in
2253 2268 2458 2318 cunctis
2489 2271 2778 2318 extremus.

2031 2337 2146 2388 Vll.
2180 2337 2378 2389 Alvari
2408 2336 2472 2387 ad
2513 2335 2901 2403 Speraindeum
2947 2335 3214 2402 abbatem,
3261 2352 3388 2389 cum
3438 2335 3546 2389 hoc
3571 2336 3648 2389 ti-

1959 2406 2079 2458 tulo
2113 2425 2124 2459 :
2158 2409 2381 2460 Domino
2411 2406 2757 2460 dilectissimo
2793 2411 2842 2460 et
2887 2408 2946 2458 in
2996 2408 3206 2462 Christo
3257 2409 3413 2460 Patri
3450 2409 3649 2476 Spera-

1959 2476 2114 2529 indeo
2147 2477 2353 2541 abbati,
2392 2477 2630 2530 Alrarus
2661 2478 2842 2530 cliens.
2877 2477 3160 2547 Initioque
3193 2478 3302 2530 isto
3337 2494 3348 2530 :
3393 2481 3654 2532 Prazscius

1958 2553 2009 2600 et
2038 2550 2366 2616 omnipotens
2395 2550 2552 2613 Deus,
2584 2553 2689 2600 etc.
2742 2547 2994 2600 Diximus
3039 2548 3094 2600 in
3133 2549 3356 2613 Eulogio
3387 2549 3654 2618 quisnam

1959 2618 2344 2687 Speraindeus
2391 2619 2564 2671 abbas
2612 2617 2800 2682 fuerit,
2843 2624 3238 2689 quantumque
3279 2636 3345 2671 eo
3381 2617 3653 2688 magistro

1958 2694 2072 2741 tam
2107 2690 2343 2742 Alvarus
2375 2705 2546 2758 quam
2592 2689 2860 2758 Eulogius
2910 2696 3126 2758 martyr
3157 2691 3438 2746 Cordubae
3470 2691 3530 2743 in
3559 2690 3653 2759 ju-

1959 2764 2191 2812 ventute
2225 2759 2585 2828 profeceriut.

2028 2830 2168 2884 VIII.
2207 2827 2502 2898 Responsio
2532 2827 2854 2898 Speraindei
2881 2831 3094 2884 abbatis
3130 2830 3332 2884 mutila
3363 2847 3490 2884 cum
3551 2831 3656 2884 hac

1959 2903 2382 2969 nuncupatione
2416 2917 2428 2954 :
2465 2901 2846 2954 Illustrissimo
2878 2903 3016 2953 mihi
3047 2901 3279 2968 domino,
3313 2917 3375 2955 ac
3430 2917 3654 2956 venera-

1960 2971 2078 3040 bili,
2099 2987 2189 3025 seu
2221 2971 2365 3025 omni
2393 2972 2673 3038 affectione
2705 2972 2911 3026 Christi
2941 2975 2995 3024 in
3026 2974 3292 3025 charitate
3327 2974 3654 3041 amplecten-

213 3049 286 3121 ᾼῑ
333 3044 489 3133 quqd
517 3043 588 3121 de
617 3043 906 3133 'I‘ole't'anis
947 3042 1224 3121 episcopis
1265 3043 1464 3133 Bonito
1519 3049 1576 3097 et
1618 3044 1848 3133 .Wistre:
1889 3080 1928 3133 Ο
1958 3041 2044 3133 αξξ),
2110 3043 2310 3133 inclyte
2362 3043 2580 3133 {itinera
2640 3042 2989 3133 Speraindeo.
3050 3043 3283 3133 Iqitium
3356 3043 3651 3133 epistolie:

150 3114 296 3165 miro
349 3112 696 3177 audivimus,
747 3113 1055 3182 Higueram
1102 3113 1312 3182 ipsum,
1373 3119 1542 3182 atque
1584 3115 1726 3182 ejus,
1788 3119 1850 3167 ut
1889 3112 1928 3133 “
1963 3113 2104 3165 Dum
2133 3129 2164 3164 a
2205 3113 2670 3165 tribulationibus.
2722 3112 2797 3164 De
2832 3130 2897 3165 ea
2923 3112 3040 3181 jam
3083 3113 3333 3166 diximus
3357 3114 3417 3166 in
3448 3115 3647 3182 Spera-

147 3184 341 3238 Alvari
399 3184 572 3237 verbo
624 3190 771 3248 utar,
828 3183 1170 3254 sequipedes
1222 3185 1524 3253 torquebat
1572 3185 1843 3249 maxime,

148 3259 260 3308 tam
292 3254 457 3308 utilis
496 3260 553 3308 et
580 3253 731 3308 docti
760 3253 1021 3324 opusculi
1063 3259 1355 3307 auctorem
1386 3255 1562 3308 alium
1606 3271 1637 3307 a
1684 3256 1845 3309 Tole-

147 3329 281 3378 tano
315 3325 496 3378 fuisse
529 3326 825 3395 episcopo;
856 3330 932 3391 et,
969 3325 1280 3378 dummodo
1321 3325 1455 3378 huic
1505 3331 1843 3392 assererent,

148 3396 540 3450 Wistremirus
569 3397 742 3448 fuerit
771 3412 841 3449 an
885 3397 1115 3448 Bonitas
1146 3397 1364 3466 pariter
1405 3396 1678 3450 habuere.
1722 3397 1847 3450 Mu—

149 3467 277 3519 tilus
309 3474 468 3520 certe
501 3467 788 3520 Indiculus
816 3467 884 3520 ad
926 3482 1030 3520 nos
1072 3466 1352 3535 pervenit,
1389 3483 1519 3520 cum
1554 3484 1664 3520 non
1716 3473 1846 3520 tan—

147 3543 266 3590 tum
323 3538 480 3591 illius
534 3537 711 3607 partis
759 3553 930 3607 quam
980 3538 1256 3590 habemus
1312 3538 1462 3604 linis,
1519 3538 1637 3591 imo
1695 3543 1846 3591 totus

148 3609 306 3672 alter,
377 3610 495 3661 sive
542 3607 824 3661 secundus
882 3608 1044 3674 liber,
1105 3609 1477 3675 desideretur,
1532 3614 1594 3662 ut
1645 3625 1710 3662 ex
1757 3609 1846 3662 his

146 3687 403 3733 constat:
462 3698 488 3729 α
524 3679 587 3732 Et
616 3695 789 3748 quam
839 3679 960 3732 haec
993 3679 1327 3732 universalis
1379 3680 1450 3732 sit
1498 3685 1694 3732 nostra
1723 3695 1843 3732 cre-

146 3749 359 3803 dulitas
390 3750 454 3802 in
506 3750 757 3803 secundo
789 3750 960 3818 hujus
1003 3753 1192 3820 operis
1232 3750 1375 3803 libro
1408 3751 1690 3820 majorum
1742 3751 1848 3803 lir-

147 3822 324 3873 mavit
373 3819 706 3873 auctoritas.
741 3841 767 3868 ››
819 3821 886 3873 Et
915 3819 1054 3873 alibi
1086 3837 1097 3872 :
1140 3841 1162 3867 ι
1198 3824 1272 3874 Ac
1305 3821 1363 3873 in
1424 3819 1672 3874 seCundo
1704 3821 1847 3875 libro

145 3891 451 3945 doctorum
499 3891 810 3943 sententias
852 3901 1289 3960 cengregemus,
1343 3896 1649 3961 nostraque
1709 3907 1847 3960 ope-

146 3977 303 4015 rosas
328 3962 569 4016 fabellas
591 3962 875 4014 veracium
902 3964 1208 4015 stitlatione
1239 3961 1554 4015 ﬁrmemus.
1586 3984 1607 4009 ι
1661 3964 1846 4029 Argu-

144 4040 414 4086 mentum
441 4033 655 4102 operis,
687 4032 941 4085 defensio
973 4033 1204 4085 illorum
1253 4033 1352 4102 qui
1397 4033 1676 4086 Cordubaa
1725 4050 1848 4087 sese

145 4104 428 4174 martyrio
478 4119 597 4174 non
640 4103 941 4173 perquisiti
994 4103 1346 4168 obtulerunt,
1400 4119 1504 4173 pro
1554 4104 1760 4174 quibus
1793 4111 1850 4158 et

144 4173 424 4244 Eulogius
457 4173 806 4240 decertavit;
855 4174 983 4227 dein
1022 4174 1452 4243 prophetiarum
1511 4173 1582 4228 de
1650 4175 1848 4228 Maho—

143 4251 300 4298 meto
354 4251 411 4316 et
443 4244 585 4316 ejus
612 4244 856 4316 nefanda
886 4244 1091 4299 baaresi
1121 4245 1445 4314 explicatio.
1480 4244 1751 4316 Sequitur
1789 4246 1849 4299 in

140 4316 338 4369 codice
376 4315 754 4369 Cordubensi.

210 4387 502 4452 Confessio
568 4386 824 4454 ejusdem
890 4386 1084 4440 Alvari
1140 4401 1270 4456 quin
1323 4385 1571 4457 incipit:
1632 4389 1852 4441 Excelsa

143 4456 315 4522 Deus,
385 4457 705 4524 ine/rabilis,
773 4462 906 4520 etc.,
967 4458 1035 4510 ad
1102 4456 1454 4527 exemplum’
1495 4457 1848 4524 Isidorianie,

141 4527 550 4581 demississimi
614 4545 679 4581 ac
748 4544 882 4581 vero
950 4527 1303 4598 paenitentia;
1355 4528 1564 4582 malleo
1628 4529 1854 4583 contriti

144 4599 328 4651 animi
363 4599 531 4668 signa
564 4598 872 4668 przeferens
904 4599 1386 4652 manifestissima.

211 4670 385 4723 Liber
416 4671 772 4737 epistolarum
807 4687 818 4723 :
868 4685 1114 4738 quarum

212 4740 251 4791 Ι.
309 4740 658 4793 Inscribitur
705 4741 780 4793 ad
825 4744 1108 4803 Joannem,
1153 4741 1258 4796 Seu
1304 4742 1551 4794 Flavium
1597 4744 1857 4796 Joannem

142 4810 358 4864 Paulus
434 4813 702 4864 Alc-aras.
757 4811 989 4864 Initium
1057 4817 1184 4864 est:
1245 4812 1416 4878 Nosti,
1490 4811 1854 4872 dilectissime,

140 4881 398 4945 fomitem
428 4881 756 4936 dulcedinis.

214 5035 293 5105 (a)
354 5034 690 5105 Simplicius
760 5037 981 5090 enclocae
1028 5036 1143 5089 sive
1201 5037 1428 5101 englocw
1484 5053 1513 5088 a
1571 5037 1763 5090 Graaco
1803 5042 1860 5090 et

145 5103 356 5160 Latino
398 5103 602 5176 ἐγλὸγὴ,
635 5107 844 5174 egloga,
884 5108 940 5160 id
978 5111 1061 5160 est
1089 5108 1424 5176 opusculum,
1477 5107 1707 5172 libellus,
1741 5110 1858 5176 epi-

143 5179 308 5231 stola.
361 5176 546 5230 Graeci
584 5181 738 5230 enim
773 5182 828 5228 τὸ
858 5197 909 5247 γ,
943 5193 1158 5245 gamma
1206 5177 1470 5230 similiter
1499 5177 1743 5231 etlerunt
1781 5184 1861 5231 at-

147 5265 258 5318 que
316 5247 549 5302 Hebraei
599 5252 655 5298 τὸ
704 5251 944 5316 y,h1in,
998 5249 1159 5319 quasi
1211 5249 1540 5302 Latinorum
1583 5249 1788 5302 littera:
1827 5266 1859 5316 g

146 5319 443 5398 liquidum
475 5325 926 5398 Iprieponantn,
962 5326 1018 5398 et
1058 5336 1124 5372 ex
1158 5325 1403 5398 utroque
1435 5319 1612 5398 veluti
1651 5320 1859 5398 dnuplex

149 5389 446 5442 conﬂetnr
474 5389 663 5443 littera
691 5406 782 5457 ng.
835 5391 918 5444 Ad
964 5392 1113 5443 hunc
1145 5391 1382 5443 modum
1415 5389 1574 5442 eﬂ‘eri
1606 5406 1638 5442 a
1669 5390 1864 5443 Galla:-

149 5462 228 5513 cis
257 5460 510 5512 observo
542 5460 847 5514 vernacula
876 5461 1110 5514 nomina
1135 5460 1192 5514 in
1227 5477 1294 5515 on
1324 5477 1336 5514 :
1371 5477 1600 5525 sermon,
1625 5463 1861 5525 oracion,

151 5533 488 5596 confession,
529 5538 659 5596 etc.,
695 5531 857 5600 quasi
889 5532 1079 5586 dicant
1115 5547 1380 5597 sermong,
1414 5533 1689 5598 oraciong,
1734 5547 1864 5584 con-

148 5603 420 5668 fessiong.
457 5602 572 5672 Nec
613 5602 756 5672 alias
794 5603 945 5672 apud
981 5604 1202 5656 Graecos
1227 5602 1410 5656 facilis
1461 5607 1547 5655 est
1592 5603 1865 5672 transitus

150 5679 242 5723 τοῦ
275 5678 346 5739 Υ,
377 5687 478 5742 seu
511 5671 722 5742 ὑφέλου,
755 5670 888 5726 ἱηὉ
920 5689 1160 5742 parvum
1213 5673 1331 5726 sive
1359 5675 1616 5740 omicron,
1658 5675 1719 5725 ut
1763 5670 1864 5723 ἀπὸ

150 5749 241 5792 τοῦ
274 5741 579 5812 ani-sam,
611 5745 832 5797 enclocae
862 5741 978 5797 sive
1007 5742 1236 5810 englocaz
1265 5742 1588 5796 descendat.

487 5831 782 5892 PATROL.
829 5829 1054 5892 CXXI.

1955 3185 2008 3234 in
2016 3182 2130 3235 deo.

2025 3253 2107 3306 IX.
2153 3253 2347 3307 Alvari
2386 3254 2625 3307 Romano
2670 3251 2894 3314 medico,
2947 3268 3076 3305 cum
3136 3253 3240 3306 hac
3293 3252 3648 3323 epigraphe:

1954 3324 2303 3378 Serenissimo
2352 3326 2591 3377 omnium
2649 3323 3032 3376 catholicorum
3090 3324 3308 3378 domino
3363 3339 3474 3376 meo
3537 3325 3646 3378 Ro-

1953 3410 2111 3448 mano
2180 3395 2439 3448 Alvarus.
2497 3394 2803 3446 Exorditur
2834 3394 2957 3446 sic:
3015 3397 3364 3448 Anteriorum
3395 3409 3648 3448 meorum.

1955 3467 2014 3518 In
2049 3466 2153 3518 hac
2185 3465 2423 3534 epistola
2453 3465 2668 3517 mentio
2715 3464 3105 3517 Romanorum
3137 3465 3433 3529 Cordubae,
3468 3467 3652 3535 cujus-

1953 3537 2200 3605 damque
2229 3536 2522 3606 principis,
2560 3551 2777 3588 necnon
2808 3541 2868 3606 et
2899 3535 3170 3588 Servandi
3211 3536 3454 3589 comitis.

2026 3608 2081 3660 Χ.
2113 3607 2248 3661 Sine
2276 3606 2442 3660 titulo
2501 3612 2604 3671 est,
2639 3611 2697 3659 et
2734 3605 2956 3658 videtur
2995 3607 3206 3676 scripta
3252 3607 3476 3660 cuidam
3529 3607 3650 3676 epi-

1955 3694 2146 3746 scopo,
2201 3693 2372 3746 quem
2411 3682 2572 3729 vocat
2621 3678 2984 3744 apostolorum
3025 3679 3315 3743 vicarium,
3357 3684 3406 3730 et
3467 3691 3654 3732 rerum

1954 3751 2167 3816 opiﬁces
2193 3747 2400 3802 Christi
2428 3749 2767 3815 sequiperlem
2797 3748 2896 3812 (b).

2026 3819 2109 3871 XI.
2144 3819 2346 3871 Alvari
2391 3818 2560 3888 iSaulo
2606 3820 2869 3886 episcopo,
2938 3833 3066 3870 cum
3119 3818 3223 3871 hac
3288 3817 3602 3888 epigraphe
3629 3835 3649 3888 κς

1955 3889 2310 3942 Sanctissimo
2366 3887 2581 3940 domino
2645 3903 2756 3940 meo
2815 3888 2978 3941 Saulo
3029 3890 3274 3956 episcopo
3326 3887 3521 3956 '(Sauli
3577 3887 3648 3958 [ο]

1957 3960 2245 4028 Episcopi)
2279 3959 2438 4012 Pauli
2481 3959 2679 4011 Alrari
2720 3961 2988 4025 suggestio
3021 3958 3125 4026 (ἀ).
3174 3960 3307 4011 Post
3363 3964 3650 4027 acceptam

1955 4030 2017 4082 in
2051 4036 2305 4082 extremo
2333 4028 2460 4081 vitae
2499 4028 2754 4096 periculo
2786 4029 3224 4093 absolutionem,
3259 4032 3322 4080 ut
3363 4028 3495 4097 jure
3553 4029 3656 4082 de-

1956 4101 2098 4162 buit,
2152 4102 2270 4169 jam
2318 4100 2464 4152 liber
2495 4099 2834 4167 aegritudine
2888 4099 2956 4152 ad
3018 4097 3253 4152 Saulum
3300 4099 3653 4169 episcopum

1958 4168 2337 4224 absolvendus
2369 4172 2576 4223 iterum
2609 4187 2641 4222 a
2677 4170 2951 4236 censuris,
2993 4170 3180 4222 nescio
3216 4168 3444 4240 quibus,
3477 4185 3656 4223 cano-

1958 4243 2085 4295 nico
2113 4243 2225 4294 ritu
2257 4257 2360 4310 per
2390 4241 2537 4294 hanc
2569 4241 2810 4293 recurrit
2839 4241 3163 4309 epistolam.

2029 4314 2134 4367 XII.
2199 4314 2533 4380 Rescriptum
2589 4312 2744 4365 Sauli
2798 4314 3038 4380 episcopi
3097 4313 3324 4365 Alvaro.

1958 4385 2131 4438 Multa
2158 4384 2312 4437 nobis
2346 4388 2519 4436 erant.
2558 4381 2765 4435 Abnuit
2797 4382 3090 4434 absolvere
3126 4383 3415 4450 Alvarum,
3457 4383 3652 4436 remit-

3400 4310 3610 4380 lncipit
3645 4328 3656 4366 :

1891 4431 1934 4485 Β
1958 4431 2142 4524 mas;
2161 4431 2309 4508 ’ὦἷῶ
2342 4431 3415 4522 5373551111151565"'pesﬁit'ea'iiaﬁfiﬁ'
3453 4431 3658 4506 {rio—riis

1963 4530 2331 4595 susceperat:
2388 4524 2538 4594 quod
2581 4528 2752 4592 negat
2792 4531 2944 4595 recte
2971 4524 3200 4595 factum
3254 4529 3534 4595 praesente
3595 4524 3658 4577 in

1966 4596 2103 4648 urbe
2129 4594 2414 4665 episcopo,
2454 4595 2574 4646 sine
2605 4595 2726 4662 ejus
2791 4594 3038 4647 licentia.
3082 4597 3290 4665 Isuper
3318 4594 3660 4665 pscudoepi-

1964 4667 2122 4735 scopi
2169 4664 2472 4736 cujusdam
2533 4665 2788 4734 partibus
2862 4665 3164 4718 adhinsisse
3232 4664 3502 4720 Alvarum
3571 4664 3660 4718 iu-

1966 4744 2172 4861 nullitlll.
2206 4807 2454 4875 Epistola
2502 4806 2698 4859 Alea-ri
2725 4806 2887 4859 Saulo
2920 4809 3164 4875 episcopo
3213 4806 3439 4860 directa.
3486 4807 3661 4858 Exor-

1963 4877 2123 4933 dium
2154 4877 2301 4931 hoc:
2347 4877 2648 4946 Epistolam
2694 4891 2760 4929 ea:
2791 4879 3004 4930 nomine
3055 4883 3248 4931 uestro.
3310 4878 3666 4947 Improperat

2036 5033 2110 5104 (b)
2146 5035 2276 5088 I-Iiec
2309 5049 2421 5086 non
2458 5033 2616 5087 Pauli
2658 5034 2850 5086 Alvari
2893 5041 2998 5098 est,
3035 5035 3127 5088 sed
3181 5038 3373 5089 incerti
3430 5036 3669 5103 episcopi

1966 5105 2143 5175 (Sauli
2176 5106 2412 5157 fortasse
2455 5104 2861 5173 Cordubensis)
2904 5107 2976 5158 ad
3007 5108 3267 5160 incertam
3301 5107 3438 5158 item
3469 5107 3661 5172 episco-

1965 5191 2094 5244 pum
2125 5175 2354 5228 directa.
2392 5175 2678 5245 Leguntur
2713 5176 2771 5227 iu
2805 5191 2871 5228 ea
2899 5178 3087 5230 statim
3139 5177 3207 5229 ab
3252 5177 3418 5229 initio
3485 5175 3667 5228 nostri

1969 5247 2175 5299 verba:
2227 5247 2306 5299 Et
2335 5246 2476 5312 ideo,
2510 5248 2585 5298 mi
2632 5247 3018 5300 sublimissime
3060 5249 3272 5300 domine
3301 5247 3667 5315 apostolo-rum

1967 5319 2190 5378 vicarie,
2223 5321 2273 5369 et
2304 5332 2483 5369 rerum
2510 5319 2718 5385 Opiﬁcis
2751 5318 2966 5371 Christi
2999 5318 3307 5386 sequipede,
3356 5324 3488 5374 etc.,
3539 5334 3668 5386 quae.

1971 5388 2192 5441 fumum
2223 5387 2470 5456 aliquem
2495 5386 2832 5457 suspicionis
2863 5387 3130 5456 injiciunt
3158 5388 3403 5440 fueritne
3454 5388 3518 5441 ad
3557 5389 3672 5442 Ro-

1974 5473 2207 5510 manum
2248 5458 2574 5528 poutiticem
2626 5458 2856 5528 scripta.
2909 5461 3098 5512 Exstat
3143 5459 3292 5526 apud
3351 5459 3670 5513 Florezium

1971 5534 2104 5582 tom.
2146 5529 2230 5592 ΧΙ,
2267 5545 2300 5582 a
2327 5545 2456 5598 pag.
2488 5531 2609 5581 156.

2047 5601 2112 5722 ((3
2144 5599 2432 5668 Repetitio
2463 5599 2693 5652 videtur
2723 5598 2979 5670 ejusdem
3013 5597 3115 5652 rei.

2047 5669 2064 5722 l
2111 5669 2125 5722 l
2151 5671 2473 5722 Suaaressio
2504 5685 2619 5722 non
2651 5677 2803 5722 recte
2836 5670 2895 5722 in
2927 5669 3115 5722 codice

2045 5669 2125 5738 (ἀ)
2151 5671 2473 5738 Suggressio
2504 5685 2619 5723 non
2651 5669 2803 5724 recte
2836 5670 2895 5722 in
2927 5669 3120 5724 codice
3149 5687 3296 5724 meo.

3282 5833 3358 5890 13
