4098 6180
420 190 522 241 395

417 323 587 377 Saulo
608 320 762 391 quod
783 319 1077 388 cujusdam
1117 318 1472 391 homunculi,
1503 319 1658 387 pacis
1698 318 2112 388 perturbatoris

419 401 475 448 et
520 389 799 447 haeresum
844 391 1045 442 satoris
1085 389 1453 458 persuasione
1494 406 1558 442 ac
1605 391 1811 457 verbis,
1857 391 2110 459 postula-

419 473 538 518 tum
595 464 662 515 ab
727 478 793 513 eo
843 459 1217 514 absolutionis
1282 461 1536 514 ofﬁcium
1604 463 1913 530 negaverit.
1971 462 2108 514 Item

417 534 572 605 quod
631 534 690 586 in
763 531 1022 600 pluribus
1081 531 1199 584 veri
1265 531 1364 585 Dei
1431 531 1682 584 ministri
1754 538 1943 602 partes
1991 547 2110 585 non

417 605 617 674 egerit.

485 675 615 728 XIV.
651 673 850 726 Alvari
881 675 1272 737 transgressori
1309 672 1533 726 directa.
1571 673 1802 726 Lemma
1840 677 1924 726 est
1957 689 1970 726 :
2013 675 2111 726 Di-

414 746 544 798 lecto
575 745 710 796 mihi
740 745 998 796 Eleazaro
1031 744 1290 796 Alvarus.
1347 743 1695 812 Principium
1733 763 1746 795 :
1777 743 1840 797 In
1889 747 2105 813 primis,

410 819 488 868 mi
514 816 727 868 dilecte.
763 814 954 866 Gallus
1006 814 1231 866 Eleazar
1259 813 1367 866 fuit
1413 814 1666 879 natione,
1703 816 1798 868 sed
1843 817 2111 869 Hebrmus

410 886 524 938 ﬁde
557 901 619 938 ex
661 884 981 938 Christiano
1018 900 1029 936 :
1075 900 1250 955 quare
1308 901 1436 937 eum
1484 890 1956 955 transgressorem
2007 901 2102 953 ap-

409 958 605 1026 pellat.
638 956 892 1024 Totaque
925 959 1010 1006 est
1059 954 1127 1007 de
1179 954 1660 1024 promissionibus
1701 962 1758 1009 et
1788 957 2110 1026 prophetiis

405 1028 526 1096 jam
559 1027 883 1095 adimpletis
914 1026 1138 1077 venturi
1173 1027 1403 1079 Messias.

481 1098 584 1150 XV.
635 1098 975 1164 Rescriplum
1032 1099 1450 1162 transgressoris
1530 1098 1739 1150 Alvaro
1823 1095 2106 1161 directum,

410 1183 540 1220 cum
572 1169 676 1221 hac
707 1167 1044 1219 salutatione
1075 1183 1087 1219 :
1131 1168 1335 1220 Dilecto
1368 1168 1505 1220 mihi
1528 1168 1786 1220 Eleazar.
1824 1167 2057 1220 Initium
2093 1183 2107 1219 :

408 1239 696 1307 Scripsisti
743 1239 894 1290 mihi.
927 1238 1318 1306 Hujustamen
1349 1237 1723 1307 paucissimos
1762 1253 1956 1290 versus
2007 1254 2108 1289 su-

408 1325 635 1378 peresse
701 1309 832 1362 fecit
906 1308 1143 1377 alicujus
1204 1310 1390 1361 forsan
1453 1308 1673 1377 religio,
1721 1308 2110 1376 superstitioni

408 1381 694 1448 proxima,
748 1395 818 1431 ne
850 1379 1032 1432 Judaei
1081 1380 1359 1448 scriptum
1410 1381 1712 1442 legeretur.
1773 1379 1914 1430 Vere
1953 1380 2107 1431 enim

409 1450 841 1520 quatuordecim
880 1465 1094 1511 versus,
1147 1450 1246 1518 qui
1295 1451 1353 1502 in
1411 1450 1636 1518 pagina,
1695 1449 2102 1518 sequebantur,

408 1521 736 1574 cancellavit
768 1536 1055 1588 possessor
1087 1520 1232 1580 libri,
1267 1520 1584 1589 foliumque
1637 1521 1923 1588 integrum
1974 1521 2107 1572 sub-

409 1607 650 1660 sequens
679 1590 954 1654 exsecuit;
1007 1591 1354 1659 tandemque
1389 1598 1634 1659 quatuor
1675 1590 1800 1642 aliis
1849 1591 2106 1643 versibus

407 1663 705 1730 epistolam
784 1661 1205 1712 absolventibus
1274 1663 1567 1730 paginam,
1641 1677 1770 1731 qum
1836 1662 2107 1714 volumen

406 1732 796 1789 continuabat,
837 1732 1149 1783 mulctavit.

475 1803 607 1855 XVI.
641 1803 840 1855 Alvari
882 1802 987 1854 alia
1022 1803 1280 1855 Eleazaro
1309 1802 1534 1854 directa.
1582 1802 1793 1856 Dilecto
1846 1803 2106 1856 Eleazaro

405 1873 660 1927 Aluarus.
700 1871 865 1924 Initio
898 1871 1042 1924 isto:
1077 1874 1455 1940 Responsionis
1493 1878 1614 1927 tua.
1664 1874 1933 1926 Retundit
1986 1874 2107 1926 haec

405 1944 656 1996 Eleazari
703 1959 807 2010 pro
857 1942 1170 2012 Synagogas
1217 1944 1507 1996 erroribus
1558 1950 1913 2014 argumenta.
1964 1944 2106 1997 Scri-

404 2021 499 2082 pta
527 2014 634 2066 fnit
661 2029 809 2066 anno
837 2014 957 2065 840.

477 2085 658 2137 XVIII.
722 2085 1060 2153 Fragmenta
1119 2084 1233 2137 duo
1295 2083 1553 2153 epistolte
1612 2084 1848 2137 alterius
1896 2084 2104 2137 Alvaro

405 2155 666 2224 opposita
697 2154 767 2206 ab
801 2156 1002 2208 eodem
1041 2155 1301 2207 Eleazaro
1349 2175 1361 2219 ;
1393 2171 1522 2207 cum
1575 2172 1640 2208 ea
1671 2172 1798 2225 qum
1829 2155 1961 2208 inde
2007 2171 2106 2225 po-

407 2229 515 2278 tuit
578 2225 700 2278 sine
760 2225 1058 2292 dispendio
1113 2226 1357 2278 aliarum
1419 2225 1630 2290 Alvari,
1697 2225 1960 2279 similiter
2011 2225 2104 2279 hic

407 2295 681 2348 oblivioni
709 2295 1105 2348 sacriﬁcaverit
1135 2297 1266 2348 libri
1300 2312 1611 2364 possessor.

475 2367 661 2422 XVIII.
723 2367 916 2418 Alvm'i
969 2369 1084 2419 alia
1133 2369 1525 2431 transgressori
1583 2367 1809 2420 directa.
1864 2365 2102 2419 Exordi-

406 2441 546 2490 tur':
581 2439 888 2501 Confectum
933 2437 1229 2490 mendacio.
1271 2439 1432 2490 Lcctu
1486 2438 1681 2489 omnia
1727 2439 1787 2489 in
1831 2453 1890 2489 re
1940 2435 2101 2491 Chri-

405 2507 601 2561 stianae
634 2508 885 2560 veritatis
906 2508 1177 2560 adversus
1195 2509 1494 2578 perlidiam
1527 2509 1852 2561 Judaaorum
1883 2507 2102 2576 dignis-

404 2595 568 2632 Slnla.

472 2650 598 2703 XIX.
637 2649 1052 2713 Transgressori
1086 2649 1288 2701 Alvaro
1322 2648 1432 2701 alia
1467 2648 1822 2702 brevissima.

473 2721 573 2774 XX.
610 2721 977 2787 Reciprocatio
1003 2719 1201 2772 Alvari
1237 2723 1626 2787 transgressori
1647 2719 1875 2772 directa.

474 2794 616 2844 Ante
646 2790 748 2842 has
782 2791 1048 2858 epistolas
1080 2790 1139 2841 in
1170 2790 1363 2843 codice
1393 2797 1584 2843 nostro
1649 2791 1905 2842 carmina
1949 2805 2102 2858 quaa-

403 2861 533 2914 dam
567 2866 700 2913 sunt
730 2866 857 2929 post
903 2861 1046 2912 hanc
1100 2861 1530 2928 inscriptionem
1563 2877 1574 2913 :
1622 2863 1897 2928 Incipiunt
1934 2861 2096 2912 versi.

401 2931 668 3002 Sequitur
730 2947 942 2983 carmen
1006 2932 1380 2997 ﬁlometaicum
1455 2935 1510 2984 in
1573 2932 1813 2998 ﬁlomela:
1863 2931 2094 2984 laudem.

408 3005 668 3070 Fragmen
720 3003 944 3054 alterius
1004 3005 1280 3054 carminis.
1332 3003 1584 3055 -Disticha
1628 3003 1691 3054 de
1740 3003 1901 3068 gallo.
1947 3003 2098 3055 νινςί

404 3075 506 3142 (ita
551 3089 774 3142 semper
814 3077 1106 3137 vocantur,
1133 3089 1244 3125 non
1278 3078 1485 3140 versus)
1539 3073 1718 3126 tau/lis
1768 3075 1849 3125 vel
1896 3075 2089 3140 precis.

407 3146 563 3197 Versi
629 3143 996 3210 Epimenides,
1054 3145 1398 3207 aegritudinis
1459 3147 1711 3210 propriae.
1778 3145 2094 3196 Lomentum

399 3218 679 3267 metricum
721 3217 1024 3280 prOprium.
1087 3216 1241 3268 Versi
1292 3217 1347 3265 in
1415 3215 1734 3267 bibliotheca
1789 3213 2097 3276 Leorigildi

401 3285 472 3337 In
505 3291 676 3338 crucis
703 3285 932 3336 laudem.
975 3285 1130 3337 Versi
1185 3286 1385 3336 heroici
1424 3287 1482 3336 in
1522 3286 1736 3337 (anilem
1789 3285 1854 3336 Β.
1902 3286 2092 3337 Hiero-

398 3358 571 3423 nymi.
606 3355 809 3408 Omnia
856 3355 974 3405 haec
1016 3354 1073 3404 in
1126 3354 1440 3422 exemplari
1476 3360 1668 3406 nostro
1703 3359 1757 3405 et
1801 3356 1860 3407 in
1900 3354 2093 3407 codice

400 3425 772 3478 Cordubensi.
810 3425 1091 3476 Praeterea
1132 3425 1358 3492 scripsit
1398 3425 1635 3476 Alvarus
1669 3425 1744 3474 uti
1773 3425 1889 3492 jam
1945 3424 2090 3476 vidi-

399 3511 526 3548 mus
557 3496 633 3563 (in
655 3497 903 3560 Eutegio;
937 3509 948 3545 :

476 3567 657 3618 Vitam
713 3565 794 3617 vel
849 3565 1152 3617 Passioncm
1204 3564 1500 3617 beatissimi
1559 3567 1823 3631 martyris
1875 3565 2094 3630 Eulogii

396 3637 697 3704 presbyteri
723 3639 772 3687 et
802 3634 1053 3700 docto-ris,
1087 3636 1182 3702 qui
1211 3651 1404 3703 passus
1425 3641 1501 3690 est
1529 3651 1640 3689 aera
1663 3651 1957 3703 ncccxcvn,
1998 3652 2092 3689 an-

468 3759 541 3829 (a)
601 3758 891 3814 [labentur
948 3758 1067 3811 hazc
1126 3759 1318 3811 omnia
1368 3759 1518 3828 apud
1579 3758 1893 3812 Florezium
1950 3763 2088 3814 tom.

394 3832 478 3898 XI,
522 3848 552 3884 a
602 3847 730 3900 pag.
788 3832 909 3896 275,
970 3831 1104 3896 imo,
1139 3831 1248 3882 nisi
1295 3830 1480 3890 fallor,
1539 3831 1753 3899 duplici
1802 3832 2089 3898 poematio

395 3908 579 3968 aucta,
611 3902 882 3954 nimirum
915 3901 1090 3953 altero
1119 3917 1150 3952 a
1181 3902 1365 3968 capite
1407 3900 1628 3965 mutila,
1663 3904 1811 3970 quod
1868 3901 2091 3953 videtur

394 3989 513 4026 esse
545 3975 613 4025 de
645 3989 862 4042 pavone
889 3971 1132 4040 reliquas
1163 3987 1291 4022 aves
1315 3978 1370 4023 et
1397 3973 1682 4040 praecipue
1715 3970 2085 4039 philomelam

395 4044 638 4113 superbe
685 4042 1054 4108 despiciente,
1109 4058 1137 4092 a
1195 4058 1307 4110 qua
1364 4047 1558 4113 tamen
1589 4048 1757 4113 cantu
1791 4042 2030 4094 vincitur
2071 4058 2084 4096 :

394 4112 524 4179 alio,
557 4115 614 4165 in
647 4129 758 4182 quo
793 4115 997 4164 llorum
1033 4115 1246 4163 colores
1279 4127 1406 4164 cum
1453 4112 1776 4180 lapillorum
1802 4113 2087 4165 coloribus

390 4190 812 4253 comparantur.
854 4183 1088 4234 Videtur
1127 4188 1318 4253 autem
1365 4183 1422 4234 in
1465 4183 1550 4253 liis
1583 4183 1882 4250 poematiis
1927 4183 2088 4236 Alva-

393 4251 691 4322 rus,_quod
724 4254 893 4322 paulo
924 4258 1055 4304 ante
1092 4251 1404 4316 innuimus,
1453 4252 1732 4305 Isidorum
1779 4255 2077 4321 Hispalen-

390 4340 509 4376 sem
545 4330 716 4392 atque
767 4322 1083 4391 Eugenium
1134 4323 1470 4376 Toletanum
1503 4324 1711 4376 imitari
1771 4325 2072 4389 studuisse,

390 4399 453 4446 ut
497 4393 680 4464 liquet
725 4410 792 4447 ex
847 4393 1112 4445 afﬁnibus
1169 4409 1366 4446 eorum
1410 4393 1648 4446 rubricis
1697 4399 1866 4463 atque
1910 4411 2078 4463 argu-

388 4463 602 4518 mento.
643 4469 718 4517 Ac
762 4464 830 4517 de
884 4463 1302 4533 Epigrammate
1345 4465 1407 4517 In
1457 4465 1841 4518 Bibliotheeam
1890 4467 2076 4519 Leovi-

386 4535 549 4601 gildi,
600 4536 769 4604 paulo
825 4541 956 4587 ante
1011 4535 1274 4599 diximus,
1329 4535 1528 4587 eodem
1583 4536 1747 4587 initio
1807 4535 2078 4590 nimirum

385 4606 523 4660 Sunt
555 4608 640 4659 hic
667 4608 830 4674 plura
856 4620 1033 4669 sacra,
1064 4613 1191 4670 etc,
1228 4606 1339 4673 legi
1375 4607 1428 4657 in
1473 4605 1819 4659 Bibliotheca
1850 4607 2073 4659 Isidori.

385 4678 660 4730 Addimus
719 4693 867 4728 nunc
910 4677 1222 4728 Lomentum
1280 4676 1580 4739 metricum,
1625 4677 1716 4729 cui
1767 4677 1951 4729 simile
1992 4683 2078 4731 est

385 4748 588 4800 Isidori
651 4749 960 4801 Lomentum
1031 4749 1358 4814 paenitentiae
1417 4748 1844 4815 rliythmicum:
1895 4748 2072 4811 Audi,

383 4818 612 4880 Christe,
689 4822 894 4872 tristem
971 4821 1169 4884 ﬂetum.
1244 4820 1305 4870 In
1369 4818 1829 4886 Ephemeridibus
1896 4824 2075 4871 autem

379 4890 724 4956 zgritudinis
759 4890 993 4956 propriae
1023 4890 1247 4941 videtur
1276 4890 1510 4956 Eugenii
1542 4889 1794 4941 Toletani
1820 4888 2073 4955 ejusdem

355 4961 496 5013 'fere
529 4959 851 5029 argumenti
893 4958 1118 5011 titulum
1164 4975 1261 5013 seu
1299 4959 1696 5023 Querimoniam
1726 4959 2073 5027 mgritudinis

376 5035 614 5099 propriae
673 5031 880 5098 pressis
934 5030 1184 5096 vestigiis
1250 5035 1546 5091 secutum;
1597 5037 1765 5099 atque
1825 5030 1961 5082 item
2011 5030 2071 5083 in

377 5103 770 5165 Philomelaico,
802 5099 955 5169 quod
987 5101 1137 5170 opud
1180 5105 1486 5169 utrumque
1518 5101 1627 5152 hoc
1665 5099 1832 5153 initio
1867 5105 1952 5153 ter
1981 5115 2069 5154 re-

376 5174 784 5241 petitolegitur
825 5187 837 5224 :
877 5173 1012 5232 Vox,
1051 5171 1366 5235 Philomela,
1399 5176 1514 5235 tua,
1545 5177 1641 5224 etc.

447 5244 520 5310 (ὁ)
561 5243 676 5296 Lib.
702 5259 812 5303 xw,
845 5257 964 5310 cap.
1002 5244 1052 5294 3.

447 5314 514 5381 (ο)
558 5314 682 5366 Bini
746 5311 1061 5366 exstantiu
1121 5310 1275 5380 regia
1341 5310 1651 5364 Matritensi
1725 5310 2070 5365 bibliotheca

374 5383 535 5436 Pauli
572 5384 761 5437 Alvari
789 5381 1169 5437 Scintillarum
1201 5381 1444 5449 codices,
1490 5398 1735 5451 quorum
1785 5383 1929 5436 alter
1960 5383 2066 5436 Go-

373 5453 559 5506 thicus
609 5460 692 5507 est
740 5455 1077 5522 videturque
1127 5453 1361 5504 ineunte
1420 5454 1626 5505 szrrnlo
1684 5470 1735 5506 x1
1784 5459 2062 5519 exoratus,

373 5525 518 5578 alter
557 5525 738 5577 tribus
808 5524 1115 5576 minimum
1167 5524 1387 5576 steculis
1442 5525 1738 5577 recentior.
1811 5524 2067 5578 Meminit

370 5595 668 5675 utriusque
699 5595 981 5675 Florezius
998 5598 1136 5674 tom.
1159 5595 1248 5675 XI,
1280 5595 1688 5675 pag.;’e7,_a.n.
1714 5597 1780 5675 6§
1816 5610 2065 5674 neconon

369 5634 614 5720 aliorum
645 5666 1051 5736 opusculorum
1080 5664 1140 5718 in
1169 5634 1389 5720 celebri,
1412 5635 1765 5720 Cor’dubensi
1793 5664 2004 5735 sepius
2033 5681 2065 5719 a

1319 185 1637 240 ALVARUS
1676 183 2184 240 CORDUBENSIS.
2213 214 2281 222 -—
2312 182 2583 239 NOTITIA
2627 182 3015 239 HISTORICA.

3819 183 3918 235 396

2151 322 2191 374 A
2224 333 2290 372 no
2326 320 2723 372 hicat-nationis
2745 319 2960 372 Domini
2978 319 3080 371 859
3103 317 3200 370 sub
3233 333 3355 384 rege
3385 316 3694 382 Mahonuul,
3750 317 3837 368 die
3889 333 3916 366 ν

2219 389 2349 443 Idus
2380 392 2590 452 Martii,
2622 405 2796 459 quam
2827 405 2890 442 ex
2920 389 3113 441 codice
3161 404 3263 440 ms.
3303 389 3552 440 ecclesiae
3601 387 3912 459 Oveteusis,

2219 461 2325 512 hoc
2357 462 2519 513 titulo
2555 458 2935 529 insignem,et
2958 459 3119 529 quasi
3153 475 3390 528 operum
3430 459 3649 528 Eulogii
3680 458 3916 528 prodro-

2221 547 2400 593 mum,
2434 531 2669 584 Morales
2697 531 2895 597 edidit,
2931 539 2987 583 et
3017 533 3144 599 post
3183 546 3310 582 eum
3340 529 3577 583 Schotus
3616 532 3674 581 in
3717 531 3916 596 Hispa-

2217 604 2322 654 niw
2351 602 2642 656 illustratae
2687 607 2889 672 quarto
2925 602 3236 667 volumine,
3286 617 3414 654 cum
3464 601 3615 653 notis
3658 599 3915 668 ejusdem

2220 673 2465 726 Moralis.

2291 745 2445 797 Hanc
2498 746 2934 812 consequuntur
3000 743 3058 794 in
3123 741 3325 795 eodem
3392 741 3582 795 codice
3639 739 3918 794 editioni-

2221 815 2345 880 bns,
2385 816 2628 884 Hymnus
2661 817 2718 867 in
2747 814 2888 865 diem
2909 814 2965 867 S.
3001 814 3228 878 Eulogii
3255 829 3267 865 :

2714 891 2851 938 Almi
2873 904 3013 938 nunc
3044 891 3267 939 redeunt

2716 954 2865 1001 Festa
2893 953 3128 1016 polifera.

2217 1028 2388 1094 atque
2441 1024 2577 1077 item
2623 1023 2979 1094 epitaphium
3027 1023 3552 1094 ejusdem.70mnia
3610 1023 3752 1094 haec,
3821 1037 3917 1074 ex-

2217 1093 2381 1164 cepto
2409 1093 2694 1165 postremo
2736 1093 2906 1146 hocce
2940 1094 3068 1147 vitae
3108 1093 3355 1163 Eulogii,
3380 1094 3559 1146 latent
3587 1093 3771 1165 adhuc
3810 1095 3911 1161 (a).

2219 1164 2506 1236 Neque’D.
2545 1165 2877 1218 Laurentius
2908 1165 3281 1231 Ramirezius,
3317 1180 3502 1233 neque
3543 1165 3616 1236 _D.
3668 1164 3915 1236 Thomas

2217 1233 2501 1300 Tamaius,
2533 1244 2856 1289 nostrarum
2918 1252 3109 1288 rerum
3134 1234 3574 1305 diligentissimi,
3628 1235 3726 1303 qui
3772 1233 3910 1286 olim

2217 1307 2527 1360 editionem
2582 1308 2837 1360 meditati
2874 1311 3024 1372 sunt,
3066 1307 3239 1358 ﬁdem
3287 1321 3446 1358 suam
3503 1305 3907 1357 liberaverunt.

2221 1379 2382 1431 Forte
2415 1394 2537 1443 nos,
2563 1379 2607 1430 si
2637 1377 2815 1430 otium
2863 1384 3128 1447 suppetat
3164 1377 3390 1430 scholiis
3422 1376 3808 1440 conﬁciendis,
3853 1375 3910 1427 id

2218 1450 2636 1518 praestabimus.
2674 1448 2966 1500 Tribuitnr
2999 1465 3230 1517 quoque
3257 1448 3479 1500 Alvaro.

2290 1520 2449 1571 Liber
2479 1520 2860 1579 scintillarum,
2895 1519 2950 1570 in
3011 1516 3202 1571 codice
3235 1518 3648 1570 menbranaceo
3701 1516 3908 1570 biblio-

2218 1589 2394 1642 theca!
2443 1591 2772 1642 monasterii
2832 1591 2888 1642 S.
2955 1589 3199 1641 Facundi
3249 1590 3529 1657 (Sahagun
3590 1588 3778 1656 vulgo)
3851 1587 3908 1640 in

2217 1660 2534 1729 Hispania:
2592 1661 2687 1712 ubi
2755 1659 2983 1728 post-8.
3050 1660 3302 1727 Gregorii
3379 1661 3782 1726 Expositionem
3849 1663 3907 1710 in

2215 1732 2541 1784 Ezechielem
2593 1731 2683 1783 hic
2738 1731 2880 1783 liber
2926 1735 3105 1782 exstat
3155 1746 3283 1782 cum
3342 1730 3444 1782 hac
3487 1730 3904 1797 inscriptione;

2216 1803 2276 1854 In
2337 1803 2542 1856 Christi
2585 1805 2813 1865 nomine,
2865 1803 3060 1868 incipit
3106 1801 3242 1853 liber
3284 1801 3656 1854 Scintillarum
3706 1801 3907 1852 Alvari

2216 1872 2571 1926 Cordubensis
2605 1874 2850 1925 collectus
2881 1872 2946 1923 de
2995 1873 3273 1924 sententiis
3306 1879 3613 1923 sanctorum
3659 1872 3908 1923 Patrum.

2217 1945 2466 2010 Scriptus
2511 1943 2714 1995 dicitur
2763 1959 2794 1993 v
2832 1943 2952 1994 Kal.
3005 1943 3252 1995 Octobris
3297 1958 3405 1996 aera
3453 1957 3673 1994 uccxm.
3725 1941 3915 2010 Opera

2215 2014 2575 2081 exscriptoris
2645 2013 2734 2065 hic
2811 2013 3098 2077 laudatur,
3160 2029 3274 2065 non
3361 2019 3584 2081 tempus
3637 2012 3910 2063 auctoris.

2216 2085 2483 2153 Exempla
2517 2084 2628 2136 duo
2660 2085 2767 2136 alia
2800 2084 3052 2147 Morales,
3087 2085 3184 2151 qui
3218 2088 3274 2134 et
3299 2084 3548 2152 primum
3606 2081 3714 2135 hoc
3747 2083 3911 2147 vidit,

2215 2155 2408 2207 laudat
2439 2156 2498 2206 in
2553 2155 2824 2207 relatione
2867 2154 3050 2207 adhuc
3091 2154 3302 2207 inedita
3359 2170 3475 2207 suae
3526 2153 3914 2222 expeditionis

2212 2225 2372 2293 regio
2406 2229 2548 2277 nutu
2588 2225 2655 2278 ad
2705 2225 2984 2277 visitanda
3033 2225 3310 2277 tabularia
3341 2231 3397 2277 et
3445 2225 3664 2276 cemilia
3710 2224 3912 2276 Gallae-

2212 2295 2332 2361 cite,
2405 2295 2784 2359 Asturiarum,
2839 2301 2893 2347 et
2953 2296 3206 2347 Castellae
3265 2295 3479 2347 Veteris
3537 2295 3714 2352 initas.
3750 2299 3805 2346 et
3852 2295 3912 2346 in

2219 2367 2460 2418 Historia
2491 2365 2565 2434 (ὁ)
2613 2366 2866 2420 Alterum
2916 2367 3241 2434 exemplum
3292 2365 3504 2418 servari
3537 2366 3616 2417 ait
3654 2364 3910 2416 Gothica!

2213 2437 2508 2505 scriptura:
2537 2437 2994 2506 antiquissimum
3031 2437 3091 2488 in
3123 2436 3468 2488 monasterio
3501 2436 3566 2488 de
3595 2436 3651 2487 la
3696 2436 3913 2502 Espina

2213 2506 2600 2560 Cisterciensis
2631 2507 2870 2569 ordinis,
2897 2507 3099 2576 quinto
3132 2506 3352 2559 decimo
3380 2524 3412 2559 a
3434 2507 3623 2560 Pincia
3653 2506 3794 2558 urbe
3831 2507 3914 2558 la-

2210 2579 2373 2646 pide;
2437 2579 2677 2630 alterum
2733 2577 2791 2630 in
2850 2577 3223 2630 Mindoniensi
3268 2578 3428 2633 urbe.
3492 2578 3709 2630 Editum
3761 2592 3911 2645 opus

2210 2649 2320 2700 fuit
2345 2649 2570 2701 Basileas
2604 2649 2819 2718 absque
2843 2648 3090 2700 auctoris
3115 2647 3342 2700 nomine
3374 2647 3436 2716 (ο)
3490 2663 3757 2700 anno.....

2285 2720 2508 2771 Periere
2565 2720 2694 2780 alia,
2771 2719 2982 2772 scilicet
3035 2719 3102 2772 ad
3158 2720 3454 2788 Eulogium
3511 2719 3736 2782 litterae,
3801 2733 3909 2770 seu

2212 2805 2340 2842 cum
2397 2805 2464 2842 eo
2519 2791 2876 2842 velitationes
2935 2790 3303 2850 scholasticze,
3365 2805 3505 2858 quas
3561 2795 3775 2848 tamen,
3851 2794 3912 2841 et

2211 2860 2564 2929 rhythmicos
2608 2877 2820 2924 versus,
2851 2865 3032 2923 aestas,
3079 2865 3142 2912 ut
3184 2861 3305 2928 jam
3357 2876 3420 2912 ex
3455 2876 3519 2912 eo
3577 2860 3908 2928 posuimus,

2139 2966 2178 3020 Ο
2209 2935 2360 3020 mit-ta
2381 2931 2649 3020 fiboleiida
2676 2946 2741 2984 ne
2758 2932 2816 2983 in
2853 2937 3091 3020 posteros
3125 2936 3478 3020 remanerent,
3528 2929 3783 2982 decrevit.

2280 3002 2653 3054 Meditabntur
2696 3017 2927 3071 quoque
2967 3002 3234 3054 adversus
3273 3001 3610 3054 Alcoranum
3654 3016 3722 3052 ex
3762 3014 3904 3071 pro-

2206 3074 2391 3141 posito
2444 3070 2724 3135 scribere,
2761 3078 2822 3124 ut
2871 3088 2937 3124 ex
2994 3073 3078 3124 his
3138 3071 3379 3124 lndicnli
3431 3072 3597 3124 datur
3653 3070 3904 3138 colligi:

2207 3162 2232 3191 ‹‹
2267 3143 2402 3206 Qum
2452 3143 2644 3195 omnia
2676 3143 2733 3194 in
2767 3142 2878 3195 alio
2905 3159 3074 3212 opere
3106 3143 3457 3195 enucleatius
3499 3147 3552 3194 et
3611 3141 3910 3193 limatiore

2205 3214 2544 3278 invectione,
2579 3213 2624 3265 si
2663 3214 2808 3265 Dens
2839 3213 3011 3266 vitam
3055 3213 3414 3278 concesserit,
3466 3212 3840 3265 disseremus.
3877 3232 3905 3261 ι)

2206 3284 2268 3336 Et
2296 3290 2527 3352 postea:
2555 3305 2582 3330 «
2615 3285 2795 3336 Pudet
2823 3299 3069 3354 namque
3093 3284 3370 3336 insaniam
3392 3283 3568 3353 ipsius
3595 3282 3793 3335 domui
3819 3282 3906 3350 (ά)

2204 3355 2491 3422 sigillatim
2535 3370 2844 3422 exponere,
2890 3353 2994 3407 nec
3037 3354 3263 3424 expedit
3303 3355 3553 3407 breviter
3599 3353 3793 3422 aliqua
3838 3369 3908 3406 ex

2203 3425 2394 3476 multis
2421 3425 2731 3478 deridenda
2754 3425 2962 3493 jacnlis
3018 3426 3336 3495 impetere;
3377 3440 3504 3477 cum
3551 3425 3761 3476 nostris
3815 3430 3910 3476 te—

2201 3501 2406 3548 neatur
2437 3497 2496 3548 in
2537 3496 2825 3549 mentibus
2856 3500 2973 3550 tota
3003 3496 3350 3566 quandoque
3401 3496 3664 3548 ﬁdelibus
3705 3495 3908 3564 publi-

2201 3581 2348 3618 care.
2377 3587 2403 3613 ››

2272 3637 2350 3689 De
2399 3635 2590 3690 Alvari
2645 3636 2799 3690 obitu
2841 3636 2984 3690 nihil
3043 3636 3320 3690 habemus
3375 3639 3514 3690 certi
3561 3635 3647 3705 (ε).
3698 3635 3907 3705 Neque

2201 3765 2394 3814 nostro
2411 3767 2727 3814 memorato
2743 3761 2936 3814 codice
2959 3765 3381 3822 contentorum,
3406 3776 3534 3829 quas
3560 3764 3751 3812 tamen
3773 3759 3909 3829 ipse

2202 3832 2374 3884 Paulo
2405 3834 2609 3885 Alvaro
2655 3832 2962 3899 abjudicat.
3001 3833 3061 3884 In
3107 3832 3194 3885 his
3226 3833 3377 3898 apud
3431 3831 3768 3892 Florezium,
3837 3847 3905 3884 ιι.

2199 3904 2284 3968 69,
2331 3908 2534 3972 quarto
2584 3902 2705 3954 loco
2743 3907 3140 3956 memoratur:
3197 3903 3359 3957 Liber
3404 3903 3469 3955 de
3521 3903 3906 3966 Genealogiis,

2197 3973 2521 4042 incipiens:
2587 3976 2704 4027 Duo
2750 3979 2876 4027 sunt
2930 3973 3144 4037 Adam;
3195 3988 3332 4026 unus
3390 3977 3470 4026 est
3513 3973 3902 4040 protolapsus,

2197 4044 2337 4096 alius
2375 4049 2453 4097 est
2489 4044 2751 4097 secundus
2784 4044 2963 4097 Adam
2999 4044 3250 4098 Christus
3285 4060 3296 4096 :
3332 4044 3482 4113 quod
3517 4059 3640 4107 nos,
3677 4051 3774 4094 aut
3812 4044 3912 4096 af-

2197 4114 2308 4166 ﬁne
2335 4114 2508 4180 aliud,
2539 4130 2669 4167 cum
2691 4115 2760 4167 de
2783 4115 2992 4168 Isidoro
3018 4115 3333 4184 llispalensi
3379 4129 3701 4181 ageremus.
3738 4114 3909 4167 inter

2199 4185 2321 4253 ejus
2352 4201 2525 4256 opera
2558 4186 2873 4251 retulimus,
2914 4185 3058 4238 nihil
3090 4191 3281 4238 tamen
3334 4185 3476 4238 certi
3520 4184 3588 4236 de
3625 4184 3750 4252 ejus
3794 4200 3913 4237 au-

2195 4263 2350 4308 ctore
2394 4255 2746 4308 statuentes.
2805 4257 2867 4308 In
2923 4256 3228 4309 Galliarum
3287 4257 3438 4324 regis
3513 4255 3907 4318 Bibliotheca,

2121 4331 2335 4394 [)part.
2399 4342 2478 4389 ιιι,
2531 4330 2659 4388 281,
2732 4328 2857 4380 cod.
2919 4327 3056 4380 2444
3114 4332 3344 4380 notatur
3393 4327 3542 4378 hunc
3590 4326 3911 4380 Scintilla—

2187 4412 2308 4449 rum
2340 4398 2496 4450 Pauli
2533 4397 2722 4450 Alvari
2762 4402 3064 4450 tractatum
3105 4397 3163 4449 in
3209 4397 3334 4449 aliis
3372 4397 3658 4449 codicibus
3711 4396 3915 4449 Vene-

2187 4467 2352 4520 l‘abili
2387 4468 2550 4521 Bedae
2585 4468 2776 4520 tribui.
2810 4469 2870 4520 In
2900 4468 3156 4533 Alnensi,
3191 4467 3353 4519 classi
3388 4483 3459 4530 iv,
3503 4467 3692 4519 decor.
3728 4469 3780 4529 6,
3831 4484 3906 4536 p.

2188 4539 2314 4602 245,
2357 4555 2407 4607 _a
2460 4540 2802 4607 Bousquiero
2858 4539 3131 4590 tribuitur
3178 4539 3376 4591 Joanni
3445 4537 3761 4591 Defensori.
3830 4537 3913 4592 In

2191 4600 2514 4674 Bodleiana,
2552 4600 2712 4661 class.
2756 4625 2825 4672 iv,
2860 4609 3021 4662 codd.
3069 4611 3201 4662 l383
3233 4614 3289 4661 et
3323 4611 3479 4668 I393.
3525 4607 3910 4662 Cassiodoro.

2189 4679 2247 4731 In
2282 4679 2657 4732 Escurialensi
2693 4679 3178 4748 Etymologiarum
3203 4679 3381 4732 sancti
3413 4679 3636 4732 Isidorii
3667 4678 3914 4744 codice,

2185 4751 2411 4814 saeculo,
2446 4757 2508 4803 ut
2538 4750 2780 4810 videtur.
2827 4766 2880 4802 XI
2909 4757 3159 4810 exarato,
3192 4750 3496 4811 digramm.
3546 4756 3602 4802 et
3644 4751 3790 4818 plut,
3860 4767 3913 4816 ι,

2185 4835 2240 4890 ιι.
2283 4822 2365 4883 Ili,
2398 4837 2510 4890 quo
2548 4822 2708 4873 loco:
2743 4823 2816 4873 De
2854 4821 3061 4886 angelis
3094 4822 3151 4872 in
3201 4820 3404 4873 Isidori
3435 4825 3614 4884 textu,
3660 4819 3760 4872 lib.
3813 4837 3914 4875 vn

2183 4889 2432 4956 legitnri
2469 4892 2669 4946 Narem
2715 4905 2826 4944 esse
2878 4891 3093 4944 ordines
3146 4892 3459 4958 angelorum
3505 4906 3672 4944 sacrm
3735 4891 3920 4947 Scri-

2183 4963 2316 5014 turw
2347 4965 2614 5014 testantur
2647 4978 2658 5014 :
2702 4961 2759 5013 in
2793 4962 3049 5030 margine
3086 4967 3277 5014 autem
3318 4962 3561 5014 habetur
3591 4963 3714 5014 lnec
3744 4969 3916 5016 nota

2181 5033 2420 5100 antiqua
2459 5047 2633 5084 manu
2674 5037 2728 5084 et
2781 5032 2998 5084 Gotliici
3030 5033 3248 5099 saporis
3282 5048 3294 5084 :
3330 5033 3667 5086 ALVARUS.
3718 5033 3913 5087 Nan-

2181 5117 2343 5170 quam
2391 5103 2583 5174 legisse
2621 5119 2702 5154 me
2754 5105 2811 5155 in
2878 5104 3024 5156 nullo
3073 5105 3374 5156 aulicorum
3420 5103 3632 5156 doctore
3686 5106 3920 5174 recolo,

2178 5187 2361 5225 novem
2389 5173 2603 5226 ordines
2629 5174 2960 5239 angelorum,
3002 5175 3112 5226 nisi
3141 5177 3197 5226 in
3227 5179 3411 5227 sancto
3443 5176 3727 5241 Gregorio,
3762 5180 3822 5226 et
3877 5194 3924 5230 a

2178 5242 2369 5295 domno
2399 5245 2626 5300 Isidoro.
2661 5259 2788 5312 qua:
2834 5244 3021 5297 forsan
3051 5260 3115 5296 ex
3156 5244 3359 5297 Alvaro
3399 5250 3595 5297 nostro
3647 5245 3927 5300 descen-

2179 5313 2279 5365 dit.
2319 5313 2382 5365 Et
2416 5313 2830 5385 observandum
2870 5314 2928 5367 in
2968 5330 3033 5367 ea
3064 5314 3402 5385 Gregorium
3438 5317 3632 5381 sancti,
3705 5315 3922 5370 Isido-

2178 5398 2302 5435 rum
2332 5399 2463 5437 vero
2497 5384 2682 5438 damni
2703 5385 2866 5437 titulo
2896 5384 3204 5439 honestari.

2249 5454 2325 5522 (ἀ)
2377 5455 2459 5508 Ita
2514 5471 2617 5527 pro
2665 5455 2873 5527 domus,
2926 5456 2994 5509 de
3055 5472 3168 5526 qua
3229 5472 3402 5526 supra
3459 5460 3674 5527 egerat,
3742 5457 3928 5515 idoli

2176 5525 2446 5578 nimirum
2481 5525 2798 5594 cujusdam;
2985 5534 2990 5542 '

2244 5595 2312 5667 (e)
2342 5597 2422 5667 C_l.
2461 5596 2766 5663 Florezius,
2795 5602 2835 5649 t.
2883 5596 2973 5658 XI,
3027 5612 3158 5667 pag.
3189 5599 3278 5661 30,
3317 5615 3375 5652 ιι.
3411 5601 3502 5664 33,
3549 5597 3621 5652 ad
3656 5615 3924 5659 annum

2173 5665 2386 5720 Christi
2415 5667 2538 5731 861,
2569 5672 2662 5720 aut
2696 5668 2845 5720 circa
2873 5668 2932 5721 id
2961 5665 3184 5739 tempus
3205 5669 3395 5723 Alvari
3427 5669 3644 5724 exitum
3673 5671 3894 5726 refert
3913 5729 3928 5741 ,
