4086 6182
173 238 252 287 397
1248 227 1498 282 ALVARI
1541 223 2016 282 CORDUBENSIS
2057 225 2452 282 CONFESSIO.

171 371 294 424 enim
341 366 419 419 vel
453 364 740 438 _titivili_tio
788 362 1031 438 quidem
1068 362 1589 438 Atestimari‘debet
1648 361 1796 431 quod
1837 367 1880 420 Α
1908 361 2043 438 actis
2074 360 2284 438 _Alvari
2340 361 2736 438 colophonem
2791 362 2886 438 ab_
2929 380 2996 415 eo
3065 363 3217 438 hunc
3285 367 3614 438 impositum
3701 379 3719 394 ‘

170 434 743 512 pseudo-Luitprandus
773 433 980 512 dixerit
1005 433 1086 503 (α)
1129 433 1337 486 obiisse
1369 433 1647 512 Corduba:
1681 449 1809 512 san-

173 503 292 565 ctum
339 503 506 560 virum
547 505 848 575 patricium
893 507 1163 558 Alvarum
1218 510 1420 573 quarto
1461 504 1554 575 die
1601 503 1812 556 mensis

172 583 270 637 Maii
297 595 397 633 aera
440 574 598 639 cuvii,
636 576 841 629 Christi
882 592 1014 628 vero
1056 577 1178 628 869.
1213 574 1592 637 Quantumvis
1645 576 1694 626 ei
1728 582 1810 623 te-

172 667 294 706 mere
337 649 555 702 credens
602 649 845 700 Joannes
910 646 1194 707 Tamaius,
1249 645 1646 715 Martyrologio
1711 644 1812 698 Ili-

172 738 313 792 spano
341 723 434 773 hac
461 720 546 792 die
585 719 667 770 uti
715 723 975 769 sanctum
1021 717 1478 792 invexerit._Haec
1504 721 1651 792 sunt
1699 717 1808 767 'I‘o-

173 786 335 846 letanm
381 790 733 858 apotheoses;
777 803 906 840 nam
954 793 1008 839 et
1051 802 1234 856 nuper
1283 787 1464 858 dictus
1504 786 1810 855 Luitpran—

172 866 251 917 dus
289 862 374 932 (ὁ),
413 857 465 913 et
508 864 824 932 symmysta
855 857 1272 932 eji_is_.lul_ianus
1316 857 1404 925 (c),
1454 862 1709 909 sanctum
1756 859 1814 932 et

172 928 436 987 sanctitatis
480 931 749 998 opinione
791 929 1067 982 Corduba:
1093 930 1394 980 florentem
1433 943 1529 980 ore
1562 928 1812 979 rotundo

171 1004 458 1074 appellaut._
488 1001 854 1074 Oscitantiam
912 1001 1189 1074 Joannem
1243 998 1460 1074 'I‘amaii
1500 1013 1812 1074 nunquam

173 1069 276 1128 satis
325 1072 578 1126 demirari
618 1087 865 1140 possem,
928 1069 1025 1139 qui
1078 1085 1206 1122 cum
1257 1069 1317 1121 in
1362 1069 1551 1138 elogio
1587 1069 1816 1140 dixisset

169 1147 219 1199 de
242 1145 440 1206 Alvarn,
476 1138 665 1199 fuisse,
699 1146 759 1192 ut
791 1138 1023 1211 quidam
1056 1142 1314 1211 credunt,
1371 1141 1550 1192 sancti
1591 1138 1814 1208 Eulogii

170 1219 358 1269 fratrem
389 1231 402 1266 :
428 1215 559 1266 inde
592 1214 650 1265 in
684 1210 848 1273 notis,
882 1227 980 1264 seu
1020 1211 1160 1263 actis
1190 1210 1333 1278 ejus,
1375 1211 1526 1264 hunc
1553 1215 1812 1262 nostrum

169 1285 464 1340 confundere
506 1299 616 1336 non
670 1282 950 1336 dubitavit
998 1298 1125 1334 cum
1168 1283 1388 1347 Alvaro,
1428 1281 1651 1350 Eulogii
1700 1281 1810 1333 fra-

167 1364 248 1420 tre,
273 1357 360 1426 qui
395 1371 503 1408 una
543 1369 688 1426 cum,
722 1354 900 1426 altero
939 1354 1235 1426 utriusque
1267 1352 1470 1426 fratre_
1494 1352 1708 1426 Isidoro
1753 1352 1812 1426 in

170 1423 424 1481 Germania
470 1425 815 1494 peregrinati
860 1428 1036 1476 sunt:
1081 1424 1149 1476 de
1183 1423 1388 1492 quibus
1432 1423 1703 1490 Eulogius
1738 1423 1812 1494 in

167 1497 362 1567 epistola
393 1493 887 1549 ad’Wili’esindum
918 1495 1434 1564 Pampilonensem,
1467 1498 1529 1546 ut
1556 1494 1611 1545 in
1653 1493 1808 1546 Eulo-

168 1571 242 1638 gio
268 1569 510 1621 diximus.

221 1641 386 1693 Caecus
411 1637 621 1707 ‘utique
668 1641 749 1688 est
791 1637 888 1706 qui
940 1650 1056 1707 non
1107 1634 1261 1688 videt
1306 1635 1587 1707 Alvarum»
1625 1635 1810 1707 ipsum

167 1711 297 1762 fateri
325 1726 378 1761 se
408 1705 668 1761 non'ullo
707 1705 1002 1776 sanguinis
1032 1707 1126 1758 sed
1171 1721 1284 1758 uno
1326 1705 1726 1776 familiaritatis
1758 1713 1813 1756 et

167 1787 341 1833 mutare.
397 1775 832 1832 consuetudinis
879 1778 1103 1829 vinculo
1172 1777 1471 1845 Eulogium
1549 1775 1812 1828 habuisse

166 1852 251 1903 sibi
300 1851 618 1902 obnoxium.
667 1849 990 1902 Clarissime
1031 1847 1088 1900 in
1145 1847 1319 1901 Vita:
1375 1867 1402 1894 ‹‹
1435 1849 1479 1899 Α
1540 1847 1813 1915 primaevo

166 1922 512 1974 adolescentim
573 1920 709 1972 flore
752 1918 1040 1971 cliaritatis
1095 1917 1395 1970 dulcedine
1448 1922 1504 1970 et
1562 1918 1813 1986 Scriptu-

168 2008 322 2044 rarum
369 2007 578 2056 amore,
652 2006 766 2042 uno
814 1990 1035 2041 vinculo
1088 1988 1352 2041 concordi
1404 1987 1598 2039 innexi
1646 1986 1817 2055 hujus

167 2063 287 2128 vitae,
321 2067 440 2126 etc.,
489 2061 754 2114 duximus
795 2059 1022 2129 jugum,
1059 2081 1079 2105 ι
1128 2060 1189 2112 Et
1235 2059 1404 2122 infra,
1457 2074 1585 2110 cum
1635 2057 1816 2129 dixis-

167 2140 233 2185 set
276 2135 621 2186 consuevisse
683 2128 982 2197 EulOgium
1041 2129 1260 2182 abbatis
1313 2128 1675 2198 Speraindei
1709 2128 1819 2180 fre-

169 2209 400 2273 quentare
433 2205 663 2256 domum
708 2219 719 2254 :
761 2223 786 2250 ‹‹
816 2202 895 2273 lbi
927 2217 1078 2273 eum,
1108 2200 1316 2273 inquit,
1343 2197 1818 2273 primitusvidere

167 2269 336 2338 merui,
364 2275 436 2327 ibi
467 2275 594 2343 ejus
624 2272 886 2325 amicitize
928 2271 1336 2343 dulciiinliaasi,
1375 2271 1456 2323 ibi
1498 2270 1580 2322 illi
1617 2269 1822 2343 indivi-

167 2346 254 2398 dua
277 2362 389 2398 sum
421 2342 598 2398 nefriis
646 2345 964 2397 dulcedine.
1004 2363 1030 2391 »
1065 2342 1130 2394 Et
1164 2357 1290 2411 qua:
1332 2346 1667 2410 sequuntur.
1707 2342 1820 2392 Pu-

168 2421 294 2468 tasne
338 2432 640 2485 germanos
683 2416 908 2485 fratres
937 2413 1023 2485 psic
1079 2413 1330 2481 potuisse
1397 2415 1536 2485 forte
1594 2411 1821 2462 fortuna

169 2483 368 2539 invicem
421 2487 526 2539 sibi
588 2491 753 2538 notos
791 2483 952 2537 fieri?
1001 2483 1109 2537 Sed
1159 2497 1352 2536 nonne
1411 2483 1531 2551 ipse
1585 2485 1821 2534 Alvarus

165 2557 606 2626 peregrinationis
648 2555 926 2626 meminit
962 2554 1204 2607 fratrum
1261 2553 1530 2626 Eulogii?
1568 2574 1593 2599 ‹‹
1629 2553 1739 2605 Nec
1766 2553 1821 2626 ei

166 2623 352 2682 suffecit
397 2628 747 2680 monasteria
784 2625 982 2694 patriae.
1035 2640 1174 2692 suae,
1219 2625 1320 2691 ait,
1373 2624 1640 2686 invisere,
1668 2623 1820 2694 quin

166 2701 321 2768 potius
363 2693 936 2768 oreasionefratrum
984 2711 1272 2768 suorum,‘
1299 2694 1398 2768 qui
1448 2695 1584 2763 ipsis
1624 2693 1822 2768 diebus

167 2765 211 2821 in
270 2771 502 2823 Francize
571 2767 781 2822 finibus
838 2767 1196 2830 exsulabant,
1258 2765 1614 2833 indemptam
1675 2765 1821 2816 viam

165 2839 450 2910 arripuit.»
508 2842 640 2894 Haec
698 2839 758 2891 in
804 2837 1092 2891 Tamaium
1157 2851 1268 2889 non
1321 2837 1442 2889 sine
1501 2835 1632 2900 bile,
1693 2851 1822 2887 cum

219 2985 282 3052 (a)
305 2986 461 3037 Anno
492 2986 622 3037 859.

219 3053 279 3123 ib)
316 3060 473 3108 Anno
498 3056 626 3115 846,
662 3068 719 3106 n.
752 3053 876 3106 290.

3509 232 3612 287 398

1925 432 2251 508 mirabundi
2285 433 2352 508 ad
2389 434 2644 485 animum
2671 434 3068 508 advertimus:
3098 457 3128 508 ξ
3160 437 3342 491 Unum
3368 432 3616 508 notabis,

1923 505 2087 576 quod
2116 504 2258 576 licet
2309 504 2509 556 fratres
2567 509 2836 556 vocentur
2890 505 3039 557 beati
3096 507 3317 576 Eulogii
3375 504 3614 564 Alvarus

1922 580 1980 627 et
2022 573 2314 627 Isidorus:
2362 591 2476 626 non
2521 576 2706 627 carnis
2746 591 2918 639 nexu,
2951 579 3046 628 sed
3089 573 3449 632 contubernii
3492 582 3616 634 vin-

1923 643 2050 716 culo
2095 644 2272 698 fuere.
2316 666 2336 691 ι
2399 644 2685 698 Judicium
2736 645 2988 698 hominis
3043 650 3459 716 nugacitatibns
3517 653 3617 705 de-

1921 713 2051 768 diti!
2115 716 2215 785 qui
2273 731 2402 788 vere
2469 717 2639 788 semel
2706 716 2764 768 in
2828 733 2922 788 eas
2970 713 3260 784 angustias
3332 720 3614 788 detrusus,

1924 801 2104 839 unum
2163 787 2548 856 eumdemque
2600 787 2669 839 de
2718 787 2942 840 duobus
2996 788 3211 842 Alvaris
3254 787 3615 856 conficiendi,

1924 857 2117 908 videns
2150 857 2291 909 forte
2325 858 2618 925 superiora
2663 872 2790 926 quae
2826 858 3177 911 laudavimus
3220 861 3411 914 Alvari
3444 863 3619 915 nostri

1924 928 2084 1000 Pauli
2115 942 2244 980 cum
2276 928 2512 1000 Eulogio
2545 929 2831 1000 amicitia,
2881 945 2996 981 non
3028 930 3226 998 utique
3267 933 3617 1000 consangui—

1924 998 2137 1060 nitatis,
2190 998 2516 1050 testimonia
2552 1014 2564 1051 :
2600 999 2830 1052 fratrem
2885 1015 3012 1052 vere
3057 1016 3394 1068 germanum
3449 998 3619 1056 Eulo-

1923 1068 2002 1141 gii
2033 1070 2275 1121 alterum
2306 1069 2572 1141 Alvarum
2601 1069 2886 1135 abdicare,
2920 1075 2972 1123 et
3011 1087 3041 1122 a
3071 1073 3414 1141 cognatione
3457 1074 3614 1126 illius

1925 1139 2130 1209 ejicere
2163 1155 2276 1191 non
2309 1139 2605 1194 dubitavit.

1997 1209 2219 1279 Eulogii
2257 1215 2448 1263 autem
2489 1211 2610 1264 haec
2649 1226 2777 1280 quae
2817 1210 3170 1280 subjicimus,
3221 1211 3496 1265 vindicias
3533 1230 3619 1266 se-

1925 1281 2176 1334 cundum
2234 1282 2553 1334 naturalem
2599 1283 2922 1351 utriusque,
2973 1289 3030 1334 et
3073 1283 3270 1336 lsidori
3322 1289 3377 1336 i-t
3434 1283 3623 1336 Alvari

1925 1368 2053 1424 cum
2105 1351 2341 1424 Eulogio
2380 1352 2801 1424 fraternitatem
2845 1353 3075 1405 decerni
3122 1354 3490 1424 praestabunt.
3562 1357 3623 1408 In

1925 1422 2160 1492 epistola
2211 1423 2280 1474 ad
2331 1422 2743 1482 Wiliesindum,
2792 1423 2844 1474 iu
2887 1439 2997 1492 qua
3039 1422 3356 1477 de'eorum
3409 1424 3466 1476 in
3517 1425 3620 1477 To-

1925 1498 2068 1561 gatm
2093 1493 2282 1546 Gallizr
2312 1499 2496 1562 partes
2529 1499 2752 1562 arrepto
2785 1494 2989 1547 itinere
3024 1495 3140 1563 agit
3174 1511 3185 1548 ε
3226 1518 3244 1542 ε
3285 1497 3439 1548 Adeo
3472 1501 3533 1547 ut
3565 1496 3622 1547 in

1925 1564 2125 1616 exsilio
2168 1580 2313 1626 meo,
2363 1564 2570 1633 inquit,
2612 1565 2752 1635 nihil
2798 1571 3004 1633 praéter
3045 1566 3410 1618 affectuosam
3453 1582 3621 1635 pere-

1855 1650 1894 1702 B
1926 1635 2225 1703 grinorum
2258 1635 2522 1699 fratrum,
2557 1641 2612 1686 et
2655 1634 2944 1687 destitutae
2992 1635 3223 1688 familiae
3257 1634 3622 1705 praesentiam

1923 1707 2287 1774 suspirarem.
2324 1726 2349 1752 ››
2411 1706 2716 1772 Cujusnam
2778 1706 3057 1759 familiae?
3115 1708 3373 1759 Ostendit
3427 1707 3620 1760 infra:

1926 1796 1951 1822 ‹‹
1987 1777 2164 1844 Igitur
2203 1791 2333 1828 cum
2376 1777 2672 1844 proprium
2726 1777 2968 1829 revisere
3011 1793 3228 1838 arvum,
3267 1779 3374 1846 piae
3423 1778 3624 1829 matris

1923 1846 2229 1911 Elisabeth,
2261 1863 2358 1898 seu
2390 1861 2651 1899 sororum
2682 1863 2914 1900 suarum
2964 1848 3170 1900 Nicolae
3203 1853 3257 1899 et
3299 1849 3622 1910 Anullonis,

1917 1917 2280 1988 juniorisque
2313 1917 2500 1969 fratris
2541 1917 2752 1986 Joseph
2796 1924 3026 1987 urgeret
3063 1918 3298 1971 affectus
3329 1935 3340 1970 ε
3378 1918 3530 1988 cogis
3563 1925 3626 1970 ut

1923 1987 2106 2040 adhuc
2159 2003 2506 2052 remaneam,
2555 2003 2659 2040 nec
2715 1989 2853 2040 sinis
2894 1989 3052 2041 abire
3103 1987 3471 2054 maerentem;
3520 1988 3618 2042 sed

1928 2063 2167 2127 utroque
2210 2059 2442 2110 vulnere
2473 2074 2806 2125 percussum
2852 2075 2949 2111 cor
2998 2075 3187 2112 meum
3231 2064 3290 2111 tu
3334 2059 3453 2128 jam
3502 2075 3624 2111 me-

1928 2129 2049 2181 deri
2108 2145 2220 2180 non
2278 2134 2524 2197 poteras,
2576 2129 2666 2181 cui
2712 2135 2767 2180 et
2819 2130 3205 2198 peregrinatio
3258 2129 3524 2194 fratrum,
3573 2133 3631 2181 et

1925 2198 2198 2252 desolatio
2235 2199 2673 2252 domesticorum
2728 2200 3131 2268 quotidianum
3170 2199 3488 2252 efferebant
3539 2200 3621 2251 la-

1930 2277 2207 2322 meutum.
2245 2291 2270 2316 ››
2341 2275 2411 2322 At
2473 2271 2840 2338 quantumvis
2906 2271 3105 2324 demus
3163 2273 3366 2336 fratres
3432 2271 3500 2322 ab
3561 2286 3628 2322 eo

1931 2345 2240 2408 utrumque
2305 2340 2581 2410 appellari
2651 2341 2902 2410 potuisse
2965 2342 3254 2394 charitatis
3316 2342 3622 2401 obnexum,

1931 2411 2011 2463 uti
2040 2417 2253 2479 patrem
2301 2419 2400 2464 aut
2426 2416 2652 2464 matrem
2689 2427 3021 2480 sororesque,
3063 2429 3166 2465 nec
3196 2412 3382 2465 minus
3414 2414 3622 2477 fratres

1930 2498 2078 2551 saepe
2146 2482 2302 2545 alios,
2366 2482 2472 2534 hoc
2539 2489 2763 2535 tantum
2823 2490 3101 2552 respectu,
3154 2483 3420 2552 Eulogius
3475 2482 3630 2535 idem

1930 2569 2156 2605 vocasse
2202 2553 2454 2621 legitur:
2499 2552 2618 2605 haec
2658 2554 2942 2606 excusatio
2985 2553 3049 2606 ad
3087 2555 3258 2607 alium
3313 2570 3426 2607 non
3456 2553 3629 2622 perti-

1931 2628 2049 2687 net,
2095 2623 2308 2675 srilicet
2352 2624 2645 2690 Alvarum,
2692 2624 2792 2694 qui
2846 2625 2915 2677 de
2975 2625 3211 2694 Eulogio
3274 2624 3512 2694 loquens
3572 2623 3628 2694 in

1932 2695 2056 2761 ejus
2131 2694 2274 2751 Vita.
2342 2695 2426 2746 uti
2486 2694 2607 2764 jam
2666 2693 2934 2758 diximus,
2992 2693 3196 2761 fratres
3253 2693 3474 2764 Eulogii
3535 2693 3631 2747 Isi-

1932 2765 2134 2818 dorum
2167 2770 2223 2818 et
2255 2765 2522 2818 Alvarum
2555 2766 2766 2836 inepte,
2801 2767 2909 2819 nisi
2930 2782 3236 2836 germanos
3267 2766 3628 2836 appellasset.

2002 2977 2075 3044 (ο)
2107 2976 2171 3030 In
2203 2976 2488 3042 Chronic.,
2517 2993 2675 3030 num.
2709 2978 2833 3032 433.

653 3337 1486 3498 ALVARI
1595 3331 3122 3496 CORDUBENSIS

1571 3571 2213 3678 OPERA

371 3753 444 3812 In
491 3753 689 3813 lucem
732 3752 992 3831 primum
1035 3747 1194 3809 edita
1239 3766 1316 3806 ex
1356 3744 1554 3805 codice
1604 3743 1852 3836 Gothico
1889 3743 2060 3832 almae
2109 3743 2398 3802 Eccleszl'e
2452 3743 2869 3810 Corduvensz's,
2925 3744 2999 3803 ab
3051 3745 3402 3822 octingentis

1667 3832 1840 3883 anm’s
1868 3832 2109 3902 scripto.

1245 3943 1456 4023 '(Apud.
1497 3957 1714 4015 Florez.,
1751 3955 2015 4019 Hispania;
2049 3968 2211 4004 sacrae
2241 3957 2368 4004 tom.
2401 3955 2508 4014 XI.)

1679 4217 2132 4290 INCIPIT

687 4397 1940 4548 CONFESSIO
2094 4397 3102 4543 ALVABI“.

224 4743 435 4797 Excelse
470 4745 651 4809 Deus,
683 4738 1007 4803 ineffabilis,
1035 4737 1356 4803 invisibilis,
1392 4752 1425 4789 a
1456 4753 1569 4806 quo
1603 4735 1841 4800 bonum,
1885 4735 1925 4790 C
1956 4732 2055 4803 qui
2087 4731 2393 4803 corporalis
2437 4733 2461 4773 ῐν
2519 4745 2632 4784 non
2699 4747 2777 4797 es,
2829 4736 2884 4784 et
2945 4750 3045 4802 per
3097 4733 3653 4805 iucircumscriptam

166 4834 212 4882 et
237 4847 331 4900 per
376 4847 558 4903 quem
587 4829 650 4883 ﬁt
681 4828 1065 4898 quodcunque
1105 4826 1281 4879 claret
1311 4825 1636 4889 honestum,
1673 4839 1845 4894 quem

166 4927 315 4968 nemo
347 4915 528 4985 digne
557 4927 759 4981 rogare
789 4909 956 4974 valet,
989 4914 1046 4961 et
1074 4923 1246 4977 quem
1270 4906 1457 4960 omnis
1481 4921 1688 4971 sermo,
1722 4905 1852 4958 licet

167 4999 402 5073 indigne,
437 5016 647 5071 rogare
675 4998 876 5064 audet;
907 4997 1029 5050 sine
1061 5012 1174 5067 quo
1207 4994 1350 5048 nihil
1389 5000 1493 5061 est,
1543 4999 1598 5047 et
1639 4993 1852 5063 absque

169 5104 264 5160 quo
290 5092 564 5163 impietas
597 5087 784 5142 omnis
814 5085 1065 5157 procedit
1105 5101 1116 5138 :
1171 5087 1335 5151 Deus,
1371 5085 1472 5155 qui
1511 5083 1631 5136 sine
1667 5081 1853 5152 quali—

169 5185 267 5233 tate
295 5198 352 5234 es
381 5183 600 5245 bonus,
631 5179 751 5231 sine
784 5175 1099 5247 quantitate
1132 5189 1393 5243 magnus,
1421 5173 1542 5226 sine
1565 5172 1675 5224 situ
1706 5187 1854 5239 prae-

1713 5260 1857 5313 Deus

172 5281 300 5338 sens,
359 5271 483 5324 sine
529 5266 812 5321 effusione
871 5266 1070 5318 forma:
1124 5263 1338 5333 ubique
1381 5261 1665 5315 diffusus:

231 5435 253 5460 ³
283 5428 385 5481 Per
436 5428 466 5479 ὁ
508 5441 630 5479 non
681 5439 837 5494 peri:
868 5437 1082 5476 nomen
1130 5419 1321 5474 Alvari
1367 5419 1635 5472 scribitur
1663 5417 1722 5471 in
1755 5416 1860 5472 hoc

173 5498 344 5553 codice
356 5543 366 5552 .

1958 4821 2333 4876 substantiam
2365 4819 2578 4890 ubique
2621 4835 2699 4874 es.
2744 4821 2850 4884 Qui
2878 4837 3105 4874 sursum
3141 4823 3438 4877 residendo
3485 4825 3652 4892 segis,

1959 4910 2225 4965 deorsum
2267 4907 2611 4962 continendo
2652 4908 2799 4971 ades,
2858 4914 3014 4962 extra
3070 4911 3406 4974 circumdas,
3459 4911 3607 4963 infra
3638 4919 3656 4941 ε

1961 5003 2016 5052 et
2062 4998 2256 5051 omnia
2305 5002 2658 5068 penetrans:
2718 4998 2865 5051 Deus
2915 4998 3013 5067 qui
3061 5000 3211 5052 mala
3264 4999 3455 5051 omnia
3511 4997 3654 5063 odis,

1962 5103 2142 5156 eaque
2173 5087 2392 5140 occulto
2425 5085 2679 5153 consilio,
2717 5087 2914 5156 utique
2946 5086 3122 5156 justo,
3154 5087 3496 5157 plerumque
3525 5101 3654 5155 per-

1965 5175 2183 5229 mittis:
2217 5175 2362 5228 Deus
2402 5175 2499 5244 qui
2541 5174 2687 5227 sicut
2731 5176 2966 5242 malum,
3001 5175 3151 5244 quod
3186 5175 3326 5227 nihil
3376 5179 3478 5241 est,
3514 5173 3657 5239 odis,

1966 5263 2039 5316 ita
2071 5263 2309 5328 bonum,
2349 5263 2502 5333 quod
2544 5263 2760 5333 aliquid
2809 5269 2913 5329 est,
2959 5279 3133 5318 amas.
3177 5262 3283 5326 Qui
3335 5279 3447 5316 non
3500 5267 3664 5314 uatu-

2041 5421 2067 5461 ι)
2097 5421 2217 5486 Ms,
2253 5421 2601 5489 corporalem.

2043 5499 2062 5522 π
2091 5492 2250 5556 Infra
2281 5507 2386 5560 pro
2417 5494 2566 5545 intra
2599 5492 2927 5562 frequenter
2959 5491 3107 5562 apud
3137 5494 3375 5543 veteres.
