4098 6180
432 273 533 323 399

1806 267 2062 320 ALVABI
2102 264 2581 320 CORDUBENSIS

3846 264 3939 315 tua

429 422 552 460 ram
582 404 738 469 mali,
767 418 895 475 quae
924 403 1079 456 nulla
1110 406 1215 466 est,
1248 401 1345 455 sed
1376 416 1474 453 eos
1504 399 1604 470 qui
1645 401 1862 454 malum
1898 400 2115 454 faciunt
2153 404 2195 455 A
2228 401 2363 456 inde
2395 412 2688 471 peccantes
2718 401 2906 471 punis.
2945 401 3099 454 Unde
3137 417 3303 454 verus
3333 417 3413 466 es,
3468 401 3602 455 inde
3636 400 3932 455 mendaces

430 496 710 550 damnas:
746 495 894 547 Deus
943 491 1042 562 qui
1084 495 1287 544 cuncta
1327 489 1537 558 pietate
1580 490 1749 559 regis,
1795 490 1893 543 sed
1936 506 2129 560 peccao

430 589 553 637 tum
603 583 851 635 inultum
903 595 1198 650 nunquam
1251 578 1537 632 dimittis:
1575 579 1720 631 Deus
1764 578 1864 648 qui
1915 579 2125 648 partim

431 672 621 742 operis
646 672 728 724 tui
754 669 1071 723 aeternitate
1105 667 1444 733 consolidas,
1476 667 1635 719 nullo
1671 667 1873 719 merito
1902 683 2123 736 prince-

429 762 630 826 dente;
694 758 903 829 partim
954 758 1109 827 jnste
1167 755 1509 808 mortalitate
1568 754 1902 825 corrumpis,
1964 755 2124 809 nullo

428 853 659 920 peccato
686 850 1009 917 patescente
1046 861 1058 897 :
1097 846 1241 897 Deus
1272 844 1369 913 qui
1413 848 1732 896 creaturam
1762 843 1919 897 illam
1952 860 2125 914 quam

428 940 673 1008 primam
732 934 1007 1004 dignitate
1053 934 1167 1001 [seu
1219 932 1556 986 fortitudine
1615 934 1696 985 vel
1747 933 1949 986 decore
2006 949 2125 986 esse

424 1026 678 1092 voluisti,
707 1024 845 1076 vitio
878 1038 978 1075 suo
1010 1027 1337 1090 corruptam
1377 1020 1449 1073 ad
1493 1021 1767 1073 inferiora
1816 1022 2122 1090 dilapsam.

423 1121 490 1168 ut
520 1118 667 1167 esset
715 1112 866 1183 quod
911 1116 1101 1164 creata
1141 1115 1225 1163 est
1262 1109 1488 1178 justitia
1527 1109 1791 1179 exigente
1838 1109 2075 1163 noluisti
2109 1127 2121 1163 :

428 1205 576 1256 Deus
628 1201 727 1271 qui
785 1199 929 1251 sicut
982 1199 1140 1251 nulla
1197 1203 1453 1250 exstante
1502 1198 1753 1251 bonitate
1802 1197 2124 1251 humanum

425 1306 605 1360 genus
635 1287 856 1354 creasti,
890 1287 968 1340 ita
1016 1286 1172 1339 nullo
1216 1286 1575 1355 praecedente
1625 1286 1831 1339 merito
1880 1303 1984 1339 nos
2024 1302 2122 1339 ra-

425 1380 581 1432 tione
629 1376 901 1431 creaturis
963 1375 1089 1428 aliis
1137 1375 1477 1444 praetulisti:
1536 1375 1682 1427 Deus
1728 1375 1827 1445 qui
1879 1391 2123 1428 massam

425 1465 735 1538 perditioni
773 1465 1026 1519 deditam
1064 1464 1219 1532 jnste
1266 1463 1522 1532 perimis,
1575 1470 1629 1516 et
1669 1479 1913 1517 massam
1960 1463 2124 1534 regni

424 1554 873 1610 misericorditer
910 1554 1028 1605 sola
1067 1552 1322 1604 bonitate
1357 1567 1472 1621 qua
1512 1551 1701 1604 afﬂuis
1733 1551 1896 1621 eligis
1929 1593 1941 1605 .
1977 1553 2124 1605 Deus

427 1645 527 1717 qui
566 1643 701 1697 Adae
739 1641 1076 1712 progeniem
1122 1641 1241 1692 sola
1290 1640 1542 1693 bonitate
1591 1656 1658 1693 ex
1700 1646 1859 1709 parte
1908 1646 2125 1694 restau-

424 1750 537 1798 ras,
572 1736 628 1785 et
657 1748 783 1785 eam
815 1735 1036 1799 partem
1073 1744 1246 1798 quam
1279 1729 1465 1798 perire
1506 1728 1647 1781 sinis
1677 1729 1748 1782 ob
1778 1728 2071 1798 parentale
2101 1738 2125 1762 ⁸

429 1822 629 1875 vitium
675 1821 829 1889 jnste
875 1818 1267 1871 condemnas:
1321 1819 1469 1870 Deus
1518 1818 1619 1887 qui
1673 1817 1809 1887 ipsis
1862 1818 2125 1871 notitiam

429 1909 632 1964 dedisti
663 1908 795 1961 ﬁdei
837 1923 978 1976 quos
1017 1904 1329 1959 credituros
1364 1909 1491 1957 ante
1529 1904 1729 1957 mundi
1759 1904 1990 1957 initium
2021 1921 2126 1958 no-

428 2000 499 2052 sti
530 2016 544 2052 :
579 1999 728 2051 Deus
760 1996 857 2066 qui
894 1996 1025 2048 licet
1053 1994 1232 2046 multa
1264 1993 1503 2055 occulta,
1541 1997 1735 2044 tamen
1758 1993 1912 2061 jnste
1942 1992 2124 2045 fecisti

429 2103 557 2158 quae
587 2086 733 2139 facta
764 2088 897 2136 sunt
927 2084 1122 2135 omnia
1154 2098 1165 2135 :
1213 2083 1359 2134 Dens
1403 2082 1524 2134 sine
1557 2080 1718 2149 cujus
1750 2086 1890 2133 nutu
1932 2082 2124 2134 nullus

428 2189 614 2227 sermo
671 2170 960 2241 procedit;
1017 2174 1073 2221 et
1118 2172 1314 2221 contra
1370 2184 1541 2237 quem
1602 2168 1946 2237 plerumque
2003 2168 2124 2237 ipse

427 2276 615 2314 sermo
648 2260 812 2312 datus
841 2273 1010 2326 agere
1054 2254 1350 2325 praesumit
1385 2269 1397 2310 :
1434 2256 1582 2307 Deus
1614 2270 1785 2324 quem
1817 2270 1986 2307 nemo
2017 2270 2124 2307 ne-

428 2350 552 2417 scit,
595 2354 650 2402 et
694 2362 866 2418 quem
908 2346 1097 2399 nullus
1139 2345 1329 2414 plene,
1381 2348 1444 2396 ut
1490 2360 1547 2396 es
1593 2344 1738 2413 ipse,
1788 2343 2121 2413 cognoscit:

427 2439 570 2492 Deus
599 2437 759 2506 cujus
786 2434 1123 2503 magnitudo
1154 2431 1773 2502 incomprehensibilis,
1804 2432 1965 2501 cujus
1996 2432 2121 2501 glo-

422 2527 511 2581 ria
540 2524 980 2590 inaestimabilis,
1013 2522 1172 2591 cujus
1198 2520 1377 2588 jussio
1410 2520 1791 2590 fortis,[cujus
1822 2520 2119 2589 dispositio

419 2615 595 2684 justa,
629 2610 1021 2682 cujusjudicia
1057 2626 1209 2675 vera,
1235 2609 1396 2678 cujus
1424 2609 1731 2663 clementia
1754 2625 1926 2678 super
1946 2624 2121 2678 opera

425 2717 527 2754 sua
568 2705 844 2754 extenta:
893 2699 1040 2751 Deus
1089 2712 1259 2767 quem
1307 2713 1476 2749 nemo
1517 2696 1627 2749 nisi
1681 2696 1846 2749 corde
1892 2696 2121 2765 attingit

422 2793 729 2859 purgatus;
766 2803 938 2856 quem
971 2786 1162 2838 nullus
1196 2784 1306 2836 nisi
1347 2783 1615 2853 operibus
1655 2783 1875 2837 invenit
1902 2784 2119 2853 proba-

421 2882 533 2941 tus,
563 2876 654 2929 cui
686 2876 875 2928 nullus
902 2874 1155 2928 adhzeret
1184 2872 1293 2926 nisi
1322 2877 1511 2925 mente
1542 2878 1599 2925 et
1623 2889 1861 2942 corpore
1893 2878 2112 2926 castus:

342 2996 349 2999 -
423 2966 485 3019 In
512 2967 644 3034 {quo
690 2962 963 3033 iniquitas
1017 2977 1133 3013 non
1171 2966 1274 3025 est,
1325 2960 1385 3012 in
1434 2976 1547 3030 quo
1595 2963 1872 3014 summab
1907 2965 2010 3026 est,
2054 2960 2113 3013 in

422 3070 535 3123 quo
567 3052 869 3106 clementia
902 3066 1109 3119 magna
1139 3053 1223 3102 est
1258 3065 1270 3102 :
1316 3050 1462 3102 Deus
1493 3049 1591 3118 qui
1622 3056 1823 3102 auctor
1852 3066 1910 3102 es
1942 3048 2113 3103 lumi-

420 3143 531 3211 nis,
585 3142 791 3195 ﬂuvius
840 3139 1100 3209 pietatis;
1151 3138 1332 3191 dulcis
1380 3154 1438 3191 es
1483 3144 1537 3191 te
1582 3138 1749 3191 ﬁrmo
1801 3138 1967 3192 corde
1997 3155 2113 3192 cre-

420 3231 664 3287 denti‘:
716 3244 993 3282 caecorum
1044 3227 1264 3294 oculus,
1312 3226 1587 3280 debilium
1644 3228 1890 3293 animus,
1951 3227 2108 3280 inﬁr-

419 3322 701 3374 mantium
750 3317 1046 3370 verissima
1093 3317 1276 3379 salus;
1332 3329 1433 3383 pes
1484 3315 1854 3380 claudorum;
1912 3314 2112 3384 lingua

418 3415 732 3473 mutorum,
792 3404 1063 3459 fortitudo
1112 3403 1375 3455 omnium
1436 3403 1800 3455 saeculorum.
1850 3403 1934 3455 Tn
1980 3403 2109 3456 vitae

416 3498 526 3551 via.
590 3498 674 3549 Tu
720 3494 919 3547 salutis
969 3492 1098 3544 vita.
1148 3492 1231 3543 Tu
1280 3489 1538 3543 omnium
1598 3496 1651 3543 te
1691 3490 2109 3559 postulantium

418 3583 788 3638 invictissima
832 3583 1049 3635 dextra.
1080 3580 1163 3632 Tu
1202 3578 1414 3632 divitiae
1462 3594 1803 3648 pauperum.
1850 3580 1930 3632 Tu
1973 3595 2110 3632 con-

417 3673 618 3728 solatio
652 3670 1071 3724 tribulantium.
1124 3668 1203 3721 Tu
1254 3672 1476 3720 erector
1514 3667 1843 3721 humilium.
1887 3669 1967 3720 Tu
2018 3668 2110 3721 de-

416 3766 658 3816 structor
687 3757 1103 3813 extollentium.
1144 3760 1189 3809 A
1223 3760 1278 3809 te
1319 3755 1737 3809 incrementum
1773 3756 1978 3826 accipit
2006 3757 2107 3825 ju-

415 3857 566 3915 stus;
616 3866 719 3920 per
757 3855 811 3902 te
851 3845 1236 3901 sanctificatur
1281 3844 1592 3913 perfectus;
1637 3861 1665 3896 a
1708 3848 1762 3897 te
1805 3850 2110 3899 coronatur

412 3943 470 3994 in
536 3941 686 3993 bono
753 3952 925 4006 opere
999 3938 1428 3987 consummatus.
1508 3934 1585 3985 Tu
1657 3933 1781 3987 odis
1840 3933 2103 4002 {iniquos,

411 4030 647 4083 damnas
690 4026 953 4095 injustas.
991 4022 1186 4092 dejicis
1218 4022 1421 4085 elatos;
1458 4020 1760 4073 confundis
1798 4022 2103 4090 superbos;

411 4118 511 4171 das
572 4113 984 4187 pmniteutibns
1036 4109 1283 4174 veniam,
1333 4114 1562 4177 peccato
1611 4110 1850 4161 mortuis
1908 4109 2103 4178 vitam,

412 4222 514 4258 nec
545 4206 795 4273 abnegas
829 4207 879 4253 te
904 4198 1239 4268 rogantibus
1273 4197 1720 4249 misericordiam
1750 4203 2099 4251 consuetam.

412 4294 525 4347 Nec
590 4296 913 4360 peccatores
987 4285 1253 4355 despicis,
1318 4284 1417 4338 sed
1469 4284 1672 4337 delicta
1737 4286 2097 4339 condemnas.

412 4380 539 4433 Non
587 4379 709 4431 odis
756 4380 1071 4447 peccantes,
1118 4374 1217 4427 sed
1258 4378 1488 4442 peccata
1536 4374 1796 4427 detestas.
1846 4375 1969 4427 Non
2002 4374 2103 4427 ho-

409 4466 646 4524 minem.
716 4463 813 4519 sed
893 4464 1103 4515 scelera
1186 4461 1522 4515 insectando
1600 4463 1909 4516 consumis.
1978 4464 2102 4516 Non

406 4561 745 4617 creaturam,
823 4551 918 4604 sed
977 4552 1207 4620 culpam
1262 4550 1557 4619 exstirpas,
1620 4550 1893 4620 iniquitas
1946 4551 2102 4605 enim

409 4648 605 4696 nostra
654 4640 936 4710 justitiam
986 4644 1143 4692 tuam
1187 4638 1551 4692 commendat
1609 4640 1781 4707 (Rom.
1851 4657 1931 4708 ui,
1984 4640 2035 4709 5)
2085 4657 2097 4693 :

407 4732 632 4787 Scelera
690 4736 883 4783 nostra
938 4732 993 4781 te
1045 4729 1264 4797 justum
1331 4728 1643 4781 afﬁrmant.
1712 4731 1848 4781 Acta
1908 4734 2099 4781 nostra

404 4819 710 4874 sceleribus
744 4818 917 4888 digna
954 4817 1189 4888 justitiae
1229 4823 1338 4870 tuae
1369 4822 1454 4870 est
1490 4818 1935 4882 documentum;
1966 4818 2101 4887 quia

406 4910 560 4964 unde
580 4910 767 4980 justus
809 4924 887 4975 es,
932 4906 1066 4960 inde
1106 4906 1351 4976 injustos
1381 4905 1524 4958 odis.
1574 4905 1728 4958 Unde
1760 4912 1987 4958 sanctus
2017 4922 2095 4973 es,

472 5061 496 5087 ⁸
522 5052 617 5105 Ms.
630 5092 643 5116 ,
683 5050 1037 5119 parentalem.

472 5125 497 5165 Ι)
523 5123 747 5192 Aliquid
781 5122 958 5173 deest.

470 5202 491 5225 ο
523 5187 645 5257 llis,
711 5192 864 5244 dulce
922 5205 974 5244 es
1046 5193 1095 5242 te
1156 5192 1310 5257 ﬁrmo
1376 5188 1532 5241 corde
1587 5187 1880 5252 credentis;
1940 5202 2096 5241 caco-

396 5279 520 5319 rum
549 5263 743 5316 oculos.

470 5335 497 5376 ά
530 5334 586 5387 F.
618 5350 725 5386 non
760 5336 949 5385 totum.

470 5412 491 5437 °
521 5405 558 5457 E
588 5404 625 5456 i.
658 5408 857 5457 sancte.

475 5473 495 5509 Γ
525 5475 844 5538 Comessum,
903 5488 1002 5526 seu
1051 5486 1357 5537 comessum,
1422 5469 1690 5540 supinum
1739 5469 1959 5523 auctori
2010 5469 2091 5523 fa-

2236 490 2607 545 coudemnas.
2659 491 2813 545 Unde
2848 491 3002 543 mitis
3046 506 3124 554 es,
3162 491 3292 543 inde
3343 490 3623 559 superbos
3668 491 3935 543 detestas.

2242 579 2400 633 Unde
2446 579 2767 633 misericors
2798 596 2873 640 es.
2919 579 3051 632 inde
3085 595 3202 631 non
3229 584 3313 632 tot
3349 586 3409 632 ut
3444 580 3471 621 εἰ
3516 579 3821 649 desquiris.
3854 580 3935 632 Tu

2239 670 2308 721 ab
2357 668 2522 721 initio
2585 673 2904 721 creaturam
2960 666 3235 737 singulari
3306 668 3694 720 misericordia
3750 668 3927 727 foves,

2235 756 2532 827 potentiali
2580 757 2786 810 virtute
2818 755 2989 825 regis,
3041 755 3315 809 ineffabili
3355 756 3595 809 consilio
3638 757 3719 809 vel
3773 762 3935 825 pote-

2238 850 2381 899 state
2425 845 2697 916 disponis.
2753 846 2899 899 Deus
2952 845 3052 915 qui
3105 845 3481 898 contritorum
3524 862 3635 898 non
3690 845 3935 915 despicis

2236 950 2450 1005 preces,
2485 950 2589 988 nec
2629 934 3060 1003 deprecantium
3090 939 3144 986 te
3186 949 3316 987 vero
3348 934 3519 987 corde
3551 932 3772 1002 spernis
3813 932 3934 984 cla-

2236 1040 2443 1077 mores.
2500 1024 2606 1087 Qui
2654 1023 2888 1093 frigidas
2919 1028 3140 1076 mentes
3173 1021 3303 1089 igne
3353 1022 3435 1075 tui
3470 1022 3682 1075 amoris
3738 1020 3931 1075 incen-

2235 1113 2342 1178 dis,
2376 1119 2433 1166 et
2458 1113 2690 1165 initium
2722 1112 2856 1165 boni
2893 1112 3084 1182 operis
3113 1112 3454 1181 plerumque
3487 1111 3648 1164 nobis
3680 1111 3933 1164 nescien-

2234 1201 2385 1254 tibus
2417 1202 2759 1271 quibusdam
2787 1200 3180 1253 occasionibus
3214 1200 3445 1252 formas.
3479 1202 3525 1252 A
3557 1215 3668 1267 quo
3701 1198 3934 1251 initium

2235 1296 2320 1342 est
2352 1288 2646 1354 virtutum,
2682 1305 2714 1341 a
2754 1304 2865 1358 quo
2896 1293 3291 1358 augmentum,
3322 1304 3354 1340 a
3385 1303 3500 1356 quo
3532 1292 3589 1340 et
3627 1302 3730 1356 per
3760 1302 3935 1356 quem

2232 1376 2505 1447 perfectio
2546 1382 2629 1430 est
2665 1377 3014 1430 inchoatum.
3049 1376 3157 1439 Qui
3202 1375 3362 1429 lassis
3410 1376 3678 1429 roborem
3726 1374 3935 1427 tribuis

2235 1467 2533 1536 Operandi,
2569 1466 2937 1535 operantibus
2964 1465 3342 1518 intentionem
3382 1464 3771 1517 accommodas
3804 1481 3934 1534 per-

2234 1556 2482 1615 ﬁciendi.
2538 1554 2899 1625 torpentibus
2948 1559 3143 1606 votum
3191 1553 3407 1623 ingeris
3447 1553 3772 1606 iuchoandi.
3828 1552 3938 1617 Qui

2236 1650 2479 1698 mortem
2511 1644 2822 1714 peccatoris
2858 1659 3152 1712 nunquam
3182 1634 3485 1702 desideras,
3517 1641 3614 1695 sed
3649 1641 3717 1695 ad
3757 1643 3935 1696 vitam

2166 1712 2205 1765 Β
2237 1731 2636 1801 delinquentes
2668 1746 2895 1799 semper
2928 1729 3220 1782 verissime
3251 1745 3431 1782 vocas.

2306 1821 2359 1872 2.
2396 1819 2624 1883 Adesto,
2669 1818 2862 1871 adesto
2903 1816 3141 1886 pauperi
3192 1822 3370 1886 pater.
3422 1816 3635 1870 Assiste
3676 1816 3846 1881 fesso,
3898 1832 3928 1869 ο

2238 1907 2571 1961 Emmanuel
2610 1906 2791 1976 :juba
2832 1905 3168 1972 contritum,
3210 1905 3455 1973 Spiritus
3504 1910 3737 1958 sancte:
3773 1906 3931 1975 erige

2234 1997 2537 2065 dejectum,
2572 1996 2803 2050 Creator
2826 1996 2980 2064 juste
3014 2013 3029 2046 :
3065 2009 3202 2046 sana
3232 1999 3536 2063 aegrotum,
3566 1995 3693 2047 Jesu
3730 1995 3881 2048 bone
3914 2014 3926 2048 :

2233 2084 2396 2137 visita
2458 2086 2839 2153 languentem,
2905 2083 3190 2135 Paraclete
3238 2082 3430 2134 alme:
3492 2082 3703 2152 largire
3760 2083 3930 2148 vires,

2235 2172 2361 2241 agie
2392 2182 2413 2207 ο
2465 2174 2610 2227 Dens
2643 2186 2656 2224 :
2700 2171 2891 2240 praebe
2940 2170 3229 2233 virtutem,
3278 2185 3311 2222 ο
3344 2170 3439 2222 lux
3485 2171 3773 2223 Nazarene
3807 2187 3820 2223 :
3854 2188 3935 2224 so-

2234 2261 2347 2314 lida
2379 2276 2696 2314 romessum
2729 2258 2766 2325 ί,
2817 2260 3031 2311 donum
3066 2263 3125 2311 tu
3181 2258 3390 2322 Patris;
3438 2262 3608 2327 atque
3656 2258 3931 2312 vitiorum

2232 2349 2486 2402 dominio
2519 2363 2928 2418 usquequaque
2974 2362 3321 2415 possessum,
3366 2350 3423 2398 tu
3466 2347 3710 2400 Trinitas
3759 2349 3930 2415 Deus,

2233 2438 2334 2492 tibi
2365 2438 2526 2491 efﬁce
2557 2453 2783 2490 servum
2816 2437 3107 2489 devotum.
3140 2435 3286 2489 Satis
3333 2441 3435 2498 est,
3468 2435 3731 2504 Domine,
3773 2437 3932 2506 quod

2229 2526 2524 2596 hucusque
2569 2524 2857 2578 diabolum
2910 2524 3172 2577 militavit
3204 2536 3280 2578 σε
3337 2524 3489 2593 quod
3542 2524 3724 2577 hostis
3776 2526 3932 2579 orbis

2230 2614 2524 2667 servitium
2587 2618 2786 2683 sponte
2829 2612 3110 2682 implevi:
3180 2612 3332 2682 quod
3394 2612 3627 2665 inimico
3686 2613 3931 2666 famula-

2228 2707 2351 2756 tum
2384 2702 2703 2773 iniquitatis
2734 2717 2905 2771 opere
2936 2700 3189 2769 praebui;
3216 2700 3369 2770 quod
3402 2700 3696 2754 insidianti
3728 2702 3876 2755 mihi
3905 2698 3929 2736 ιι

2228 2792 2546 2861 obsequens
2584 2791 2695 2855 fui;
2730 2790 2883 2859 quod
2915 2791 3156 2842 latentes
3188 2788 3422 2842 insidias
3452 2788 3575 2859 ejus
3605 2790 3737 2843 licet
3769 2792 3933 2845 intel-

2227 2880 2468 2949 ligerem
2502 2895 2617 2932 non
2650 2877 2925 2943 devitavi;
2987 2877 3140 2947 quod
3180 2885 3373 2931 contra
3419 2894 3509 2931 me
3558 2878 3677 2947 ipse
3712 2878 3928 2932 inscius

2226 2969 2347 3036 ejus
2382 2968 2495 3021 tela
2536 2967 2783 3036 portavi,
2814 2966 2987 3019 etiam
3018 2982 3107 3019 me
3156 2965 3280 3036 ipso
3316 2966 3401 3018 illi
3443 2966 3605 3036 quasi
3635 2983 3697 3020 ex
3732 2967 3928 3021 debito

2220 3056 2481 3126 bajulum
2507 3055 2633 3119 feci,
2669 3054 2803 3124 quia
2832 3054 2955 3124 ejus
3004 3070 3164 3107 arma
3210 3054 3363 3108 unde
3415 3070 3505 3108 me
3536 3059 3719 3109 totum
3752 3057 3925 3122 elisit,

2220 3145 2277 3198 in
2305 3160 2393 3197 me
2424 3144 2697 3197 hactenus
2728 3142 2888 3213 quasi
2917 3142 2975 3195 in
3001 3149 3123 3195 teca
3154 3143 3459 3196 recondere
3491 3160 3787 3215 nunquam
3813 3163 3929 3199 ces-

2222 3235 2358 3287 savi.
2391 3233 2494 3287 Sed
2524 3233 2643 3302 jam
2676 3233 2775 3285 diu
2802 3237 2907 3297 est,
2944 3232 3201 3298 Domine,
3232 3233 3385 3303 quod
3436 3233 3758 3287 dominium
3800 3236 3926 3305 ejus

2221 3340 2253 3376 a
2285 3339 2373 3376 me
2420 3322 2654 3392 rejicere
2688 3322 2897 3387 malui;
2924 3322 3074 3392 quod
3125 3322 3329 3374 merito
3364 3322 3623 3392 exigente
3665 3340 3786 3377 non
3820 3342 3924 3377 va-

2221 3412 2322 3475 lui,
2352 3411 2485 3481 quia
2516 3411 2679 3481 quasi
2711 3426 2775 3463 ex
2801 3414 3078 3480 potestate
3100 3409 3350 3464 vindicat
3377 3411 3692 3477 subditum,
3715 3428 3926 3481 quem—

2219 3518 2251 3553 a
2281 3500 2589 3553 nativitatis
2632 3500 2646 3533 ί
2693 3500 2923 3552 exordio
2975 3499 3101 3552 diro
3154 3499 3382 3552 vinculo
3433 3500 3619 3552 tenuit
3658 3507 3921 3570 captum.

2220 3588 2287 3641 Et
2322 3604 2493 3659 quem
2544 3592 2702 3640 tanto
2742 3592 3001 3657 tempore
3059 3602 3162 3638 suo
3209 3587 3339 3655 jure
3386 3586 3695 3641 vindicavit
3742 3591 3927 3659 capti-

2218 3693 2371 3743 vum,
2407 3692 2560 3730 nunc
2589 3676 2968 3746 respirantcm
3005 3676 3147 3745 jugo
3181 3692 3281 3728 suo
3310 3679 3555 3729 retentat
3589 3677 3751 3730 valde
3786 3696 3927 3748 per-

2220 3766 2480 3836 plexum;
2520 3780 2809 3836 quemque
2842 3764 2949 3818 sibi
2982 3780 3279 3834 nunquam
3324 3764 3705 3834 deprehendit
3737 3783 3925 3838 repu-

2218 3860 2510 3925 gnantem,
2547 3870 2695 3906 nunc
2725 3854 2938 3906 catenis
2965 3852 3367 3906 insolubilibus
3398 3855 3537 3923 ligat
3563 3863 3921 3924 gementem.

2218 3943 2475 4011 Domine,
2510 3944 2657 3996 Dens
2683 3942 2776 4011 pie
2808 3948 2858 3995 et
2895 3941 3237 4007 misericors,
3275 3942 3494 4012 respice
3535 3961 3707 4014 super
3741 3962 3927 4017 opera

2215 4038 2331 4099 tua,
2382 4038 2439 4085 et
2495 4032 2593 4084 illo
2642 4031 2868 4101 pietatis
2912 4030 3107 4099 vigore
3158 4047 3271 4101 quo
3336 4031 3644 4101 prodigum
3703 4034 3925 4104 recipis

2215 4121 2420 4186 ﬁlium,
2452 4136 2541 4173 me
2574 4135 2801 4190 quoque
2834 4125 3071 4188 protege
3095 4119 3389 4187 miserum,
3420 4121 3556 4190 quia
3581 4136 3757 4190 opera
3787 4139 3919 4175 ma-

2214 4226 2394 4265 nuum
2426 4214 2654 4262 tuarum
2685 4208 2742 4260 in
2769 4207 3091 4261 dominium
3140 4207 3488 4278 iniquissimi
3529 4209 3707 4262 hostis
3742 4212 3924 4264 relin-

2144 4311 2187 4362 ι)
2214 4312 2391 4366 quere
2421 4297 2502 4349 fas
2531 4294 2543 4336 ³
2579 4302 2663 4349 est
2694 4297 2808 4350 ullo
2844 4296 3042 4362 modo;
3081 4303 3142 4350 ut
3174 4313 3207 4349 a
3235 4303 3286 4350 te
3328 4298 3609 4365 conditus,
3644 4299 3756 4352 sim
3792 4302 3920 4353 dia-

2213 4386 2329 4439 boli
2364 4400 2591 4452 servus;
2631 4391 2689 4439 ut
2729 4391 2839 4438 ate
2869 4392 3109 4450 creatus,
3159 4386 3267 4439 sim
3309 4388 3597 4455 praedonis
3648 4405 3870 4458 pascue
3897 4391 3923 4422 ’ί

2213 4474 2406 4541 locus;
2456 4478 2521 4527 ut
2549 4475 2619 4528 ab
2672 4473 2890 4545 Optimo
2943 4474 3181 4527 Domino
3231 4480 3286 4527 et
3325 4492 3357 4527 a
3404 4476 3499 4544 pio
3546 4478 3710 4530 Patre
3744 4477 3927 4531 bonis

2211 4563 2404 4615 multis
2437 4563 2665 4625 ditatus,
2708 4562 2925 4615 crudeli
2954 4570 3010 4615 et
3051 4563 3311 4615 horribili
3364 4564 3585 4634 ethiopi
3620 4566 3631 4599 ¹
3666 4566 3926 4620 existam

2210 4652 2489 4705 addictus.
2573 4653 2724 4704 llanc
2781 4651 3227 4717 inclementiam,
3310 4652 3456 4705 hanc
3516 4654 3927 4721 voracitatem,

2210 4740 2356 4794 hanc
2386 4741 2782 4793 crudelitatem
2813 4755 2917 4808 ego
2951 4740 3091 4792 mihi
3123 4745 3359 4793 emeatus
3390 4756 3421 4792 a
3455 4741 3681 4794 diabolo
3725 4759 3929 4813 spon-

2208 4834 2373 4881 tanea
2408 4833 2598 4881 mente
2630 4828 2797 4896 elegi.
2838 4827 2955 4896 Ego
3003 4828 3315 4897 equuleum
3348 4827 3499 4880 liunc
3531 4828 3721 4882 dirum
3769 4831 3929 4884 milii

2207 4916 2396 4969 invexi
2421 4932 2434 4982 ;
2469 4932 2574 4985 ego
2604 4917 2859 4985 gladium
2885 4916 3101 4985 gutturi
3126 4932 3252 4969 meo
3274 4916 3569 4982 immersi;
3594 4933 3702 4987 ego
3732 4920 3929 4973 morti

2207 5059 2440 5135 m_i_li_are_
2475 5075 2528 5135 :_
2545 5058 2713 5135 idem
2770 5075 2833 5113 ac
2882 5060 3259 5135 dilaceratum.
3302 5061 3652 5116 Glossarium
3703 5063 3932 5135 Cangii

2206 5130 2474 5184 editionis
2499 5132 2601 5184 PP.
2637 5132 2842 5199 Congr.
2886 5132 2940 5185 S.
2978 5131 3174 5185 Mauri.

2278 5213 2307 5270 ε
2334 5202 2479 5270 Lege
2509 5201 2727 5255 diabolo
2756 5204 3010 5255 militavi.

2275 5267 2300 5305 ιι
2328 5267 2449 5335 Μεῖ,
2486 5288 2582 5326 me.

2278 5340 2289 5375 ί
2329 5343 2444 5407 M5,,
2474 5359 2508 5395 a
2534 5344 2841 5396 nativitate.

2269 5426 2284 5469 l
2326 5413 2447 5466 Imo
2484 5429 2496 5467 :
2529 5416 2619 5479 fas
2649 5429 2756 5467 non
2784 5418 2880 5468 est.

2276 5484 2303 5517 ¹ί
2333 5484 2372 5537 l.
2407 5501 2458 5550 c,
2486 5486 2697 5552 pascui.

2277 5556 2288 5587 ί
2320 5555 2438 5620 M5,,
2470 5558 2670 5624 eziopo.
