4086 6182
177 342 250 391 illi
1672 327 1805 383 CON

1931 328 2072 382 lSlO.

3526 330 3628 383 402

174 475 326 525 totum
358 482 439 519 me
469 464 586 533 ipse
616 461 899 527 commisi,
936 466 996 514 ut
1026 460 1445 532 possessionem
1478 467 1656 526 tuam,
1697 460 1820 514 tibi-
1856 464 1898 515 A
1929 477 1996 514 ex
2022 459 2187 514 nobis
2220 460 2503 514 dimersus
2525 460 2660 514 satis
2690 465 2843 514 errat
2862 476 2985 514 sese
3018 477 3133 515 non
3160 468 3361 532 sponte
3392 464 3625 535 iterum,

175 574 264 630 que
288 553 518 609 debitam
574 550 703 618 soli,
752 548 1003 621 pessimo
1055 549 1470 602 committerem
1527 549 1678 603 hosti
1709 564 1721 604 :
1756 554 1819 603 ut

172 656 292 700 rus‘I
359 648 450 695 tuo
514 640 747 694 domino
818 638 1113 692 conditum
1182 637 1447 691 horribili
1495 638 1816 692 addicerem

173 734 315 807 pesti;
351 746 587 799 eumque
627 728 899 798 eligerem
935 726 1256 791 dominum,
1289 743 1459 796 quem
1506 727 1653 797 patri
1688 744 1815 780 meo

173 837 400 878 noveram
430 818 745 872 inimicum.
779 820 981 870 Actum
1033 821 1117 869 est
1154 817 1308 868 enim
1341 815 1400 869 in
1434 832 1542 882 me,
1578 816 1815 869 Domine

174 915 311 978 Deus,
338 908 482 981 quod
509 907 566 960 in
597 906 952 976 protoplasto
976 907 999 947 b
1020 904 1239 974 pridem
1269 905 1511 975 legimus
1541 910 1764 975 gestum
1799 922 1812 959 :

172 998 347 1053 etenim
383 996 521 1049 sicut
553 994 647 1047 ille
686 999 783 1046 tuo
814 992 964 1047 dono
994 992 1339 1046 immortalis
1391 998 1636 1057 creatus,
1678 1010 1813 1062 pro-

171 1087 270 1157 prio
295 1085 418 1138 vitio
464 1084 521 1136 in
567 1087 813 1135 mortem
861 1084 1042 1134 exstat
1085 1097 1187 1151 per
1219 1080 1536 1134 interdictae
1585 1082 1692 1135 sibi
1724 1099 1813 1134 ar-

168 1176 293 1231 boris
321 1190 470 1227 esum
499 1172 814 1235 dimersus;
850 1170 928 1223 ita
957 1174 1013 1223 et
1047 1186 1150 1239 ego
1182 1169 1403 1223 lavacro
1436 1170 1620 1224 vitalis
1650 1188 1812 1241 aquae

166 1264 258 1333 jam
288 1262 501 1327 tinctus,
539 1266 596 1313 et
632 1259 1085 1329 regenerationis
1135 1259 1284 1310 unde
1316 1276 1343 1311 a
1394 1259 1671 1329 paternali
1712 1260 1810 1313 de-

166 1353 272 1405 licto
300 1350 618 1413 mundatus,
669 1365 770 1402 seu
798 1353 899 1402 tuo
928 1348 1160 1403 rosiﬂuo
1190 1364 1390 1400 cruore
1458 1348 1809 1417 redemptus,

166 1456 247 1509 per
279 1438 714 1493 inobedientiam
761 1437 1164 1491 mandatorum
1206 1441 1439 1489 tuorum
1494 1437 1553 1489 in
1613 1437 1811 1489 mortis

166 1529 443 1582 deﬂendam
476 1530 702 1580 ruinam
731 1526 967 1591 deveni;
996 1531 1052 1578 et
1098 1525 1345 1595 qualiter
1386 1525 1518 1577 inde
1552 1525 1813 1593 egrediar

164 1634 257 1670 non
283 1618 428 1670 valeo
458 1616 738 1681 invenire,
773 1614 908 1685 quia
937 1620 990 1667 te
1042 1614 1351 1666 Dominum
1404 1614 1605 1677 Deum,
1638 1629 1811 1683 quem

163 1722 352 1774 rogare,
382 1710 435 1758 et
462 1706 625 1775 cujus
658 1707 941 1773 prmcepta
994 1702 1236 1772 implere
1269 1701 1459 1769 debui,
1510 1718 1612 1772 per
1650 1700 1813 1755 devia

1928 550 2022 603 sed
2072 550 2248 602 invite
2293 567 2325 602 a
2375 554 2428 603 te
2476 554 2635 619 putat
2685 549 3037 603 solvendum.
3094 551 3235 604 Nam
3276 554 3448 606 semel
3499 560 3625 609 ate

1927 638 2256 692 hominibus
2304 638 2512 691 librum
2562 639 2759 691 datum
2812 638 3116 691 arbitrium
3171 656 3285 692 non
3335 641 3500 696 debet
3541 660 3627 697 re-

1926 727 2112 781 vocari
2165 726 2224 780 in
2253 726 2479 779 irritum
2516 742 2529 779 :
2564 731 2625 778 ut
2653 726 2750 796 qui
2799 744 2857 779 se
2906 727 3127 797 proprii
3168 728 3387 781 arbitrii
3428 731 3623 799 subju-

1927 816 2094 885 gabat
2116 815 2366 881 servitio,
2398 820 2496 868 tuo
2539 815 2660 868 solo
2694 820 3044 869 restauretur
3071 816 3335 886 imperio.
3375 818 3529 871 Nosti
3564 819 3622 872 in

1926 907 2033 959 hoc
2065 905 2259 971 etiam,
2292 904 2529 957 Domine
2553 904 2720 971 Dens,
2751 901 2774 938 ιι
2798 910 2918 957 esto
2942 904 3055 957 mei
3090 922 3103 958 :
3136 922 3240 958 nec
3271 906 3371 960 tibi
3400 906 3623 961 foveam

1923 992 2162 1062 periculi
2213 992 2325 1045 mei
2372 993 2604 1045 celatus.
2663 994 2872 1045 Verum
2927 992 3065 1062 quia
3112 994 3333 1046 diversa
3379 1000 3518 1058 arte,
3567 1000 3625 1048 et

1922 1080 2078 1134 vario
2129 1080 2482 1151 deceptionis
2541 1080 2800 1145 articulo,
2864 1097 2956 1133 me
3015 1082 3281 1135 inimicus
3337 1083 3621 1136 volentem

1924 1170 2139 1237 ligavit,
2189 1169 2279 1221 cui
2322 1186 2438 1222 non
2498 1185 2682 1233 mens,
2732 1174 2796 1222 ut
2839 1169 3055 1235 debuit,
3106 1171 3465 1238 repugnavit,
3523 1172 3622 1226 sed

1922 1259 2076 1311 velut
2107 1258 2381 1311 obediens
2413 1272 2616 1310 manus
2648 1258 2922 1311 vinctura}
2965 1258 3147 1323 dedit;
3182 1259 3336 1323 inde,
3366 1259 3623 1328 piissime

1924 1347 2094 1413 Deus,
2123 1346 2454 1413 assistejam
2480 1346 2687 1398 misero
2714 1346 3033 1415 pmnitenti,
3068 1352 3125 1399 at
3154 1352 3210 1399 et
3232 1362 3354 1399 sere
3386 1362 3488 1399 sua
3522 1346 3618 1399 de-

1922 1434 2052 1487 licta
2091 1434 2423 1503 plangenti;
2457 1439 2513 1487 et
2562 1435 2781 1487 redime
2830 1452 2983 1489 nunc
3009 1436 3182 1488 etiam
3223 1436 3547 1505 specialiter
3594 1451 3624 1487 a

1923 1523 2046 1576 diro
2070 1524 2362 1591 praedone,
2396 1540 2565 1593 quem
2594 1524 2713 1592 jam
2744 1525 3091 1593 generaliter
3117 1524 3302 1594 pretio
3325 1523 3622 1591 sanguinis

1920 1612 2005 1665 tui
2039 1612 2349 1665 redemisti.
2389 1612 2603 1678 Dicam,
2641 1614 2904 1681 Domine,
2928 1630 2963 1683 y
2995 1614 3148 1667 audi.
3186 1614 3377 1666 Prmbe
3410 1620 3468 1667 tu
3506 1614 3620 1667 vir-

1921 1704 2102 1753 tutem
2142 1700 2390 1764 dicendi,
2440 1707 2494 1754 et
2534 1718 2599 1755 ea
2641 1719 2768 1773 quae
2801 1702 2995 1755 dixero
3040 1708 3101 1756 tu
3155 1702 3277 1772 ipse
3331 1708 3623 1774 acceptare

164 1760 438 1863 gradiendo
474 1760 617 1846 mihi
658 1760 871 1846 iratum
904 1791 1030 1845 feci.
1068 1760 1131 1844 ἐι
1172 1791 1305 1843 inde
1357 1760 1627 1860 est’qiiod
1676 1806 1809 1859 pro-
1852 1760 1891 1814 Β
1923 1788 2180 1858 dignare.
2216 1760 2481 1859 Nunquid
2508 1791 2519 1824 ί
2549 1807 2615 1843 ea
2647 1760 2775 1861 quae
2809 1807 2899 1845 me
2930 1760 3484 1862 undique‘premunt
3532 1797 3618 1860 tu,

163 1883 411 1952 longatam
456 1880 847 1951 captivitatem
922 1879 1177 1933 sentiens
1223 1878 1413 1942 doleo,
1470 1878 1811 1947 nullumque

162 1970 495 2023 redimentem
567 1986 659 2023 me
717 1969 909 2022 adesse
980 1967 1307 2037 praesentio.
1361 1966 1578 2020 Gaudet
1634 1966 1813 2018 hostis

164 2074 295 2112 meus
333 2060 477 2129 quod
530 2064 588 2111 te
635 2058 843 2110 iratum
890 2056 1090 2109 videt:
1124 2056 1388 2123 exsultat,
1447 2070 1577 2107 cum
1633 2070 1724 2107 me
1780 2071 1814 2108 a

164 2152 289 2200 tanto
320 2149 473 2201 Patre
506 2146 808 2217 expulsum
847 2145 1021 2198 sentit
1052 2160 1065 2197 :
1104 2143 1397 2213 tripudiat,
1454 2158 1584 2195 cum
1615 2158 1703 2195 me
1735 2142 1814 2195 ita

162 2236 449 2289 destitutum
481 2234 799 2305 cognoscit.
840 2233 949 2287 Sed
981 2239 1061 2299 tu,
1089 2234 1255 2295 Deus,
1290 2231 1388 2302 qui
1422 2231 1813 2284 misericordia

162 2341 299 2394 super
325 2341 490 2394 opera
528 2330 633 2378 tua
664 2324 855 2392 largus
884 2327 1213 2391 praepotens
1234 2337 1314 2383 es,
1362 2319 1461 2390 qui
1499 2319 1814 2390 peccatoris

160 2429 252 2465 non
278 2419 531 2477 mortem,
566 2413 667 2466 sed
702 2410 1083 2464 reversionem
1116 2409 1185 2462 ad
1220 2413 1272 2461 te
1304 2413 1434 2477 post
1466 2409 1687 2477 lapsum
1724 2410 1812 2460 in-

159 2502 305 2571 quiris
336 2503 543 2572 (Ezech.
590 2517 780 2567 xxxiii,
835 2499 941 2569 11),
983 2499 1084 2568 qui
1140 2498 1269 2566 plus
1319 2496 1591 2567 pietatem
1641 2513 1813 2567 quam

159 2590 397 2643 ultionem
443 2589 662 2659 diligis,
712 2605 814 2642 nec
858 2588 1161 2658 judicium,
1215 2587 1311 2640 sed
1361 2585 1815 2639 misericordiam

156 2679 482 2747 peccantibus
528 2677 787 2741 exhibes,
838 2677 1032 2730 adesto
1068 2675 1210 2729 mihi
1257 2674 1465 2728 misero
1510 2674 1811 2744 peccatori,

157 2772 201 2819 et
224 2784 341 2820 erue
376 2772 429 2820 te
460 2766 633 2820 corde
667 2766 911 2819 contrito
943 2768 1316 2835 quaerentem.
1352 2763 1506 2816 Mitte
1555 2762 1701 2815 mihi
1747 2762 1815 2816 de

156 2856 380 2926 supernis
411 2856 718 2921 auxilium,
766 2870 869 2923 per
898 2854 1052 2923 quod
1097 2853 1316 2905 valeam
1358 2851 1610 2905 hostium
1660 2866 1815 2903 meo-

156 2959 256 2996 rum
287 2945 512 3014 rejicere
539 2946 769 3014 jugum.
806 2943 1035 3012 Repelle
1077 2941 1398 2995 dominium
1428 2946 1763 2993 consuetum
1798 2955 1811 2991 :

156 3032 412 3103 disrumpe
451 3034 684 3086 vincula
712 3032 1189 3102 perplexionum;
1227 3035 1503 3095 restaura,
1553 3028 1814 3093 Domine,

156 3137 298 3190 opera
340 3128 451 3176 tuae
507 3119 764 3186 fabricae,
818 3126 874 3173 et
921 3119 1359 3173 similitudinem
1410 3123 1588 3183 tuam,
1641 3131 1817 3186 quam

153 3210 383 3265 inimicus
422 3210 655 3267 invasit.
701 3210 779 3263 mi
833 3209 1088 3262 restitue.
1155 3208 1280 3261 Noli
1328 3222 1621 3276 spernere,
1670 3206 1817 3258 Deus

154 3314 303 3365 meus,
353 3316 523 3370 quem
574 3298 914 3352 mirabiliter
970 3298 1293 3362 condidisti,
1345 3311 1632 3366 quemque
1692 3293 1815 3346 sine

153 3390 541 3458 comparatione
610 3386 926 3440 mirabilius
972 3386 1288 3439 redemisti.
1346 3383 1548 3438 Fecisti
1598 3399 1687 3436 me
1756 3386 1818 3435 ut

154 3481 306 3529 rectus
331 3478 726 3547 conspicerem
751 3476 977 3541 coelum,
1012 3475 1071 3527 iu
1104 3491 1218 3545 quo
1250 3480 1307 3527 et
1339 3473 1479 3526 mihi
1510 3471 1815 3542 praemium

152 3566 457 3633 promiseras
510 3566 934 3633 indisruptum;
988 3563 1085 3617 sed
1145 3562 1478 3633 iniquitates
1536 3577 1677 3613 mea:
1730 3560 1816 3613 di-

152 3660 439 3708 merserunt
465 3671 561 3707 me
590 3653 802 3707 inferni
845 3652 1216 3721 profundum,
1259 3657 1315 3703 et
1362 3651 1553 3703 nullus
1593 3654 1679 3701 est
1717 3648 1817 3719 qui

153 3748 286 3796 eruat
305 3744 423 3812 jam
453 3744 776 3797 dimersum
823 3751 861 3791 ε.
899 3740 1167 3810 Nunquid
1206 3738 1382 3793 hostis
1410 3739 1514 3791 iste
1553 3742 1816 3791 versutus

152 3836 197 3883 et
216 3832 439 3885 callidus
476 3832 590 3886 tibi
621 3831 865 3885 Domino
900 3845 1033 3882 vero
1066 3828 1216 3882 valet
1242 3827 1485 3880 existere
1522 3825 1720 3879 obvius
1750 3823 1815 3877 δί)

152 3919 299 3972 Absit.
331 3922 524 3992 Neque
571 3920 667 3973 ille
698 3919 1048 3982 subsisteret,
1106 3917 1218 3970 nisi
1272 3934 1302 3969 a
1358 3921 1412 3969 te
1471 3913 1814 3968 subsistendi

151 4012 326 4061 statum
366 4009 669 4078 acciperet.
709 4005 927 4078 [Quem]
954 4018 978 4046 ο
1005 4005 1103 4075 qui
1137 4022 1169 4057 a
1214 4008 1269 4057 te
1303 4009 1524 4057 creatus
1564 4003 1621 4056 in
1680 4002 1813 4056 bea-

151 4094 361 4151 titudine
402 4097 535 4162 fuit,
570 4096 631 4149 in
679 4112 791 4165 qua
821 4100 970 4147 stare
1002 4094 1267 4146 elationis
1299 4097 1521 4145 tumore
1552 4109 1669 4145 non
1717 4107 1816 4145 vo-

148 4181 252 4250 luit,
292 4203 322 4239 a
366 4190 422 4240 te
475 4186 653 4240 etiam
697 4183 865 4237 hodie
905 4183 1143 4252 regitur,
1198 4182 1328 4235 licet
1375 4182 1478 4235 tibi
1521 4181 1815 4234 adversere

149 4278 371 4327 conetur.
402 4274 552 4338 Quia
576 4272 887 4343 quodquod
918 4272 1209 4325 voluntate
1236 4270 1415 4339 impia
1445 4270 1504 4323 in
1535 4286 1640 4322 nos
1663 4285 1817 4323 exer-

148 4374 249 4413 cere
277 4366 454 4431 putat,
504 4361 613 4414 tibi
642 4366 699 4413 et
744 4361 803 4413 in
846 4360 955 4413 hoc
998 4359 1173 4412 etiam
1226 4358 1402 4411 invite
1436 4357 1648 4411 inscius
1695 4374 1812 4410 ser-

147 4449 323 4503 viendo
367 4449 700 4504 concordat.
744 4448 933 4519 Ipsius
976 4448 1128 4501 enim
1162 4447 1513 4500 voluntatem
1555 4446 1764 4499 malam
1797 4445 1815 4479 τ

149 4541 228 4590 tua
251 4544 497 4610 potestas
542 4542 769 4591 coercet
793 4538 966 4608 justa.
1005 4538 1068 4590 Et
1114 4536 1252 4590 illud
1285 4536 1439 4600 quod
1478 4552 1593 4589 non
1622 4536 1814 4588 caecati

148 4623 380 4696 iniquum
411 4633 711 4698 putamus,
756 4625 975 4693 justum
1037 4624 1380 4695 permissum
1427 4639 1460 4676 a
1507 4625 1660 4694 justo
1714 4625 1811 4678 Ju-

150 4711 248 4767 dice
299 4733 409 4771 non
464 4731 769 4786 negamus.
820 4714 985 4784 Apud
1040 4718 1096 4766 te
1136 4713 1289 4766 enim
1335 4727 1501 4765 suum
1553 4711 1812 4765 ordinem

148 4803 311 4857 omnia
337 4804 580 4863 habent,
627 4802 887 4873 nihilque
923 4801 1242 4855 inordinate
1293 4800 1354 4853 in
1403 4800 1683 4853 mundum
1726 4799 1813 4852 in-

149 4893 314 4946 currit.
352 4893 608 4964 }Equum
642 4890 795 4944 enim
837 4896 939 4954 est,
977 4888 1237 4957 Domine,
1276 4893 1338 4942 ut
1379 4888 1480 4958 qui
1536 4904 1595 4941 se
1645 4904 1816 4958 spon-

147 4983 285 5033 tanee
334 4982 568 5035 diabolo
606 4994 636 5034 s
682 4980 1065 5049 subjugarunt
1108 4977 1385 5045 dominio,
1432 4975 1641 5030 subditi
1683 4992 1813 5047 per-

148 5075 387 5123 maneant
406 5086 526 5141 quo
555 5069 855 5138 elegerunt
874 5067 1114 5121 arbitrio
1146 5066 1402 5137 proprio,
1432 5066 1690 5137 quisquis
1719 5067 1815 5120 ille

202 5201 223 5225 ³
256 5195 370 5260 115.,
404 5200 589 5249 atrus.

204 5265 226 5305 Β
259 5265 374 5329 Ms,
403 5271 569 5333 prato
597 5264 835 5332 plausto.

202 5344 220 5367 ε
256 5339 347 5388 Ms.
360 5378 373 5399 ,
404 5336 706 5388 diuersum.

204 5403 227 5440 δ
261 5407 479 5471 Obvius,
515 5422 557 5473 ι,
592 5421 642 5458 e.
675 5404 1012 5472 contrarius,
1045 5403 1341 5459 adversus.

208 5480 228 5506 ⁸
262 5477 587 5540 Redundat,
612 5476 700 5529 vel
728 5475 837 5528 alia
866 5475 1100 5530 desunt.

208 5545 224 5579 ί
257 5548 376 5611 Ms.,
403 5549 662 5603 voluntas
693 5547 860 5600 mala.

210 5630 235 5669 ε
270 5619 569 5685 Diabolico,
596 5617 682 5671 vel

1922 1876 2179 1943 Creator,
2218 1878 2491 1948 ignoras?
2535 1880 2805 1949 Nunquid
2857 1881 3006 1950 quod
3050 1897 3252 1951 rogare
3322 1881 3509 1951 cupio,
3553 1887 3613 1935 tu

1920 1970 2051 2018 ante
2098 1982 2216 2019 non
2251 1966 2444 2020 vides?
2495 1968 2762 2038 Nunquid
2810 1970 3055 2022 celatum
3104 1968 3209 2022 tibi
3257 1970 3470 2041 aliquid
3512 1976 3615 2037 est,

1922 2058 2053 2107 ante
2087 2070 2203 2107 non
2232 2054 2429 2109 omnia
2477 2055 2582 2109 tibi
2616 2056 2790 2109 etiam
2830 2056 3069 2111 obscura
3096 2058 3158 2110 in
3192 2058 3315 2111 luce
3355 2064 3489 2112 sunt
3526 2076 3619 2129 po-

1920 2142 2075 2196 sita?
2104 2144 2188 2197 Tu
2226 2149 2376 2196 certe
2407 2161 2465 2197 es
2498 2144 2598 2213 qui
2629 2145 2817 2199 cordis
2844 2147 3063 2199 occulta
3094 2146 3267 2213 vides,
3302 2146 3401 2216 qui
3451 2147 3621 2201 laten-

1920 2230 1998 2283 tia
2031 2231 2435 2301 prospiciendo
2456 2232 2773 2301 cognoscis,
2809 2232 2907 2303 qui
2956 2233 3332 2304 cogitationes
3385 2234 3623 2288 discutis

1922 2324 2091 2390 atque
2124 2320 2394 2373 ulciscis:
2446 2321 2544 2391 qui
2594 2321 2750 2375 enim
2782 2322 3047 2376 universa
3095 2323 3334 2377 consilio
3390 2325 3621 2377 salutari

1923 2408 2147 2473 creasti,
2199 2409 2467 2461 universo
2524 2410 2696 2463 etiam
2758 2412 3151 2480 cognoscendo
3203 2412 3463 2467 librasti:
3522 2413 3618 2467 sed

1923 2496 2337 2550 confessionem
2364 2498 2679 2567 peccatoris
2709 2503 3018 2569 exspectas.
3070 2500 3194 2553 Non
3231 2500 3620 2553 narrationem

1924 2584 2165 2655 indiges,
2200 2585 2297 2638 sed
2352 2585 2465 2638 oris
2504 2586 2920 2656 professionem
2968 2587 3228 2658 inquiris.
3259 2590 3371 2642 Nec
3396 2592 3621 2642 tantum

1924 2674 2137 2744 linguae
2200 2660 2481 2743 quantum
2540 2676 2726 2729 cordis
2781 2676 3168 2730 humilitatem
3235 2682 3516 2747 acceptas,
3566 2684 3624 2731 et

1926 2762 2274 2815 munditiam
2323 2779 2537 2829 veram,
2588 2781 2717 2818 cum
2759 2764 2833 2817 sis
2883 2765 3414 2835 incomparabiliter
3448 2782 3622 2819 mun-

1928 2850 2055 2915 dus,
2112 2867 2177 2903 ex
2237 2851 2404 2904 corde
2478 2868 2622 2922 puro
2674 2852 3083 2907 sanctificando
3140 2854 3422 2923 praelibas.
3482 2856 3621 2907 Ecce

1927 2939 2101 3006 enim,
2166 2939 2428 3005 Domine,
2475 2957 2621 3009 puro
2680 2941 2849 2994 corde
2899 2942 3104 2995 delicta
3151 2958 3277 2995 mea
3324 2943 3621 3007 conﬁteor,

1858 3055 1897 3109 ο
1930 3028 2075 3081 sicut
2115 3033 2176 3081 tu
2212 3029 2331 3098 ipse
2372 3030 2667 3083 verissime
2710 3030 2883 3096 nosti,
2917 3037 2973 3084 et
3016 3032 3085 3085 ab
3124 3047 3321 3084 eorum
3356 3032 3625 3086 illecebra

1924 3132 2019 3168 me
2047 3121 2164 3169 tota
2186 3121 2376 3169 mente
2404 3116 2602 3186 icupio
2634 3119 2945 3184 retrahere,
2978 3120 3073 3171 sed
3094 3120 3452 3173 vinculorum
3469 3137 3618 3190 proe-

1926 3205 2147 3258 ditione
2174 3221 2482 3271 connexus,
2511 3206 2667 3275 quod
2709 3207 3001 3276 promitto,
3032 3223 3254 3277 nequeo
3282 3209 3618 3277 adimplere.

1927 3294 2085 3348 Unde
2117 3294 2199 3359 fit,
2230 3298 2295 3346 ut
2315 3294 2571 3364 quotidie
2601 3296 2713 3348 voti
2745 3296 2858 3348 mei
2899 3297 3299 3367 prmvaricatos
3348 3296 3616 3360 existens,

1924 3383 2077 3437 unde
2112 3399 2203 3436 me
2233 3383 2405 3436 debui
2457 3384 2723 3455 lacrymis
2755 3385 3017 3456 irrigare,
3040 3386 3283 3456 jugique
3334 3386 3473 3439 ﬂetu
3528 3402 3620 3439 me

1922 3474 2108 3523 totum
2143 3471 2451 3536 mundare;
2494 3472 2627 3525 inde
2670 3474 2918 3543 amplius
2951 3474 3275 3527 sordidatus
3322 3474 3465 3527 nihil
3510 3474 3621 3527 nisi

1923 3564 2300 3629 augmentum
2364 3562 2705 3629 congemino
2761 3563 2963 3632 culpae.
3020 3563 3221 3633 Sicque
3255 3563 3405 3633 quod
3456 3579 3621 3616 mens

1922 3650 2010 3701 vel
2043 3648 2343 3717 paululum
2383 3665 2450 3701 ex
2481 3655 2579 3702 tuo
2618 3650 2769 3703 dono
2802 3652 2827 3684 ³(
2858 3667 3061 3720 capere
3093 3668 3150 3705 se
3181 3652 3412 3722 gaudet,
3456 3652 3619 3706 iden-

1924 3736 2103 3789 tidem
2144 3736 2610 3805 supplantatione
2655 3739 2836 3791 hostis
2884 3741 2970 3792 vel
3020 3740 3266 3809 segnitia
3315 3740 3505 3793 cordis
3562 3758 3621 3794 se

1923 3824 2211 3893 privatum
2249 3840 2595 3894 magnopere
2623 3827 2820 3895 gemit,
2857 3831 2911 3880 et
2936 3828 3087 3880 unde
3119 3828 3227 3880 hoc
3258 3836 3622 3897 recuperaret

1927 3910 2111 3964 inesse
2153 3911 2260 3964 sibi
2295 3928 2407 3964 non
2446 3913 2634 3965 sentit.
2673 3912 2833 3982 Viget
2864 3914 3017 3967 enim
3050 3912 3109 3967 in
3155 3929 3245 3966 me
3282 3915 3622 3968 naturaliter

1923 4016 1956 4053 a
1999 4006 2053 4053 te
2101 4001 2380 4054 insertum
2438 4000 2634 4054 lumen
2685 4002 2956 4068 scientiae,
2990 4018 3094 4071 per
3140 4002 3291 4072 quod
3330 4018 3458 4072 quae
3512 4018 3619 4072 ago

1922 4105 2184 4159 perpere,
2224 4090 2441 4142 malum
2472 4107 2583 4142 non
2617 4091 2808 4143 nescio
2842 4106 2981 4143 esse.
3016 4090 3177 4153 Quod
3216 4091 3227 4123 ¹
3260 4106 3351 4142 me
3409 4096 3465 4142 et
3496 4095 3619 4158 post

1924 4179 2282 4248 perationem
2324 4180 2588 4234 desiderii
2650 4180 2842 4233 dolore
2868 4180 3043 4233 afficit
3094 4180 3270 4249 gravi.
3323 4178 3431 4233 Sed
3485 4179 3621 4249 quia

1925 4267 2063 4321 dum
2111 4269 2441 4338 pcenitenda
2480 4270 2792 4331 committo,
2828 4274 2885 4322 et
2916 4268 3220 4321 commissa
3258 4284 3377 4321 non
3408 4267 3614 4334 deﬂeo,

1853 4352 1895 4404 Ι)
1925 4356 2045 4427 ipse
2078 4373 2169 4411 me
2205 4357 2427 4427 ingenti
2468 4357 2653 4411 afticio
2705 4358 2947 4425 damno;
2987 4357 3117 4412 inde
3168 4374 3272 4411 nec
3321 4374 3387 4411 ea
3424 4356 3618 4410 videre

1923 4460 2015 4498 me
2069 4450 2361 4515 computo,
2396 4462 2524 4515 quae
2553 4462 2671 4499 non
2717 4448 3060 4516 spernenda,
3093 4446 3187 4500 sed
3228 4445 3620 4516 amplectenda

1924 4550 2097 4604 opere
2130 4539 2184 4585 et
2215 4540 2402 4587 mente
2434 4534 2708 4588 hactenus
2734 4540 2921 4590 teneo.
2954 4537 3024 4589 Et
3051 4535 3112 4588 in
3143 4535 3351 4605 quibus
3384 4550 3473 4587 me
3504 4550 3620 4587 non

1924 4622 2144 4686 nolens,
2174 4622 2291 4675 imo
2331 4623 2543 4690 volens,
2587 4624 2831 4691 involvo,
2863 4628 2991 4692 post
3030 4625 3433 4694 voluptabrum
3466 4623 3620 4676 faecis

1923 4709 2084 4763 valde
2116 4709 2364 4766 detesto.
2405 4712 2530 4780 Ipse
2565 4710 2708 4764 mihi
2745 4712 2903 4765 testis
2938 4712 3137 4779 existo,
3185 4711 3340 4782 quod
3386 4711 3621 4781 iniquus

1925 4814 2223 4868 nunquam
2282 4798 2687 4869 iniquitatibus
2742 4799 3054 4853 terminum
3100 4816 3287 4870 pono:
3342 4804 3513 4869 atque
3551 4814 3617 4850 eo

1925 4888 2109 4957 magis
2154 4888 2275 4940 sine
2326 4887 2490 4941 venia
2520 4897 2558 4922 ω
2598 4888 2804 4958 punire
2846 4904 2937 4942 me
2984 4888 3045 4941 in
3077 4888 3269 4941 futuro
3318 4887 3617 4950 condoleo,

1926 4977 2082 5046 quod
2142 4992 2256 5030 non
2301 4976 2534 5042 inscius,
2591 4976 2689 5029 sed
2747 4981 2810 5029 ut
2856 4976 2994 5029 scita
3053 4992 3145 5030 me
3202 4980 3387 5029 totum
3420 4974 3619 5044 abysso

1926 5064 2243 5135 prazcipito.
2279 5064 2421 5128 Quid
2464 5065 2523 5118 in
2563 5064 2733 5119 tantis
2765 5065 3071 5119 sceleribus
3109 5063 3317 5134 agam?
3346 5061 3492 5126 Quid
3524 5062 3622 5114 tali

1997 5191 2022 5228 ιι
2057 5195 2113 5247 F.
2179 5192 2504 5247 addendum
2556 5194 2691 5248 dum.
2749 5192 2985 5246 Videtur
3044 5196 3100 5246 et
3153 5188 3371 5261 aliquid
3425 5191 3624 5258 postea

1926 5265 2142 5319 deesse.

1999 5335 2011 5369 ί
2048 5336 2168 5401 Ms.,
2200 5336 2342 5388 Nam
2375 5335 2530 5403 quid.

1997 5414 2009 5456 i
2052 5406 2175 5470 Ms.,
2208 5410 2314 5459 toto
2345 5409 2559 5461 mentis.

2002 5476 2030 5509 κ
2060 5476 2155 5542 M.,
2185 5475 2359 5531 domo.

2004 5547 2020 5580 ¹
2053 5547 2180 5615 Ms.,
2211 5546 2333 5612 Qui.

2001 5626 2041 5653 ω
2074 5618 2198 5684 Ms.,
2229 5620 2463 5673 ueniam.
