4098 6180
418 366 519 419 403

1782 361 2034 417 ALVARI
2075 361 2561 418 CORDUBENSIS

3824 361 3924 414 404

419 495 605 564 plagae
630 492 1105 546 medicamentum
1131 492 1459 561 apponam?
1489 492 1646 553 Quod
1670 492 1904 561 hujusce
1939 510 1970 543 a
2001 492 2122 545 vul-
2159 491 2208 545 Α
2239 491 2342 544 bus
2372 492 2525 545 enim
2547 492 2712 545 nobis
2739 492 3073 562 qualitatem
3108 494 3454 560 morborum,
3487 500 3547 547 tu
3594 494 3747 546 solus
3788 511 3923 564 pur-

420 582 542 636 neri
569 582 883 634 fomentum
915 578 1255 633 adhibeam?
1290 580 1459 632 Plane
1492 578 1711 649 nescio;
1746 580 1878 650 quia
1930 579 2119 651 ipsum

420 670 571 740 quod
605 668 738 731 scio,
784 684 885 737 per
927 667 1459 736 praevaricationem
1492 667 1717 736 ignoro.
1771 668 1839 721 Et
1897 670 2006 722 hoc
2038 673 2121 722 est

424 756 719 810 verissime
750 756 915 822 scire,
939 757 1089 827 quod
1124 761 1208 808 est
1224 757 1576 810 amarissime
1607 759 1761 810 llere.
1812 758 1952 811 Nam
1990 774 2120 828 quae

425 845 654 898 scienda
687 850 819 897 sunt
868 844 1031 909 scire,
1080 850 1133 897 et
1179 861 1242 898 ea
1296 862 1656 916 nequaquam
1710 862 1882 916 opere
1931 847 2120 900 adim-

420 935 611 1004 plere;
657 949 768 985 non
803 937 888 986 est
917 950 1115 986 vocare
1159 933 1470 999 scientiam,
1510 935 1607 988 sed
1651 941 1800 989 certe
1846 935 2122 989 fatuitatis

422 1038 646 1093 magnae
678 1022 1047 1076 dementiam.
1104 1023 1229 1075 Scio
1260 1023 1435 1087 enim,
1485 1023 1723 1076 Domine
1770 1024 1934 1089 Deus,
1987 1023 2124 1094 quia

422 1127 641 1181 pronus
672 1128 729 1163 es
760 1110 829 1164 ad
870 1110 1344 1176 misericordiam,
1385 1118 1438 1163 et
1471 1112 1781 1180 peccatoris
1815 1129 1929 1165 non
1962 1113 2122 1183 cupis

427 1200 759 1253 vindictam.
797 1200 860 1253 Et
886 1201 1026 1253 item
1059 1199 1208 1265 novi,
1254 1200 1403 1270 quod
1435 1206 1764 1269 praepotens
1811 1218 1869 1252 es
1910 1201 1967 1253 in
2001 1217 2119 1253 ma-

419 1289 633 1359 jestate,
661 1292 705 1354 b,
741 1292 795 1342 et
829 1292 889 1341 ut
936 1288 1099 1353 velle,
1142 1289 1223 1341 ita
1271 1288 1374 1341 tibi
1421 1288 1675 1357 subjacet
1722 1306 1905 1359 posse.
1954 1291 2019 1343 Et
2057 1306 2123 1342 ex

428 1378 597 1447 hujus
629 1377 710 1430 rei
739 1393 850 1448 qua
884 1383 936 1430 te
970 1393 1112 1430 noro
1136 1378 1193 1429 in
1229 1377 1497 1430 omnibus
1529 1379 1888 1447 prae-pollere,
1918 1382 2112 1431 utcun-

430 1482 542 1536 que
584 1465 794 1519 tiducia
838 1465 1086 1519 nascitur
1121 1465 1283 1529 mihi,
1321 1465 1456 1535 quia
1496 1470 1849 1534 peccatorem
1899 1482 2124 1535 semper

427 1554 739 1607 revocasti:
775 1554 869 1607 sed
915 1553 1007 1605 ubi
1036 1553 1319 1622 justitiam
1353 1558 1507 1605 tuam
1540 1553 1747 1622 cogito,
1785 1558 1842 1605 et
1880 1569 2122 1606 examen

420 1642 626 1712 judicii
660 1642 739 1694 tui
780 1647 972 1694 mente
1004 1646 1306 1710 pertracto,
1340 1641 1492 1694 illico
1521 1646 1582 1694 ut
1629 1658 1756 1694 cera
1786 1642 2123 1712 liquefactus

427 1731 675 1784 tabesco.
706 1729 976 1799 Nunquid
1002 1728 1230 1798 justitia
1253 1734 1350 1781 tua
1380 1728 1721 1799 injustitiam
1751 1729 1955 1799 probat
1984 1728 2120 1783 tua?

2231 593 2350 647 gas,
2385 578 2485 648 qui
2525 595 2581 633 es
2612 584 2810 633 auctor
2863 582 3255 635 membrorum
3291 598 3303 635 :
3355 588 3412 636 et
3461 581 3560 653 qui
3599 583 3925 637 animarum

2232 667 2423 720 ulcera
2453 667 2624 730 vides,
2659 669 2873 723 eisdem
2899 671 3140 741 speciale
3168 671 3488 724 fomentum
3524 672 3645 741 ipse
3696 687 3926 742 compo-

2231 771 2348 809 nes.
2382 757 2477 809 Pie
2510 757 2657 810 Deus
2700 765 2754 811 et
2805 760 3146 823 nuscrivors,
3194 760 3435 830 patiens,
3486 759 3829 829 longanimis
3865 766 3923 815 et

2234 860 2406 915 super
2442 846 2690 899 malitias
2728 847 3026 901 hominum
3076 849 3232 902 valde
3264 848 3577 918 placabilis,
3632 865 3926 903 comesum

2233 950 2263 986 a
2292 934 2489 987 bestiis
2519 935 2697 1005 erige,
2746 942 2799 990 et
2829 954 2859 989 a
2892 937 3206 991 latronibus
3249 938 3611 991 vulneratum
3666 939 3790 991 oleo
3825 938 3929 991 mi-

2233 1022 2559 1077 sericordias
2589 1026 2731 1079 fove.
2796 1026 3143 1080 Semirutum
3193 1027 3428 1091 zedilica,
3473 1033 3527 1080 et
3557 1044 3849 1081 corrosum
3894 1045 3929 1080 a

2233 1110 2402 1164 tineis
2460 1113 2862 1168 vestimentum
2914 1116 3140 1170 sarcire.
3191 1116 3249 1170 Si
3302 1115 3456 1169 enim
3508 1117 3645 1170 fullo
3696 1116 3929 1170 sordida

2233 1200 2568 1254 vestimenta
2615 1202 2824 1256 iterum
2874 1220 2975 1274 per
3019 1220 3227 1275 aquam
3272 1204 3417 1259 valet
3466 1205 3524 1257 in
3554 1204 3756 1258 decore
3804 1204 3926 1273 pri-

2233 1289 2382 1342 stino
2413 1290 2722 1345 reformare
2757 1310 2768 1346 :
2804 1299 3019 1362 quanto
3052 1294 3237 1363 potius
3268 1300 3349 1361 tu,
3385 1294 3583 1347 artifex
3623 1293 3772 1347 bone
3807 1293 3929 1345 sine

2234 1380 2687 1447 comparatione,
2725 1397 2815 1434 me
2846 1382 2891 1433 si
2934 1382 3179 1435 volucris
3223 1386 3383 1452 potes
3432 1383 3753 1436 mundare?
3800 1381 3930 1436 Scio

2234 1466 2389 1519 enim
2423 1468 2557 1536 quia
2603 1485 2800 1522 omnes
2848 1470 2988 1523 velis
3033 1471 3217 1524 facere
3249 1471 3432 1525 salvos
3484 1474 3534 1535 (Ι
3563 1474 3697 1525 Tim.
3742 1488 3795 1535 ιι,
3836 1470 3927 1540 4);

2233 1555 2331 1609 sed
2357 1556 2490 1609 huic
2520 1562 2632 1611 tuas
2678 1559 3050 1613 sanctissimae
3082 1560 3361 1613 voluntati
3411 1561 3494 1613 illi
3531 1562 3630 1630 qui
3664 1565 3930 1631 pereunt.

2234 1660 2292 1697 sc
2333 1645 2592 1714 praebent
2614 1646 2887 1719 indignos
2917 1665 2928 1701 :
2964 1649 3278 1703 secundum
3320 1666 3495 1719 opera
3538 1650 3689 1703 enim
3736 1656 3935 1702 nostra

2234 1738 2331 1786 aut
2363 1733 2707 1788 devoramur
2748 1752 2779 1788 a
2822 1736 3004 1790 bestia
3031 1734 3078 1803 ἀ,
3110 1742 3209 1789 aut
3239 1737 3613 1791 detrudamur
3642 1738 3931 1807 gehenna.

425 1823 525 1870 aut
582 1816 788 1870 veritas
849 1823 945 1870 tua
1002 1816 1301 1869 mendaces
1373 1816 1651 1871 coronat?
1706 1818 1973 1871 sanctitas
2022 1824 2120 1871 tua
2160 1792 2202 1848 Β
2236 1824 2371 1876 Ecce
2418 1823 2571 1877 enim
2618 1824 2834 1894 leprosi
2880 1825 3033 1878 illius
3064 1841 3258 1879 vocem
3299 1826 3599 1895 assumpsi,
3632 1825 3767 1896 quia
3824 1841 3933 1894 pe-

421 1905 651 1975 iniquos
682 1907 1055 1958 remunerat?
1083 1908 1145 1957 ut
1163 1921 1253 1958 me
1275 1903 1561 1975 iniquum,
1588 1905 1853 1976 impium,
1882 1912 1937 1959 et
1969 1922 2123 1959 men-

423 1994 639 2056 dacem,
674 1994 1027 2062 impunitum
1060 1993 1297 2046 evadere
1330 1993 1602 2047 credam?
1632 1993 1811 2047 Absit.
1853 1995 1973 2047 Imo
2004 1995 2124 2047 sine

429 2081 785 2135 dubitatione
824 2082 1150 2135 ﬁrmissime
1193 2081 1439 2146 credam,
1477 2098 1568 2134 me
1609 2082 1822 2135 similes
1855 2083 1968 2136 mei
1998 2083 2125 2136 odio

426 2171 728 2235 detestare,
764 2171 849 2223 vcl
884 2169 1175 2237 ulciscere,
1217 2185 1463 2223 summo.
1521 2171 1715 2240 Neque
1767 2170 1921 2223 enim
1966 2175 2128 2225 tene-

426 2258 546 2311 brm
575 2257 1051 2312 communitatem
1080 2258 1353 2312 fruuntur
1390 2258 1532 2311 lucis
1565 2277 1581 2311 :
1614 2274 1717 2312 nec
1754 2259 1904 2312 fetor
1949 2259 2127 2313 suavi-

428 2352 605 2401 tatem
632 2347 769 2401 boni
800 2346 948 2417 gerit
978 2346 1187 2400 odoris.
1229 2346 1391 2410 Quod
1433 2346 1481 2399 si
1508 2349 1670 2416 juxta
1711 2352 1766 2401 te
1814 2364 1982 2401 nemo
2026 2348 2124 2401 ha-

428 2436 573 2489 bitat
605 2441 793 2490 mente
841 2436 1142 2506 mulignus,
1176 2452 1278 2489 nec
1308 2437 1377 2489 ad
1414 2441 1468 2488 te
1499 2436 1789 2505 pertinget
1818 2435 1930 2489 nisi
1959 2437 2127 2491 corde

432 2531 487 2578 et
540 2541 778 2594 corpore
823 2530 1070 2589 sanctus,
1104 2524 1241 2594 quid
1288 2524 1356 2577 de
1402 2540 1493 2576 me
1541 2524 1726 2577 dicam
1764 2541 1870 2594 ego
1910 2525 2127 2579 fetidis-

432 2615 609 2668 simus
649 2613 861 2678 hircus,
900 2629 1071 2684 quem
1118 2612 1422 2666 assiduitas
1453 2612 1650 2683 iniqua
1682 2620 1745 2667 ut
1798 2614 2043 2667 crudelis
2074 2620 2130 2667 et

432 2702 711 2755 acerrima
741 2701 971 2755 domina
1005 2701 1075 2754 ad
1117 2701 1501 2770 perpetranda
1532 2701 1695 2771 quasi
1725 2700 2002 2755 violenter
2045 2706 2127 2756 at-

432 2792 609 2846 trahit
645 2791 900 2845 scelera?
932 2791 1078 2855 Quid
1107 2791 1165 2844 in
1198 2794 1355 2843 tanta
1397 2788 1747 2843 infelicitatis
1784 2806 1923 2844 mea:
1958 2791 2128 2845 mise-

434 2880 516 2932 ria
539 2880 845 2950 proferam,
872 2878 983 2932 nisi
1025 2884 1089 2932 ut
1118 2894 1316 2931 omnes
1347 2882 1565 2931 sanctos
1597 2877 1697 2930 tibi
1724 2879 1829 2931 soli
1853 2878 2126 2949 aperiam,

435 2970 535 3041 qui
568 2970 715 3023 nosti
750 2970 944 3024 omnia
974 2975 1280 3040 antequam
1308 2968 1481 3022 fiant?

2228 1910 2339 1979 jori
2373 1916 2435 1965 ut
2466 1911 2561 1966 ille
2585 1929 2673 1967 me
2707 1913 2891 1967 sentio
2932 1914 3219 1968 addictum
3246 1915 3413 1983 pesti.
3450 1914 3583 1968 Dico
3624 1930 3875 1984 namque
3910 1930 3925 1966 :

2236 2001 2305 2055 Si
2347 2003 2431 2053 vis
2481 2003 2717 2067 Domine,
2772 2007 2921 2070 potes
2974 2018 3055 2055 me
3096 2003 3363 2058 mundare
3409 2004 3627 2070 (Matth.
3678 2018 3792 2067 vin,
3851 2002 3928 2070 2).

2240 2088 2336 2141 Dic
2380 2088 2568 2152 verbo,
2624 2097 2680 2144 et
2738 2091 2978 2144 curabor
3028 2092 3097 2145 ab
3144 2092 3251 2145 isto
3292 2095 3489 2145 morbo
3536 2091 3765 2145 lethale.
3822 2091 3932 2143 Sed

2236 2178 2497 2247 nunquid
2546 2179 2873 2233 abbreviata
2922 2184 3005 2233 est
3064 2196 3268 2233 manus
3324 2186 3421 2234 tua
3478 2185 3539 2233 ut
3584 2181 3799 2233 salvere
3838 2195 3935 2232 ne-

2236 2267 2451 2336 queas?
2502 2272 2599 2320 aut
2650 2267 2802 2321 auris
2850 2273 2943 2321 tua
2992 2276 3299 2338 aggravata
3348 2274 3452 2334 est,
3497 2274 3560 2322 ut
3593 2284 3709 2322 non
3754 2285 3933 2321 exau-

2236 2355 2404 2408 dias?
2434 2355 2609 2410 Absit.
2648 2357 2757 2411 Sed
2792 2357 3120 2427 iniquitates
3172 2374 3311 2412 mea:
3343 2357 3733 2427 multiplicatae
3774 2363 3933 2423 sunt,

2237 2448 2293 2495 et
2351 2451 2584 2511 peccata
2640 2461 2768 2499 mea
2810 2452 3261 2516 aggravevarunt
3290 2462 3380 2499 me
3428 2446 3621 2498 nimis.
3657 2446 3763 2498 Per
3800 2460 3933 2515 quas

2239 2531 2412 2584 verba
2446 2548 2571 2585 mea
2601 2534 2853 2601 pondere
2886 2551 2986 2587 suo
3017 2550 3212 2604 pressa
3264 2550 3377 2587 non
3403 2535 3592 2587 valent
3621 2533 3688 2587 ad
3715 2538 3769 2586 te
3803 2549 3941 2602 per-

2237 2636 2370 2685 gere
2431 2625 2588 2674 rectu
2637 2632 2674 2675 ε.
2732 2623 2824 2675 Dic
2871 2624 3013 2691 jam,
3069 2622 3328 2687 Domine,
3382 2624 3538 2687 Volo;
3582 2623 3722 2675 Dic:
3793 2623 3941 2675 Tolle

2237 2709 2526 2773 grabatum
2554 2714 2726 2777 tuum,
2773 2716 2822 2763 et
2851 2712 3068 2764 ambula
3098 2710 3271 2779 (Joan.
3315 2728 3365 2778 v,
3409 2713 3480 2776 8).
3536 2711 3633 2762 Dic
3672 2709 3885 2762 misero
3923 2727 3935 2763 :

2248 2796 2412 2861 Vade,
2472 2803 2520 2850 et
2568 2801 2803 2866 amplius
2851 2801 2971 2867 jam
3016 2801 3127 2853 noli
3172 2815 3388 2867 peccare
3435 2799 3613 2868 (Joan.
3658 2815 3788 2865 vni,
3826 2802 3934 2869 ll).

2238 2885 2382 2948 Quia
2432 2892 2488 2938 et
2553 2888 2696 2939 cutis
2750 2888 2939 2941 lurida
2996 2887 3300 2956 pristinum
3350 2888 3596 2941 colorem
3652 2887 3670 2922 ί
3719 2887 3941 2957 recepit

2239 2973 2375 3027 dum
2410 2976 2550 3029 velle
2596 2984 2761 3029 tuum
2801 2977 3058 3030 audivit:
3108 2983 3164 3030 et
3207 2977 3550 3046 paralyticus
3597 2992 3728 3029 mox
3777 2976 3943 3046 pedi-

507 3062 557 3112 3.
591 3060 818 3125 Adesto,
852 3058 1092 3112 Domine
1125 3058 1193 3112 de
1225 3056 1636 3111 sublimissima
1665 3057 1792 3111 solii
1833 3057 1916 3111 tui
1974 3058 2128 3128 sede,
2169 3093 2208 3147 Ο
2241 3062 2343 3116 bus
2374 3063 2704 3132 ambulavit,
2752 3066 2889 3118 dum
2935 3071 3233 3134 gravatum
3284 3070 3643 3135 peccatorum
3694 3081 3941 3118 suorum

437 3154 493 3201 et
516 3147 694 3201 libera
721 3164 811 3201 me
843 3148 913 3201 ab
938 3147 1045 3201 isto
1069 3146 1167 3218 qui
1198 3162 1290 3201 me
1338 3147 1593 3201 furatum
1638 3152 1795 3200 tenet
1824 3163 1972 3201 saevo
2006 3147 2128 3200 draa

435 3252 575 3289 cone
609 3252 620 3289 :
666 3236 800 3307 quia
832 3240 894 3288 tu
927 3238 1081 3288 solus
1132 3235 1339 3289 fortem
1373 3236 1582 3305 ligasti,
1627 3241 1684 3289 et
1714 3252 1846 3288 vasa
1884 3236 2006 3305 ejus
2036 3253 2132 3305 p.0-

433 3329 620 3377 tenter
645 3324 936 3394 dirupisti,
968 3329 1137 3394 atque
1177 3339 1245 3376 ex
1281 3325 1553 3376 lateribus
1598 3324 1888 3393 aquilonis
1920 3325 2129 3394 smpius

437 3411 726 3465 civitatem
764 3418 1013 3465 sanctam
1065 3411 1169 3464 tibi
1201 3411 1342 3480 Regi
1388 3428 1596 3480 magno
1626 3413 1827 3465 fecisti.
1875 3412 2127 3479 .Editica,

442 3501 699 3564 Domine,
734 3500 793 3552 in
814 3500 983 3553 corde
1010 3515 1137 3552 meo
1161 3515 1367 3552 urnam
1400 3499 1645 3552 candore
1670 3500 1798 3552 vita:
1828 3501 2128 3567 nitentem,

438 3594 491 3642 et
518 3604 706 3642 arcam
738 3588 797 3640 in
829 3604 941 3658 qua
980 3592 1035 3641 tu
1073 3587 1329 3657 digneris
1357 3588 1686 3657 perenniter
1734 3589 1989 3643 habitare
2023 3606 2035 3643 :
2070 3592 2132 3644 in

439 3676 791 3747 quajugiter
822 3676 963 3745 legis
994 3681 1105 3759 tua;
1137 3676 1340 3729 notitia
1362 3676 1568 3745 vigeat,
1606 3681 1660 3729 ct
1691 3694 1723 3728 a
1751 3682 1825 3744 te,
1854 3678 1952 3747 qui
2002 3695 2132 3733 vera

438 3767 527 3820 via
557 3783 637 3831 es,
672 3782 969 3836 nunquam
1001 3765 1061 3819 in
1093 3765 1255 3819 devia
1298 3782 1458 3818 mens
1497 3765 1619 3835 ipsa
1646 3782 1751 3835 per
1781 3766 2023 3838 abrupta
2052 3767 2135 3821 in-

439 3855 619 3910 cedat.
673 3857 968 3920 Restaura,
1012 3855 1264 3917 Domine,
1312 3855 1537 3907 ruinam
1578 3856 1834 3923 corporis
1884 3872 2016 3919 mei,
2078 3862 2135 3910 et

438 3944 647 3998 mentis
690 3961 833 3998 meae
878 3944 1136 4014 vigorem
1187 3944 1532 4012 redintegra,
1585 3949 1641 3997 et
1688 3944 2134 3997 innumerabiles

441 4034 669 4089 dolores
718 4049 861 4104 quos
902 4034 1098 4103 lingua
1153 4047 1422 4085 enarrare
1471 4048 1588 4084 non
1638 4032 1803 4096 valet,
1845 4033 2133 4087 antidotus

440 4123 540 4175 illa
573 4126 670 4174 tua
694 4121 934 4174 caelestis
961 4121 1028 4174 de
1057 4120 1367 4173 visceribus
1410 4120 1601 4172 demat
1630 4139 1645 4172 :
1690 4137 1820 4173 nam
1863 4121 1908 4173 si
1932 4128 2134 4176 cuncta

440 4209 500 4262 in
542 4225 672 4279 qua:
716 4218 735 4243 α
785 4208 1002 4278 prorui,
1048 4209 1136 4261 vel
1181 4208 1454 4261 hactenus
1498 4208 1677 4277 jaceo,
1730 4209 1920 4261 minus
1961 4227 2135 4279 parva

441 4299 661 4350 edicere
715 4296 879 4366 quasi
945 4296 1336 4349 enumerando
1392 4295 1647 4357 voluero,
1720 4302 1781 4349 ut
1846 4302 1900 4350 te
1962 4301 2131 4362 nosti,

2239 3167 2271 3204 a
2316 3156 2370 3205 te
2409 3165 2436 3206 ς
2484 3153 2783 3206 dimissum
2829 3154 3139 3225 cognovit:
3194 3160 3247 3207 et
3284 3154 3541 3207 adultera
3586 3170 3711 3207 mox
3759 3154 3942 3207 illaesa

2240 3239 2414 3293 evasit
2444 3241 2651 3308 (lbid.),
2695 3241 2832 3295 dum
2878 3246 2933 3294 et
2992 3242 3281 3313 praeterita
3325 3246 3379 3295 et
3441 3243 3740 3312 sequentia
3801 3258 3940 3311 pec-

2240 3330 2364 3379 cata
2404 3343 2435 3379 a
2478 3333 2531 3380 te
2571 3328 2679 3380 sibi
2716 3329 2950 3382 dimissa
2994 3331 3266 3400 percepit.
3324 3331 3592 3400 Nunquid
3645 3334 3729 3382 est
3778 3330 3940 3384 aliud

2239 3416 2351 3468 noli
2376 3431 2597 3483 peccare
2646 3415 2670 3449 ¹¹
2701 3418 2968 3486 deinceps,
3024 3419 3130 3471 nisi
3183 3420 3419 3472 ulterius
3471 3435 3587 3472 non
3630 3419 3942 3488 peccabis?

2243 3504 2310 3555 Et
2357 3503 2493 3573 quid
2540 3510 2623 3557 est
2649 3506 2842 3560 aliud:
2901 3509 3043 3561 Tolle
3070 3508 3360 3575 grabatum
3393 3513 3562 3571 tuum,
3597 3514 3646 3560 et
3682 3506 3940 3569 ambula;

2242 3590 2371 3657 nisi,
2406 3592 2576 3659 rejice
2606 3599 2898 3662 peccatum
2944 3601 3130 3661 tuum,
3168 3602 3224 3648 et
3274 3613 3376 3665 per
3408 3602 3728 3648 sanctorum
3789 3594 3943 3664 pede

2242 3680 2374 3732 trita
2405 3680 2671 3751 deinceps
2710 3683 2908 3736 incede
2943 3684 3215 3754 vestigia?
3262 3684 3473 3738 Dixisse
3532 3683 3683 3736 enim
3744 3686 3942 3747 tuum,

2243 3768 2482 3821 Domine
2524 3771 2674 3835 .lesu,
2710 3771 2908 3825 fecisse
2955 3778 3056 3826 est.
3097 3773 3139 3826 Ο
3191 3773 3411 3827 felicem
3463 3788 3573 3837 me,
3624 3772 3671 3824 si
3726 3771 3945 3824 harum

2241 3856 2495 3926 aliquam
2530 3874 2722 3912 vocem
2774 3862 2983 3929 pectori
3023 3878 3148 3914 meo
3179 3879 3211 3914 a
3257 3868 3311 3915 te
3346 3862 3639 3915 insonaret
3679 3859 3871 3913 infuse
3906 3860 3943 3913 ί.

2242 3945 2399 3997 Tunc
2431 3945 2549 4014 jam
2584 3947 2764 4012 lmtus,
2795 3952 2930 4001 tunc
2968 3949 3087 4018 jam
3119 3965 3371 4015 securus,
3405 3955 3539 4002 tunc
3563 3949 3680 4017 jam
3713 3964 3784 4001 ex
3817 3949 3947 4016 jus-

2242 4032 2399 4085 sione
2433 4034 2655 4111 Domini
2688 4036 2799 4088 mei
2832 4037 3163 4104 mundatus,
3196 4037 3483 4091 crederem
3515 4053 3607 4089 me
3648 4052 3771 4089 esse
3804 4043 3948 4088 tuus

2243 4121 2608 4175 fidelissimus
2652 4140 2863 4183 servus,
2912 4125 3047 4195 quia
3101 4141 3204 4178 nec
3237 4125 3307 4178 ad
3357 4142 3447 4178 me
3486 4125 3621 4177 talia
3664 4124 3949 4177 insonare

2243 4208 2489 4277 fecisses,
2524 4212 2635 4265 nisi
2668 4229 2756 4265 me
2781 4213 2898 4282 jam
2935 4214 3275 4267 mundatum
3310 4214 3527 4283 tibique
3573 4212 3947 4266 obedientem

2244 4298 2556 4367 praescires,
2589 4300 2705 4354 imo
2732 4302 3029 4355 atenebris
3059 4302 3419 4356 educendum
3452 4301 3511 4354 in
3544 4316 3674 4353 vero
3717 4300 3953 4354 lumine

440 4386 614 4438 tinem
679 4400 976 4453 nunquam
1047 4400 1206 4437 meus
1254 4384 1493 4453 accipiet
1548 4400 1753 4437 sermo.
1816 4386 2131 4442 Debueram
2172 4391 2217 4444 D
2247 4390 2558 4456 coaptares.
2598 4389 2738 4456 Fiat,
2774 4390 3029 4456 Domine,
3066 4390 3457 4445 misericordia
3488 4393 3587 4441 tua
3616 4404 3793 4457 super
3825 4404 3951 4453 me,

442 4474 598 4526 enim
628 4472 964 4543 singillatim
997 4472 1420 4542 inexplicabilia
1447 4472 1706 4543 digerere
1737 4472 1891 4537 vitia,
1945 4482 2001 4527 et
2030 4491 2135 4544 pro

442 4577 787 4631 unaquaque
829 4576 976 4613 nova
1023 4559 1344 4631 specialiter
1390 4564 1442 4613 te
1497 4561 1803 4615 Dominum
1853 4562 2131 4633 ﬂagitare,

443 4655 613 4720 atque
661 4654 858 4702 contra
906 4649 1057 4719 ipsas
1107 4648 1511 4702 invalitudines
1567 4650 1906 4705 medicinam
1955 4658 2134 4718 tuam,

441 4744 606 4809 pater
631 4736 907 4808 piissime,
954 4737 1283 4808 implorare.
1319 4736 1429 4791 Sed
1476 4738 1739 4808 nunquid
1790 4744 1850 4791 ut
1883 4741 2136 4794 medicus

442 4827 523 4881 ita
550 4826 847 4896 passiones
885 4825 1141 4896 inspicis,
1193 4831 1249 4879 et
1278 4842 1393 4880 non
1436 4826 1615 4895 magis
1670 4830 1731 4879 ut
1775 4827 2007 4881 Creator
2053 4845 2135 4882 re-

442 4915 634 4970 media
660 4914 1051 4969 laborantibus
1096 4915 1406 4969 clementer
1460 4914 1768 4985 impartis?
1832 4917 2137 4970 Nescienti-

511 5069 536 5093 ι
576 5060 698 5125 Ms.,
728 5058 891 5129 hujus
921 5074 1052 5114 se...
1089 5059 1401 5113 adhibeant.

510 5133 537 5173 ι)
578 5132 699 5195 Ms.,
733 5136 1052 5196 magestate.
1087 5130 1175 5183 Sic
1208 5130 1379 5183 etiam
1415 5130 1647 5201 Hispani
1684 5131 1987 5184 vernaculo
2026 5147 2137 5185 ser-

441 5217 615 5255 mone
645 5200 885 5254 dicimus
910 5201 1214 5269 magestad.

511 5280 531 5305 θ
571 5272 690 5339 Ms.,
723 5273 780 5326 in
814 5286 936 5341 quo.

511 5343 539 5385 ἀ
563 5343 699 5414 _Ms.,
750 5342 1068 5414 deferamur
1099 5357 1135 5395 a
1166 5342 1334 5396 bestia
1367 5359 1379 5397 :
1424 5343 1613 5397 littera
1651 5344 1699 5410 f,
1751 5359 1856 5414 pro
1886 5360 1939 5408 υ,
1992 5342 2137 5398 sicut

442 5411 722 5480 proﬂema
757 5429 769 5465 :
806 5413 1192 5481 adprofemus.

514 5494 535 5518 ·
578 5484 617 5555 ΙΪ
657 5498 707 5535 e.
735 5486 1001 5555 viairectu
1032 5499 1044 5537 :
1077 5482 1189 5537 nisi
1227 5489 1371 5538 recta
1404 5484 1636 5538 latinius
1672 5485 1863 5555 legas:
1916 5502 1951 5538 a
1980 5485 2135 5539 enim

443 5556 499 5627 et
538 5552 660 5604 uin
717 5554 1006 5627 codicibus
1060 5570 1211 5623 ‘3pr
1256 5554 1506 5608 Gothicis
1552 5552 1765 5626 absque
1818 5557 1933 5609 ullo
1965 5572 2130 5627 repe-

442 5624 670 5677 riuntur
701 5623 1047 5679 discrimine.

2250 4478 2305 4526 et
2336 4474 2517 4544 dirige
2549 4476 2765 4529 vultum
2810 4483 2976 4530 tuum
3020 4478 3079 4530 in
3111 4477 3538 4531 illuminatione
3568 4475 3754 4529 cordis
3805 4476 3952 4529 mei.

2249 4562 2493 4616 Ostende
2540 4564 2681 4617 mihi
2726 4565 2928 4619 faciem
2977 4571 3156 4631 tuam,
3216 4571 3273 4619 et
3330 4565 3599 4619 miserere
3657 4563 3772 4617 mei
3824 4580 3954 4634 prae

2250 4652 2517 4705 omnibus
2575 4652 3025 4707 misericordiam
3077 4653 3375 4723 indigenti.
3454 4654 3609 4719 Ecce,
3672 4652 3956 4715 Domine,

2251 4754 2364 4792 non
2404 4739 2587 4793 solum
2643 4741 2702 4793 in
2743 4758 2934 4811 opere,
2987 4758 3184 4795 verum
3232 4742 3403 4795 etiam
3448 4742 3507 4794 in
3564 4741 3955 4810 cogitatione,

2249 4828 2408 4881 omni
2440 4829 2582 4882 hora
2630 4829 2856 4884 incido:
2891 4835 2946 4884 et
2995 4847 3063 4885 ex
3096 4830 3324 4901 quantis
3364 4830 3620 4899 partibus
3670 4844 3763 4881 me
3811 4845 3959 4882 con-

2248 4918 2519 4969 suantert
2580 4919 2802 4988 sagitta:
2830 4936 2937 4974 nec
2983 4935 3240 4984 numero,
3285 4935 3387 4972 nec
3424 4918 3733 4989 perpendo.
3794 4920 3960 4972 Prae-

2317 5057 2335 5093 ί
2364 5059 2484 5125 Ms.,
2515 5062 2751 5131 pristino
2786 5063 2971 5116 colore.

2318 5144 2348 5184 ε
2381 5131 2500 5194 Ms.,
2533 5132 2607 5184 ad
2636 5136 2702 5185 te.

2315 5204 2337 5236 ¹³
2364 5202 2481 5268 Ms.,
2516 5205 2729 5256 Peccar.

2319 5272 2427 5326 iL.
2484 5275 2681 5342 aliqua
2728 5288 2944 5328 voces...
3008 5276 3284 5327 insonaret
3340 5273 3557 5339 infusa,
3606 5271 3694 5325 vel
3743 5272 3965 5342 aliqua

2242 5358 2366 5397 vox.
2380 5382 2390 5395 .
2405 5383 2417 5396 .
2447 5346 2654 5408 infusa.

2310 5415 2323 5457 1
2396 5415 2452 5467 1,.
2482 5419 2847 5480 consumitur;
2890 5430 2917 5467 θ
2945 5430 3049 5482 pro
3082 5429 3146 5480 u;
3176 5413 3321 5467 sicut
3360 5414 3530 5483 paulo
3561 5411 3710 5465 infra
3753 5414 3965 5469 viden-

2247 5488 2326 5538 ler
2369 5501 2472 5553 pro
2520 5486 2791 5538 videntur.
2834 5485 2977 5549 Quid
3020 5490 3209 5539 autem
3269 5488 3616 5547 consuantur,
3674 5484 3763 5536 vel
3822 5501 3965 5538 con—

2243 5561 2466 5609 suanter
2512 5555 2618 5610 sibi
2656 5557 2808 5615 velit,
2850 5556 3052 5609 melius
3085 5571 3153 5608 ex
3184 5560 3472 5621 contextu,
3505 5568 3677 5626 quam
3718 5569 3784 5606 ex
3850 5572 3965 5609 no-

2245 5631 2363 5681 stro
2395 5626 2574 5679 disces
2594 5627 3026 5681 commentario.
