4098 6180
211 324 311 378 403

1762 320 2139 379 CONFESSIO
2150 360 2165 376 .

3620 331 3720 382 406

210 460 469 513 termitto
530 465 682 515 enim
735 478 802 515 ea
851 478 1155 516 numerare
1206 479 1333 533 quae
1400 462 1595 531 gravia
1653 461 1903 515 animam
1943 456 2372 528 AScripturam
2413 462 2663 510 sanctam
2714 459 2943 527 plenam
2995 461 3475 516 medicaminibus
3524 466 3592 518 de
3622 469 3719 518 tua

212 553 420 601 suetaa
478 554 611 603 sunt
676 550 953 620 gehennaa
1000 550 1262 604 incendio
1313 568 1426 604 non
1480 552 1731 605 finiendo
1790 555 1910 603 tra-

210 636 380 691 dere:
441 639 541 690 sed
590 655 654 690 ea
710 655 860 691 nunc
909 639 1219 707 proferam,
1280 657 1406 709 quae
1459 640 1602 693 levia
1646 641 1912 693 videntur

208 725 293 778 his
333 725 437 795 qui
468 742 536 778 ea
563 726 825 779 nesciunt
866 744 1032 796 aequa
1085 729 1242 780 lance
1272 745 1536 797 pensare.
1581 731 1718 781 Nam
1753 729 1796 780 si
1830 729 1907 780 le-

209 812 435 866 viorum
470 818 695 866 tantum
744 814 1037 883 deplorem
1070 815 1404 880 admissum,
1438 816 1755 884 quantitate
1788 832 1906 868 ma-

208 901 395 954 lorum
432 902 787 969 superabunt
819 908 1050 956 statum.
1086 905 1290 956 Verum
1320 904 1456 957 dum
1492 905 1668 957 oculis
1702 904 1910 957 mentis

208 1004 349 1042 meae
382 994 438 1042 te
478 996 619 1042 teste
650 991 709 1043 in
760 990 1165 1060 memetipsum
1222 998 1468 1057 reverto,
1504 992 1645 1044 nihil
1689 992 1904 1045 ibidem

208 1077 349 1142 leve,
384 1078 529 1130 nihil
567 1095 681 1131 non
732 1095 901 1147 grave
962 1096 1082 1132 esse
1142 1080 1528 1150 deprehendo.
1574 1081 1714 1145 Quid
1752 1082 1904 1134 enim

208 1166 439 1233 gravior
470 1166 707 1219 libidine
736 1168 764 1219 ‘?
796 1168 933 1237 quid
976 1168 1270 1220 onerosior
1298 1168 1537 1222 fraude?
1586 1170 1721 1239 quid
1757 1186 1903 1238 pon-

207 1252 468 1305 derosior
522 1254 797 1323 jactantia
851 1270 994 1306 vana
1024 1257 1049 1297 b
1091 1254 1119 1309 ?
1155 1255 1292 1324 quid
1344 1257 1504 1324 pejus
1551 1255 1907 1310 homicidio?

207 1341 339 1411 quid
376 1342 594 1395 malum
627 1341 955 1395 testimonio
983 1343 1169 1397 falso?
1218 1344 1352 1413 quid
1384 1344 1638 1413 iniquius
1671 1344 1903 1398 misero-

205 1445 329 1482 rum
374 1431 610 1500 spolio‘?
652 1431 789 1500 quid
836 1432 1164 1485 scelestiusc
1213 1449 1384 1501 quam
1434 1434 1516 1486 rei
1549 1434 1788 1504 cognita:
1830 1434 1901 1486 ob

204 1516 616 1572 detrimentum
639 1520 887 1573 aliorum
915 1520 1147 1591 negatio
1172 1522 1199 1573 ?
1238 1523 1299 1574 Et
1320 1527 1510 1574 tamen
1536 1522 1655 1575 haec
1686 1522 1898 1587 omnia,

205 1612 260 1659 et
290 1605 402 1660 alia
435 1624 566 1678 quas
614 1608 925 1662 defectione
957 1608 1233 1662 sermonis
1266 1610 1631 1679 promulgare
1661 1627 1775 1663 non
1804 1627 1897 1663 va-

202 1694 298 1758 lui,
344 1701 413 1748 ut
469 1702 529 1748 tu
588 1698 759 1762 nosti,
832 1698 931 1768 qui
980 1697 1460 1751 conscientiarum
1506 1714 1563 1751 es
1614 1699 1897 1768 cognitor,

2021 544 2500 599 excellentissima
2528 545 2712 613 gloria
2760 546 3019 599 vitalibus
3072 549 3250 601 succis
3302 550 3615 604 confectam
3647 553 3716 605 ad

2020 638 2231 686 terram
2267 650 2444 703 usque
2478 634 2721 686 delatam
2774 633 3000 686 dedisti.
3064 636 3169 689 Sed
3226 654 3331 707 ego
3368 640 3518 691 unde
3579 641 3716 694 alios

2018 737 2184 773 sanos
2224 721 2594 791 integerrime
2615 721 2752 787 vidi,
2783 721 2914 773 inde
2948 739 3035 775 me
3070 725 3380 777 sauciatum
3416 730 3714 782 tremendo

2018 810 2319 863 contahui:
2356 817 2411 863 et
2456 826 2569 863 non
2630 810 2969 865 medicinam
3022 810 3395 880 impotentem
3453 817 3709 886 probavi,

2018 898 2118 951 sed
2149 915 2237 950 me
2270 904 2547 967 zegrotum
2582 898 3087 952 irremediabiliter
3118 916 3230 952 non
3262 900 3405 955 bene
3454 906 3711 973 ploravi:

2018 988 2151 1056 quia
2182 987 2228 1038 si
2261 987 2608 1039 sufficienter
2652 1004 2742 1039 me
2772 988 3151 1057 lacrymarum
3191 989 3413 1043 fletibus
3445 995 3710 1063 compul-

2015 1091 2205 1129 verem
2231 1090 2278 1139 ς,
2315 1076 2635 1129 fomentum
2681 1076 2910 1129 aliunde
2952 1094 3209 1146 quaerere
3245 1079 3362 1147 jam
3409 1097 3703 1136 cessarem.

2015 1180 2119 1218 nec
2164 1164 2297 1216 alibi
2334 1164 2649 1217 remedium
2684 1180 3001 1232 quwrerem
3037 1168 3189 1233 quod
3244 1167 3300 1217 in
3336 1182 3425 1218 me
3458 1168 3576 1233 ipse
3609 1171 3709 1221 lia-

2014 1252 2228 1305 berem.
2267 1253 2375 1305 Sed
2409 1252 2670 1321 nunquid
2704 1254 2839 1304 flere
2873 1253 3061 1321 potuit
3094 1255 3309 1318 Petrus,
3344 1254 3451 1306 nisi
3485 1260 3542 1307 tu
3577 1272 3708 1311 eum

2012 1340 2324 1410 inspiceres
2380 1342 2530 1408 (Iule.
2590 1357 2720 1405 xx”,
2774 1342 2881 1411 61),
2940 1342 3180 1395 Domine
3233 1344 3428 1396 Deus?
3484 1346 3705 1413 Aspice,

2014 1429 2274 1493 Domine,
2312 1435 2368 1482 et
2397 1446 2487 1481 me
2521 1430 2832 1483 haerentem
2868 1430 2924 1482 in
2956 1431 3223 1499 vepribus
3255 1432 3401 1496 vide,
3444 1437 3499 1484 et
3529 1431 3707 1500 respi-

2011 1517 2214 1570 ciendo
2247 1518 2471 1570 vincula
2502 1535 2626 1570 mea
2667 1518 2989 1587 disrumpe:
3038 1526 3093 1572 et
3126 1537 3253 1589 quas
3286 1520 3478 1589 lingua
3509 1522 3709 1590 nequit

2012 1606 2317 1675 attingere,
2344 1611 2401 1657 tu
2442 1607 2589 1659 Deus
2623 1622 2779 1658 meus
2813 1608 2976 1659 solita
3006 1609 3309 1661 clementia
3339 1610 3706 1662 emundando

2010 1696 2291 1747 concede:
2327 1695 2461 1764 quia
2492 1711 2558 1747 ea
2588 1710 2715 1764 quae
2765 1695 2927 1748 nobis
2959 1697 3027 1749 de
3058 1698 3200 1750 ccelo
3252 1697 3311 1749 in
3348 1698 3707 1751 testamentis

202 1753 413 1854 partim
446 1801 639 1855 opere,
676 1753 883 1856 partim
920 1789 1212 1840 voluntate
1251 1787 1485 1857 peregi;
1521 1787 1636 1840 imo
1680 1753 1897 1842 Ecubué
1938 1753 1981 1809 Β
2012 1784 2123 1837 tuis
2156 1800 2259 1853 per
2288 1753 2622 1853 prorihetas.
2646 1782 2921 1848 detulisti,
2976 1800 3091 1836 non
3125 1800 3226 1854 per
3254 1801 3333 1850 se,
3375 1784 3474 1838 sed
3518 1801 3619 1853 per
3650 1792 3705 1839 te

203 1872 491 1939 universa,
523 1889 652 1943 quae
684 1874 976 1944 implenda
1002 1891 1107 1927 nec
1141 1892 1170 1926 a
1197 1874 1422 1927 diabolo
1455 1880 1635 1935 erant,
1667 1891 1772 1944 ego
1794 1876 1897 1928 ini-

204 1960 514 2030 quissimus
547 1963 871 2033 adimplevi.
904 1964 960 2016 Si
991 1963 1349 2027 libidinibus,
1383 1964 1469 2016 vel
1502 1964 1713 2017 misero
1756 1964 1893 2017 mihi

202 2048 474 2102 hactenus
535 2067 639 2120 per
684 2052 841 2105 varia
900 2051 1252 2105 illectionum
1312 2068 1524 2122 genera
1578 2052 1781 2106 milito.
1839 2052 1895 2107 Si

203 2137 515 2205 fraudibus,
559 2139 903 2192 conscientia
937 2141 1055 2192 sola
1086 2146 1227 2193 teste
1269 2156 1448 2210 usque
1479 2140 1648 2193 hodie
1682 2146 1744 2194 ut
1772 2157 1891 2194 cor-

203 2240 333 2293 pore
368 2226 452 2278 ita
477 2235 535 2279 et
582 2232 771 2279 mente
810 2226 1087 2279 deservio.
1147 2228 1204 2281 Si
1258 2228 1653 2295 sanguinibus,
1689 2230 1894 2283 animae

202 2327 335 2365 mea:
364 2329 483 2366 non
517 2330 620 2382 per
650 2315 882 2384 species,
917 2315 1011 2368 sed
1046 2315 1278 2384 proprie
1308 2316 1636 2369 interfector
1671 2317 1888 2371 assiste.

200 2400 252 2453 Si
284 2402 430 2454 falso
476 2402 828 2467 testimonio,
880 2419 1029 2473 saepe
1062 2404 1315 2473 perjurio
1370 2405 1759 2472 deserviendo,
1795 2423 1892 2459 us-

201 2504 305 2558 que
339 2491 409 2543 ad
447 2491 595 2543 hanc
637 2491 835 2544 horam
892 2493 1100 2562 linguas
1144 2509 1287 2546 mea:
1329 2510 1625 2564 nunquam
1660 2495 1890 2548 modum

200 2579 453 2648 impono.
489 2579 548 2634 Si
582 2580 642 2632 in
691 2580 973 2649 superbia:
1004 2581 1350 2649 tumiditate,
1405 2582 1628 2636 nullum
1667 2584 1803 2636 mihi
1831 2584 1891 2637 in

196 2666 294 2720 hac
322 2667 455 2720 tabe
495 2668 809 2721 secundum
842 2686 960 2722 esse
1014 2686 1315 2740 cognosco.
1367 2670 1424 2723 Si
1464 2671 1695 2737 invidia,
1732 2673 1888 2725 omni

198 2762 490 2809 momento
550 2758 701 2810 velut
746 2757 863 2827 igni
923 2758 1289 2812 felicitatibus
1340 2760 1579 2813 fratrum
1632 2760 1889 2814 invidens

197 2845 384 2898 ardeo.
442 2844 499 2897 Si
551 2845 609 2897 in
661 2845 957 2914 injustitia,
1005 2848 1149 2899 sicut
1192 2864 1374 2918 equus
1423 2848 1662 2901 infrenis
1718 2865 1889 2919 super

196 2933 560 2987 mendacium
611 2934 780 2986 miser
819 2935 1057 2987 exsulto.
1121 2935 1177 2990 Si
1209 2936 1269 2989 in
1318 2953 1511 2989 rerum
1555 2938 1884 3006 cupiditate,

195 3037 258 3074 ex
292 3038 496 3075 earum
557 3022 821 3076 aviditate
846 3024 1019 3076 etiam
1068 3024 1127 3076 in
1159 3024 1377 3077 somnis
1408 3030 1634 3079 montes
1667 3043 1756 3079 me
1786 3043 1885 3078 au-

192 3126 317 3163 reos
357 3110 677 3179 adipiscere
732 3112 916 3165 video.
972 3113 1233 3166 Extremo
1283 3114 1455 3166 etiam
1504 3114 1549 3166 si
1599 3116 1684 3167 vel
1717 3121 1887 3169 tenue

193 3200 335 3268 quod
376 3203 529 3251 recte
587 3198 930 3268 cogitavero,
984 3200 1173 3253 statim
1232 3217 1392 3254 vanae
1449 3201 1647 3272 gloriae
1708 3203 1887 3256 vermi

194 3287 444 3341 rodendo
476 3288 747 3341 contrado
774 3304 785 3341 :
825 3294 1033 3358 praeter
1081 3289 1223 3341 alias
1253 3290 1649 3358 perditionum
1676 3291 1885 3345 animae

194 3375 406 3443 species
438 3391 569 3445 quae
595 3377 765 3429 corde
797 3376 1214 3446 concipiuntur,
1243 3393 1346 3430 nec
1376 3383 1440 3430 ut
1480 3384 1614 3432 sunt
1654 3379 1885 3449 proprie

192 3462 550 3532 digeruntur.
588 3465 727 3517 Nam
758 3468 812 3517 et
843 3464 901 3517 in
962 3465 1080 3533 ipsa
1116 3471 1229 3518 tute
1281 3481 1453 3518 sacrae
1499 3466 1759 3519 lectionis
1790 3468 1883 3521 hi-

193 3551 381 3616 storia,
440 3553 526 3605 vel
578 3552 829 3606 coelestia
881 3569 1010 3623 quze
1069 3553 1232 3607 nobis
1268 3556 1336 3607 ad
1385 3555 1627 3609 salutem
1676 3556 1883 3625 largire

194 3636 398 3689 Deiﬁca
418 3642 794 3700 sacramenta,
829 3654 956 3707 quae
985 3638 1202 3706 species
1235 3638 1659 3708 deceptionum,
1702 3656 1881 3710 quan-

190 3724 341 3795 tique
375 3725 567 3794 laquei
606 3725 939 3795 aperiantur
987 3725 1131 3780 mihi
1178 3726 1359 3781 inscio
1407 3728 1797 3797 perditionum
1834 3732 1882 3797 ά,

189 3814 268 3866 vel
330 3819 566 3884 quantas
612 3814 812 3867 formae
872 3814 1134 3868 oriantur
1186 3816 1441 3886 undique
1499 3816 1878 3884 illectionum,

190 3902 309 3971 quis
337 3903 707 3956 dinumerare
729 3902 757 3955 ?
790 3902 919 3973 quis
949 3903 1198 3957 elicere?
1240 3904 1367 3975 quis
1409 3909 1491 3958 tot
1528 3910 1829 3977 tantasque
1857 3920 1881 3948 ο

188 3991 376 4044 foveas
428 3991 613 4043 valeat
694 3990 1111 4061 promulgare?
1171 4008 1312 4062 quas
1365 3993 1501 4061 quia
1556 3994 1661 4047 tibi
1718 4000 1880 4048 notas

189 4092 309 4131 ecre
343 4077 362 4111 ί
393 4093 511 4131 non
567 4077 788 4143 dubito,
815 4077 946 4131 ideo
986 4083 1042 4131 et
1069 4095 1174 4148 pro
1230 4080 1508 4133 universis
1557 4097 1723 4150 parce
1762 4086 1883 4135 tan-

189 4170 307 4219 tum
354 4164 615 4235 piissime
646 4166 849 4219 clamo.
885 4167 1025 4220 Nam
1072 4167 1132 4220 in
1177 4167 1460 4220 sermonis
1490 4170 1879 4238 prolapsione,

188 4259 240 4306 et
280 4254 341 4307 in
376 4253 598 4307 ludicra
626 4254 1107 4320 confabulatione,
1141 4256 1387 4325 qualiter
1437 4274 1585 4327 saepe
1619 4262 1878 4327 promat,

2007 1877 2222 1924 norunt
2249 1888 2473 1925 curare.
2518 1872 2580 1923 Et
2611 1870 2718 1923 nisi
2750 1875 2833 1936 tu,
2869 1888 2900 1924 ο
2954 1872 3189 1940 pissime
3226 1874 3391 1937 Deus,
3431 1873 3701 1938 adfueris,

2004 1960 2243 2031 ipsaque
2274 1959 2531 2013 antidota
2562 1976 2595 2011 a
2622 1964 2673 2011 te
2702 1959 2837 2012 olim
2870 1960 3076 2029 prolati
3100 1961 3278 2031 digito
3310 1962 3409 2014 illo
3444 1978 3556 2031 quo
3591 1962 3696 2015 dae-

2007 2049 2296 2102 moniacos
2327 2047 2535 2100 curasti
2580 2046 2909 2111 confeceris,
2943 2049 3246 2102 medellam
3287 2066 3400 2103 non
3435 2050 3703 2119 ingerunt

2006 2137 2286 2191 sanitatis.
2322 2136 2431 2191 Sed
2463 2134 2605 2187 sicut
2657 2140 2712 2188 te
2758 2142 3040 2203 praesente
3091 2137 3385 2190 salutifera
3434 2154 3555 2190 esse
3591 2154 3698 2189 no—

2004 2230 2257 2288 scuntur,
2321 2225 2399 2278 ita
2447 2223 2681 2277 absente
2743 2229 2807 2277 ut
2853 2224 3170 2294 perniciosa
3218 2225 3505 2279 vitantur:
3567 2227 3700 2296 quia

2004 2314 2128 2366 sine
2164 2319 2217 2366 te
2252 2314 2394 2366 nihil
2429 2312 2483 2365 in
2524 2312 2738 2364 mundo
2770 2312 3005 2379 bonum,
3038 2318 3092 2366 et
3130 2312 3344 2367 bonum
3391 2314 3605 2383 absque
3645 2319 3699 2367 te

2003 2417 2107 2454 nec
2136 2418 2239 2471 per
2272 2418 2328 2454 se
2377 2402 2610 2454 bonum.
2663 2400 2742 2453 Tu
2779 2417 2836 2454 es
2886 2403 3060 2468 enim,
3114 2419 3145 2455 ο
3188 2407 3377 2455 custos
3414 2402 3695 2469 omnium,

2001 2487 2204 2553 bonus,
2256 2493 2312 2542 et
2342 2505 2372 2541 a
2424 2494 2478 2541 te
2510 2487 2696 2539 omnis
2748 2489 2970 2541 bonitas
3031 2489 3246 2558 accepit
3294 2489 3543 2543 initium.
3593 2489 3696 2543 Sed

2003 2578 2248 2648 qualiter
2296 2576 2544 2631 coelestia
2582 2575 2677 2628 illa
2715 2577 2955 2629 mirifica
3001 2582 3353 2631 sacramenta
3392 2578 3603 2647 absque
3643 2583 3697 2631 te

2000 2682 2123 2719 esse
2168 2667 2407 2720 dicenda
2456 2671 2650 2730 sunth,
2684 2665 2782 2718 ubi
2838 2671 2933 2719 tua
2983 2666 3113 2719 licet
3158 2682 3277 2719 non
3317 2672 3530 2736 quanta
3589 2672 3690 2731 est,

2003 2756 2100 2807 sed
2145 2760 2424 2825 quantum
2468 2755 2658 2808 audiri
2699 2772 2731 2807 a
2779 2755 3118 2807 mortalibus
3169 2760 3370 2824 potest,
3429 2757 3695 2824 majestas

1997 2842 2214 2913 digesta
2265 2846 2399 2895 est?
2468 2844 2624 2898 Unde
2698 2848 2848 2896 certe
2905 2847 2960 2896 et
3010 2843 3301 2896 verissime
3359 2849 3415 2897 et
3477 2845 3691 2914 plenis-

1998 2933 2141 2985 sime
2200 2948 2425 2985 necesse
2486 2938 2571 2985 est
2627 2931 2879 2995 credere,
2930 2937 2985 2985 te
3044 2931 3105 2984 in
3170 2931 3280 2983 illis
3350 2933 3692 2986 lectionibus

1999 3036 2140 3086 esse,
2180 3025 2235 3072 et
2264 3036 2367 3089 per
2407 3020 2560 3088 ipsas
2591 3036 2703 3072 non
2752 3019 3043 3088 indignos,
3076 3020 3171 3071 sed
3202 3020 3404 3089 dignos
3452 3025 3506 3073 te
3538 3037 3690 3074 sem—

1999 3123 2101 3178 per
2129 3107 2485 3160 curarezille
2526 3107 2682 3160 enim
2709 3122 2781 3159 ex
2830 3106 2969 3176 ipsis
3026 3107 3364 3160 lectionibus
3426 3124 3541 3160 non
3586 3126 3689 3161 cu—

1997 3201 2174 3259 ratur,
2211 3195 2312 3265 qui
2338 3196 2482 3248 fastu
2516 3194 2799 3265 superbia;
2837 3211 2953 3248 non
2988 3195 3325 3261 obediendo,
3378 3195 3476 3248 sed
3509 3194 3689 3248 discu-

1996 3283 2189 3337 tiendo
2218 3284 2457 3348 incedit;
2515 3300 2686 3354 seque
2740 3300 2854 3337 non
2903 3288 3001 3337 tuo
3054 3284 3249 3337 subdit
3303 3284 3553 3354 eloquio,
3588 3285 3685 3337 sed

1997 3388 2099 3426 suo
2147 3372 2288 3425 illud
2346 3372 2505 3442 cupit
2559 3372 2759 3425 rimari
2818 3388 2883 3424 ex
2946 3387 3157 3437 sensu;
3218 3376 3272 3424 et
3338 3372 3472 3424 dum
3532 3373 3689 3441 cupit

1994 3460 2099 3513 tibi
2131 3461 2429 3530 superbire
2456 3461 2658 3525 elatus,
2692 3477 2724 3513 a
2755 3477 2812 3513 se
2842 3460 2965 3529 ipso
2997 3460 3227 3513 delusus
3259 3459 3365 3513 sibi
3405 3467 3688 3529 repugnat

1995 3550 2296 3616 adversus;
2327 3566 2389 3602 ac
2421 3566 2523 3619 per
2567 3550 2673 3602 hoc
2706 3549 2887 3619 magis
2940 3550 3137 3602 morbo
3168 3548 3404 3609 laborat,
3434 3539 3552 3617 quod
3581 3548 3689 3602 dis-

1993 3638 2306 3691 cutientem
2358 3655 2415 3689 se
2446 3638 2729 3691 discutere
2779 3642 2961 3705 putat.
3017 3638 3153 3689 Vere
3203 3636 3415 3704 miseri,
3449 3643 3505 3690 et
3535 3641 3687 3690 certa

1993 3726 2213 3779 ratione
2244 3726 2497 3779 infelices
2528 3725 2773 3789 dicendi,
2807 3726 2906 3795 qui
2952 3725 3181 3794 eloquia
3238 3726 3517 3778 Creatoris
3566 3742 3687 3778 esse

1992 3814 2277 3868 credimus
2325 3815 2523 3878 nostri,
2572 3820 2628 3866 et
2660 3830 2725 3865 ea
2771 3812 3187 3865 rationabiliter
3216 3815 3477 3883 cupimus
3516 3815 3687 3867 truti-

1992 3919 2172 3957 nare:
2208 3903 2369 3973 quasi
2401 3902 2553 3956 aliud
2585 3902 2656 3955 sit
2704 3902 2761 3955 in
2810 3918 3004 3954 rerum
3056 3906 3257 3953 natura
3313 3902 3480 3967 ratio,
3512 3918 3683 3972 quam

1992 3999 2091 4048 tua
2125 3991 2428 4061 justissimi
2466 3991 2690 4061 jussio;
2728 3996 2827 4044 aut
2871 3990 3061 4059 ipsum
3105 3990 3484 4044 ratiocinandi
3522 3990 3680 4059 vigo-

1992 4097 2112 4135 rem
2167 4081 2399 4135 aliunde
2445 4080 2653 4133 habere
2684 4079 2872 4149 potuit
2904 4081 3094 4143 homo,
3145 4080 3254 4132 nisi
3297 4084 3414 4132 ate
3452 4080 3683 4133 daretur

1992 4168 2043 4224 ei
2075 4169 2233 4221 nullo
2272 4169 2631 4236 praecedente
2664 4167 2866 4220 merito
2906 4184 3027 4220 suo.
3080 4167 3239 4231 Quod
3268 4167 3316 4220 si
3346 4183 3475 4220 vere
3502 4168 3683 4220 ratio-

1992 4271 2124 4309 nem
2148 4260 2202 4310 et
2232 4273 2346 4309 non
2370 4261 2593 4325 partem
2626 4256 3029 4309 rationabilem
3059 4255 3197 4309 vitio
3223 4272 3325 4309 suo
3355 4261 3682 4325 corruptam

190 4348 237 4394 et
284 4342 790 4396 innumerabiliter
828 4359 919 4397 me
974 4342 1164 4413 ipsum
1216 4344 1488 4409 inficiam,
1548 4362 1652 4398 nec
1708 4362 1879 4400 sensu
1921 4348 1961 4401 D
1990 4343 2243 4409 haberet,
2277 4360 2574 4414 nunquam
2606 4344 2665 4397 in
2696 4344 2865 4397 rebus
2893 4361 2924 4397 a
2970 4361 3072 4398 suo
3126 4346 3387 4399 Creatore
3416 4345 3683 4414 expositis

188 4432 417 4496 sentire,
452 4436 665 4501 quanto
699 4432 879 4501 magis
916 4437 979 4484 ut
1016 4448 1118 4502 per
1168 4432 1423 4503 linguam
1457 4434 1673 4488 valeam
1709 4451 1881 4488 enar-

189 4534 330 4573 rare.
366 4521 432 4573 ln
466 4519 593 4589 ipso
625 4520 780 4573 enim
811 4536 1008 4590 gressu
1042 4525 1098 4573 et
1123 4520 1458 4574 incessionis
1503 4523 1698 4577 habitu
1730 4540 1878 4593 saepe

188 4608 439 4662 concido.
474 4609 542 4661 Et
569 4608 667 4678 qui
699 4612 921 4661 tantum
978 4608 1171 4675 silens,
1205 4626 1309 4663 nec
1353 4611 1607 4680 cogitans
1645 4617 1876 4681 peccat;

188 4696 318 4765 quid
368 4696 631 4765 loquens,
666 4696 753 4749 vel
803 4700 1073 4759 tractans,
1132 4697 1243 4751 nisi
1301 4698 1573 4752 delictum
1603 4700 1879 4770 centupli-

188 4786 318 4836 cat?
344 4784 485 4839 Cum
544 4783 698 4837 enim
750 4783 870 4853 ipsa
915 4785 1219 4850 medicina,
1280 4803 1391 4855 qua
1440 4792 1636 4841 nostra
1688 4789 1878 4843 ulcera

187 4887 365 4935 curas,
399 4871 544 4925 mihi
576 4872 831 4939 vulnera,
876 4889 993 4926 non
1026 4873 1346 4927 fomentum
1378 4876 1659 4944 parturiat
1691 4894 1704 4943 ;
1740 4878 1878 4947 quid

186 4960 335 5013 aliud
368 4960 648 5029 aegritudo
683 4977 809 5013 mea
836 4978 1008 5031 quam
1049 4963 1311 5016 mortalis
1358 4963 1596 5017 dicenda
1644 4956 1753 5030 est,
1782 4965 1878 5019 ubi

184 5064 293 5102 non
324 5065 462 5101 cura
514 5049 756 5102 caelestis
795 5049 1041 5119 proficit,
1091 5051 1185 5105 sed
1218 5051 1404 5115 magis
1445 5051 1735 5106 dolentem
1790 5070 1874 5106 oc-

185 5136 337 5191 cidit.
372 5138 451 5190 Tu
484 5137 664 5201 enim,
707 5138 947 5193 Domine
980 5140 1148 5206 Deus,
1178 5140 1249 5193 ad
1281 5140 1588 5194 utilitatem
1620 5147 1874 5196 nostram

250 5299 274 5324 ³
315 5292 436 5355 M5,,
477 5297 642 5345 suetc.

251 5365 276 5403 ά
314 5362 433 5425 Ms.,
467 5361 757 5430 jactantiae
782 5379 950 5418 vanae.

249 5440 269 5465 ε
313 5433 406 5486 Ms.
419 5474 433 5497 ,
475 5434 737 5487 cetestz’us.

250 5502 275 5537 ἀ
318 5504 437 5567 his,
479 5519 577 5571 per
614 5504 929 5559 dictionum.

252 5581 272 5607 '
314 5574 435 5641 Ms,
479 5578 785 5643 tantusque.

1991 4433 2272 4487 rationem
2305 4433 2650 4503 exquireret,
2675 4449 2708 4485 a
2737 4449 2851 4502 quo
2883 4433 3162 4486 rationem
3212 4433 3402 4503 ipsum
3437 4433 3543 4487 sibi
3576 4434 3681 4487 da-

1990 4527 2105 4576 tam
2138 4521 2460 4590 cognoscit:
2496 4537 2625 4574 vere
2674 4522 2827 4574 enim
2875 4521 3076 4592 ingens
3126 4521 3463 4591 desipientia
3492 4526 3683 4576 nostra

1990 4625 2162 4664 ausus
2194 4609 2206 4642 ί
2241 4625 2370 4663 suos
2401 4609 2471 4662 ad
2504 4608 2733 4662 scienda
2774 4609 2961 4663 tendit
2992 4609 3226 4663 illicita:
3258 4616 3314 4663 et
3355 4611 3492 4664 dum
3524 4613 3683 4681 cupit

1992 4700 2133 4752 scire
2175 4698 2323 4768 quod
2359 4697 2653 4751 sciendum
2701 4699 3027 4751 nullatenus
3068 4698 3222 4765 licet,
3274 4699 3525 4769 seipsum
3581 4716 3677 4753 co-

1991 4788 2247 4841 lundium
2306 4788 2564 4840 hostibus
2598 4787 2835 4857 praebet,
2882 4787 3017 4858 quia
3057 4787 3211 4857 quod
3243 4786 3293 4839 ei
3336 4787 3532 4840 datum
3563 4804 3593 4840 a
3626 4792 3681 4841 te

1992 4876 2131 4930 scire
2164 4892 2281 4929 non
2308 4874 2525 4942 habuit,
2555 4875 2755 4929 frivole
2809 4875 3155 4945 inquirendo
3200 4875 3498 4945 desquirit,
3527 4876 3679 4944 quod

1988 4963 2405 5019 rationabiliter
2434 4969 2546 5018 ate
2582 4963 2642 5016 in
2670 4963 2986 5032 primordio
3019 4980 3133 5017 non
3168 4964 3401 5033 accepit.
3431 4963 3487 5017 Si
3526 4963 3681 5018 enim

1990 5056 2162 5109 homo
2193 5055 2442 5125 seipsum
2477 5054 2619 5107 bene
2642 5054 3045 5124 perpenderet,
3083 5059 3134 5107 et
3168 5053 3353 5123 seipso
3400 5054 3677 5107 rationem

1990 5158 2159 5213 quam
2196 5141 2435 5213 inquirit
2468 5142 2686 5196 utiliter
2717 5147 3110 5213 compensaret
3135 5159 3148 5208 ;
3175 5140 3445 5212 quoniam
3488 5140 3585 5211 qui
3613 5159 3680 5195 ea

2060 5298 2079 5333 ί
2109 5300 2231 5365 Ms.,
2268 5299 2325 5353 F.
2358 5314 2487 5355 esse.

2058 5392 2080 5426 σ
2106 5371 2161 5423 F.
2190 5372 2560 5438 compluerem.

2058 5453 2081 5487 ιι
2109 5441 2228 5507 Ms.,
2259 5445 2355 5494 ρει.

2060 5510 2222 5577 ¹Μδ.,
2255 5526 2431 5567 ausos.
