4086 6182
433 287 533 341 407

1798 284 2053 338 ALVABI
2092 283 2577 351 COBDUBENSIS

3803 286 3887 337 408

435 440 563 494 qum
614 422 760 475 intra
808 437 887 484 se,
929 421 1013 473 vel
1061 420 1120 472 in
1175 435 1253 482 se,
1309 418 1567 489 quotidie
1622 425 1870 488 aguntur
1930 419 2125 485 nescit,
2167 421 2209 473 Α
2241 421 2505 473 omnibus
2543 419 2818 483 misereri,
2855 422 2909 472 et
2938 418 3111 471 etiam
3141 434 3249 470 non
3286 417 3629 470 merentibus
3660 418 3789 472 viain
3818 437 3889 472 sa-

435 513 606 564 stulte
640 509 866 564 Domini
898 507 984 561 sui
1016 523 1190 577 opera
1238 507 1481 560 liberare
1505 516 1529 540 α
1574 507 1750 577 cupit,
1805 507 1903 577 qui
1935 508 2022 561 sui
2053 508 2133 577 ig-

438 616 610 652 narus
665 596 947 667 perpetim
1002 600 1212 648 manet.
1264 596 1330 647 Et
1379 612 1506 648 cum
1559 612 1665 648 nos
1716 596 2019 649 miserrimi
2072 596 2130 648 in

438 688 633 741 bestiis
667 676 1214 756 etquadrupedihus
1267 684 1588 737 voluntates
1622 689 1842 736 nostras
1891 684 2132 752 implea-

439 792 583 838 mus,
632 780 687 827 et
714 774 885 827 etiam
940 773 1080 842 ipsis
1112 771 1307 824 avibus
1356 778 1412 824 et
1444 772 1693 841 piscibus
1724 788 1789 824 ex
1841 778 1939 825 tuo
1977 772 2130 825 dono

436 863 809 932 imperemus,
844 866 899 913 et
929 859 1220 930 partimin
1260 860 1470 924 cibum,
1503 860 1711 928 partim
1746 860 1805 913 in
1833 860 2130 929 adjumen-

434 956 557 1003 tum
588 953 611 991 b
636 966 701 1001 ex
734 950 871 1018 ipsis
916 949 997 1000 vel
1048 948 1360 1016 capiamus,
1396 948 1480 999 vel
1512 948 1859 1013 occidamus,
1894 964 1997 1000 nec
2029 964 2132 1018 pro

435 1040 542 1091 hoc
573 1037 855 1091 rationem
893 1036 1005 1089 illis
1051 1052 1191 1106 quos
1230 1035 1548 1105 premimus
1597 1036 1923 1101 reddamus,
1958 1053 2133 1107 quare

437 1128 545 1179 hoc
571 1125 828 1190 facimus,
857 1124 942 1177 vel
975 1123 1176 1176 curilli
1205 1129 1258 1175 et
1290 1123 1372 1175 illi
1405 1139 1514 1175 non
1544 1129 1675 1175 sunt
1709 1124 1915 1189 occisi;
1959 1141 2135 1194 quare

437 1215 530 1268 isti
565 1220 621 1269 et
652 1214 749 1267 isti
778 1218 911 1266 sunt
959 1214 1029 1265 ad
1076 1213 1475 1282 adjumentum
1506 1224 1527 1248 ο
1568 1214 1634 1265 ab
1684 1213 1965 1266 occisione
2015 1231 2133 1267 ser-

440 1302 551 1356 vati
592 1323 607 1368 ;
638 1302 916 1355 rationem
951 1300 1141 1353 miseri
1176 1301 1454 1354 factorum
1501 1305 1731 1354 tuorum
1764 1301 2132 1371 inquirimus.

439 1391 538 1461 qui
567 1390 983 1444 rationabiliter
1033 1389 1172 1459 quid
1206 1389 1276 1441 sit
1307 1405 1524 1459 sapere,
1578 1389 1687 1442 nisi
1730 1406 1833 1459 per
1863 1395 1915 1443 te
1949 1390 2131 1443 addis-

441 1495 567 1532 cere
591 1496 702 1531 non
736 1494 1058 1547 pOSSllﬂlllS.

510 1568 561 1620 4.
600 1566 869 1634 Nunquid
919 1582 951 1617 a
1009 1565 1171 1618 nobis
1228 1565 1455 1634 priamii
1483 1564 1699 1634 aliquid
1746 1564 2033 1636 accepisti,
2074 1570 2137 1618 ut

441 1655 709 1707 creares?
737 1658 833 1706 aut
868 1652 1132 1706 dedimus
1160 1651 1264 1703 tibi
1316 1652 1563 1721 pretium
1605 1652 1793 1722 Operis
1842 1652 2040 1718 nostri,
2076 1658 2136 1705 ut

440 1742 799 1795 redimeres?
849 1742 1009 1795 Certe
1063 1740 1121 1793 in
1151 1739 1477 1793 conditione
1522 1746 1713 1793 nostra
1778 1747 1959 1793 cessat
2013 1741 2135 1793 haee

438 1830 695 1883 humana
738 1828 1100 1882 fallacissima
1151 1828 1318 1891 ratio,
1367 1828 1502 1897 quia
1553 1828 1800 1897 qualiter
1830 1845 1887 1881 se
1921 1828 2135 1882 factum

439 1918 614 1985 videt,
671 1933 817 1969 vana
868 1933 985 1969 non
1056 1916 1207 1968 valet
1260 1931 1527 1968 enarrare
1577 1916 1981 1987 praesumptio:
2035 1916 2134 1986 qui

439 2007 593 2060 enim
626 2006 908 2058 rationem
933 2022 1049 2057 suae
1080 2002 1423 2058 conditionis
1450 2004 1692 2073 ignoret,
1725 2005 2016 2075 quomodo
2050 2021 2134 2057 ra-

440 2096 658 2149 tionem
682 2095 925 2147 aliorum
950 2109 1189 2162 operum
1211 2097 1446 2145 tuorum
1472 2092 1764 2162 inquirere
1804 2094 2027 2145 tentat?
2050 2094 2136 2145 vel

443 2188 593 2236 certe
646 2182 798 2235 dicat
852 2198 1008 2235 vanae
1056 2180 1476 2234 ratiocinatoris
1525 2181 1831 2249 exquisitio
1882 2180 2138 2250 corporis

444 2270 799 2340 qualitatem,
826 2271 915 2323 vel
946 2270 1337 2323 membrorum
1368 2269 1766 2339 compaginem
1809 2268 2138 2322 harmonice

444 2359 551 2412 sibi
599 2359 844 2412 invicem
901 2358 1307 2423 cohaerentem,
1372 2373 1473 2409 seu
1532 2358 1719 2409 locum
1766 2356 2138 2409 habitationis

446 2447 653 2500 animae
684 2446 957 2516 proferat,
987 2452 1043 2499 et
1063 2445 1367 2514 originem,
1401 2444 1446 2497 si
1478 2449 1627 2497 certe
1656 2444 1804 2514 sapit
1833 2444 1955 2513 ejus
1986 2445 2138 2497 unde

444 2534 666 2599 existat,
699 2534 992 2604 inquirat:
1020 2538 1076 2586 et
1105 2534 1183 2585 sic
1211 2538 1265 2585 te
1285 2548 1575 2585 summum
1607 2532 1824 2584 bonum
1859 2532 2139 2584 discutere

444 2630 658 2693 tuaque
706 2622 924 2689 judicia
952 2620 979 2657 ά
1021 2622 1229 2673 audeat
1273 2636 1664 2689 compensare.
1699 2620 1834 2685 Scis,
1882 2619 2135 2685 Domine,

446 2717 509 2765 ut
540 2711 678 2782 quid
700 2711 809 2764 ista
840 2709 1210 2780 protulerim,
1245 2713 1299 2761 et
1325 2708 1460 2778 quia
1492 2707 1893 2776 memetipsum
1940 2706 1999 2759 in
2036 2708 2140 2760 hoc

446 2802 737 2854 destruere
765 2799 1064 2852 voluerim.
1113 2798 1234 2861 Nec}
1262 2796 1507 2850 aliorum
1537 2800 1706 2848 aestus
1735 2803 1755 2829 θ
1784 2810 1953 2864 quam
1986 2811 2141 2848 meos

447 2894 561 2942 ate
597 2889 857 2959 cognitos
902 2886 1113 2958 aperiri
1161 2902 1277 2938 non
1335 2885 1496 2954 quasi
1545 2883 1723 2936 inscio
1788 2883 1982 2950 malui,
2040 2884 2139 2936 sed

450 2978 611 3048 quasi
632 2976 915 3047 ptenitens
949 2974 1348 3028 obscuratione
1381 2971 1605 3026 narravi
1632 2988 1645 3037 ;
1690 2972 1824 3041 quia
1857 2972 1990 3024 licet
2010 2972 2141 3041 {hinc

451 3083 541 3120 me
602 3071 696 3120 tua
744 3065 880 3120 facit
937 3063 1325 3118 misericordia
1380 3062 1602 3116 utiliter
1654 3062 1820 3125 scire,
1851 3065 2041 3114 tamen
2074 3078 2141 3115 ex

447 3156 760 3226 improviso
798 3155 857 3209 in
902 3155 1070 3209 rebus
1116 3155 1262 3207 bene
1304 3152 1576 3223 expositis
1614 3151 1826 3203 iterum
1862 3150 2141 3203 dubitatio

449 3245 649 3309 oritur,
699 3250 756 3297 et
800 3249 963 3297 tuum
1022 3242 1331 3297 tutamenti
1380 3240 1736 3294 obstaculum
1768 3240 1958 3309 ipsum
1986 3240 2138 3308 quod

448 3333 745 3385 sentiendo
777 3338 972 3385 contra
1004 3347 1160 3383 meos
1191 3346 1413 3382 errores
1443 3328 1685 3397 opposui
1718 3327 1975 3396 indigere
2006 3343 2142 3396 per-

451 3421 660 3491 pendo.
702 3421 846 3473 Doce
880 3435 1037 3488 ergo,
1088 3418 1348 3483 Domine,
1400 3421 1650 3468 mentem
1684 3414 2047 3479 intrinsecus,
2086 3419 2144 3467 et

450 3510 511 3562 in
552 3524 618 3560 ea
671 3524 795 3577 quae
851 3506 1113 3561 docueris
1159 3503 1535 3558 hmsitationis
1593 3507 1655 3571 tu
1705 3502 1868 3554 deme
1899 3506 2070 3554 aestus
2102 3501 2137 3554 ί,

452 3597 582 3650 Esto
614 3596 727 3649 dux
755 3594 977 3647 itineris
1011 3594 1257 3657 servulo,
1293 3591 1381 3644 via
1436 3591 1594 3660 regia
1644 3606 1886 3643 erroneo
1943 3590 2139 3659 profu-

452 3701 550 3754 go,
600 3682 883 3737 medicina
931 3682 1104 3735 variis
1158 3679 1531 3751 languoribus
1570 3679 1784 3745 saucio,
1828 3679 1963 3749 quia
1994 3684 2057 3732 tu
2084 3696 2143 3733 es

450 3776 543 3826 lux
576 3772 833 3826 omnium
859 3772 1217 3837 smculorum,
1249 3769 1489 3824 dulcedo
1517 3772 1867 3833 sanctorum,
1902 3769 2143 3822 ﬁrmitas

448 3862 836 3925 inﬁrmorum,
883 3860 1101 3914 curatio
1150 3862 1532 3929 leprosorum,
1584 3859 1696 3910 vita
1758 3863 2138 3923 mortuorum,

448 3952 724 4006 fortitudo
748 3952 1059 4021 justorum,
1112 3949 1471 4002 subditorum
1504 3946 1848 4015 exemplum,
1896 3947 1985 3999 via
2015 3962 2142 3999 cre-

449 4040 728 4107 dentium,
772 4040 1049 4109 gaudium
1082 4037 1437 4106 angelorum.
1494 4036 1598 4087 Per
1644 4039 1698 4086 te
1735 4034 2021 4103 principes
2052 4050 2139 4086 re-

447 4136 628 4199 gnant
668 4129 845 4198 (Prov.
905 4144 1021 4193 VIII,
1062 4128 1165 4192 lii).
1218 4124 1340 4178 Tibi
1384 4122 1573 4192 angeli
1604 4122 1901 4174 famulant.
1950 4123 2026 4174 Te
2058 4137 2142 4173 ar-

447 4217 713 4286 changeli
744 4215 1028 4269 nuntiant.
1066 4215 1142 4266 Te
1186 4213 1426 4265 virtutes
1476 4212 1733 4263 adorant.
1790 4211 1864 4262 Te
1920 4210 2141 4263 Cheru-

446 4304 564 4356 bim
596 4321 655 4355 ac
685 4302 988 4378 Seraphim
1020 4298 1342 4353 incessabili
1387 4314 1518 4351 voce
1549 4297 1783 4350 Trinum
1835 4296 2142 4350 Dominum

447 4392 621 4457 caelis,
680 4390 1010 4443 hominibus
1054 4390 1340 4442 nuntiant.
1382 4388 1460 4439 Tu
1514 4386 1743 4456 requies
1790 4386 2140 4455 patriarcha-

448 4495 597 4533 rum.
634 4482 714 4534 Tu
758 4480 1011 4533 laudatio
1060 4477 1494 4549 prOphetarum.
1527 4476 1607 4528 Tu
1658 4474 1957 4528 exsultatio
1989 4491 2137 4528 mar-

450 4573 659 4637 tyrum.
692 4570 775 4622 Tu
807 4569 1052 4637 hymnus
1099 4566 1405 4637 virginum.
1463 4566 1544 4618 Tu
1576 4564 1875 4634 praemium
1917 4564 2137 4617 confes-

445 4672 657 4710 sorum.
706 4658 788 4710 Tu
842 4672 968 4709 vere
1016 4656 1323 4711 Sabbatum
1358 4668 1385 4708 ε
1420 4654 1761 4707 electorum:
1809 4652 1944 4723 quia
1974 4659 2134 4705 tuum

446 4747 529 4795 est
559 4747 616 4795 et
664 4743 723 4795 in
772 4747 825 4796 te
872 4758 1117 4811 regnum
1171 4742 1465 4795 caelorum.
1517 4740 1759 4794 Domine
1816 4741 1982 4805 Deus,
2016 4740 2137 4809 pla-

444 4837 569 4886 ceat
588 4830 692 4884 tibi
723 4832 944 4901 eripere
975 4847 1066 4884 me
1097 4848 1130 4883 a
1157 4830 1527 4883 damnatione
1562 4828 1910 4899 iniquissimi
1936 4828 2135 4892 hostis,

444 4926 501 4975 et
530 4921 829 4975 restituere
860 4936 951 4972 me
982 4920 1086 4972 sub
1111 4920 1251 4989 jugo
1290 4923 1400 4970 tuae
1435 4918 1781 4971 suavissimze
1816 4918 2133 4987 potestatis.

444 5011 608 5076 Quod
640 5010 685 5063 si
744 5008 1016 5079 iniquitas
1049 5024 1174 5061 mea
1218 5006 1358 5059 mihi
1392 5007 1447 5059 in
1478 5006 1585 5059 hoc
1632 5008 1819 5075 ipsum
1856 5006 2133 5070 adversat,

442 5112 541 5153 tua
567 5101 725 5170 larga
756 5097 1146 5151 misericordia
1178 5097 1360 5165 ipsam
1392 5110 1580 5149 meam
1627 5096 1985 5166 iniquitatem
2020 5095 2133 5148 dis-

443 5194 690 5260 rumpat.
743 5188 867 5241 Scio
916 5186 1089 5253 enim,
1126 5184 1387 5250 Domine,
1446 5183 1559 5237 scio
1616 5184 1750 5254 quia
1798 5188 2028 5255 paratus
2076 5200 2135 5237 es

511 5341 535 5364 ⁸
574 5333 695 5397 Ms.,
736 5331 985 5384 liberare.

511 5405 560 5444 δε
600 5396 715 5463 Μεζ,
738 5405 795 5455 in
824 5399 1158 5470 adjumento.
1184 5396 1258 5452 ad
1278 5397 1669 5465 adjumentum.

510 5470 538 5506 ἀ
579 5474 699 5536 Ms.,
734 5474 964 5526 indicia.

510 5542 555 5576 εί
595 5544 717 5607 Ms.,
748 5548 902 5596 estos.

2174 1717 2216 1771 Β

2182 4309 2224 4361 D

2242 510 2374 562 lutis
2406 510 2607 563 solitus
2647 525 2705 561 es
2752 508 3036 561 tribuere:
3085 508 3180 559 sed
3230 508 3547 575 iniquitates
3614 522 3729 560 mea
3775 510 3891 562 sicut

2242 612 2373 651 onus
2430 612 2594 663 grave
2667 602 2913 663 gravata:
2957 600 3085 649 sunt
3132 610 3293 664 super
3367 611 3448 648 me
3507 595 3666 663 (Psal.
3722 612 3891 662 xxxvii,

2244 686 2317 751 5).
2383 685 2522 748 Quae
2584 685 2960 737 crassitudine
3026 687 3053 725 h
3112 683 3199 735 sui
3262 682 3475 736 nubem
3539 691 3895 751 opposuerunt

2243 772 2399 825 intea
2462 777 2516 825 te
2574 777 2629 825 et
2687 788 2764 825 se.
2828 773 2936 825 Nec
3008 772 3151 823 valet
3208 770 3389 823 oratio
3454 770 3521 823 ad
3577 776 3749 838 tuum,
3805 774 3892 825 Do-

2244 860 2423 924 mine,
2454 860 2727 913 thronum
2765 859 3089 923 ascendere,
3124 875 3295 927 quem
3356 858 3577 928 pondus
3621 860 3893 928 caliginum

2244 954 2413 1001 terra:
2451 948 2663 1018 premit
2707 947 3005 999 inhazrere.
3059 946 3233 1013 Mitte,
3280 947 3543 1009 Domine,
3589 948 3782 999 scalam
3807 949 3895 1000 mi-

2245 1037 2566 1091 sericordiae
2619 1041 2748 1102 tuas,
2803 1041 2855 1088 et
2907 1051 3010 1105 per
3063 1034 3313 1103 gradusI
3370 1050 3460 1087 me
3500 1041 3780 1104 repentem
3828 1036 3897 1089 fac

2244 1125 2347 1179 tibi
2376 1125 2703 1190 ascendere,
2759 1140 2932 1195 quem
2990 1123 3351 1177 imbecillitas
3394 1124 3606 1193 pedum
3658 1125 3712 1177 in
3743 1125 3897 1194 primo

2246 1214 2417 1267 etiam
2451 1213 2632 1282 gradu
2668 1229 2779 1265 non
2833 1211 3113 1281 permittit
3160 1217 3328 1265 stare.
3388 1213 3455 1264 Et
3512 1213 3609 1282 qui
3665 1218 3772 1266 toto
3797 1230 3896 1266 cor-

2244 1319 2382 1372 pore
2412 1307 2659 1355 tremore
2718 1301 3061 1368 concutitur,
3130 1316 3230 1353 nec
3261 1299 3322 1353 in
3365 1316 3479 1353 uno
3528 1300 3818 1355 consistere
3845 1302 3899 1354 ab

2244 1390 2369 1460 ipso
2428 1390 2573 1442 fiedo
2640 1393 2886 1441 tremore
2936 1388 3316 1457 permittitur,
3364 1393 3460 1440 tua
3505 1388 3709 1441 virtute
3756 1389 3900 1441 stabi-

2246 1479 2433 1531 liendo
2466 1478 2742 1530 firmetur.
2794 1478 2875 1529 Tu
2926 1476 3078 1529 enim
3136 1492 3213 1537 es,
3267 1476 3529 1543 Domine,
3584 1477 3679 1547 qui
3725 1478 3901 1530 scalam

2247 1567 2409 1619 nobis
2462 1582 2691 1619 crucem
2748 1570 2906 1619 tuam
2939 1565 3166 1631 dedisti,
3208 1581 3382 1635 quam
3432 1572 3490 1619 et
3544 1566 3705 1619 nobis
3732 1566 3901 1618 tollere

2246 1654 2603 1721 humeribus,
2667 1658 2722 1707 et
2765 1658 2818 1707 te
2869 1670 3107 1724 sequere
3156 1669 3300 1722 pura
3349 1659 3541 1707 mente
3568 1653 3794 1723 jussisti.
3837 1654 3903 1706 Tu

2247 1741 2401 1795 enim
2435 1758 2494 1795 es
2544 1743 2693 1795 scala
2741 1742 3114 1806 credentium,
3148 1742 3281 1811 quia
3327 1759 3428 1812 per
3458 1747 3511 1795 te
3544 1742 3902 1811 gradientibus

2244 1834 2297 1882 te
2324 1830 2517 1899 ipsum
2540 1830 2762 1899 praebes
2792 1830 2853 1883 in
2887 1829 3212 1899 praemium.
3269 1833 3372 1885 Per
3417 1831 3565 1884 hanc
3605 1832 3797 1883 scalam
3824 1832 3902 1883 Ju-

2247 1919 2347 1971 das
2379 1916 2689 1983 descendit,
2741 1922 2797 1969 et
2848 1918 3054 1970 Paulus
3093 1923 3147 1971 te
3180 1922 3413 1970 vocante
3473 1919 3538 1971 ad
3595 1923 3646 1971 te
3677 1918 3904 1987 superius

2247 2006 2585 2059 innitentem
2617 2005 2888 2058 ascendit.
2921 2007 3026 2058 Per
3072 2006 3217 2058 hanc
3246 2006 3423 2059 Judaei
3456 2007 3524 2060 ad
3585 2018 3755 2060 terras
3784 2006 3905 2059 dila-

2247 2095 2330 2165 psi
2378 2100 2531 2161 sunt,
2581 2100 2636 2148 et
2679 2100 2877 2163 gentes
2924 2095 2991 2147 ad
3042 2095 3247 2148 coelum
3299 2097 3581 2166 assumpti
3629 2101 3771 2149 sunt.
3821 2097 3907 2148 Per

2249 2185 2395 2236 hanc
2421 2184 2676 2253 quotidie
2710 2190 3054 2253 peccatores,
3095 2189 3148 2237 te
3191 2184 3447 2250 jubente,
3486 2185 3556 2238 ad
3606 2200 3836 2254 superna
3862 2199 3907 2235 se

2250 2271 2576 2324 mundando
2642 2271 3049 2323 conscendunt.
3124 2276 3179 2323 et
3236 2271 3305 2324 de
3363 2288 3465 2324 sua
3524 2277 3910 2341 praesumentes

2242 2359 2461 2430 justitia
2482 2360 2551 2413 ad
2586 2360 2806 2412 inferna
2840 2360 3142 2429 praecipitis
3183 2367 3479 2413 corruunt.
3536 2362 3645 2414 Fac
3689 2377 3795 2423 me,
3823 2361 3906 2413 Do-

2247 2450 2423 2513 mine,
2462 2453 2521 2502 ut
2554 2448 2699 2501 sicut
2726 2449 2837 2502 ﬁde
2879 2449 3050 2517 hujus
3089 2449 3251 2502 scalae
3286 2450 3472 2502 merui
3505 2451 3782 2519 attingere
3805 2467 3910 2519 gra-

2249 2537 2374 2599 dus,
2400 2536 2477 2588 ita
2511 2552 2683 2604 opere
2718 2536 2959 2588 lirmiter
2988 2537 3047 2589 in
3078 2537 3287 2590 eisdem
3324 2538 3541 2590 valeam
3565 2539 3778 2608 jugiter
3806 2554 3908 2607 per-

2250 2640 2502 2679 manere.
2535 2626 2612 2677 Tu
2656 2626 2809 2677 enim
2851 2642 2908 2677 es
2953 2624 3051 2693 qui
3100 2630 3397 2678 nutantem
3434 2627 3791 2692 corroboras,
3832 2622 3913 2695 qui

2249 2711 2463 2765 debiles
2495 2711 2704 2777 firmas,
2761 2711 2860 2780 qui
2908 2712 3081 2764 fortes
3130 2711 3466 2764 stabiliendo
3497 2728 3756 2765 coronas.
3789 2713 3913 2765 Nun-

2249 2800 2385 2869 quid
2416 2799 2623 2853 Paulus
2668 2803 2888 2868 poterat
2943 2804 2996 2851 te
3026 2799 3237 2865 videre,
3282 2799 3392 2851 nisi
3426 2804 3486 2851 tu
3520 2815 3656 2852 eum
3685 2806 3807 2851 ante
3840 2812 3916 2850 vo-

2250 2903 2404 2939 cares
2425 2888 2453 2940 ?
2481 2887 2569 2940 Sic
2612 2893 2668 2940 et
2700 2886 3007 2950 Abraham,
3061 2892 3220 2957 pater
3252 2888 3449 2957 utique
3479 2890 3761 2957 gentium,
3814 2886 3916 2938 sine

2249 2980 2349 3028 tua
2394 2976 2692 3028 vocatione
2734 2992 2850 3029 non
2903 2980 2987 3035 est
3016 2992 3308 3045 egressus:
3340 2977 3437 3029 sed
3490 2976 3637 3029 sicut
3662 2994 3690 3030 a
3721 2983 3772 3028 te
3800 2973 3917 3027 boni

2251 3063 2439 3133 operis
2480 3064 2723 3133 sumpsit
2774 3064 3027 3129 initium,
3070 3065 3147 3117 ita
3178 3070 3234 3118 et
3264 3064 3357 3118 ille
3416 3065 3769 3136 obsequendi
3793 3079 3918 3134 pra:-

2251 3152 2376 3205 buit
2422 3152 2731 3205 voluntatis
2779 3152 3141 3223 obsequium.
3196 3154 3306 3207 Nec
3352 3154 3505 3207 enim
3553 3159 3775 3223 poterat
3814 3149 3919 3205 ﬁeri

2252 3246 2313 3293 ut
2345 3257 2517 3310 quem
2549 3242 2662 3295 vita
2716 3246 3073 3295 mortuorum
3122 3242 3380 3307 vocabat,
3440 3259 3599 3295 mors
3633 3243 3823 3312 iniqua
3851 3247 3919 3293 te-

2251 3335 2447 3394 neret;
2510 3335 2565 3382 et
2620 3346 2793 3399 quem
2877 3330 2969 3382 lux
3037 3330 3161 3400 ipsa
3218 3332 3647 3385 illuminaverat
3696 3330 3920 3383 tenebraz

2253 3416 2555 3470 obscurum
2590 3417 2837 3471 retinere
2860 3434 2976 3471 non
3014 3418 3298 3472 valebant.
3332 3421 3474 3472 Voca
3527 3436 3644 3489 me,
3687 3418 3919 3479 Domine,

2252 3509 2306 3556 et
2353 3503 2525 3557 dicito
2576 3504 2755 3558 milii:
2812 3508 2889 3559 Tu
2937 3522 3017 3559 mc
3067 3522 3285 3573 sequere
3335 3508 3505 3573 (Joan.
3557 3524 3673 3571 XXI,
3728 3510 3835 3572 l9):
3876 3510 3923 3557 et

2252 3596 2555 3661 postquam
2588 3594 2894 3662 vocaveris,
2953 3600 3016 3649 ut
3072 3595 3333 3648 obediam
3392 3597 3514 3648 voci
3572 3602 3689 3649 tua).
3741 3602 3799 3648 tu
3829 3594 3922 3646 cle-

2253 3695 2414 3733 mens
2447 3680 2725 3749 inspirare
2770 3683 3009 3748 dignare
3027 3683 3197 3752 :cordi
3224 3700 3390 3737 meo:
3438 3701 3770 3755 quanquam
3801 3682 3921 3736 nihil

2252 3768 2405 3822 aliud
2432 3769 2505 3822 sit
2529 3776 2626 3823 tua
2682 3771 2918 3837 vocatio,
2967 3771 3073 3824 nisi
3127 3789 3261 3825 vera
3309 3773 3615 3843 respectio.
3668 3774 3819 3826 Hanc
3844 3787 3926 3824 vo-

2252 3857 2534 3910 cationem
2580 3858 2832 3928 inquiro,
2868 3860 3013 3912 hanc
3050 3861 3465 3930 respectionem
3501 3862 3785 3927 desidero,
3828 3860 3923 3913 hu-

2246 3945 2564 4012 juscemodi
2614 3962 2811 3999 vocem
2865 3948 3177 4001 elfectivam
3236 3950 3434 4002 audire
3498 3950 3737 4004 nimiter
3792 3948 3921 4001 sitio.

2251 4032 2356 4086 Sed
2404 4034 2667 4103 nunquid
2732 4052 2847 4088 non
2899 4037 3158 4089 vocasti?
3207 4038 3464 4108 nunquid
3504 4055 3622 4091 non
3676 4041 3743 4092 ad
3788 4042 3925 4091 tuam

2252 4121 2494 4191 gratiam
2518 4122 2765 4176 invitasti
2795 4124 2821 4176 ?
2844 4126 3105 4193 nunquid
3136 4142 3251 4179 non
3280 4127 3534 4196 quotidie
3556 4127 3723 4180 nobis
3752 4142 3927 4180 vocem

2250 4210 2561 4262 vocationis
2615 4215 2727 4264 tua:
2765 4212 3020 4265 misisti?
3064 4212 3178 4266 imo
3222 4213 3381 4267 omni
3421 4214 3592 4279 'hora,
3632 4216 3791 4268 omni
3829 4230 3930 4267 mo-

2254 4302 2445 4350 mento
2496 4315 2661 4352 vocas
2732 4304 2787 4351 et
2836 4300 3079 4353 clamas:
3139 4307 3195 4354 et
3240 4318 3357 4355 non
3407 4304 3591 4355 solum
3654 4320 3756 4374 per
3807 4319 3929 4373 pro-

2250 4386 2450 4455 phetas
2483 4393 2633 4452 tuos,
2675 4405 2876 4442 verum
2907 4390 3080 4443 etiam
3104 4406 3208 4458 per
3229 4396 3283 4443 te
3316 4391 3522 4461 ipsum,
3569 4398 3634 4445 ut
3661 4409 3760 4445 nos
3791 4392 3852 4443 ad
3884 4396 3930 4441 te

2250 4490 2498 4541 vocares,
2534 4476 2760 4529 venisti.
2796 4477 2931 4531 Inde
2963 4478 3219 4547 quotidie
3242 4495 3344 4547 per
3368 4479 3742 4549 Evangelium
3784 4484 3930 4531 tuum

2250 4564 2410 4616 nobis
2460 4580 2577 4618 non
2633 4566 2985 4619 merentibus
3031 4567 3279 4621 clames:
3330 4569 3439 4632 Qui
3482 4571 3600 4621 sitit
3654 4572 3854 4632 veniat,
3890 4572 3932 4619 et

2248 4652 2419 4715 bibat,
2467 4658 2516 4706 et
2568 4656 2664 4722 qui
2695 4656 2889 4707 biberit
2940 4670 3006 4709 σεε
3035 4672 3181 4723 aqua
3232 4672 3394 4723 quam
3427 4672 3519 4722 ego
3568 4658 3711 4711 dabo
3741 4660 3806 4721 εἰ,
3840 4671 3931 4708 non

2245 4742 2394 4793 sitiet
2452 4743 2647 4794 iterum
2697 4744 2870 4811 (Joan.
2922 4760 2993 4808 IV,
3034 4744 3103 4811 7).
3166 4744 3232 4797 Et
3283 4761 3436 4812 vere,
3474 4746 3739 4811 Domine,
3772 4744 3933 4815 quite

2244 4844 2377 4882 vero
2410 4830 2579 4883 corde
2636 4830 2773 4895 sitit,
2820 4832 3088 4885 haustum
3143 4833 3273 4886 vitae
3326 4850 3440 4886 non
3502 4834 3801 4888 morientis
3830 4838 3933 4885 ate

2245 4917 2498 4988 diguiter
2558 4919 2759 4972 sumit:
2818 4937 2921 4974 nec
2980 4922 3290 4991 aliquando
3342 4922 3503 4975 sitire
3570 4924 3731 4976 novit
3786 4922 3931 4990 cujus

2244 5022 2404 5058 mens
2434 5006 2517 5057 tui
2562 5006 2733 5059 fontis
2781 5009 3049 5077 poculum
3094 5010 3302 5062 haurit.
3339 5010 3447 5063 Sed
3488 5026 3636 5080 aqua
3668 5016 3796 5075 tua,
3832 5010 3931 5061 Do—

2250 5094 2424 5159 mine,
2460 5094 2606 5148 sicut
2649 5111 2883 5165 peccare
2916 5098 3311 5151 desinentibus
3358 5098 3529 5151 vitam
3579 5104 3833 5167 praestat,
3864 5097 3933 5150 ita

2246 5182 2472 5236 adhunc
2530 5185 2902 5254 peccantibus
2955 5186 3169 5255 ignem,
3233 5203 3348 5241 non
3401 5187 3725 5241 satietatem
3776 5184 3931 5240 mini-

2315 5341 2343 5381 s
2384 5329 2506 5394 Ms.,
2532 5329 2809 5383 sabbatus.

2313 5401 2338 5440 h
2378 5399 2500 5466 Ms.,
2536 5403 2824 5453 castucine.

2317 5468 2329 5502 ¹
2367 5470 2489 5536 Ms.,
2531 5471 2748 5538 grados.
