4086 6182
216 296 320 349 409

210 515 465 585 seipsum
496 529 613 566 non
646 513 964 582 refrigerat,
994 512 1088 565 sed
1121 512 1326 565 exurit.
1366 512 1597 575 Adesto,
1644 512 1905 579 Domine,

210 604 350 656 mihi
398 606 452 655 te
485 603 827 655 nescientem
869 600 1029 654 sitire
1053 609 1077 633 ³
1110 617 1122 653 :
1170 606 1226 653 et
1260 601 1475 654 munda
1507 606 1565 653 ut
1602 602 1819 654 valeam
1853 606 1907 654 te

212 708 329 744 non
358 692 593 759 indigne
633 690 882 743 haurire.
924 690 1055 742 Ecce
1102 690 1248 741 Deus
1280 705 1442 741 meus
1471 690 1597 742 fons
1628 690 1729 743 iste
1759 694 1910 758 patet

208 780 457 833 omnibus
492 780 865 831 habitantibus
907 779 1217 831 Jerusalem
1259 780 1317 831 in
1348 779 1673 831 ablutionem
1718 795 1905 847 pecca-

210 874 406 930 torum,
466 876 515 921 ct
561 873 901 921 menstruales
955 866 1141 935 (Zach.
1194 883 1311 931 xm,
1373 867 1444 935 t).
1495 867 1602 921 Sed
1662 867 1910 937 qualiter

208 963 411 1025 potum
457 957 512 1008 in
560 961 613 1008 te
645 956 882 1025 accipio,
917 956 1016 1025 qui
1047 955 1115 1007 ad
1156 956 1317 1008 illum
1348 956 1525 1009 animi
1564 972 1760 1023 gressu
1794 973 1908 1009 non

210 1044 510 1114 propero?
566 1046 627 1096 Et
658 1046 756 1114 qui
789 1045 979 1097 fractis
1018 1043 1279 1096 cruribus
1327 1044 1564 1113 grabato
1614 1045 1908 1097 adliazrens

208 1134 524 1187 Jerusalem
560 1150 781 1202 nequeo
812 1132 1072 1197 introire,
1108 1148 1221 1202 quo
1262 1138 1425 1202 pacto
1470 1133 1539 1186 de
1572 1132 1728 1185 fonte
1754 1133 1903 1186 salu-

207 1223 319 1274 tari
354 1222 536 1291 ipsius
572 1238 660 1274 me
705 1221 902 1274 valebo
934 1220 1178 1290 potando
1213 1221 1535 1274 mundare?
1563 1220 1621 1275 Si
1653 1221 1807 1274 enim
1839 1237 1905 1274 ex

207 1310 632 1363 habitatoribus
680 1309 977 1362 existerem
1025 1309 1398 1362 sanctissimae
1460 1310 1721 1375 civitatis,
1788 1325 1906 1362 cre-

208 1399 411 1451 derem
447 1414 538 1452 me
573 1399 850 1451 meledam
899 1398 1150 1468 recipere
1184 1398 1439 1451 sanitatis
1475 1415 1487 1451 :
1532 1398 1668 1467 quia
1715 1404 1909 1467 porta:

205 1489 322 1555 ejus
386 1490 667 1555 occupavit
715 1490 861 1540 salus
920 1493 969 1540 et
1012 1502 1191 1540 muros
1252 1489 1429 1556 ipsius
1477 1487 1723 1539 laudatio
1775 1488 1901 1555 (Isa.

204 1593 290 1643 1.x,
345 1578 422 1642 8).
478 1578 561 1629 Tu
606 1592 759 1641 vero,
821 1577 966 1628 Deus
998 1591 1183 1640 meus,
1217 1576 1315 1645 qui
1361 1576 1740 1645 paralyticum
1793 1591 1907 1627 non

201 1664 516 1718 habentem
558 1664 657 1735 qui
696 1680 754 1716 se
813 1663 869 1716 in
903 1664 1201 1733 piscinam,
1252 1664 1389 1717 dum
1440 1665 1662 1717 turbata
1710 1663 1909 1717 fuisset

206 1754 481 1815 mitteret,
532 1728 701 1805 verbo
751 1728 959 1805 curas-ti
992 1754 1164 1816 (Joan.
1190 1728 1289 1819 7v);
1339 1752 1428 1805 dic
1470 1753 1662 1816 verbo,
1700 1758 1753 1806 et
1799 1752 1904 1806 mi-
1946 1728 1985 1782 Β

207 1859 403 1895 serum
439 1842 511 1894 ab
542 1840 829 1894 ulceribus
868 1840 1145 1894 mundare
1181 1841 1438 1909 dignare.
1476 1841 1763 1910 Nunquid,
1804 1842 1905 1894 Do-

205 1931 386 1996 mine,
438 1930 657 2000 piscina
709 1928 806 1981 illa
853 1929 975 1982 sine
1022 1935 1079 1982 te
1125 1928 1397 1983 curabat?
1449 1935 1547 1982 aut
1594 1930 1807 1997 absque
1851 1936 1905 1983 te

204 2020 451 2073 virtutes
502 2020 654 2089 ipsas
704 2020 1008 2072 sanitatum
1060 2018 1430 2072 ostendebat?
1480 2017 1658 2070 Absit.
1708 2018 1789 2070 Tu
1848 2034 1907 2070 es

207 2108 364 2161 enim
382 2110 535 2160 salus
567 2108 1076 2173 inﬁrmantium,et
1106 2124 1208 2177 per
1224 2112 1276 2160 te
1308 2107 1654 2176 ubicunque,
1692 2108 1773 2159 vel
1806 2123 1908 2177 per

206 2212 607 2267 quoscunque,
639 2196 855 2249 curatio
888 2202 971 2249 est
1000 2196 1380 2248 infirmorum.
1414 2195 1518 2248 Sed
1551 2200 1614 2247 ut
1642 2197 1906 2249 ostende-

206 2301 294 2337 res
329 2285 741 2337 multimodam
778 2284 1235 2353 magnitudinem
1280 2288 1458 2349 tuam,
1504 2288 1559 2335 et
1598 2283 1760 2351 juxta
1797 2299 1909 2335 me-

206 2374 317 2425 rita
389 2372 749 2441 singulorum
798 2378 852 2425 te
902 2372 1294 2427 laborantibus
1342 2372 1551 2441 largire
1604 2370 1905 2434 medelam,

206 2466 261 2514 et
291 2462 454 2531 quod
491 2462 660 2514 variis
691 2461 1081 2514 occasionibus
1112 2460 1277 2513 nobis
1305 2460 1578 2529 pietatem
1615 2466 1769 2513 tuam
1801 2459 1908 2513 tri-

206 2547 353 2601 bues
387 2548 782 2613 etfectuosam;
817 2549 950 2602 inde
990 2548 1132 2601 alios
1178 2564 1282 2617 per
1312 2564 1369 2600 se
1413 2547 1807 2617 gradientibus
1837 2548 1907 2600 ad

203 2636 384 2689 vitam
415 2653 601 2701 curas,
636 2636 856 2689 aliosde
871 2653 972 2690 sua
1000 2637 1181 2689 salute
1213 2636 1638 2706 negligentibus
1660 2636 1909 2705 gratuita

208 2726 587 2778 miseratione
645 2726 958 2780 emundas:
1014 2725 1319 2778 ostendens
1381 2724 1568 2789 nobis,
1621 2725 1911 2777 sublimis-

206 2814 352 2867 sime
378 2816 552 2880 Deus,
584 2814 719 2885 quia
742 2830 853 2867 non
876 2814 1028 2867 unde
1050 2814 1424 2884 praesumptio
1446 2821 1639 2869 nostra
1666 2815 1907 2867 salutem

207 2919 264 2955 se
292 2903 551 2955 aestimat
578 2902 891 2972 adipiscare
921 2903 1162 2967 invenit,
1196 2903 1293 2955 sed
1338 2902 1487 2955 unde
1522 2902 1615 2971 pie
1656 2908 1819 2971 pater
1857 2902 1909 2954 ei

210 2992 597 3044 ministrando
629 2992 812 3060 ipsam
845 2994 1088 3045 salutem
1136 2991 1413 3060 impertis.
1446 2992 1767 3061 Inipertire,
1803 2992 1909 3045 Do-

207 3081 363 3134 mine
390 3081 562 3146 Deus,
591 3080 752 3150 quasi
785 3081 951 3146 Deus,
976 3080 1198 3134 homini
1224 3080 1746 3133 immensurabilem
1779 3095 1906 3148 gra-

208 3170 370 3234 tiam,
399 3175 460 3223 et
484 3169 798 3238 multiplica
822 3185 957 3238 erga
984 3170 1280 3234 miserum,
1314 3168 1459 3221 sicut
1488 3168 1683 3220 omnia
1709 3172 1910 3237 potens

203 3257 662 3311 misericordiam
720 3257 1071 3311 afﬂuentem.
1142 3257 1343 3327 Irriga,
1408 3257 1668 3322 Domine,
1738 3272 1909 3326 squa-

202 3348 420 3400 lentem
466 3352 677 3399 terram
713 3362 920 3409 meam,
969 3350 1033 3400 ut
1073 3345 1256 3399 imbre
1290 3350 1387 3398 tuo
1446 3344 1738 3413 irrigatam
1791 3344 1908 3397 fru-

202 3436 413 3488 ctiﬁcet
470 3434 736 3487 arborem
807 3433 1174 3487 fructuosam.
1240 3437 1491 3503 Asperge
1562 3450 1671 3493 me,
1742 3434 1908 3495 Deus,

200 3523 531 3576 dulcedinis
563 3528 675 3576 tua;
710 3539 859 3588 rore,
894 3527 951 3575 et
980 3524 1241 3591 complue
1272 3528 1523 3576 mentem
1562 3538 1747 3575 meam
1802 3523 1909 3575 im-

203 3611 407 3665 bribus
463 3612 663 3680 gratiae
694 3616 828 3664 tuae.
863 3612 1022 3681 Rogo
1070 3611 1246 3679 enim,
1278 3610 1531 3682 piissime
1559 3612 1722 3677 Deus,
1774 3611 1911 3681 quia

201 3704 262 3753 tu
312 3717 410 3753 me
457 3699 677 3768 jussisti
727 3716 976 3767 rogare:
1023 3705 1080 3753 et
1126 3700 1273 3753 hanc
1322 3705 1553 3753 tenuem
1603 3700 1909 3754 scintillam

201 3790 284 3842 tui
316 3789 550 3842 timoris
580 3805 644 3841 ex
677 3795 731 3842 te
758 3789 971 3841 inserta
1003 3794 1089 3842 est
1119 3788 1258 3842 mihi
1294 3805 1505 3859 :quam
1539 3793 1603 3843 ut
1647 3789 1909 3859 augendo

204 3878 578 3947 multiplices,
631 3882 687 3930 et
727 3877 1167 3946 multiplicatam
1217 3882 1493 3946 acceptas,
1530 3893 1725 3946 quaiso
1756 3892 1906 3946 prae-

205 3966 447 4029 cordiis,
502 3971 567 4018 ut
620 3971 679 4019 tu
740 3966 909 4031 nosti,
960 3964 1219 4018 internis.
1273 3966 1411 4018 Nam
1462 3982 1587 4018 ecce
1636 3965 1909 4037 iniquitas

204 4070 335 4107 mea
389 4054 452 4106 in
484 4060 701 4106 tantam
757 4054 1194 4107 crassitudinem
1226 4056 1251 4095 ι)
1296 4054 1470 4115 venit,
1514 4060 1579 4107 ut
1620 4054 1810 4123 ipsum
1852 4059 1908 4107 te

205 4142 443 4196 videndi
485 4142 703 4195 aditum
739 4141 877 4195 mihi
909 4142 1318 4195 concluderet:
1362 4147 1419 4196 et
1466 4142 1523 4195 in
1573 4146 1687 4194 tam
1738 4142 1904 4194 innu-

204 4231 522 4284 merabiles
580 4230 792 4283 formas
866 4230 1160 4293 dividitur,
1218 4234 1282 4283 ut
1352 4246 1417 4282 ex
1474 4246 1589 4284 una
1641 4230 1910 4299 superbia

1765 293 2156 349 CONFESSIO.

2102 296 2156 349 Ο.
3612 302 3715 355 410

212 432 370 479 strat.
407 426 471 478 Et
500 429 651 477 certe
683 423 942 494 quisquis
976 422 1246 493 indignus
1294 422 1427 476 huic
1476 422 1616 476 fonti
1668 422 1901 489 accedit,
1945 426 1986 479 Α
2019 424 2424 478 mandatorum

2514 430 2745 478 tuorum
2842 426 3172 496 superbiam
3262 427 3542 498 rejicere:
3618 432 3714 485 sed

2018 518 2209 566 utrum
2274 512 2603 567 assiduitate
2663 514 2917 583 ejusdem
2975 514 3205 585 ligatus,
3266 533 3330 570 ac
3387 527 3410 551 ι
3468 520 3714 590 segnitia

2015 602 2385 673 praepeditus,
2421 602 2573 672 quod
2608 602 2771 656 avide
2803 603 2972 673 cupio
3021 604 3261 673 implere
3295 607 3564 675 operibus
3608 625 3715 662 ne-

2017 708 2188 761 queo.
2224 692 2329 746 Sed
2365 692 2622 761 nunquid
2657 693 2701 744 si
2732 698 2882 744 recte
2904 709 3193 761 cuperem,
3220 701 3276 747 et
3303 711 3371 747 ex
3402 700 3522 748 toto
3544 697 3712 750 corde

2016 786 2071 833 te
2111 780 2167 832 in
2209 780 2315 833 hoc
2345 780 2665 849 adjutorem
2698 796 3011 849 precarem,
3047 782 3188 835 mihi
3221 783 3570 853 adjutorium
3596 801 3713 837 non

2015 868 2253 938 largires
2306 869 2405 939 qui
2438 870 2608 922 etiam
2654 886 2771 922 non
2822 870 3188 939 precantibus
3220 874 3554 942 plerumque
3608 872 3711 926 ad-

2010 958 2169 1027 jutor
2199 958 2427 1011 existis?
2472 959 2742 1028 Nunquid
2775 975 2887 1011 non
2938 965 2995 1011 tu
3048 976 3104 1012 es
3145 960 3245 1031 qui
3285 976 3397 1013 non
3449 960 3713 1013 merenti-

2016 1046 2121 1098 bus
2152 1062 2326 1117 aquas
2368 1046 2426 1099 in
2477 1047 2701 1099 deserto
2732 1063 2795 1099 ex
2841 1053 3003 1117 petra
3043 1048 3331 1101 eduxisti?
3375 1049 3494 1102 Non
3541 1055 3601 1101 tu
3654 1065 3712 1101 es

2016 1135 2114 1204 qui
2147 1151 2357 1188 manna
2391 1135 2708 1189 fastidienti
2740 1137 2953 1206 populo
2986 1136 3231 1189 dedisti?
3264 1136 3368 1200 Qui
3399 1154 3576 1207 nsque
3607 1138 3709 1191 lio-

2013 1223 2103 1277 die
2159 1223 2553 1293 peccatoribus
2600 1230 2658 1277 et
2705 1223 2922 1293 iniquis
2969 1225 3149 1277 solem
3204 1231 3368 1277 tuum
3422 1225 3709 1296 producis,

2014 1311 2341 1381 imbresque
2372 1312 2579 1381 pietate
2610 1328 2722 1381 qua
2753 1312 2943 1365 aftluis
2975 1330 3089 1365 non
3122 1315 3303 1366 solum
3362 1314 3707 1383 hominibus,

2014 1402 2107 1453 sed
2139 1402 2313 1453 etiam
2345 1401 2542 1453 bestiis
2572 1401 2805 1454 fundis?
2838 1402 3035 1454 Nonne
3063 1407 3124 1454 tu
3158 1419 3216 1453 es
3249 1403 3367 1471 ipse
3418 1404 3586 1466 Deus,
3621 1403 3711 1455 cui

2014 1505 2150 1542 cura
2196 1490 2291 1557 pia
2334 1493 2554 1542 exstuat
2595 1489 2663 1542 de
2696 1490 3002 1542 omnibus?
3035 1491 3229 1543 Nonne
3262 1494 3323 1543 tu
3358 1491 3562 1543 horrea
3598 1490 3711 1543 im-

2014 1580 2238 1649 piorum
2280 1578 2607 1648 adimples?
2666 1580 2866 1632 Nonne
2898 1585 2959 1631 tu
3009 1595 3173 1648 reges
3217 1579 3501 1649 imperare
3539 1579 3712 1633 etiam

2014 1684 2204 1720 servos
2236 1666 2558 1736 permittis?
2604 1668 2801 1721 Nonne
2848 1672 2909 1720 tu
2942 1684 3001 1720 es
3040 1668 3139 1737 qui
3182 1668 3352 1721 etiam
3414 1668 3517 1721 tibi
3566 1668 3712 1721 resi—

2017 1754 2294 1807 stentibus
2326 1771 2598 1825 prospera
2630 1754 2877 1808 tribuis?
2906 1757 2986 1808 Tu
3017 1772 3075 1808 es
3100 1762 3250 1809 certe
3276 1757 3375 1826 qui
3404 1761 3456 1809 te
3490 1772 3712 1825 negan-

2017 1841 2168 1895 tibus
2201 1843 2495 1896 szecularia
2543 1842 2723 1897 multa
2756 1843 2981 1913 largiris
3019 1860 3030 1897 :
3073 1844 3171 1913 qui
3218 1845 3390 1897 etiam
3446 1844 3709 1914 blasphe-

2018 1936 2238 1984 mantes
2270 1936 2321 1984 te
2354 1948 2468 1984 non
2495 1932 2677 1984 solum
2705 1933 2995 2001 operibus,
3031 1938 3093 1985 ut
3120 1949 3247 2003 ego,
3303 1950 3499 1985 verum
3536 1933 3709 1986 etiam

2018 2036 2115 2073 ore
2148 2020 2395 2089 vipereo,
2429 2020 2581 2073 cibas
2628 2026 2798 2091 atque
2856 2026 3155 2073 sustentas.
3211 2022 3392 2091 Opere
3440 2021 3595 2075 enim
3655 2028 3710 2074 te

2017 2108 2531 2161 clementissimum
2562 2108 2822 2179 derogat,
2854 2110 2953 2179 qui
2985 2114 3079 2162 tua
3109 2115 3393 2179 praecepta
3439 2125 3554 2161 non
3601 2108 3705 2160 im-

2017 2197 2179 2266 plet:
2214 2196 2413 2265 lingua
2442 2213 2572 2249 vero
2603 2201 2658 2249 te
2707 2203 2763 2250 et
2804 2213 2975 2267 Opere
3025 2197 3273 2265 impetit,
3318 2196 3417 2266 qui
3464 2196 3712 2266 qualiter

2016 2285 2327 2338 credendus
2358 2302 2416 2336 es
2448 2285 2496 2352 d,
2538 2286 2935 2339 subsannando
2970 2302 3081 2338 non
3113 2286 3306 2339 credit.
3346 2286 3522 2338 Etiam
3559 2283 3710 2354 quod

2019 2390 2051 2426 a
2081 2373 2483 2426 conﬁtentibus
2517 2375 2781 2427 recensiri
2816 2375 3213 2445 blasphemum
3249 2380 3351 2439 est,
3382 2374 3710 2427 Judteorum

2021 2462 2229 2515 fetores
2278 2467 2339 2514 tu
2389 2462 2563 2525 vides,
2612 2480 2758 2532 quos
2796 2480 2909 2516 non
2958 2464 3198 2528 ultione,
3250 2463 3346 2515 sed
3398 2462 3710 2515 inaestima-

2018 2551 2120 2604 bili
2150 2550 2400 2604 bonitate
2447 2551 2702 2620 quotidie
2744 2551 2917 2606 foves.
2970 2556 3082 2604 Aut
3131 2552 3370 2605 forsitan
3420 2551 3711 2604 fatendum

2020 2645 2121 2705 est,
2182 2645 2237 2693 te
2291 2641 2524 2693 alterius
2578 2657 2695 2694 non
2742 2641 2905 2694 istius
2960 2643 3150 2695 saeculi
3188 2642 3571 2709 conditorem,
3614 2628 3713 2694 ubi

2018 2727 2229 2798 impios
2285 2730 2600 2782 secundum
2650 2730 2804 2799 quod
2872 2736 3167 2783 merentur
3218 2730 3529 2799 judicando
3576 2746 3714 2781 con-

2020 2817 2280 2881 demnas,
2332 2821 2387 2869 et
2430 2817 2555 2886 pios
2604 2818 2977 2887 glorificando
3034 2820 3315 2871 coronas?
3364 2818 3541 2871 Absit.
3592 2819 3712 2871 Imo

2020 2906 2189 2959 corde
2222 2922 2365 2975 puro
2414 2911 2470 2958 et
2500 2921 2599 2959 ore
2651 2908 2845 2974 patulo
2896 2907 3137 2960 firmiter
3165 2907 3554 2960 confitendum
3604 2912 3706 2960 est.

2020 3002 2073 3047 te
2105 2999 2161 3047 et
2205 2994 2366 3046 istius
2401 2999 2458 3046 et
2503 2994 2737 3047 alterius
2786 2994 3045 3063 praeclari
3095 2996 3287 3048 saeculi
3332 2995 3707 3048 conditorem.

2021 3082 2127 3135 Sed
2183 3082 2274 3134 hic
2324 3081 2639 3134 bonitatem
2702 3098 2836 3151 erga
2886 3088 3205 3136 creaturam
3264 3084 3537 3146 ostendis,
3596 3082 3711 3136 illic

2018 3169 2315 3223 veritatem
2376 3170 2684 3239 judicando
2742 3170 3033 3223 discernis.
3095 3171 3193 3223 Hic
3246 3170 3429 3240 pietas
3488 3177 3585 3223 tua
3646 3177 3711 3224 ut

2020 3259 2247 3327 dignos,
2317 3258 2393 3311 ita
2452 3259 2719 3327 indignos
2780 3264 3104 3312 sustentat:
3160 3258 3277 3312 illic
3322 3259 3545 3329 justitia
3612 3265 3709 3314 tua

2018 3347 2223 3415 dignos
2282 3353 2536 3414 coronat,
2585 3348 2853 3417 indignos
2902 3354 3093 3400 autem
3135 3347 3287 3417 juste
3343 3348 3703 3415 condemnat.

2020 3435 2117 3488 Hic
2156 3436 2495 3505 plerumque
2540 3436 2883 3489 cruciatibus
2927 3436 3112 3506 justos
3144 3435 3365 3506 probat,
3402 3452 3544 3505 quos
3594 3436 3710 3489 illic

2018 3524 2077 3577 in
2129 3524 2451 3577 cmlestibus
2492 3525 2882 3578 mansionibus
2913 3524 3248 3578 ascribendo
3303 3530 3535 3577 coronat
3570 3542 3583 3578 :
3620 3524 3711 3578 hic

2019 3614 2191 3667 etiam
2227 3630 2376 3683 smpe
2408 3620 2633 3666 sanctos
2683 3619 3030 3678 remunerat,
3065 3620 3129 3666 ut
3159 3613 3236 3666 eis
3277 3620 3509 3685 gustum
3545 3614 3709 3668 bonae

2016 3701 2495 3755 remunerationis
2526 3702 2830 3754 ostendens
2870 3702 3268 3772 desperatione
3310 3719 3421 3753 non
3462 3702 3705 3771 frangat.

2020 3792 2083 3843 Et
2110 3806 2260 3859 saepe
2301 3789 2553 3859 iniquos,
2583 3806 2615 3842 ο
2654 3791 2798 3842 Deus
2844 3805 3025 3854 meus,
3059 3789 3140 3841 eis
3189 3789 3360 3841 etiam
3396 3790 3576 3858 plagis
3625 3789 3710 3841 af-

2018 3875 2200 3945 ﬂigis;
2255 3880 2311 3929 et
2341 3891 2441 3946 per
2472 3876 2653 3945 ipsam
2680 3876 2830 3944 juste
2862 3876 2919 3927 in
2968 3876 3047 3928 eis
3090 3876 3306 3928 illatam
3341 3876 3706 3940 sententiam,

2017 3966 2158 4017 alios
2190 3980 2387 4017 eorum
2432 3964 2644 4016 similes
2674 3964 3038 4017 terrificando
3082 3963 3353 4017 deterres.
3409 3964 3505 4015 Hic
3554 3962 3708 4015 enim

2018 4053 2227 4106 seritur
2257 4053 2410 4123 quod
2443 4053 2557 4106 illic
2606 4053 2859 4105 metitur.
2905 4053 3016 4105 Nec
3049 4052 3130 4105 fas
3187 4056 3268 4104 est
3312 4051 3485 4116 credi,
3544 4050 3706 4105 illum

2018 4143 2315 4195 lucitluum
2370 4142 2640 4194 szeculum
2689 4145 2989 4211 peccantes
3038 4140 3313 4210 recipere,
3366 4140 3423 4192 in
3477 4156 3590 4210 quo
3648 4144 3709 4192 tu

2018 4246 2148 4284 eum
2183 4230 2513 4283 sustinendo
2555 4230 2821 4299 dignatus
2867 4246 2925 4281 es
2964 4228 3252 4298 habitare;
3302 4244 3473 4298 quem
3521 4229 3707 4280 locum

205 4324 391 4371 matre
425 4318 624 4370 multa:
656 4317 1005 4370 robustiores
1055 4317 1190 4370 tilia:
1234 4318 1489 4388 quotidie
1522 4318 1798 4371 oriantur.
1845 4319 1909 4371 Et
1949 4330 1990 4383 1)
2020 4320 2415 4373 retributionis
2457 4320 2698 4388 justitias
2748 4335 2868 4371 esse
2921 4318 3230 4371 revolvisti.
3284 4316 3445 4378 Ouod
3497 4317 3542 4370 si
3586 4318 3707 4371 haec

204 4423 349 4477 quas
394 4406 784 4471 dinumerare,
833 4422 936 4458 nec
985 4405 1341 4475 perpendere
1386 4423 1568 4476 queo;
1619 4408 1907 4476 quomodo

203 4496 505 4548 destruere
570 4494 815 4549 valebo?
860 4496 1025 4549 Certe
1077 4494 1230 4547 enim
1289 4510 1353 4547 ex
1403 4495 1667 4565 superbia
1721 4495 1907 4547 omnis

201 4583 486 4655 iniquitas
528 4588 719 4653 captat
762 4582 1133 4653 principium,
1163 4582 1297 4652 quia
1330 4599 1500 4636 omne
1531 4584 1684 4653 quod
1718 4582 1908 4651 agitur

198 4674 407 4726 vitium
460 4688 525 4725 ex
581 4676 911 4741 contemptu
986 4671 1387 4725 mandatorum
1447 4677 1678 4724 tuorum
1736 4672 1907 4726 habet

200 4760 529 4814 exordium.
567 4761 633 4813 Et
676 4760 806 4813 ideo
854 4760 999 4813 bene
1049 4759 1334 4830 superbia:
1385 4760 1687 4813 ascribitur
1734 4760 1904 4830 quid-

201 4850 342 4919 quid
405 4850 478 4901 ab
523 4849 757 4902 homine
805 4848 1214 4902 contradicenti
1245 4848 1351 4902 tibi
1406 4864 1645 4918 perpere
1672 4849 1898 4918 agitur:

198 4940 334 5007 quia
368 4939 481 4991 nisi
512 4938 615 4991 tibi
648 4938 1030 5008 omnipotenti
1062 4938 1357 5008 superbire
1390 4942 1709 5005 conaretur,
1759 4954 1903 4990 nun-

199 5043 379 5096 quam
412 5026 614 5079 illicita
644 5042 816 5096 Opere
863 5032 961 5079 aut
988 5032 1179 5079 mente
1224 5030 1474 5096 patraret
1508 5042 1519 5078 :
1556 5031 1611 5078 et
1650 5026 1775 5078 ideo
1807 5042 1900 5077 su-

196 5114 413 5181 perbus
462 5120 520 5166 et
549 5129 825 5183 arrogans
857 5114 1148 5184 quomodo
1186 5114 1256 5166 ad
1284 5118 1339 5166 te
1371 5113 1652 5166 humilem
1711 5112 1903 5165 veniat

195 5218 312 5255 non
358 5201 597 5266 invenit,
639 5202 776 5271 quia
805 5207 859 5255 te
910 5201 1187 5272 superbos
1232 5218 1349 5255 non
1394 5201 1655 5271 probare,
1702 5200 1797 5253 sed
1845 5205 1900 5253 te

196 5290 480 5344 detestare
539 5290 827 5360 cognovit.
880 5290 1083 5362 Cupio,
1123 5290 1383 5356 Domine,
1428 5289 1900 5343 contradictionis

262 5441 289 5464 ⁸
330 5431 455 5497 Ms.,
484 5430 656 5485 sitiri.

265 5504 292 5543 Β
335 5501 460 5567 Ms.,
492 5501 913 5569 grasitudinem.

268 5581 289 5603 ε
329 5572 456 5633 Ms.,
488 5573 627 5626 hanc
651 5574 903 5641 segnitia.

2016 4410 2208 4462 omnia
2239 4424 2369 4478 quae
2400 4424 2431 4460 a
2469 4424 2556 4460 me
2595 4408 2818 4477 digesta
2864 4413 3016 4472 sunt,
3049 4413 3105 4460 et
3139 4407 3247 4460 alia
3303 4407 3540 4477 majora,
3577 4423 3707 4477 quin

2014 4513 2046 4550 a
2076 4512 2167 4549 me
2201 4496 2411 4548 omissa
2452 4500 2605 4562 sunt,
2647 4495 2904 4565 quotidie
2937 4495 2993 4547 in
3043 4511 3156 4547 non
3186 4494 3540 4547 merentibus
3573 4512 3707 4563 ope-

2013 4601 2133 4646 ras;
2176 4599 2287 4647 me,
2322 4585 2433 4637 Rex
2473 4598 2697 4651 regum,
2748 4583 3020 4652 exiguum
3066 4588 3124 4635 et
3170 4599 3315 4653 pene
3368 4600 3471 4653 pro
3523 4583 3705 4636 nihilo

2013 4676 2430 4740 computatum,
2472 4686 2649 4740 quare
2696 4686 2814 4724 non
2845 4670 3133 4724 mandas?
3185 4671 3285 4725 Hic
3328 4671 3482 4724 enim
3547 4689 3707 4725 mun-

2011 4760 2302 4814 dationem
2357 4759 2608 4827 inquiro,
2662 4758 2754 4811 hic
2815 4759 3291 4821 misericordiam,
3355 4775 3550 4827 posco,
3615 4761 3706 4812 hic

2009 4849 2236 4901 veniam
2273 4853 2635 4917 peccatorum
2672 4846 2947 4916 efflagito,
2981 4847 3115 4917 quia
3146 4847 3203 4899 in
3234 4847 3458 4899 inferno
3486 4848 3703 4901 nullam

2008 4936 2421 5007 professionem
2497 4935 2920 5004 profectuosam
2973 4952 3091 4987 esse
3141 4935 3385 4988 confido.
3446 4935 3605 4997 Quod
3657 4934 3702 4985 si

2006 5024 2245 5079 forsitan
2276 5024 2642 5093 exspectaris,
2681 5027 2741 5075 ut
2766 5022 3066 5075 extendam
3100 5022 3473 5091 pusillitatem
3516 5038 3702 5074 meam

2006 5115 2076 5167 ad
2126 5112 2588 5182 magnitudinem
2634 5118 2790 5164 tuam
2839 5111 3195 5175 intuendam,
3230 5126 3443 5179 quaeso,
3495 5110 3702 5179 largire

2005 5202 2154 5255 vires
2186 5200 2459 5254 tendendi
2487 5208 2509 5235 ο
2542 5204 2597 5253 et
2625 5200 2819 5270 prmbe
2842 5203 3051 5252 statum
3080 5198 3137 5251 in
3164 5196 3551 5250 anterioribus
3575 5213 3704 5250 am-

2005 5289 2246 5360 pliandi,
2280 5288 2365 5341 vel
2404 5288 2591 5358 potius
2641 5287 2701 5340 in
2740 5285 2984 5340 sublime
3016 5284 3189 5355 pedes
3220 5283 3479 5353 erigendi
3514 5301 3526 5338 :
3568 5285 3704 5356 quia

2076 5432 2104 5472 ά
2142 5431 2269 5493 Ms.,
2292 5435 2387 5484 est.

2076 5509 2097 5537 °
2137 5501 2264 5565 Ms.,
2300 5499 2556 5555 tentendi.
