4086 6182
374 342 471 396 411

1738 342 1989 396 ALVARI
2032 339 2518 396 CORDUBENSIS

3780 342 3887 396 412

380 481 437 529 et
466 475 706 544 pusillus
727 478 939 526 statura
971 472 1234 526 Zachtrus
1263 481 1287 505 ι
1309 471 1439 524 licet
1466 488 1522 524 se
1545 472 1890 537 extenderet,
1917 477 1970 524 te
1993 471 2065 523 vi-
2105 471 2153 525 A
2182 470 2384 524 intimo
2417 473 2581 526 corde
2615 472 2717 526 tibi
2740 471 2797 525 in
2821 472 2979 525 omni
3003 488 3174 541 opere
3199 488 3389 542 parce.
3428 474 3595 539 Deus,
3629 475 3887 526 claman-

381 565 514 618 dere
532 563 763 616 minime
783 566 992 629 posset,
1010 560 1055 612 si
1078 560 1735 629 sycomorialtitudinem
1765 577 1871 613 non
1897 561 2077 613 adiret

381 654 532 721 (Luc.
569 654 704 717 xxx).
728 651 786 702 Et
810 665 938 701 vere
960 657 1016 702 te
1047 648 1167 719 ipse
1192 649 1369 701 oculis
1384 649 1558 712 videt,
1589 648 2071 719 quijpraeceptial-

380 739 687 793 titudinem
719 744 893 805 tenet,
940 738 1037 806 qui
1088 736 1300 790 mundo
1331 737 1500 790 corde
1545 737 1604 789 in
1652 738 1917 790 arborem
1950 738 2074 790 vita:

377 826 738 878 conscendet.
772 826 877 879 Sed
921 826 1179 897 nunquid
1214 825 1445 878 scandet
1494 826 1560 878 ad
1616 842 1873 895 superos,
1944 842 2072 878 cum

379 913 650 984 iniquitas
696 914 970 984 praecedit
1022 915 1091 967 ad
1142 914 1399 968 inferos?
1451 914 1647 967 Absit:
1699 915 1838 983 quin
1886 915 2075 983 potius

376 1003 501 1072 ipse
533 1004 681 1055 valet
714 1020 815 1072 per
852 1008 926 1067 te,
955 1002 1052 1073 qui
1112 1019 1243 1055 vera
1293 1004 1381 1055 via
1430 1020 1507 1069 es,
1563 1003 1825 1071 gradere,
1874 1009 1931 1056 et
1973 1020 2076 1073 per

376 1096 431 1145 te
466 1090 535 1143 ad
568 1090 742 1143 vitam
789 1097 1084 1153 aeternam,
1134 1108 1261 1161 qua!
1294 1097 1353 1143 tu
1392 1107 1471 1156 es,
1524 1095 1933 1158 conscendere;
1982 1094 2076 1145 cui

378 1185 440 1231 tu
476 1195 707 1250 gressus
740 1180 1079 1233 stabiliendo
1113 1180 1359 1248 dignasb
1405 1180 1673 1249 dirigere.
1707 1182 1913 1250 Dirige,
1970 1184 2073 1235 Do-

376 1268 555 1333 mine,
588 1284 808 1336 gressus
846 1284 1022 1329 meos,
1053 1274 1107 1320 et
1140 1267 1209 1321 sit
1242 1270 1467 1322 lucerna
1501 1270 1736 1322 verbum
1781 1276 1944 1323 tuum
1976 1287 2073 1341 pe-

381 1356 547 1409 dibus
591 1357 732 1408 meis
777 1356 939 1423 (Psal
1002 1372 1186 1419 cxvni,
1226 1357 1366 1424 103),
1429 1362 1492 1409 nt
1550 1358 1673 1411 lure
1728 1364 1825 1411 tua
1866 1360 2078 1412 illumi-

379 1450 568 1510 natus,
612 1449 664 1496 ct
708 1445 948 1498 dextera?
981 1451 1092 1497 tua)
1134 1446 1410 1498 tutatione
1444 1446 1715 1511 munitus,
1750 1448 1965 1501 valeam
2016 1448 2076 1500 in

380 1532 558 1601 portis
611 1532 742 1585 tiliae
773 1541 791 1565 ο
839 1532 968 1585 Sion
1001 1532 1191 1585 dulces
1238 1533 1481 1601 psallere
1526 1534 1786 1604 hymnos.
1837 1536 2074 1588 Domine

381 1621 529 1673 Deus
559 1636 717 1673 meus
764 1621 1061 1674 miserator
1101 1627 1158 1675 et
1196 1622 1537 1689 misericors,
1581 1626 1795 1693 respice
1841 1640 1931 1677 me
1979 1641 2076 1677 re-

380 1713 573 1777 spectu
641 1708 891 1777 pietatis,
948 1714 1004 1762 et
1050 1708 1263 1762 intuitu
1330 1710 1736 1764 misericordia:
1794 1718 1907 1766 tua:
1962 1729 2074 1783 quo

380 1797 524 1850 soles
561 1801 887 1866 peccatores
916 1797 1214 1867 respicere,
1245 1813 1457 1867 eosque
1495 1800 1564 1853 ad
1589 1804 1641 1853 te
1689 1816 1751 1852 ex
1801 1801 1962 1854 devia
1995 1817 2077 1853 re-

379 1901 601 1938 vocare.
637 1886 922 1952 Miserere,
958 1886 1221 1939 Domine.
1273 1886 1563 1954 miserere,
1599 1894 1653 1941 et
1697 1890 1922 1942 veniam
1974 1890 2073 1942 tri-

378 1975 492 2029 bue
524 1979 579 2028 te
608 1976 813 2027 oranti.
852 1975 1088 2041 Exaudi,
1126 1975 1384 2033 Domine.
1419 1976 1644 2041 exaudi,
1698 1981 1753 2029 et
1798 1975 2074 2045 iniquita-

377 2066 464 2116 tes
520 2080 679 2117 meas
745 2070 804 2117 tu
863 2064 1102 2117 dimitte.
1171 2066 1491 2134 Disrumpe,
1526 2065 1786 2131 Domine,
1852 2064 2078 2119 vincula

379 2156 745 2219 peccatorum
781 2168 1061 2219 meorum,
1095 2156 1156 2203 ut
1186 2152 1496 2205 sacrilicem
1528 2153 1631 2205 tibi
1674 2154 1912 2207 hostiam
1946 2154 2074 2206 lau-

380 2239 484 2293 dis.
524 2242 658 2293 Peto
698 2241 955 2305 Domine,
998 2240 1229 2311 indulge
1265 2241 1428 2307 mihi,
1453 2246 1511 2294 et
1531 2247 1825 2312 peccatum
1860 2258 2074 2307 meum,

380 2327 485 2381 tibi
513 2329 804 2397 cognitum
836 2329 961 2395 soli,
1000 2334 1057 2381 tu
1092 2330 1236 2383 dele.
1266 2330 1423 2395 Ecce,
1461 2331 1720 2395 Domine,
1751 2331 1942 2384 labare
1986 2347 2077 2383 me

379 2415 488 2469 hoc
526 2417 762 2469 flumine
792 2417 979 2470 volui:
1012 2418 1106 2470 sed
1138 2419 1329 2470 sordes
1362 2433 1502 2470 mete
1534 2424 2077 2487 permanentvetus-

381 2508 495 2557 tate
527 2522 627 2558 sua
668 2505 1008 2569 durissima,
1037 2510 1093 2558 et
1124 2522 1269 2574 pene
1292 2506 1449 2559 nullo
1478 2504 1504 2541 ά
1529 2507 1766 2560 flumine
1797 2508 2075 2573 eluendae,

383 2591 492 2646 nisi
538 2594 735 2662 gratiae
768 2601 880 2647 tua:
913 2594 1145 2648 forsitan
1191 2610 1339 2646 rore.
1392 2595 1662 2664 Nunquid
1714 2597 1811 2664 qui
1863 2597 2079 2649 Naman

382 2682 674 2750 leprosum
710 2684 867 2751 augit
912 2695 936 2724 ο
984 2682 1249 2736 Jordanis
1290 2683 1478 2736 eluisti
1536 2685 1641 2753 (IV
1685 2688 1811 2750 Reg.
1870 2695 1943 2753 v_),
1987 2700 2078 2738 me

384 2786 500 2823 non
547 2771 700 2823 vales
734 2776 833 2824 tuo
880 2775 1101 2824 tantum
1160 2788 1424 2825 sermone
1472 2773 1701 2826 labare?
1758 2777 1963 2827 l’oteus
1997 2791 2074 2841 es,

387 2859 648 2924 Domine,
681 2865 737 2913 et
768 2859 1155 2913 misericordia
1190 2866 1285 2913 tua
1325 2878 1496 2931 super
1526 2862 1721 2915 omnia
1753 2879 1926 2932 opera
1961 2869 2074 2916 tua.

386 2947 484 3002 Dic
517 2948 679 3013 milii,
722 2949 959 3003 Domine
996 2966 1007 3002 :
1038 2952 1265 3017 Lazare,
1298 2952 1419 3003 veni
1446 2953 1603 3017 foras
1634 2954 1810 3020 (Joan.
1862 2968 1934 3017 1x,
1964 2953 2074 3022 43),

2185 566 2321 614 tem.
2386 563 2575 628 Parce,
2615 563 2779 626 Deus,
2829 578 3017 630 parce,
3068 567 3123 614 et
3150 562 3360 614 scelera
3386 578 3512 614 mea
3551 570 3611 614 tu
3644 562 3777 632 pius
3809 562 3888 614 di-

2185 650 2365 702 mitte.
2405 651 2663 719 Indnlge,
2696 650 3167 703 clementisssime
3202 651 3371 716 Deus,
3397 654 3451 701 et
3479 650 3629 703 mala
3663 666 3796 701 mea
3827 654 3889 702 tu

2185 738 2507 791 misericors
2554 744 2727 805 terge.
2781 739 3032 803 Peccavi,
3087 738 3349 801 Domine,
3391 739 3639 807 peccavi,
3687 745 3745 791 et
3780 738 3888 790 iiii-

2185 826 2429 896 quitates
2461 843 2614 879 meas
2644 842 2750 896 ego
2800 844 3046 896 agnosco
3081 828 3245 895 (Psal.
3308 825 3379 896 1.).
3418 829 3573 889 Peto,
3619 827 3889 891 Domine,

2184 916 2413 968 remitte
2449 915 2611 983 mihi,
2642 921 2696 967 et
2728 916 2975 985 hyssopo
3004 915 3158 968 verbi
3186 916 3271 967 tui
3305 916 3605 968 vulnerosa
3671 917 3892 967 viscera

2185 1020 2314 1058 mea
2343 1020 2599 1074 asperge.
2634 1004 2904 1071 Subveni,
2932 1004 3190 1065 Domine,
3222 1004 3447 1074 perdito
3472 1020 3633 1072 vago,
3672 1009 3731 1057 et
3763 1020 3890 1073 pro-

2185 1094 2319 1161 fugo
2361 1098 2415 1145 et
2460 1097 2557 1145 tuo
2590 1109 2719 1144 eum
2761 1098 2953 1145 sancto
2988 1108 3224 1144 munere
3273 1092 3541 1161 prazsidio
3580 1108 3591 1144 :
3635 1097 3699 1143 ut
3754 1091 3893 1161 quia

2183 1180 2363 1234 nostri
2396 1180 2763 1233 milleformes
2793 1180 2973 1232 hostis
3015 1179 3126 1232 mei
3159 1180 3413 1246 insidias,
3446 1185 3501 1231 et
3540 1179 3893 1249 multiplices

2184 1269 2535 1334 illusionum,
2571 1270 2843 1339 perducas
2875 1285 2963 1321 me
2998 1268 3065 1321 ad
3116 1273 3190 1334 te,
3227 1268 3325 1337 qui
3368 1285 3495 1321 vera
3540 1268 3750 1321 tutatio
3782 1284 3842 1319 es
3877 1283 3890 1319 :

2186 1374 2301 1411 non
2321 1356 2614 1427 disjungas
2651 1374 2663 1410 :
2703 1362 2759 1410 et
2783 1358 2906 1426 ejus
2944 1357 3167 1409 fraudes
3190 1356 3400 1408 invicta
3427 1356 3685 1425 potentia
3717 1356 3889 1419 elide,

2186 1445 2286 1515 qui
2326 1448 2477 1498 vales
2510 1445 2787 1515 quidquid
2823 1446 2983 1515 cupis
3002 1445 3255 1514 implere.
3290 1446 3442 1498 Tolle
3471 1461 3581 1503 me,
3622 1444 3889 1506 Domine,

2187 1535 2349 1602 mihi,
2384 1540 2439 1587 et
2470 1535 2641 1587 redde
2676 1550 2766 1586 me
2796 1534 2899 1587 tibi
2930 1551 2942 1587 :
2974 1534 3108 1585 tolle
3142 1534 3356 1586 malum
3409 1550 3625 1597 meum,
3675 1538 3742 1586 ut
3795 1533 3893 1586 bo-

2185 1639 2321 1676 num
2348 1622 2641 1691 perfruam
2674 1628 2839 1675 tuum
2876 1638 2887 1674 :
2914 1620 3049 1674 tolle
3080 1637 3171 1673 me
3202 1637 3234 1672 a
3258 1637 3367 1686 me,
3394 1626 3450 1673 et
3478 1621 3687 1674 colloca
3726 1620 3891 1690 juxta

2187 1716 2263 1775 te,
2298 1716 2355 1764 et
2387 1710 2548 1780 cujus
2579 1710 2698 1762 vult
2736 1725 2939 1762 manus
2973 1714 3190 1778 pugnet
3214 1714 3350 1761 tunc
3376 1714 3573 1762 contra
3604 1724 3695 1761 me
3742 1707 3887 1772 (Job.

2186 1816 2318 1865 xvn,
2353 1800 2424 1866 3).
2457 1800 2611 1852 Tolle
2659 1798 2896 1867 propria
2944 1814 3091 1859 mea,
3142 1797 3278 1850 vitio
3330 1813 3458 1850 meo
3500 1802 3799 1867 concepta,
3834 1802 3893 1850 et

2187 1904 2303 1959 prae
2336 1887 2691 1957 benignitate
2724 1892 2821 1939 tua
2869 1886 3143 1940 confecta.
3201 1886 3358 1940 Tolle
3412 1886 3563 1956 quod
3619 1902 3687 1940 ex
3757 1901 3889 1938 meo

2184 1977 2387 2043 habeo,
2417 1981 2473 2030 et
2503 1977 2693 2029 confer
2717 1976 2869 2046 quod
2904 1994 2932 2027 a
2960 1980 3012 2029 te
3045 1975 3487 2045 lacrymabiliter
3515 1980 3669 2043 peto.
3729 1976 3886 2028 Exue

2188 2081 2278 2119 me
2315 2065 2475 2129 meis,
2506 2069 2560 2116 et
2592 2064 2797 2118 induar
2837 2063 2963 2117 tuis.
2998 2063 3189 2117 Exime
3216 2068 3403 2116 totum
3452 2080 3543 2116 me
3574 2081 3605 2116 a
3654 2080 3769 2128 me,
3824 2068 3887 2116 ut

2187 2158 2338 2207 totus
2373 2154 2637 2206 restituar
2676 2153 2779 2206 tibi
2813 2170 2824 2207 :
2861 2158 2922 2206 ut
2959 2154 3096 2205 dum
3131 2152 3310 2205 hostis
3354 2168 3515 2204 meus
3550 2155 3650 2203 tua
3681 2152 3740 2203 in
3796 2168 3886 2205 me

2187 2240 2342 2295 aeref
2376 2242 2597 2306 viderit,
2648 2242 2826 2310 magis
2856 2241 3050 2311 fugam
3102 2240 3340 2309 pedibus
3393 2240 3655 2309 imperet,
3707 2256 3886 2310 quam

2187 2346 2278 2382 me
2311 2330 2587 2383 insectere
2623 2330 2865 2383 festinet.
2919 2331 3077 2395 EcCe,
3117 2331 3374 2393 Domine,
3423 2329 3577 2382 credi
3624 2342 3672 2395 Β,
3714 2335 3772 2381 et
3823 2334 3887 2381 tu

2188 2418 2326 2470 mihi
2366 2434 2531 2487 posse
2565 2418 2789 2471 dedisti.
2843 2418 3113 2487 Nunquid
3147 2418 3259 2470 dixi
3310 2418 3603 2470 millenam
3659 2422 3885 2487 partem

2188 2523 2251 2559 ex
2290 2507 2453 2559 malis
2483 2508 2643 2574 meis,
2685 2513 2782 2560 aut
2820 2507 3092 2576 explicavi
3120 2523 3187 2559 ex
3214 2506 3522 2559 sceleribus
3572 2506 3713 2558 meis
3777 2507 3887 2559 nisi

2187 2595 2527 2663 particulam
2559 2595 2834 2649 tenuem?
2868 2595 2991 2649 Dixi
3024 2596 3176 2648 enim
3219 2611 3337 2647 non
3372 2600 3653 2662 quantum
3687 2594 3882 2657 debui,

2189 2684 2283 2737 sed
2318 2688 2594 2752 quantum
2626 2689 2684 2736 tu
2721 2683 2863 2736 mihi
2897 2684 3083 2737 dicere
3112 2682 3447 2753 permisisti,
3491 2688 3545 2735 et
3596 2688 3883 2752 quantum

2190 2773 2493 2827 dicendum
2528 2772 2931 2841 jussisti..lube
2974 2776 3057 2837 tu,
3096 2772 3355 2838 Domine,
3406 2775 3701 2839 acceptare
3757 2787 3888 2840 qua:

2190 2861 2341 2915 dicta
2384 2866 2537 2925 sunt,
2594 2866 2651 2914 et
2699 2860 2898 2915 lascire
2938 2864 2963 2903 ιι
3013 2861 3240 2913 servulo
3275 2876 3520 2930 quaeque
3548 2864 3603 2913 te
3634 2859 3888 2913 donante

2189 2951 2409 3020 digesta
2439 2954 2589 3003 sunt.
2622 2950 2685 3003 Et
2723 2950 2869 3003 sicut
2899 2966 2965 3002 ex
2997 2964 3086 3001 me
3110 2965 3201 3002 me
3235 2948 3549 3001 tremulum
3586 2947 3764 3011 vides,
3800 2948 3886 3001 ui-

385 3041 441 3090 et
470 3037 659 3091 statim
698 3038 826 3091 licet
856 3038 1066 3107 ligatus
1091 3038 1334 3108 jaceam,
1384 3039 1512 3093 licet
1558 3042 1906 3110 putrefactus
1937 3058 2079 3112 qua-
2115 3034 2157 3090 C
2187 3038 2383 3107 hilque
2414 3038 2523 3091 nisi
2553 3055 2616 3092 ex
2654 3043 2707 3091 te
2764 3041 3210 3107 praesumentem
3266 3035 3598 3108 cognoscis;
3655 3036 3737 3089 ita
3796 3051 3889 3088 me

384 3126 685 3179 triduanus
711 3127 831 3197 jam
860 3128 1171 3191 feteam,ad
1195 3144 1387 3182 vocem
1430 3132 1608 3194 tuam,
1638 3134 1694 3182 et
1737 3130 2080 3184 solutionem

384 3218 440 3268 et
484 3216 717 3269 odorem
771 3232 900 3270 cum
944 3217 1056 3269 vita
1096 3217 1309 3286 pariter
1353 3217 1596 3287 capiam.
1655 3218 1842 3273 Linire
1889 3220 2079 3272 oculos

384 3305 570 3357 cordis
618 3305 748 3369 mei,
805 3306 1067 3370 Domine,
1105 3306 1223 3359 luto
1276 3306 1374 3358 illo
1424 3323 1537 3375 quo
1574 3307 1703 3359 circi
1760 3309 2080 3377 corporales

386 3393 584 3445 oculos
623 3392 844 3445 illinisti
878 3393 1054 3461 (Joan.
1093 3410 1167 3457 ix,
1208 3394 1280 3461 6),
1322 3397 1385 3445 ut
1435 3394 1581 3446 sicut
1626 3395 1718 3446 ille
1767 3395 2077 3465 corporali-

384 3484 472 3531 ter
502 3479 698 3532 lumen
731 3481 942 3532 meruit
972 3480 1244 3547 recipere,
1290 3480 1367 3531 ita
1400 3485 1455 3533 et
1488 3497 1593 3549 ego
1636 3483 1958 3534 mentaliter
1997 3484 2078 3534 lu-

386 3581 506 3618 cem
533 3571 688 3619 tuam
720 3583 944 3619 merear
973 3567 1285 3634 perfruere.
1324 3568 1459 3619 Vere
1487 3568 1663 3632 enim,
1708 3569 1969 3635 Domine,
2000 3586 2080 3622 sa-

385 3653 499 3707 liba
548 3654 863 3721 illuminas,
914 3670 1060 3724 quos
1105 3654 1287 3723 gratia
1352 3659 1449 3707 tua
1490 3656 1758 3709 illustres.
1824 3655 1981 3720 Quod
2033 3656 2079 3708 si

385 3758 478 3795 me
526 3759 643 3795 non
687 3742 924 3813 dignum
978 3743 1086 3797 levi
1134 3743 1515 3798 medicamine
1559 3745 1738 3810 vides,
1800 3752 1855 3800 et
1904 3746 2076 3814 ferro,

385 3832 502 3884 imo
542 3832 815 3899 cauterio,
854 3834 1247 3887 mundandum
1290 3835 1604 3904 cognoscis,
1639 3850 1835 3889 exerce
1870 3836 1927 3888 in
1961 3851 2076 3888 ser-

385 3936 519 3973 vum
550 3921 800 3975 cauterio
835 3923 1194 3988 medicinam,
1241 3924 1332 3976 cui
1364 3924 1541 3977 hostis
1572 3940 1837 3993 magnam
1894 3924 2081 3977 infixit

384 4009 615 4079 plagam
648 4022 659 4061 :
704 4013 757 4062 et
788 4012 1197 4079 quoquomodo
1230 4011 1351 4080 ipse
1391 4013 1529 4065 velis
1561 4028 1695 4065 cura
1755 4012 2074 4079 dolentem;

385 4101 609 4148 tantum
642 4112 713 4149 ne
746 4097 977 4166 abjicias
1010 4104 1064 4151 te
1114 4100 1282 4153 ﬁrmo
1313 4100 1479 4153 corde
1533 4100 1883 4168 credentem,
1927 4105 1981 4153 et
2010 4118 2077 4155 ex

456 4245 480 4270 ⁸
520 4237 637 4295 Με..
671 4239 921 4291 Zacceus.

456 4309 481 4348 Β
518 4308 629 4360 Hoc
661 4314 766 4371 est,
799 4309 1069 4377 dignaris.

454 4386 475 4410 ο
513 4378 635 4444 Ms.,
668 4379 804 4447 ﬁlia.

455 4449 481 4490 ἀ
523 4449 641 4511 Ms.,
674 4450 875 4502 nullus.

455 4526 476 4552 °
518 4520 662 4589 Lege
691 4523 871 4588 aquis.

2117 4333 2160 4387 D

2190 3128 2281 3197 pie
2306 3128 2495 3196 opifex
2527 3130 2705 3180 totum
2728 3126 2988 3186 defende,
3014 3126 3161 3196 quiaj
3180 3141 3269 3178 me
3297 3130 3477 3178 totum
3510 3128 3696 3177 totum
3728 3140 3886 3177 com-

2190 3215 2364 3269 misi:
2416 3220 2476 3269 ut
2515 3216 2658 3269 sicut
2687 3232 2718 3267 a
2770 3219 2823 3268 te
2877 3214 3158 3279 conditus,
3200 3218 3411 3284 tuoque
3460 3228 3698 3266 munere
3744 3214 3885 3265 vita-

2189 3305 2301 3358 lem
2338 3305 2488 3357 hunc
2518 3304 2681 3373 capio
2714 3304 2937 3368 ﬂatum,
2980 3308 3035 3355 et
3063 3321 3095 3355 a
3125 3308 3179 3355 te
3211 3307 3358 3355 totus
3382 3302 3579 3368 existo,
3614 3306 3885 3371 totusque

2190 3393 2459 3460 subsisto,
2493 3397 2663 3462 atque.
2685 3408 2788 3462 per
2815 3398 2869 3446 te
2907 3397 3058 3445 totus
3084 3391 3407 3460 redemptus
3437 3391 3495 3443 in
3528 3390 3744 3443 mundo
3776 3390 3883 3442 isto

2189 3481 2417 3534 mortali
2449 3482 2602 3547 vivo;
2653 3481 2730 3534 ita
2766 3486 2911 3534 totus
2951 3496 2984 3534 a
3024 3485 3076 3532 te
3129 3480 3187 3532 in
3233 3478 3425 3532 futuro
3457 3493 3771 3547 possessus,
3830 3483 3887 3530 et

2190 3568 2427 3640 perenni
2459 3568 2853 3621 dominatione
2894 3574 2988 3620 tua
3023 3567 3158 3620 satis
3214 3567 3375 3620 suavi
3422 3566 3705 3631 addictus,
3763 3582 3881 3619 me-

2188 3674 2316 3712 rear
2344 3664 2395 3711 te
2425 3657 2674 3710 donante
2706 3662 2804 3709 tua
2843 3657 3011 3721 dona,
3042 3671 3167 3726 quae
3194 3655 3205 3690 ί
3236 3671 3328 3709 nec
3372 3656 3553 3709 oculus
3594 3654 3757 3719 vidit,
3790 3669 3882 3706 nec

2188 3749 2345 3804 auris
2399 3746 2633 3808 audivit,
2704 3760 2796 3800 nec
2844 3748 2903 3799 in
2952 3761 3041 3799 cor
3096 3746 3326 3798 hominis
3378 3743 3621 3797 ascendit
3668 3744 3711 3801 (Ι
3758 3743 3879 3799 Cor.

2188 3850 2336 3900 xx1x,
2376 3834 2453 3903 9),
2486 3834 2780 3905 percipere
2814 3850 2827 3887 :
2858 3839 3028 3903 teque
3070 3849 3170 3902 pre
3214 3832 3373 3887 omni
3411 3848 3651 3885 munere
3682 3848 3881 3885 verum

2188 3924 2499 3979 Sabbatum
2532 3924 2845 3993 perfruare.
2876 3924 2948 3975 Te
2972 3927 3297 3991 prmstante,
3330 3922 3429 3991 qui
3458 3936 3667 3990 regnas
3700 3920 3883 3974 trinus

2188 4017 2243 4064 et
2305 4028 2452 4065 unus
2503 4026 2604 4081 per
2653 4026 2948 4082 nunquam
2983 4009 3232 4063 finienda
3280 4010 3488 4063 saecula
3519 4009 3878 4062 saeculorum.

2190 4100 2359 4154 Finit.

2259 4238 2280 4275 ί
2315 4241 2372 4294 F.
2407 4241 2603 4293 hairere

2262 4324 2292 4365 ε
2324 4312 2378 4364 F.
2404 4310 2633 4364 credidi.

2260 4379 2283 4415 ¹³
2318 4383 2374 4436 F.
2409 4383 2627 4446 largire.

2260 4453 2272 4487 ί
2304 4454 2426 4518 Ms.,
2459 4468 2641 4520 quam.

1768 4797 2123 4870 INCIPIT
2197 4798 2480 4871 LIBER

936 4976 1034 5099 E
1080 4972 1522 5104 PIST
1568 4975 2397 5106 OLARUM
2525 4974 3315 5104 ALVARI.

1210 5296 1253 5349 Ι.

452 5383 679 5437 Aurelio
712 5383 899 5438 Flavio
922 5385 1117 5439 JOANNI
1141 5385 1351 5439 Paulus
1382 5387 1653 5438 Avaaus.

461 5472 507 5521 1.
542 5472 715 5535 Nosti,
757 5473 837 5526 mi
867 5474 1252 5539 dilectissime,
1288 5472 1547 5527 fomitem
1587 5472 1902 5527 dulcedinis
1943 5475 2083 5528 cha-

458 5606 481 5629 ³
514 5599 633 5663 Ms,
665 5614 785 5666 que.

2187 5294 2415 5348 ritatem
2468 5293 2727 5357 existere,
2774 5298 2831 5346 et
2876 5293 3193 5347 amicorum
3242 5293 3530 5347 veracium
3588 5293 3878 5364 glutinum

2188 5400 2377 5437 veram
2413 5383 2759 5437 dilectionem
2802 5398 2944 5436 esse.
3002 5384 3076 5436 Ea
3124 5383 3279 5436 enim
3326 5399 3459 5436 vera
3502 5388 3583 5437 est
3640 5383 3877 5437 dicenda

2192 5472 2516 5537 concordia,
2551 5477 2605 5525 et
2637 5471 2882 5541 gratuita
2917 5472 3143 5526 dilectio
3180 5472 3626 5542 comprobanda,
3660 5488 3831 5542 quam
3855 5482 3875 5505 ⁸
