4098 6180
253 354 356 408 413

1824 352 2175 410 ΕΡΙΞΤΟΙΛΕ

3659 354 3762 409 414

252 504 368 542 non
401 504 596 542 rerum
626 486 888 542 labilium
935 486 1233 558 conjungit
1276 488 1605 555 necessitas,
1636 488 1731 543 sed
1780 494 1946 542 aeter-
1984 490 2031 543 Α
2063 488 2236 542 etiam
2272 488 2656 558 adprobemus
2703 494 2745 541 ο.
2793 489 3110 542 Profundos
3143 489 3298 542 enim
3344 494 3399 542 et
3430 488 3755 543 reconditos

253 578 473 632 nalium
516 579 692 631 nectit
723 576 1094 646 praemiorum
1144 581 1342 646 sponte
1372 577 1735 647 benignitas:
1775 594 1946 648 quam

251 673 574 719 sanctarum
632 665 1054 735 Scripturarum
1112 666 1302 719 edulia
1355 666 1531 719 sociat
1579 675 1621 733 ⁸,
1671 671 1728 720 et
1788 682 1950 719 amor

251 756 462 808 divinas
514 754 912 822 intelligentiae
956 754 1251 807 iiidividue
1302 754 1457 823 ligat.
1514 757 1638 809 Haec
1693 760 1777 808 est
1818 772 1949 809 vera

249 843 515 908 charitas,
571 859 699 912 quae
731 858 925 895 casum
978 860 1093 896 non
1126 842 1299 907 novit,
1333 860 1461 913 qua:
1497 844 1646 897 inter
1698 845 1947 914 morige-

248 947 340 984 ros
392 936 616 983 tantum
666 932 910 984 claritice
950 930 1149 1001 fulget,
1203 948 1332 1001 qum
1374 932 1524 985 finiri
1557 948 1683 985 cum
1738 934 1945 987 smculo

248 1020 445 1085 nescit,
505 1036 631 1088 quae
686 1020 859 1072 etiam
918 1025 1044 1089 post
1104 1020 1400 1072 interitum
1461 1021 1659 1073 mundi
1708 1021 1947 1075 auctiori

250 1108 468 1161 lumine
513 1108 882 1160 inenarrabili
932 1108 1236 1175 splendore
1268 1108 1543 1161 clarescit.
1595 1109 1776 1172 Quam
1821 1110 1945 1163 dul-

247 1196 463 1251 cedinis
518 1196 864 1250 inell'abilem
924 1196 1191 1265 gloriam,
1242 1200 1298 1248 et
1347 1211 1489 1265 pene
1534 1213 1565 1248 a
1614 1197 1948 1249 mortalibus

248 1302 362 1337 non
409 1292 624 1354 quanta
651 1289 738 1336 est
769 1286 1080 1353 opinatam,
1116 1289 1402 1354 optemus,
1448 1284 1944 1349 reverendissime,

245 1372 404 1424 omni
439 1372 565 1424 nisu
612 1373 909 1424 conatibus
951 1373 1155 1425 nostris
1198 1374 1561 1441 amplectere,
1596 1377 1651 1424 et
1682 1388 1785 1442 per
1814 1372 1945 1425 cha-

244 1460 430 1512 ritatis
470 1460 530 1512 in
562 1465 832 1531 utrosque
868 1468 1261 1530 augmentum,
1309 1466 1589 1531 quantum
1623 1461 1788 1514 nobis
1816 1478 1945 1531 pos-

244 1566 299 1600 se
331 1553 437 1615 est,
489 1554 744 1601 nostram
792 1550 1035 1602 efficere.
1085 1550 1264 1603 Credo
1312 1550 1490 1615 enim,
1530 1551 1608 1603 mi
1653 1550 1945 1604 sublimis-

242 1639 409 1703 sime,
443 1638 601 1707 quod
648 1638 965 1707 primordia
1004 1638 1271 1691 amicitiae
1305 1643 1514 1692 nostra:
1548 1655 1665 1692 non
1714 1656 1742 1691 a
1774 1640 1946 1693 rebus

241 1726 470 1780 caducis
502 1726 746 1795 sumpsit
776 1726 1095 1791 exordium,
1127 1726 1225 1780 sed
1256 1729 1279 1769 δ
1311 1744 1340 1780 a
1373 1728 1542 1781 rebus
1574 1728 1802 1781 aeternis
1834 1745 1941 1783 coe-

239 1814 325 1884 pit
359 1814 614 1866 initium.
658 1813 812 1868 L'nde
845 1818 1236 1884 opportunum
1270 1819 1373 1881 est,
1407 1820 1468 1868 ut
1503 1815 1571 1867 ad
1604 1831 1735 1869 eum
1766 1817 1940 1868 tinem

240 1904 442 1957 tendat
471 1903 754 1957 mentium
788 1909 1115 1957 nostrarum
1148 1903 1414 1967 intentio,
1455 1920 1567 1974 quo
1612 1922 1642 1957 a
1674 1903 1943 1973 primitus

240 1991 513 2044 inchoata
544 1992 668 2061 ipsa
707 1991 814 2044 fuit
858 1992 1115 2056 dilectio;
1148 1998 1209 2045 ut
1237 1991 1294 2044 in
1337 1992 1583 2061 amplius
1615 1993 1938 2059 crescendo,

238 2078 486 2147 perenni
542 2094 778 2131 munere
835 2084 1029 2131 nostra
1072 2079 1286 2132 ditetur
1323 2079 1564 2133 affectio.
1600 2080 1678 2133 De
1734 2086 1940 2133 caetero

238 2166 536 2219 charitatis
569 2166 885 2219 dulcedinis
931 2172 1129 2221 vestrae
1171 2173 1417 2233 coactus,
1471 2174 1527 2222 et
1572 2169 1809 2223 scientia
1853 2169 1937 2223 in-

238 2254 526 2307 lustrioris
582 2255 758 2307 animi
824 2256 997 2309 vestri
1055 2258 1403 2325 compulsus,
1460 2274 1590 2327 qua:
1649 2258 1939 2312 vobiscum

238 2342 411 2395 verbo
440 2347 607 2395 tenus
636 2344 938 2412 disputavi,
988 2360 1163 2414 penes
1195 2360 1285 2397 me
1316 2344 1375 2398 in
1416 2361 1759 2415 magnorum
1790 2346 1937 2399 viro-

236 2445 364 2483 rum
398 2431 698 2483 volumina
727 2432 1033 2501 dcsquisivi
1062 2448 1075 2484 :
1101 2438 1157 2485 et
1179 2449 1307 2502 quin
1340 2434 1408 2487 de
1440 2433 1529 2487 his
1550 2434 1807 2487 invenire
1842 2452 1940 2502 po-

237 2517 339 2579 tui,
374 2533 551 2571 manu
603 2520 833 2588 propria
877 2520 998 2589 ipse
1040 2520 1098 2573 in
1129 2522 1425 2591 procinctu
1455 2522 1783 2592 conscripsi.
1824 2524 1936 2575 Ve-

236 2611 417 2658 strum
452 2612 560 2673 est,
593 2624 625 2659 o
657 2607 1078 2671 inlustrissime,
1114 2614 1214 2663 aut
1244 2610 1302 2663 in
1334 2610 1448 2663 mei
1476 2627 1674 2663 sensus
1705 2616 1938 2664 senten—

233 2696 478 2747 tentiam
528 2696 767 2764 pedibus
818 2697 1076 2763 introire,
1124 2702 1390 2752 autcum
1442 2700 1648 2752 talibus
1696 2700 1937 2769 dignum

234 2784 504 2852 protinus
553 2800 837 2854 respuere.
893 2786 951 2840 Si
1002 2787 1156 2839 enim
1208 2788 1360 2857 quod
1411 2787 1522 2841 dixi
1569 2804 1686 2841 non
1735 2788 1938 2842 videtis

234 2872 620 2941 sequendum,
654 2890 783 2927 cum
832 2874 920 2927 bis
966 2875 1163 2943 procul
1200 2875 1372 2929 dubio
1419 2892 1664 2945 quorum
1710 2883 1937 2931 secutus

236 2976 362 3012 sum
408 2961 674 3030 dignum,
721 2962 992 3031 judicatis
1036 2963 1237 3034 utique
1284 2966 1694 3033 respuendum.
1739 2968 1935 3019 Patere

237 3064 326 3101 me
359 3065 465 3101 oro
506 3066 698 3103 errare
738 3067 863 3103 cum
898 3051 1105 3105 talibus
1138 3052 1337 3120 libere,
1379 3053 1479 3123 qui
1525 3054 1681 3105 nulla
1728 3054 1935 3107 veritas

234 3138 376 3191 citra
407 3136 652 3191 istorum
699 3140 924 3193 ﬁrmata
972 3146 1057 3193 est
1091 3158 1281 3210 opere,
1333 3142 1445 3196 nisi
1484 3142 1721 3195 forsitan
1755 3147 1939 3195 vestra

234 3227 613 3280 subtilissima
663 3233 717 3281 et
773 3229 1049 3282 acerrima
1116 3230 1390 3283 discnssio
1458 3230 1569 3284 alio
1642 3231 1748 3284 hoc
1808 3230 1937 3283 illos

233 3316 447 3369 dixisse
516 3317 840 3385 probaverit
906 3318 1109 3372 modo:
1166 3320 1319 3389 quod
1373 3319 1417 3372 si
1477 3335 1816 3388 cognovero,
1882 3324 1937 3373 et

234 3410 430 3473 aperte
476 3420 579 3474 per
630 3406 835 3475 scripta
869 3412 1054 3459 vestra
1085 3416 1105 3440 ο
1136 3408 1479 3476 probavero,
1522 3408 1673 3462 illico
1709 3408 1933 3462 veniam

234 3494 502 3546 celeriter
553 3495 873 3561 postulabo.
911 3496 1168 3549 Paratior
1199 3496 1353 3551 enim
1398 3512 1525 3550 sum
1557 3513 1687 3550 vera
1720 3514 1931 3567 cogno-

234 3597 410 3646 scere,
448 3598 622 3651 quam
656 3582 798 3637 falsa
829 3583 1153 3637 defendere.

301 3673 353 3723 2.
418 3672 498 3723 Ac
534 3671 784 3739 primum
818 3672 886 3726 de
937 3689 1002 3725 eo
1052 3672 1209 3743 quod
1254 3672 1390 3740 dixi,
1442 3678 1662 3727 sanctos
1692 3680 1748 3728 et
1796 3692 1931 3745 apo-

235 3758 470 3811 stolicos
500 3758 647 3812 viros
680 3776 798 3813 non
828 3760 1131 3814 verborum
1173 3762 1687 3833 compositionibus
1738 3764 1932 3817 deser-

233 3846 374 3911 vire,
414 3847 513 3900 sed
563 3864 835 3902 sensuum
867 3850 1107 3903 veritate
1139 3851 1427 3919 gaudere:
1483 3868 1587 3905 nec
1618 3868 1718 3921 per
1750 3856 1932 3905 artem

236 3936 461 4001 Donati,
496 3937 597 3990 sed
643 3954 746 4007 per
793 3938 1215 4009 simplicitatem
1248 3955 1475 3992 currere
1525 3940 1762 3997 Cliristi:
1796 3941 1933 4011 quid

233 4022 368 4077 inde
417 4025 476 4077 Β.
514 4025 895 4095 Hieronymus
923 4026 1147 4093 dixerit,
1182 4027 1321 4097 quid
1354 4028 1615 4093 senserit,
1649 4029 1789 4099 quid
1831 4045 1933 4081 suo

234 4127 363 4165 orsu
398 4113 566 4165 nobis
596 4113 889 4180 indiderit,
932 4115 1129 4169 audire
1165 4120 1346 4168 vestra
1379 4116 1661 4185 patienter
1686 4119 1935 4171 clemen-

233 4200 311 4252 tia
353 4200 593 4269 jubeat:
661 4207 716 4255 et
767 4202 815 4255 si
864 4202 1029 4256 aliter
1079 4202 1447 4257 sentiendum
1498 4209 1601 4269 est,
1652 4205 1931 4260 disserere

231 4287 399 4341 nobis
436 4303 556 4340 non
604 4289 814 4358 pigeat.
852 4291 914 4343 In
957 4290 1104 4345 libro
1135 4290 1289 4344 enim
1320 4290 1525 4343 acalcie
1557 4292 1582 4332 d
1626 4294 1929 4363 consigna-

1983 1786 2024 1841 B

1976 3082 2018 3138 C

2058 594 2255 631 sensus
2294 577 2495 646 lingua
2527 594 2639 629 non
2669 578 2929 646 explicat.
2965 579 3027 631 Et
3060 595 3189 631 cum
3218 579 3338 647 ipse
3377 578 3582 632 sentiat
3615 578 3752 647 quid

2058 666 2343 735 loquatur,
2373 667 2430 718 in
2464 664 2679 717 alienas
2708 682 2870 717 aures
2903 682 3046 734 puro
3083 684 3192 719 non
3228 672 3412 736 potest
3443 667 3751 720 transferre

2058 771 2342 807 sermone.
2406 773 2432 803 ››
2495 755 2634 806 Item
2677 753 2748 806 ad
2808 754 3029 807 Galatas
3084 754 3231 807 idem
3266 755 3501 808 doctor:
3557 778 3583 803 ‹‹
3644 754 3751 817 Qui

2056 848 2261 912 putant
2295 843 2531 895 Paulum
2558 842 2720 909 juxta
2753 842 3155 905 humilitatem,
3193 848 3247 895 et
3279 860 3391 896 non
3423 860 3551 895 vero
3584 842 3750 896 dixis-

2057 947 2148 985 se:
2184 934 2252 985 Et
2298 934 2346 985 si
2374 933 2660 999 imperitus
2695 946 2953 994 sermone,
3000 946 3103 983 non
3153 936 3331 983 autem
3372 934 3617 993 scientia,
3651 932 3748 983 de-

2056 1018 2292 1072 fendant
2339 1018 2511 1086 hujus
2558 1018 2665 1071 loci
2714 1018 3209 1087 consequentiam.
3267 1019 3471 1071 Debuit
3518 1020 3749 1088 quidem

2058 1107 2369 1161 secundum
2406 1106 2668 1159 ordinem
2701 1107 2886 1159 dicere
2916 1123 2928 1160 :
2990 1109 3091 1160 Vos
3126 1109 3223 1175 qui
3250 1110 3565 1176 spirituales
3598 1107 3745 1174 istis,

2055 1198 2351 1264 componite
2402 1196 2716 1263 hujusmodi
2764 1200 2820 1248 in
2873 1198 3075 1264 spiritu
3118 1196 3571 1259 mansuetudinis,
3620 1212 3748 1261 con-

2053 1286 2353 1339 siderantes
2400 1287 2767 1353 vosmetipsos,
2802 1300 2866 1336 ne
2909 1289 2957 1337 et
3004 1300 3095 1337 vos
3148 1287 3425 1338 tentcmini
3467 1286 3603 1349 (Gal.
3657 1286 3748 1351 VI),

2056 1378 2111 1426 et
2141 1390 2254 1426 non
2301 1374 2506 1443 plurali
2556 1374 2768 1427 inferre
2802 1389 3041 1425 numero
3075 1373 3445 1442 singularem.
3483 1371 3751 1423 Hebraeus

2054 1461 2231 1532 igitur
2256 1478 2321 1515 ex
2359 1463 2631 1527 Hebi‘mis,
2666 1468 2719 1516 et
2750 1462 2849 1532 qui
2879 1467 3028 1515 esset
3060 1461 3118 1514 in
3152 1461 3452 1513 vernaculo
3488 1476 3750 1512 sermone

2056 1551 2436 1616 doctissimus,
2490 1551 2802 1620 profundos
2852 1567 3049 1603 sensus
3083 1550 3272 1602 aliena
3312 1550 3508 1619 lingua
3555 1548 3750 1616 expri—

2055 1656 2210 1692 mere
2242 1655 2357 1691 non
2400 1639 2638 1703 valebat,
2683 1655 2786 1691 nec
2815 1638 3049 1691 curabat
3082 1654 3429 1708 magnopere
3465 1638 3532 1691 de
3566 1636 3750 1691 verbis

2054 1744 2184 1781 cum
2210 1744 2439 1780 sensum
2473 1727 2707 1779 haberet
2736 1727 2796 1779 in
2827 1732 2972 1780 tuto.
3010 1746 3036 1777 »

2125 1820 2176 1870 3.
2223 1816 2361 1868 Item
2403 1815 2470 1868 de
2504 1815 2600 1867 illo
2633 1816 2783 1885 quod
2832 1815 3041 1868 acriter
3074 1814 3335 1879 refiitavi,
3373 1817 3427 1865 et
3456 1829 3602 1883 pene
3635 1828 3750 1866 non

2052 1918 2217 1973 aequo
2245 1902 2436 1955 animo
2471 1919 2566 1955 vos
2600 1904 2885 1956 dicentem
2909 1902 3119 1969 audivi,
3153 1902 3289 1972 quid
3326 1902 3458 1955 inde
3489 1902 3748 1954 doctores

2052 2007 2305 2062 censere,
2353 1992 2444 2045 hic
2497 1992 2743 2044 breviter
2790 1991 3099 2043 identidem
3145 1990 3430 2043 adnotavi.
3486 1990 3745 2041 Vestrum

2052 2085 2135 2132 est
2165 2081 2269 2133 lioc
2301 2080 2474 2132 etiam
2526 2080 2739 2133 utiliter
2771 2079 3070 2142 trutinare,
3104 2084 3159 2131 et
3192 2079 3269 2131 sic
3299 2077 3543 2131 infirmis
3570 2077 3747 2131 libere

2050 2168 2375 2222 trutinataf
2429 2168 2702 2237 proferre.
2766 2168 2971 2222 Beatus
3019 2166 3369 2235 Augustinus
3413 2166 3474 2217 in
3524 2165 3745 2218 tricesi-

2051 2256 2129 2309 mi
2160 2255 2385 2326 septimi
2445 2256 2650 2326 psalmi
2704 2255 3056 2325 expositione
3105 2255 3175 2308 ad
3216 2255 3404 2308 locum
3452 2254 3530 2307 sic
3570 2253 3742 2307 dicit:

2054 2366 2075 2393 ι
2114 2346 2359 2410 Domine,
2390 2348 2525 2399 Deus
2552 2361 2715 2407 meus,
2745 2361 2810 2398 ne
2835 2345 3143 2397 discesseris
3165 2360 3198 2396 a
3219 2359 3314 2396 me.
3346 2342 3434 2396 Sic
3456 2359 3485 2395 a
3507 2357 3747 2411 corpore

2049 2449 2163 2485 nou
2196 2433 2443 2498 recessit,
2477 2432 2710 2484 recessit
2756 2448 2789 2484 a
2827 2432 3051 2500 capite?
3090 2430 3262 2499 Cujus
3296 2446 3434 2497 ergo
3468 2446 3568 2482 vox
3603 2434 3742 2493 erat,

2048 2522 2157 2574 nisi
2189 2522 2359 2591 primi
2401 2520 2691 2573 hominis?
2720 2521 2792 2572 Ex
2824 2520 2921 2573 illo
2944 2519 3095 2571 enim
3130 2536 3184 2569 se
3218 2520 3523 2571 ostendens
3554 2533 3745 2570 veram

2046 2626 2275 2664 carnem
2326 2616 2573 2681 portare,
2608 2609 2781 2662 dixit.
2838 2611 2999 2673 Deus,
3051 2610 3186 2661 Deus
3240 2624 3405 2670 meus,
3460 2623 3628 2673 quare
3666 2622 3746 2658 me

2046 2698 2425 2767 dereliquisti?
2477 2699 2635 2759 (Psal.
2672 2696 2807 2768 XXI.)
2864 2698 2989 2751 Non
3023 2697 3183 2749 illum
3219 2696 3437 2749 dimisit
3472 2696 3635 2748 Deus.
3685 2693 3742 2747 Si

2045 2791 2100 2842 te
2131 2805 2245 2840 non
2279 2787 2516 2841 dimittit
2547 2787 2873 2839 credentem
2902 2786 2965 2839 in
2988 2801 3065 2851 se,
3101 2784 3386 2838 Clu-istum
3431 2782 3747 2836 dimitteret

2048 2877 2212 2929 Pater
2242 2881 2295 2929 et
2328 2877 2497 2929 Filius
2530 2880 2585 2928 et
2618 2875 2861 2943 Spiritus
2893 2874 3155 2927 sanctus?
3186 2873 3295 2927 Sed
3344 2887 3647 2941 personam
3683 2871 3741 2923 in

2046 2980 2105 3017 se
2136 2964 2637 3033 transliguraverat
2678 2962 2885 3032 prioris
2926 2962 3195 3016 hominis.
3247 2962 3488 3026 Scimus,
3524 2960 3743 3013 dicente

2046 3053 2339 3122 Apostolo,
2391 3052 2525 3122 quia
2556 3057 2713 3104 vetus
2750 3051 2925 3104 homo
2967 3051 3270 3104 crucifixus
3312 3055 3398 3103 est
3429 3049 3582 3102 cruci
3614 3063 3741 3101 cum

2045 3140 2143 3193 illo
2173 3141 2345 3208 (Rom.
2383 3143 2482 3207 Vi).
2528 3141 2650 3193 Non
2701 3145 2894 3192 autem
2928 3155 3254 3191 careremus
3298 3142 3600 3203 vetustate,
3632 3136 3743 3188 nisi

2045 3245 2150 3282 nos
2198 3228 2558 3297 cruciﬁgeret
2600 3228 2661 3280 in
2693 3227 3046 3280 infirmitate.
3076 3227 3159 3279 Ad
3193 3226 3301 3278 hoc
3339 3225 3515 3291 venit,
3550 3230 3614 3276 ut
3647 3240 3741 3276 re-

2043 3332 2328 3372 novemur
2358 3318 2418 3370 in
2450 3317 2579 3382 illo;
2613 3316 2748 3385 quia
2766 3315 3146 3369 desiderando
3170 3330 3305 3367 eum
3337 3320 3390 3367 et
3420 3316 3741 3383 passionem

2044 3407 2168 3475 ejus
2222 3420 2251 3460 ς
2302 3421 2669 3458 renovamur.
2704 3405 2847 3474 Ergo
2894 3421 2998 3457 vox
3040 3409 3163 3457 erat
3213 3401 3584 3467 inﬁrmitatis,
3635 3416 3740 3453 vox

2044 3500 2165 3549 erat
2214 3501 2426 3562 nostra,
2457 3510 2571 3564 qua
2603 3494 2819 3547 dictum
2863 3498 2983 3545 est:
3032 3493 3207 3557 Quare
3237 3508 3316 3545 me
3362 3487 3743 3559 dereliquisti‘?

2043 3585 2181 3638 Inde
2214 3584 2295 3637 ibi
2345 3584 2561 3637 dictum
2611 3588 2711 3648 est,
2761 3582 2925 3634 verba
2958 3580 3275 3634 delictorum
3315 3593 3578 3632 meorum:
3614 3582 3739 3630 tau-

2041 3689 2215 3743 quam
2244 3672 2457 3726 diceret
2486 3673 2550 3725 h:
2594 3672 2667 3723 Ex
2710 3685 2953 3739 persona
2992 3668 3303 3739 peccatoris
3342 3668 3399 3721 in
3434 3684 3523 3721 me
3556 3673 3739 3720 trans-

2042 3762 2289 3831 ﬁgurata
2318 3766 2469 3813 sunt.
2505 3781 2531 3806 )›

2113 3852 2164 3903 4.
2221 3851 2359 3902 Item
2406 3848 2603 3901 beatus
2648 3844 2982 3899 Ambrosius
3033 3844 3093 3897 iu
3140 3845 3284 3897 libro
3342 3860 3493 3897 nono
3544 3848 3740 3896 contra

2040 3938 2239 3992 Arium
2287 3937 2355 3991 de
2389 3936 2783 3990 Incarnatione
2830 3934 3063 3987 Domini
3105 3932 3445 4002 disputans:
3501 3954 3521 3980 ι
3558 3932 3567 3965 ί
3619 3933 3737 3984 Non

2041 4027 2343 4096 capiantur
2399 4024 2551 4095 quod
2598 4022 2789 4076 audit:
2852 4024 3027 4088 Quare
3086 4037 3168 4073 me
3219 4020 3588 4088 dereliquisti;
3642 4021 3737 4073 sed

2038 4114 2411 4183 intelligunt;
2448 4112 2598 4183 quod
2652 4110 2967 4164 secundum
3017 4125 3246 4162 carnem
3296 4108 3402 4160 ista
3457 4107 3735 4171 dicantur,

2042 4218 2170 4271 quas
2206 4204 2371 4271 longe
2428 4217 2460 4253 a
2506 4198 2865 4270 plenitudine
2914 4196 3233 4250 Divinitatis
3284 4195 3470 4248 aliena
3508 4192 3532 4228 ¹ί
3584 4199 3736 4248 sunt.

2040 4290 2241 4344 Aliena
2290 4294 2422 4342 sunt
2470 4289 2624 4342 enim
2668 4305 2700 4339 a
2747 4287 2863 4340 Deo
2922 4286 3137 4338 verbal
3193 4284 3531 4336 delictorum
3583 4298 3740 4335 meo-

231 4379 324 4428 tus
356 4380 437 4428 est
473 4375 533 4427 in
570 4376 817 4445 Epistola
845 4379 911 4431 ad
945 4379 1340 4432 Colossenses:
1381 4402 1399 4427 ι
1445 4378 1588 4432 Illud
1624 4380 1797 4443 enim,
1833 4381 1931 4446 ait,
1974 4384 2018 4438 D
2046 4394 2175 4432 rum
2227 4387 2286 4443 ω,
2331 4378 2468 4448 quia
2516 4377 2704 4430 aliena
2757 4380 2891 4428 sunt
2924 4379 2979 4426 et
3010 4373 3215 4426 delicta
3262 4371 3584 4424 verborum.
3633 4370 3741 4425 Sed

231 4466 387 4535 quod
434 4466 636 4519 crebro
672 4466 957 4521 diximus:
1012 4471 1081 4523 Et
1118 4471 1167 4522 si
1214 4472 1497 4538 imperitus
1540 4486 1796 4536 sermone,
1830 4487 1936 4525 non

230 4560 410 4607 autem
461 4557 691 4608 scientia
740 4558 813 4625 (II
868 4557 987 4611 Cor.
1039 4558 1139 4626 XI),
1172 4574 1537 4628 nequaquam
1568 4560 1807 4612 Paulum
1866 4560 1936 4613 de

232 4642 587 4707 humilitate,
656 4644 755 4705 sed
829 4645 897 4698 de
965 4646 1329 4699 conscientia:
1397 4646 1633 4701 veritate
1709 4648 1936 4717 dixisse,

268 4793 334 4863 f
375 4785 729 4907 Flrequenter
780 4786 1027 4856 pluralia
1072 4792 1276 4842 neutra
1323 4788 1495 4841 verba
1545 4789 1635 4843 hic
1685 4790 1939 4859 gaudent

268 4870 406 4907 imm
434 4872 539 4907 ari.

235 4870 539 4923 singulari.

305 4928 334 4967 Ι)
370 4926 463 4991 Ms,
493 4932 545 4979 et
572 4942 673 4993 pro
704 4932 801 4990 set,
831 4943 932 4980 seu
970 4928 1081 4981 sed.

308 5005 332 5066 cf
365 4997 483 5059 Ms.,
514 5012 614 5066 per
641 5000 861 5065 scriptis
888 5002 1096 5052 vestris.

305 5065 345 5146 δ’
368 5065 807 5147 Lego;_Algasiae
832 5084 867 5147 :_
894 5070 1062 5147 verba
1093 5068 1375 5147 enimilla
1421 5088 1549 5147 qua:
1595 5077 1932 5147 sequuntur,

236 5140 462 5212 scripsit
498 5140 726 5212 Hieron.
767 5140 919 5212 _epis.
974 5142 1095 5205 l3l,
1125 5141 1194 5193 ad
1242 5140 1556 5210 Algasiam,
1588 5148 1787 5212 quiest.
1847 5146 1932 5211 10,

234 5208 339 5261 ubi
371 5209 625 5277 Apostoli
655 5210 722 5262 ad
752 5210 1129 5276 Colossenses,
1164 5227 1210 5263 c.
1247 5227 1306 5275 ii,
1328 5208 1686 5266 sententiam
1718 5208 1935 5267 memoL

235 5284 366 5352 rat:
416 5281 984 5352 Nemoqvossuepret.
1036 5286 1165 5344 etc.,
1197 5286 1251 5334 et
1302 5283 1514 5350 statim,
1570 5300 1697 5352 quae
1740 5291 1934 5338 noster

235 5349 431 5415 refert,
486 5350 783 5422 subjungit
813 5351 868 5404 S.
899 5351 1132 5405 doctor:
1167 5352 1330 5418 Illud,
1355 5355 1499 5420 quod
1542 5349 1724 5408 crebro
1773 5355 1931 5409 dimi-

234 5434 375 5485 mus,
408 5426 515 5474 etc.

307 5502 330 5526 ο
372 5492 493 5555 M3,,
573 5492 941 5560 adprofemus.
1022 5492 1252 5547 Hieron.

234 5562 624 5614 annrobamus.

234 5574 624 5628 approtzamus.

310 5630 328 5665 ί
360 5632 481 5698 Ms,
516 5637 852 5688 tritunare...
891 5637 1180 5690 tritunata.

1330 5493 1495 5562 ibid.,
1570 5498 1735 5550 etiam
1784 5512 1926 5551 nunc

2050 4469 2321 4541 quoniam
2366 4468 2572 4523 delicta
2602 4468 2788 4520 aliena
2838 4464 3060 4535 suscepi
3108 4478 3159 4529 η,
3193 4463 3366 4517 etiam
3416 4462 3741 4516 debitorum

2048 4558 2368 4613 alienorum
2410 4557 2582 4609 verba
2614 4555 2859 4624 suscepi,
2893 4559 2957 4606 ut
3002 4551 3337 4606 derelictum
3380 4566 3471 4603 me
3504 4566 3537 4603 a
3579 4551 3741 4603 Patre

2049 4649 2164 4701 Deo
2195 4662 2313 4699 esse
2339 4645 2544 4707 dicam,
2578 4643 2679 4713 qui
2710 4642 2865 4713 apud
2899 4644 3079 4695 Deum
3112 4656 3339 4710 semper
3372 4656 3520 4693 sum.
3558 4656 3583 4690 ι

2120 4802 2148 4843 Β
2185 4788 2347 4859 Apud
2378 4788 2524 4858 Aug.
2552 4804 2722 4857 super
2741 4786 2882 4857 psal.
2908 4802 3109 4851 xxxvu,
3136 4785 3193 4838 in
3218 4786 3350 4847 line,
3376 4782 3742 4838 additurimi-

2049 4860 2233 4914 tando.

2117 4934 2143 4974 h
2181 4930 2445 4999 Legimus
2490 4929 2738 4983 ibidem:
2790 4927 3073 4995 Tanquam
3123 4928 3356 4999 diceret:
3403 4926 3524 4978 Hazc
3574 4923 3739 4999 verba

2045 5018 2112 5055 ccc
2136 4995 2368 5070 persona
2401 5001 2772 5070 peccatoribus
2806 5001 2865 5052 in
2912 5015 2994 5053 me
3025 4998 3427 5068 transﬁgurata
3462 4999 3625 5049 sunt:
3660 4995 3739 5047 Ne

2046 5072 2370 5126 discesseris
2401 5088 2433 5124 a
2459 5087 2568 5123 me.

2118 5142 2129 5175 ¹
2166 5145 2295 5197 Haac
2326 5143 2479 5212 apud
2508 5140 2767 5196 Ambros.
2812 5140 2913 5194 lib.
2950 5140 3019 5193 de
3053 5141 3300 5205 lncarn.,
3335 5154 3381 5188 c.
3413 5138 3462 5187 5.
3496 5135 3602 5188 Sed
3634 5133 3734 5200 ibi,

2045 5216 2142 5283 qui
2170 5214 2347 5267 audit.

2111 5302 2124 5344 ι
2159 5285 2393 5341 Ibidem.
2423 5284 2712 5349 intelligat.

2112 5352 2291 5427 iiiis,
2327 5356 2513 5427 alieni.
2549 5425 2559 5427 ᾼ
2690 5422 2706 5427 Α
3060 5422 3073 5427 _
3124 5422 3154 5427 ⁸
3459 5422 3467 5427 Α
3548 5416 3559 5427 ⁸

2116 5426 2285 5489 'Ms.,
2318 5426 2392 5478 ad
2445 5425 2627 5491 verba,
2682 5422 2825 5477 forte
2882 5438 2984 5493 per
3036 5422 3074 5475 ά
3124 5422 3323 5485 Deum,
3377 5422 3735 5473 notariorum

2041 5511 2198 5549 more.
2230 5496 2590 5561 signiﬁcavit.

2112 5576 2149 5601 ιιι
2184 5568 2246 5620 In
2276 5566 2563 5622 Ambrosii
2592 5569 2747 5619 textu
2776 5565 2934 5618 abest
2959 5578 3214 5617 meorum.

2109 5651 2135 5681 ιι
2168 5639 2289 5705 Ms.,
2322 5640 2557 5706 suscepit
2584 5652 2595 5689 :
2634 5635 2839 5689 melius
2869 5636 2925 5687 in
2949 5634 3166 5701 Ambr.,
3194 5635 3425 5703 suscepi.
