4086 6182
357 288 460 341 «HS

432 289 460 334 ὅ
1727 278 1977 332 ALVARI
2020 277 2495 334 CORDUBENSIS

3774 280 3879 332 416

434 425 579 477 Item
609 421 729 490 ipse
760 420 819 473 in
848 419 993 472 libro
1014 415 1261 486 septimo
1282 419 1403 468 cata
1422 416 1628 468 Lucam
1661 431 1673 467 :
1712 436 1739 463 ‹‹
1773 415 1919 484 Ergo
1951 429 2056 466 nec
2092 416 2135 469 A
2173 415 2375 478 Deum,
2400 417 2456 467 et
2484 412 2659 466 istum
2686 411 3021 466 hominem:
3054 428 3237 465 unum
3271 412 3549 465 habemus
3588 418 3645 465 et
3674 413 3883 467 adora-

364 525 471 579 ego
525 508 854 562 erubescam
910 502 1077 558 fateri
1136 502 1291 573 quod
1356 503 1609 555 Christus
1664 518 1778 555 non
1832 502 2062 555 erubuit

367 614 570 668 magna
603 612 736 649 voce
774 593 1055 657 confiteri,
1091 592 1178 645 vel
1230 591 1459 644 evidens
1512 590 1891 644 manifestatio
1921 606 2062 644 con-

369 684 630 740 testantis
705 682 805 737 Dei
862 681 1238 735 secessionem
1305 679 1618 733 divinitatis
1673 685 1727 733 et
1782 680 2059 749 corporis.

370 782 396 807 ⁸
426 774 524 827 Hic
554 772 709 825 enim
758 771 971 824 habes:
1005 771 1281 822 Clamavit
1330 770 1482 822 Iesus
1530 783 1653 822 voce
1710 784 1912 833 magna
1971 768 2062 820 di-

370 875 521 915 cens:
600 863 756 925 Deus,
836 862 972 912 Deus
1046 872 1213 921 meus,
1292 872 1462 924 quare
1525 871 1607 909 me
1680 855 2065 924 dereliquisti?

371 950 564 1017 (Marc.
634 948 750 1016 xv.)
799 944 1074 1001 Clamavit
1123 946 1295 998 homo
1341 943 1655 998 divinitatis
1705 944 2064 1013 separatione

370 1038 702 1091 moriturus.
775 1036 914 1089 Nam
973 1050 1103 1086 cum
1165 1032 1418 1086 divinitis
1484 1032 1666 1085 libera
1724 1031 1922 1084 mortis
1971 1031 2064 1097 sit,

370 1126 571 1196 utique
616 1140 769 1178 mors
811 1140 932 1177 esse
973 1139 1090 1175 non
1139 1126 1380 1191 poterat,
1429 1120 1538 1174 nisi
1582 1120 1694 1173 vita
1726 1120 2060 1182 discederet,

368 1214 504 1284 quia
532 1213 646 1266 vita
677 1212 946 1265 divinitas
995 1215 1095 1263 est.
1130 1210 1246 1262 Hoc
1284 1209 1499 1263 dictum
1532 1208 1612 1261 ita
1643 1208 2061 1278 accipiendum,

369 1318 485 1355 non
517 1301 650 1372 quia
673 1300 999 1354 humanitas
1030 1298 1351 1368 passionem
1376 1297 1612 1351 ferebat.
1651 1316 1679 1348 ››

442 1393 492 1443 5.
547 1392 687 1443 Item
721 1406 786 1443 ex
835 1389 981 1442 libro
1016 1387 1171 1442 Beati
1208 1392 1399 1439 contra
1432 1386 1813 1456 Elipandum:
1865 1407 1885 1433 ι
1925 1384 2066 1438 Cum

372 1478 543 1532 dicit:
578 1479 682 1543 Qui
724 1494 804 1531 me
836 1480 1008 1540 misit,
1041 1492 1242 1529 mecum
1272 1480 1366 1539 est,
1410 1491 1501 1529 nec
1544 1490 1626 1527 me
1653 1474 1963 1542 dereliquit.
2003 1475 2068 1527 Et

372 1567 482 1620 alio
512 1568 673 1620 loco:
725 1569 883 1632 Deus,
940 1568 1078 1618 Deus
1125 1580 1290 1630 meus,
1339 1579 1508 1633 quare
1553 1579 1632 1616 mc
1676 1563 2067 1631 deretiquisti?

368 1656 490 1726 ipse
539 1672 687 1708 unus
740 1658 855 1707 est:
901 1653 961 1706 in
1012 1653 1209 1705 ambas
1259 1656 1491 1704 naturas
1537 1666 1619 1704 me
1662 1654 1718 1703 et
1764 1666 1845 1703 me
1896 1650 2056 1704 dicit.

372 1744 519 1797 Num
551 1758 682 1795 cum
730 1740 900 1794 dicit:
947 1742 1050 1794 Nec
1092 1755 1172 1792 me
1202 1739 1513 1807 dereliquit,
1546 1737 1735 1792 divina
1776 1743 1877 1791 est.
1922 1738 2063 1792 Cum

369 1834 560 1884 autem
594 1830 766 1883 dicit:
802 1831 885 1883 Me
914 1829 1274 1896 dereliquisti,
1303 1828 1558 1881 humana
1601 1833 1705 1880 est.
1743 1827 1883 1891 Quia
1918 1828 2064 1880 Deus

367 1920 663 1974 hominem
710 1923 1056 1988 susceperat,
1109 1922 1165 1971 et
1198 1918 1320 1987 ipse
1373 1917 1548 1970 homo
1601 1916 1747 1969 mori
1796 1916 2060 1980 habebat,

368 2014 425 2062 et
451 2008 714 2062 divinitas
745 2024 875 2077 quas
917 2006 1031 2059 vita
1060 2010 1199 2070 erat,
1249 2006 1408 2059 exsul
1441 2009 1562 2057 erat
1608 2022 1641 2057 a
1687 2011 1899 2069 morte;
1936 2004 2064 2057 ideo

368 2111 473 2165 per
503 2100 743 2148 mortem
777 2092 959 2145 crucis
989 2092 1400 2161 relinquendus
1420 2095 1541 2143 erat
1570 2107 1753 2161 usque
1781 2091 1850 2143 ad
1882 2106 2067 2143 resur-

368 2182 678 2236 rectionem
726 2180 924 2250 ipsius.
964 2180 1085 2233 Non
1117 2179 1267 2249 quod
1309 2178 1575 2233 divinitas
1618 2178 1916 2248 reliquerit
1941 2194 2063 2231 car-

369 2286 501 2323 nem
552 2286 737 2335 suam,
787 2269 885 2322 sed
919 2268 1075 2339 quod
1124 2284 1239 2321 non
1274 2266 1554 2320 moritura
1585 2271 1708 2320 erat
1736 2283 1864 2320 cum
1896 2282 2065 2319 carne

370 2374 491 2411 sua.
525 2358 668 2422 Quia
700 2358 775 2410 sic
804 2357 862 2410 in
894 2358 1154 2427 sepulcro
1202 2372 1431 2409 carnem
1478 2371 1641 2407 suam
1689 2371 2063 2408 commanen-

371 2446 444 2499 do
472 2462 587 2499 non
628 2448 653 2488 b
705 2445 974 2505 deseruit,
1030 2444 1174 2496 sicut
1225 2443 1285 2496 in
1336 2448 1499 2496 utero
1552 2441 1800 2511 Virginis
1846 2458 2058 2495 conna-

371 2534 580 2587 scendo
624 2533 909 2586 formavit.
966 2532 1121 2587 Fidei
1152 2548 1287 2601 ergo
1327 2537 1535 2583 nostra:
1581 2531 1657 2583 sic
1689 2530 1973 2597 convenit,
2002 2535 2063 2584 ut

370 2619 542 2672 homo
589 2618 740 2672 filius
788 2618 974 2672 dicat:
1028 2618 1203 2682 Quare
1240 2633 1321 2670 me
1368 2617 1760 2684 dereliquisti?
1806 2618 1869 2669 Et
1916 2618 2064 2670 Deus

373 2706 568 2772 Filius,
600 2705 697 2776 qui
729 2722 859 2758 cum
893 2707 1056 2759 Patre
1084 2705 1324 2774 mqualis
1354 2710 1457 2771 est,
1491 2705 1675 2757 dicat:
1711 2704 1815 2769 Qui
1839 2720 1920 2758 me
1962 2708 2063 2758 mi-

371 2798 445 2850 sit
472 2811 674 2849 mecum
723 2800 820 2862 est,
856 2810 947 2848 nec
989 2810 1071 2847 me
1112 2794 1423 2862 dereliquit.
1471 2794 1533 2846 Et
1562 2809 1691 2846 cum
1722 2810 1789 2846 ex
1825 2798 2064 2863 utroque

370 2900 519 2939 unus
550 2884 622 2936 sit
653 2883 826 2949 filius,
858 2882 1173 2936 cavendum
1207 2887 1312 2949 est,
1342 2898 1413 2935 ne
1435 2882 1642 2951 aliquis
1673 2882 1854 2935 dicat:
1885 2883 2063 2936 Homo

372 2978 457 3027 est
495 2980 775 3039 mortuus,
828 2979 885 3027 et
916 2973 1095 3025 Deum
1125 2988 1254 3024 eum
1292 2971 1573 3024 excitavit.
1610 2972 1724 3023 Hoc
1754 2971 1837 3023 illi
1870 2971 2066 3023 dicunt

371 3062 472 3133 qui
501 3061 816 3116 secundum
850 3077 1080 3115 carnem
1115 3077 1247 3114 eum
1292 3060 1606 3131 praedicant
1647 3059 1979 3130 adoptivum
2013 3063 2069 3112 et
2107 3044 2147 3100 Ο
2176 3026 2411 3133 Erg“?

372 3150 684 3203 secundum
716 3150 1073 3203 divinitatem
1105 3150 1428 3220 pr0prium.
1466 3171 1486 3196 ι

441 3240 493 3291 6.
537 3239 674 3291 Item
698 3245 926 3293 sanctus
957 3239 1291 3307 Fulgentius
1319 3241 1379 3291 in
1411 3237 1553 3290 libro
1575 3237 1644 3291 ad
1668 3238 1899 3291 Petrum
1924 3236 2069 3290 dire-

372 3332 497 3381 cto:
536 3348 557 3374 ι
598 3329 670 3381 Ex
706 3334 889 3396 utero,
921 3327 1129 3397 inquit,
1170 3328 1369 3380 matris
1401 3327 1551 3379 idem
1594 3328 1742 3379 Deus
1782 3327 1954 3379 homo
1982 3327 2064 3380 fa-

372 3419 493 3468 ctus
527 3416 715 3480 exivit,
767 3422 824 3469 et
861 3416 919 3467 in
967 3430 1132 3468 cruce
1176 3416 1327 3467 idem
1371 3414 1518 3468 Deus
1550 3414 1722 3466 homo
1765 3414 1945 3467 factus
1974 3430 2069 3482 pe-

372 3503 613 3573 pendit:
649 3509 703 3555 et
746 3504 804 3556 in
855 3504 1115 3573 sepulcro
1161 3503 1315 3555 idem
1354 3504 1497 3555 Deus
1542 3502 1714 3553 homo
1759 3502 1939 3553 factus
1974 3502 2067 3570 ja-

374 3590 522 3643 cuit:
557 3595 613 3644 et
651 3592 721 3644 ab
752 3591 947 3645 inferis
989 3591 1139 3643 idem
1190 3592 1338 3644 Deus
1368 3590 1542 3643 homo
1573 3590 1753 3642 factus
1781 3590 1871 3641 die
1902 3590 2070 3643 tertia

375 3678 719 3731 resurrexit:
773 3680 868 3733 sed
918 3679 977 3731 in
1030 3680 1291 3748 sepulcro
1343 3678 1660 3731 secundum
1702 3693 1933 3731 carnem
1985 3695 2069 3731 so-

374 3767 490 3821 lam
536 3767 686 3821 idem
733 3768 879 3821 Deus
912 3768 1130 3837 jacuit:
1168 3774 1223 3821 et
1252 3768 1310 3820 in
1359 3767 1647 3821 infernum
1697 3775 1716 3800 °
1752 3768 2068 3821 secundum

376 3856 555 3909 solam
605 3856 857 3909 animam
890 3856 1197 3917 descendit,
1240 3872 1354 3927 qua
1400 3856 1467 3910 de
1501 3856 1697 3909 inferis
1736 3857 1805 3909 ad
1836 3872 2066 3910 carnem

377 3945 468 3999 die
497 3945 667 3999 tertio
721 3951 1061 4013 revertente,
1103 3945 1256 3999 idem
1295 3947 1438 3999 Deus
1469 3945 1780 3998 secundum
1813 3961 2063 4011 carnem,

376 4050 489 4104 qua
519 4034 578 4088 in
625 4034 888 4105 sepulcro
920 4034 1117 4104 iacuit,
1161 4034 1505 4087 resurrexit:
1539 4040 1595 4085 et
1624 4033 2065 4103 quadragesimo

374 4127 503 4193 post
532 4123 1007 4176 resurrectionem
1058 4123 1147 4176 die
1189 4123 1338 4176 idem
1393 4124 1538 4176 Deus
1579 4122 1750 4173 homo
1787 4120 1963 4173 factus
2008 4120 2067 4173 in

375 4212 580 4264 coelum
616 4212 944 4275 ascendens,
994 4210 1050 4263 in
1084 4210 1314 4263 dextera
1358 4209 1459 4263 Dei
1489 4208 1710 4273 sedens,
1741 4208 1875 4260 inde
1901 4208 1959 4260 in
1993 4207 2066 4261 ﬁ-

375 4314 509 4351 nem
541 4298 736 4352 sazculi
785 4299 853 4353 ad
898 4298 1243 4369 judicandos
1294 4297 1450 4351 vivos
1480 4301 1535 4349 et
1574 4300 1829 4349 mortuos
1860 4302 2067 4349 ventu—

373 4401 488 4439 I'IJS.
524 4405 551 4436 ἱ)

444 4479 496 4528 7.
543 4478 679 4530 Item
730 4476 990 4546 superius
1039 4480 1402 4545 nuncupatus
1450 4474 1784 4529 Libanensis
1826 4475 2065 4528 Beatus:

378 4584 405 4613 ‹‹
438 4563 599 4628 Quod
647 4564 693 4618 si
741 4566 1022 4618 discutere
1054 4565 1319 4629 volueris,
1354 4572 1408 4618 et
1449 4564 1729 4617 rationem
1769 4563 1838 4617 de
1872 4565 1983 4617 Deo
2015 4568 2072 4617 et

373 4653 607 4707 homine
641 4654 826 4707 facere
856 4654 1308 4724 prmsumpseris,
1340 4654 1611 4707 continuo
1645 4654 1913 4723 laqueum
1946 4668 2071 4721 pcr-

376 4742 607 4796 ditionis
629 4743 1014 4813 immergeris.
1043 4743 1169 4795 Non
1190 4744 1216 4783 d
1238 4758 1374 4813 ergo
1397 4742 1669 4796 debemus
1694 4742 1882 4794 dicere
1905 4741 2071 4794 illum

444 4894 468 4917 ι
500 4883 661 4954 Apud
711 4883 977 4939 Ambros.
1027 4900 1203 4952 super
1246 4885 1451 4937 Lucam
1490 4883 1589 4937 lib.
1635 4900 1688 4948 x,
1720 4899 1767 4937 c.
1818 4884 1923 4937 24:
1981 4883 2071 4937 Sic

378 4957 517 5009 enim
550 4955 712 5009 habes
732 4955 883 5008 alibi.

446 5029 471 5068 δ
502 5028 665 5080 Deest
693 5042 798 5080 non
828 5026 887 5078 in
916 5023 1304 5079 editionibus:
1357 5025 1454 5078 sed
1485 5024 1772 5078 defectum
1807 5024 1876 5077 ad
1908 5039 2070 5077 oram

417 5097 601 5166 agina:
630 5101 1011 5168 prtenotatum
1058 5097 1315 5149 invenies
1346 5102 1502 5148 tomo
1535 5096 1625 5159 ιν,
1658 5100 1801 5165 part.
1838 5112 1891 5158 ιι,
1927 5094 2068 5148 Bibl.

374 5114 601 5221 pagina:
630 5114 1011 5168 prtenoratum
1058 5114 1315 5149 invenies
1346 5114 1502 5148 ιοωο
1535 5114 1619 5159 iv,

422 5173 633 5233 atrum,
666 5168 772 5222 col.
804 5170 927 5234 523,
961 5168 1097 5221 edit.
1130 5168 1210 5233 4ο,
1248 5168 1425 5220 Paris.
1467 5168 1619 5221 1624.

446 5248 467 5272 ο
498 5240 615 5297 Με..
651 5242 708 5292 in
756 5242 989 5305 inferno.
1026 5238 1285 5309 Fulgent.
1328 5239 1405 5291 De
1437 5238 1571 5291 Fide
1619 5236 1688 5290 ad
1732 5238 1904 5303 Petr.,
1936 5253 1982 5290 c.
2015 5239 2068 5303 2,

375 5310 435 5361 in
465 5312 762 5373 infernum.

446 5378 474 5416 ἀ
502 5381 811 5445 Editiones,
845 5396 941 5435 nos
969 5396 1112 5449 ergo.

449 5459 472 5485 ο
504 5451 623 5516 Ms.,
649 5454 761 5519 qui.

453 5520 471 5553 τ
502 5522 577 5592 Ex
612 5521 709 5574 lib.
742 5539 778 5587 ι,
814 5523 969 5576 Beati
993 5526 1191 5576 contra
1223 5521 1580 5592 Elipandum.

455 5604 484 5643 ς
515 5591 576 5645 Id
605 5596 690 5644 est
739 5608 847 5646 non
900 5593 1061 5649 locati
1113 5600 1279 5660 motu,
1307 5589 1379 5647 ut
1420 5592 1628 5648 dicitur
1658 5590 1717 5646 in
1749 5589 1894 5645 libro
1920 5591 2072 5663 apud

2171 519 2298 557 mus
2328 519 2456 556 cum
2489 504 2653 555 Patre
2697 506 2753 555 et
2802 500 3021 571 Spiritu
3052 506 3241 554 sancto
3280 502 3461 555 Deum
3488 518 3500 554 :
3538 518 3654 555 non
3684 502 3877 555 nomi-

2170 608 2324 657 nem,
2358 596 2619 661 quartam
2642 590 3071 643 introducentes
3101 605 3430 658 personam,
3465 590 3563 643 sed
3590 606 3721 643 cum
3748 590 3879 659 ipsa

2170 697 2341 734 carne
2372 678 2603 750 propria
2640 695 2821 731 unum
2853 679 3160 732 adoremus
3191 678 3478 733 Christum
3523 680 3733 733 Filium
3780 681 3881 733 Dei

2173 770 2350 823 Deum
2393 767 2552 836 juxta
2605 765 2875 835 Ephesini
2926 765 3149 818 concilii
3201 781 3348 818 verae
3396 765 3533 819 ﬁdei
3564 766 3880 819 documen-

2172 861 2316 923 tum,
2348 854 2502 926 quod
2533 863 2554 888 °
2585 855 2695 907 ait:
2728 854 3002 907 Cavemus
3032 858 3223 906 autem
3254 853 3322 906 de
3369 854 3594 908 Christo
3638 854 3835 907 dicere
3864 872 3876 908 :

2170 946 2410 1013 Propter
2456 943 2850 996 adsumentem
2895 941 3070 994 adoro
3101 941 3491 1011 adsumptum,
3538 947 3594 995 et
3634 947 3880 1012 propter

2174 1032 2519 1087 invisibilem
2551 1031 2723 1084 adoro
2761 1030 3063 1083 visibilem.
3114 1030 3474 1083 Horrendum
3524 1047 3658 1083 vero
3700 1048 3880 1101 super

2173 1124 2279 1177 hoc
2309 1123 2480 1176 etiam
2527 1122 2667 1175 illud
2700 1122 2886 1175 dicere
2914 1138 2927 1175 :
2976 1122 3027 1173 Is
3059 1121 3155 1191 qui
3189 1126 3489 1191 susceptus
3530 1126 3613 1174 est
3642 1138 3777 1175 cum
3808 1140 3876 1175 eo

2174 1212 2273 1283 qui
2300 1211 2550 1280 suscepit
2579 1226 2691 1263 non
2723 1213 3086 1277 nuncupatur
3120 1210 3284 1262 Deus.
3320 1208 3426 1272 Qui
3454 1210 3608 1262 enim
3643 1210 3768 1263 hmc
3798 1210 3880 1263 di-

2172 1299 2296 1367 cit,
2328 1298 2528 1353 dividit
2576 1298 2785 1351 iterum
2825 1296 2883 1349 in
2915 1297 3059 1350 duos
3117 1297 3357 1349 christos
3410 1313 3540 1350 eum
3582 1298 3683 1367 qui
3728 1315 3881 1350 unus

2175 1394 2279 1453 est,
2311 1387 2599 1441 hominem
2633 1402 2889 1439 seorsum
2922 1386 2981 1438 in
3015 1391 3259 1455 partem,
3294 1391 3349 1438 et
3390 1387 3571 1439 Deum
3604 1386 3881 1440 similiter

2174 1479 2235 1532 in
2262 1482 2420 1547 parte
2452 1476 2824 1528 constituens.
2877 1475 3179 1527 Evidenter
3208 1474 3364 1527 enim
3408 1474 3655 1544 denegat
3686 1475 3881 1528 unita-

2174 1571 2313 1631 tem,
2345 1565 2657 1618 secundum
2692 1579 2864 1633 quam
2897 1580 3015 1616 non
3046 1564 3192 1616 alter
3222 1579 3353 1616 cum
3386 1564 3562 1616 altero
3594 1564 3884 1617 coadora-

2175 1658 2289 1720 tur,
2334 1659 2433 1707 aut
2478 1655 2863 1722 nuncupatur,
2898 1652 2996 1705 sed
3041 1668 3187 1704 unus
3233 1651 3579 1721 intelligitur
3617 1652 3881 1706 Christus

2174 1746 2354 1809 Iesus,
2388 1742 2561 1797 Filius
2597 1742 2697 1795 Dei
2728 1740 3082 1809 unigenitus,
3117 1756 3232 1794 una
3271 1740 3544 1794 servitute
3578 1757 3711 1795 cum
3744 1758 3881 1812 pro-

2174 1832 2301 1902 pria
2333 1847 2499 1884 carne
2528 1830 2886 1884 venerandus
2919 1830 2957 1881 ι.
2988 1850 3015 1878 ››

2246 1966 2296 2016 8.
2326 1964 2463 2016 Item
2479 1960 2868 2015 sanctissimus
2891 1960 3245 2030 Augustinus
3268 1977 3281 2013 :
3313 1983 3339 2009 ‹‹
3357 1963 3517 2015 Idem
3540 1961 3649 2015 sibi
3676 1967 3880 2016 auctor

2176 2055 2234 2105 et
2263 2067 2409 2120 opus
2438 2057 2540 2104 est.
2589 2049 2730 2113 Quia
2762 2049 2895 2103 fecit
2923 2065 3152 2103 carnem
3182 2050 3239 2102 in
3272 2055 3433 2103 utero
3469 2050 3744 2121 Virginis,
3778 2053 3876 2105 ad-

2176 2144 2261 2192 est
2291 2144 2490 2192 auctor
2538 2138 2749 2208 operis.
2795 2138 2939 2202 Quia
2988 2138 3109 2207 ipse
3158 2137 3217 2191 in
3263 2138 3367 2192 hac
3413 2139 3569 2192 nasci
3605 2139 3882 2209 dignatus

2175 2231 2281 2289 est,
2311 2227 2467 2280 adest
2487 2242 2631 2295 opus
2653 2224 2923 2293 auctoris,
2948 2226 3049 2295 qui
3082 2230 3142 2279 ut
3171 2226 3399 2279 inlocali
3427 2230 3584 2279 motu
3606 2240 3635 2281 ς
3665 2227 3736 2280 ad
3757 2244 3879 2280 ma-

2174 2322 2321 2370 trem
2355 2316 2602 2377 veniens,
2652 2315 2931 2368 ineffabili
2980 2315 3241 2385 potentia
3281 2322 3508 2368 uterum
3544 2316 3748 2369 matris
3791 2317 3881 2386 gi-

2174 2405 2438 2474 gnendus
2483 2403 2781 2472 implevit:
2843 2408 2899 2456 et
2958 2403 3111 2473 quod
3167 2408 3350 2456 totum
3412 2408 3496 2457 est
3543 2404 3883 2458 substantia:

2175 2492 2535 2563 plenitudine
2568 2509 2684 2545 non
2716 2491 2979 2562 privavit.
3024 2493 3108 2545 Ita
3152 2507 3288 2560 ergo
3322 2508 3435 2544 uno
3468 2497 3640 2563 atque
3672 2494 3881 2547 eodem

2175 2588 2433 2651 tempore
2478 2586 2629 2634 totus
2682 2581 2745 2634 in
2799 2580 3045 2645 inferno,
3094 2585 3244 2633 totus
3293 2581 3350 2633 in
3384 2582 3561 2634 coelo:
3604 2582 3725 2635 illic
3775 2599 3878 2651 pa-

2176 2672 2323 2725 tiens
2372 2670 2643 2741 injuriam
2691 2670 2897 2735 carnis,
2954 2670 3045 2722 hic
3090 2686 3203 2722 non
3255 2671 3583 2740 relinquens
3626 2673 3877 2741 gloriam

2178 2760 2418 2815 deitatis.
2454 2760 2584 2812 Erat
2614 2759 2861 2829 denique
2903 2760 3054 2828 apud
3086 2758 3300 2812 inferos
3333 2759 3673 2812 resurrectio
3721 2775 3880 2812 mor-

2176 2854 2429 2911 tuorum,
2472 2852 2593 2900 erat
2622 2862 2794 2917 super
2822 2847 2996 2900 caelos
3026 2846 3137 2900 vita
3167 2847 3481 2900 viventium
3506 2863 3518 2899 :
3553 2863 3685 2900 vere
3724 2864 3878 2900 mor-

2177 2941 2328 2997 tuus,
2370 2952 2500 2989 vere
2533 2936 2714 3001 vivus,
2760 2936 2821 2988 in
2867 2952 2981 3005 quo
3022 2940 3079 2989 et
3120 2940 3363 2989 mortem
3394 2936 3681 3006 susceptio
3721 2953 3879 2989 mor-

2442 3025 2678 3094 accepit,
2715 3028 2771 3077 et
2790 3024 2964 3077 vitam
2999 3024 3314 3077 divinitatis
3339 3030 3562 3078 servata
3590 3041 3707 3078 non
3742 3041 3880 3094 per—

2175 3115 2336 3169 didit.
2374 3116 2433 3167 In
2466 3130 2577 3184 quo
2618 3114 2755 3167 dum
2797 3113 3094 3166 humilitas
3139 3112 3398 3183 patienti,
3436 3113 3667 3166 facienti
3702 3115 3880 3166 virtus

2177 3203 2507 3269 ascribitur;
2540 3202 2691 3256 idem
2721 3202 2977 3257 Christus
3004 3218 3120 3255 uno
3143 3207 3315 3272 atque
3347 3203 3548 3256 eodem
3584 3209 3877 3271 tempore,

2175 3309 2292 3346 uno
2325 3298 2495 3363 atque
2538 3292 2739 3345 eodem
2790 3307 2986 3360 opere,
3018 3307 3146 3343 cum
3182 3292 3394 3360 patitur
3426 3290 3713 3355 inﬁrmus,
3748 3306 3880 3344 cum

2174 3380 2307 3434 facit
2337 3380 2704 3449 omnipotens
2752 3380 3075 3433 doceturh:
3113 3397 3139 3429 ››
3195 3380 3297 3443 Qui
3348 3384 3620 3449 utrasque
3671 3395 3879 3447 opera-

2174 3469 2361 3521 tiones
2389 3469 2476 3521 vel
2507 3468 2829 3521 voluntates
2859 3484 3058 3519 sensus
3084 3474 3257 3537 atque
3292 3467 3606 3537 sapientius
3638 3474 3740 3519 aut
3779 3484 3876 3519 na-

2176 3562 2333 3610 turas
2360 3556 2671 3609 divinitatis
2704 3573 2768 3609 ac
2798 3556 3176 3609 humanitatis
3208 3556 3533 3609 inconfusas
3560 3561 3617 3608 et
3647 3555 3878 3625 insepa-

2174 3644 2409 3709 rabiles,
2442 3645 2501 3697 in
2538 3644 2771 3697 unitatis
2797 3662 2899 3698 sua
2925 3661 3174 3715 persona
3197 3646 3277 3698 ita
3306 3644 3507 3709 univit,
3540 3649 3603 3698 ut
3630 3645 3879 3698 invicem

2175 3734 2245 3787 ab
2276 3734 2551 3787 alterutro
2591 3733 2781 3786 divelli
2812 3749 2927 3786 non
2959 3734 3197 3803 possint,
3232 3734 3378 3786 sicut
3398 3732 3758 3786 admirabilis
3793 3734 3878 3786 in-

2176 3823 2301 3893 quit
2331 3822 2594 3893 Cyrillus.
2631 3822 2891 3891 Undique
2924 3822 3102 3890 igitur
3132 3822 3493 3875 inconfusum
3522 3826 3695 3891 atque
3728 3822 3876 3876 indi-

2174 3912 2359 3964 visum
2390 3911 2561 3964 celeri
2593 3926 2727 3964 voce
2766 3912 3046 3963 instanter
3074 3911 3419 3979 proferimus
3452 3926 3633 3964 unum
3666 3917 3875 3964 sanctae

2175 3998 2468 4052 Trinitatis
2522 4004 2576 4051 et
2603 4004 2732 4067 post
2762 3998 3237 4067 iincarnationem
3273 3998 3581 4052 Dominum
3613 4006 3873 4053 nostrum

2173 4088 2362 4141 Iesum
2430 4087 2716 4141 Christum
2780 4104 2977 4141 verum
3024 4090 3203 4142 Deum
3251 4092 3508 4141 nostrum
3556 4088 3873 4143 credentes.

2246 4213 2297 4264 9.
2345 4212 2486 4263 Item
2531 4210 2651 4280 jam
2700 4210 2877 4264 dictus
2927 4211 3193 4281 egregius
3243 4211 3441 4265 doctor
3489 4212 3869 4279 Fulgentius:

2105 4341 2149 4396 Β
2179 4319 2206 4350 α
2242 4299 2330 4353 Sic
2373 4300 2523 4353 enim
2575 4300 2635 4353 in
2681 4301 2901 4354 unitate
2946 4316 3202 4371 personae
3252 4306 3513 4354 naturam
3567 4306 3874 4372 utramque

2177 4389 2435 4443 Christus
2488 4390 2785 4459 conjunxit
2840 4389 3316 4443 indissolubiliter
3362 4395 3417 4443 et
3473 4390 3657 4443 univit
3703 4396 3765 4443 ut
3819 4392 3875 4444 in

2180 4494 2294 4531 una
2325 4494 2570 4548 persona
2601 4478 2881 4548 unigeniti
2931 4478 3027 4531 Dei
3075 4494 3178 4531 nec
3205 4479 3469 4532 divinitas
3501 4478 3569 4531 ab
3602 4478 3874 4533 humani-

2178 4572 2293 4621 tate
2320 4584 2441 4633 sua,
2493 4583 2597 4621 nec
2637 4567 2966 4621 humanitas
3011 4584 3044 4620 a
3073 4583 3174 4620 sua
3221 4567 3403 4637 possit
3445 4567 3745 4621 divinitate
3788 4584 3874 4621 se-

2172 4656 2362 4726 jungi.
2392 4655 2809 4709 lndissolubilis
2849 4655 3063 4726 quippe
3101 4654 3245 4708 facta
3278 4660 3361 4709 est
3404 4655 3571 4708 Verbi
3602 4660 3658 4708 et
3688 4656 3876 4709 carnis

2177 4744 2387 4811 unitio,
2419 4745 2650 4814 quando
2684 4744 2932 4797 Verbum
2962 4744 2974 4778 ί
3000 4744 3209 4797 factum
3253 4748 3336 4796 est
3366 4759 3517 4809 caro,
3548 4743 3607 4796 in
3638 4760 3756 4814 quo
3801 4744 3879 4797 sic

2180 4884 2567 4952 Augustinum
2601 4899 2731 4936 mox
2777 4884 3026 4952 citando,
3059 4904 3125 4939 ex
3156 4904 3268 4956 quo
3296 4888 3573 4940 nonnulla
3604 4887 3877 4940 emenda-

2180 4957 2387 5021 vimus,
2441 4970 2647 5023 nempe
2690 4956 3078 5021 gignendus...
3126 4958 3535 5025 plenitudine...
3585 4965 3873 5012 servata...

2174 5028 2432 5094 patienti,
2475 5028 2721 5094 facienti,
2765 5027 2860 5079 ubi
2898 5044 3002 5080 ms.
3035 5029 3303 5095 gignendo
3331 5030 3541 5082 habet:
3582 5030 3880 5098 plenitudi-

2179 5112 2365 5150 nem...
2398 5103 2735 5151 servatam...
2768 5101 3093 5167 patientis...
3126 5102 3403 5165 facientis.

2252 5170 2277 5209 h
2343 5169 2511 5240 Paulo
2569 5168 2738 5222 latius
2797 5169 2951 5239 apud
3004 5172 3148 5237 Aug.
3212 5170 3331 5222 hinc
3388 5169 3559 5222 verba
3609 5170 3669 5222 in
3727 5174 3872 5240 App.

2180 5241 2319 5311 tom.
2377 5239 2498 5292 Vlll
2555 5241 2766 5293 noviss.
2800 5241 2937 5295 edit.
2975 5242 3179 5303 Paris.,
3215 5257 3343 5311 cap.
3405 5242 3469 5294 14
3502 5241 3629 5293 libri
3684 5239 3881 5297 Contra

2180 5310 2439 5381 Felician.
2490 5312 2788 5381 Arianum,
2840 5328 2909 5365 ex
2955 5327 3071 5381 quo
3102 5310 3337 5378 serrata,
3385 5314 3626 5381 patienti
3651 5313 3882 5377 facienti

2180 5380 2464 5449 restituta,
2514 5380 2612 5434 ubi
2659 5398 2772 5436 ms.
2821 5380 3095 5436 servatam
3123 5382 3314 5448 habet,
3353 5385 3637 5452 patientis,
3690 5391 3748 5437 et
3788 5386 3878 5449 fa-

2179 5452 2387 5505 cientis.

2256 5520 2267 5555 ί
2298 5522 2422 5587 Ms.,
2453 5522 2631 5577 verbo.
