4098 6180
215 296 259 345 il
278 276 309 345 τ
1776 292 2158 348 ιιριδτοιίε.

3619 274 3723 352 418

205 432 522 501 permansit
572 431 847 483 naturalis
892 430 1098 496 unitas,
1154 434 1218 483 ut
1254 435 1449 483 tamen
1478 430 1753 483 naturalis
1806 446 1908 483 nec
1946 433 1991 483 A
2020 429 2199 482 rando
2232 428 2421 483 taliter
2450 428 2617 482 dicit:
2648 450 2674 477 ‹‹
2708 430 2830 499 Ipse
2887 429 3137 484 Verbum
3182 432 3363 485 Patris
3408 449 3509 503 per
3536 450 3712 504 quem

208 520 383 574 dividi
413 536 518 573 nec
543 519 819 573 confundi
852 524 1043 588 posset
1074 519 1407 588 proprietas.
1442 539 1469 566 s

280 611 361 663 I0.
399 610 537 662 Item
571 614 795 661 sanctus
845 607 1224 661 Athanasius:
1272 628 1297 655 α
1334 608 1686 661 Conlitemur
1714 607 1904 677 ipsum

205 713 322 750 esse
357 698 565 750 Filium
600 696 699 750 Dei
731 702 786 749 et
821 697 999 748 Deum
1053 695 1367 748 secundum
1412 695 1713 764 Spiritum,
1745 700 1803 748 et
1832 695 1905 748 ﬁ-

204 787 342 839 lium
386 785 640 839 hominis
679 784 991 838 secundum
1033 800 1264 837 carnem
1292 799 1304 849 ;
1332 800 1447 836 non
1478 783 1617 836 duas
1647 788 1901 843 naturas,

205 890 379 927 unam
431 873 781 926 adorandam
832 877 889 924 et.
918 872 1155 924 alteram
1219 888 1335 924 non
1384 871 1752 938 adorandam,
1805 871 1904 925 sed

206 979 379 1015 unam
411 969 678 1015 naturam
710 961 877 1014 Verbi
908 960 1285 1025 incarnatam,
1310 966 1365 1012 et
1392 960 1739 1013 ador-audam
1772 976 1903 1013 cum

202 1051 441 1122 propria
472 1051 597 1121 ejus
645 1066 813 1103 carne
866 1066 977 1101 una
1010 1048 1376 1102 veneratione
1404 1065 1415 1101 :
1448 1064 1635 1119 neque
1665 1048 1808 1102 duos
1838 1048 1904 1101 fi-

204 1141 327 1205 lios,
385 1141 630 1193 alterum
663 1139 899 1210 quidem
932 1139 1137 1192 Filium
1176 1138 1272 1190 Dei
1312 1152 1511 1190 verum
1564 1142 1619 1190 et
1658 1137 1904 1190 adoran-

203 1228 361 1291 dum,
397 1229 645 1281 alterum
686 1243 817 1280 vero
849 1227 918 1280 de
950 1226 1123 1280 Maria
1153 1225 1344 1294 vigine
1378 1241 1492 1277 non
1525 1225 1900 1291 adorandum,

204 1316 295 1369 sed
328 1317 515 1385 gratia
546 1317 645 1369 Dei
676 1316 860 1369 ﬁlium
888 1316 1098 1368 factum
1138 1314 1283 1367 sicut
1314 1314 1504 1367 caeteri
1545 1313 1831 1369 homines.
1873 1333 1900 1365 )›

274 1409 359 1458 Η.
399 1406 541 1459 Item
576 1422 642 1458 ex
698 1404 941 1457 concilio
996 1403 1315 1472 Ephesino:
1356 1424 1383 1451 «
1443 1402 1499 1457 Si
1533 1403 1661 1473 quis
1694 1403 1905 1456 audeat

202 1494 389 1548 dicere
421 1495 720 1548 hominem
765 1494 1129 1562 Tlieophoron,
1164 1492 1222 1546 id
1262 1497 1366 1557 est,
1412 1495 1580 1546 Deum
1622 1494 1900 1558 ferentem,

203 1599 262 1635 ac
286 1598 403 1635 non
436 1583 629 1652 potius
659 1584 838 1635 Deum
862 1582 1139 1633 veraciter
1160 1580 1364 1633 dixerit
1390 1586 1663 1649 tauquam
1699 1580 1902 1633 Filium

201 1686 303 1739 per
336 1676 605 1723 naturam
662 1669 971 1722 secundum
1006 1670 1158 1738 quod
1208 1669 1454 1721 Verbum
1514 1684 1644 1720 caro
1692 1668 1903 1720 factum

201 1764 301 1824 est,
336 1764 394 1811 et
442 1758 887 1810 communicavit
932 1758 1198 1811 similiter
1230 1763 1291 1810 ut
1342 1774 1446 1810 nos
1496 1757 1652 1809 carni
1682 1763 1737 1809 et
1768 1772 1906 1809 san—

198 1847 385 1916 guini,
439 1846 749 1899 anathema
797 1846 887 1899 sit.
941 1847 996 1901 Si
1039 1847 1167 1916 quis
1221 1846 1357 1899 dicit
1415 1848 1592 1900 Deum
1642 1862 1761 1898 esse
1819 1846 1905 1898 vel

204 1936 516 1988 Dominum
552 1936 756 1988 Christi
803 1934 903 1987 Dei
952 1935 1137 1988 Patris
1183 1936 1450 1999 Verbum,
1488 1940 1543 1987 et
1576 1950 1691 1986 non
1723 1933 1906 2003 magis

199 2023 467 2076 eumdem
502 2023 690 2092 ipsum
725 2023 1033 2075 conﬁtetur
1080 2024 1257 2075 Deum
1289 2022 1458 2074 simul
1487 2027 1544 2075 et
1585 2022 1903 2086 hominem,

200 2118 509 2183 propterea
556 2112 709 2181 quod
758 2111 1005 2164 Verbum
1038 2128 1168 2163 caro
1216 2110 1428 2163 factum
1478 2115 1563 2162 est
1592 2112 1906 2163 secundum

199 2202 542 2270 Scripturas,
594 2200 903 2253 anathema
952 2200 1040 2253 sit.
1100 2200 1156 2253 Si
1214 2199 1341 2268 quis
1396 2200 1550 2252 velut
1608 2200 1907 2253 hominem

197 2291 387 2343 Iesum
443 2291 843 2357 operationem
894 2288 991 2341 Dei
1045 2288 1212 2341 Verbi
1264 2286 1402 2340 dicit
1460 2288 1812 2357 adjunctum,
1854 2291 1909 2339 et

202 2378 493 2449 Uuigeniti
528 2378 769 2447 gloriam
800 2382 1073 2447 tanquam
1118 2377 1282 2430 alteri
1328 2381 1536 2446 praeter
1568 2377 1753 2446 ipsum
1788 2376 1907 2429 exi-

200 2468 371 2520 stenti
405 2467 631 2534 tribuit,
690 2466 993 2519 anathema
1020 2467 1107 2519 sit.
1160 2465 1218 2519 Si
1269 2466 1397 2535 quis
1438 2481 1553 2518 non
1605 2466 1909 2518 conﬁtetur
1972 2496 1983 2508 -

198 2574 432 2609 carnem
496 2556 725 2609 Domini
768 2555 1189 2609 viviﬁcatricem
1238 2572 1383 2615 esse,
1416 2560 1469 2607 et
1498 2554 1791 2623 propriam
1822 2554 1907 2624 ip-

202 2648 317 2698 sius
352 2646 522 2697 Verbi
575 2645 674 2697 Dei
722 2646 925 2712 Patris,
975 2645 1073 2697 sed
1127 2644 1283 2697 velut
1322 2644 1551 2697 alterius
1583 2650 1790 2712 praeter
1821 2644 1907 2712 ip-

204 2751 327 2787 sum
390 2734 684 2803 conjuncti
735 2734 921 2787 eidem
954 2750 1055 2803 per
1086 2733 1445 2802 dignitatem,
1495 2738 1594 2785 aut
1625 2732 1788 2801 quasi
1822 2732 1906 2785 di-

205 2823 396 2874 vinam
453 2822 870 2875 habitationem
936 2822 1217 2887 habentis,
1279 2838 1343 2875 ac
1403 2838 1519 2875 non
1578 2822 1791 2891 potius,
1851 2826 1911 2873 ut

206 2910 476 2975 diximus,
518 2910 940 2963 viviﬁcatricem
973 2927 1114 2971 esse,
1148 2910 1285 2980 quia
1332 2910 1479 2963 facta
1533 2914 1618 2961 est
1676 2909 1909 2979 propria

206 2999 371 3053 Verbi
399 3003 603 3051 cuncta
633 2998 920 3052 viviﬁcare
943 2998 1202 3065 valentis,
1230 2999 1538 3052 anathema
1569 2998 1658 3051 sit.
1698 3019 1723 3044 ››

282 3088 363 3139 12.
401 3086 541 3138 Item
585 3086 783 3139 beatus
830 3085 1248 3156 Hieronymus:
1280 3106 1308 3136 ‹‹
1350 3085 1646 3149 Quomodo
1676 3083 1907 3154 quidem

208 3173 254 3226 is
284 3174 387 3244 qui
450 3174 765 3227 secundum
824 3189 1055 3226 carnem
1104 3174 1285 3227 factus
1316 3174 1526 3227 dicitur
1572 3189 1635 3226 ex
1689 3172 1908 3225 semine

211 3263 381 3315 David
416 3264 588 3315 Filius
630 3263 728 3315 Dei
759 3262 831 3315 sit
877 3263 1040 3316 Jesus
1086 3279 1153 3315 ex
1203 3262 1616 3315 resurrectione
1649 3266 1905 3313 mortuo-

206 3367 335 3403 rum
368 3352 551 3420 (Rom.
593 3351 653 3419 I),
690 3351 920 3404 difﬁcile
956 3367 1073 3403 non
1102 3357 1188 3404 est
1217 3352 1511 3404 advertere
1543 3350 1595 3403 ei
1628 3348 1727 3420 qui
1754 3349 1907 3418 lege-

208 3439 280 3492 rit
312 3440 453 3493 illud
505 3440 656 3510 quod
700 3440 976 3509 scriptum
1029 3445 1149 3492 est:
1181 3441 1406 3493 Decebat
1458 3441 1600 3492 enim
1646 3453 1764 3491 eum
1809 3451 1908 3505 per

209 3544 359 3595 quem
420 3532 622 3593 omnia,
656 3534 704 3582 et
738 3532 794 3581 in
829 3544 933 3596 quo
974 3530 1175 3597 omnia,
1208 3529 1403 3582 multos
1424 3528 1567 3597 ﬁlios
1589 3530 1648 3580 in
1678 3528 1909 3594 gloriam

208 3618 560 3671 adducentem
606 3624 875 3671 auctorem
930 3619 1127 3671 salutis
1196 3633 1378 3671 eorum
1430 3633 1531 3685 per
1604 3618 1909 3685 passionem

209 3710 572 3760 consummari
601 3707 789 3775 (Hebr.
818 3708 899 3777 II).
938 3706 1089 3759 Finis
1112 3711 1303 3758 autem
1336 3706 1669 3775 passionum
1703 3703 1909 3758 Christi

208 3798 549 3849 resurrectio
600 3802 705 3863 est,
758 3802 815 3849 et
878 3796 1015 3866 quia
1066 3796 1541 3849 resurrectionem
1592 3796 1743 3847 ultra
1787 3795 1907 3864 jam

210 3902 310 3938 non
364 3888 620 3951 moritur,
680 3901 774 3938 nec
821 3900 964 3938 mors
1004 3885 1091 3937 illi
1145 3885 1293 3937 ultra
1326 3883 1697 3937 dominabitur
1733 3884 1903 3952 (Rom.

212 3982 303 4044 vi).
340 3976 401 4029 Et
457 3976 669 4027 iterum
720 3973 971 4027 dicitur:
1021 3973 1157 4044 quia
1203 3973 1309 4026 etsi
1364 3972 1701 4043 agnovimus
1750 3973 1908 4025 Chri-

210 4069 357 4115 stum
390 4062 707 4115 secundum
736 4079 985 4129 carnem,
1019 4062 1116 4115 sed
1142 4062 1427 4130 nuncjam
1459 4077 1571 4113 non
1604 4060 1908 4127 novimus;

210 4151 337 4204 ideo
368 4168 541 4204 omne
593 4152 744 4220 quod
808 4154 890 4203 est
917 4151 976 4203 in
1028 4150 1270 4217 Christo,
1312 4151 1434 4219 jam
1472 4148 1644 4201 Filius
1670 4147 1770 4202 Dei
1801 4154 1905 4201 est.

209 4240 507 4303 Quomodo
548 4246 741 4293 autem
775 4240 843 4294 ad
871 4256 1003 4293 eum
1035 4239 1133 4310 qui
1158 4239 1333 4293 Filius
1367 4237 1465 4291 Dei
1497 4242 1579 4290 est
1610 4238 1669 4290 in
1700 4237 1907 4289 virtute

210 4331 530 4384 destinatus
555 4330 855 4395 referatur,
883 4333 1133 4382 coarctat
1161 4328 1606 4397 intelligentiam
1640 4332 1909 4393 vestram,

209 4420 321 4472 nisi
343 4420 496 4489 quod
523 4434 628 4487 per
656 4418 1108 4495 indissol‘ubilem
1134 4417 1412 4470 unitatem
1444 4416 1609 4469 Verbi
1644 4420 1699 4469 et
1726 4414 1911 4468 carnis

207 4509 407 4561 omnia
438 4524 568 4577 quae
598 4506 783 4559 carnis
814 4511 945 4560 sunt
993 4506 1353 4559 ascribuntur
1401 4510 1456 4558 et
1488 4504 1690 4567 Verbo,
1738 4520 1910 4573 quam

207 4601 262 4649 ct
297 4612 428 4666 quae
460 4596 624 4649 Verbi
660 4600 793 4647 sunt
822 4594 1209 4664 prredicautur
1238 4594 1296 4646 in
1332 4609 1521 4646 carne.
1555 4593 1746 4645 Jesum
1780 4607 1911 4644 vero

208 4690 263 4738 et
297 4684 590 4739 Christum
623 4689 679 4736 et
708 4683 1015 4736 Dominum
1041 4682 1364 4736 invenimus
1404 4698 1555 4751 saepe
1587 4681 1652 4734 ad
1689 4685 1912 4734 utram-

208 4788 323 4842 que
374 4779 639 4825 naturam
696 4771 913 4835 referri,
970 4776 1030 4824 ut
1071 4776 1156 4825 est
1207 4770 1394 4823 illud:
1449 4772 1593 4824 Unus
1656 4772 1912 4823 Dominus

206 4863 362 4915 Iesus
390 4862 637 4916 Christus
668 4876 765 4928 per
806 4876 962 4929 quem
1018 4862 1197 4913 omnia
1231 4862 1270 4928 (ι
1322 4862 1440 4915 Cor.
1503 4864 1647 4928 vni).
1713 4859 1777 4911 Et
1807 4857 1913 4910 ite-

207 4966 340 5004 rum
374 4967 385 5003 :
418 4951 479 5005 Si
516 4953 660 5003 enim
690 4951 1053 5016 agnovissent,
1086 4964 1367 5017 nunquam
1404 4950 1694 5002 Dominum
1724 4947 1912 5014 gloria:

208 5039 614 5109 cruci/ixissent
647 5039 698 5105 (Ι
725 5040 844 5094 Cor.
876 5038 959 5106 ll).
1007 5059 1028 5086 ι

283 5130 372 5182 13.
408 5128 566 5181 Unde
596 5130 651 5179 et
681 5131 871 5180 noster
902 5142 1053 5179 nunc
1099 5126 1301 5179 doctor
1350 5124 1676 5178 Vincentius
1710 5123 1915 5193 implo-

278 5295 304 5318 ⁸
346 5285 620 5355 Legerem
678 5284 1011 5339 coronandus
1067 5300 1157 5337 vos
1215 5285 1467 5355 suscitet:
1520 5298 1652 5335 cum
1697 5281 1911 5353 populo

206 5354 463 5425 namque
494 5356 770 5426 loquitur,
814 5362 878 5408 ut
908 5370 976 5407 ex
998 5354 1369 5423 sequentibus
1402 5358 1661 5425 apparet.

276 5429 303 5470 ι)
344 5428 467 5493 Ms.,
499 5442 655 5495 quem
679 5431 799 5495 post
820 5426 1101 5481 meridiem
1133 5427 1351 5480 colonis.

278 5508 297 5531 ε
340 5499 457 5551 Vox
497 5498 671 5551 dubia
704 5498 761 5550 in
794 5514 902 5550 ms.

278 5571 303 5610 ά
348 5568 468 5633 Ms,
494 5569 738 5621 dilectus.

2018 517 2272 571 condidit
2322 518 2530 570 saecula
2578 519 2763 582 Pater,
2814 518 2911 587 qui
2953 526 3144 589 postea
3188 537 3290 589 pro
3330 522 3499 575 nobis
3550 523 3710 579 siluit

2016 611 2147 659 ante
2177 606 2450 676 judicem,
2483 606 2549 659 ad
2594 611 2863 659 aeternam
2900 609 3422 663 remunerationem
3451 611 3509 663 in
3556 618 3708 666 sorte

2014 700 2339 748 sanctorum
2393 694 2783 747 coronandum
2845 696 3143 749 exsuscitet
3197 705 3238 749 α.
3318 698 3423 751 Illa
3475 700 3706 753 dextera

2015 800 2143 854 quae
2175 784 2395 854 castum
2430 782 2563 836 fecit
2611 788 2668 835 et
2717 787 2927 835 terram
2974 789 3030 836 et
3077 790 3207 853 post
3246 802 3276 838 a
3328 787 3509 839 Pilato
3554 790 3703 842 male

2007 873 2259 942 judicata
2288 850 2532 926 vinculis
2578 877 2661 924 est
2694 872 2900 935 vincta,
2944 871 3066 940 ipsa
3096 888 3193 925 vos
3225 879 3478 943 tempore
3501 876 3702 945 judicii

2013 962 2073 1015 in
2104 968 2410 1031 conspectu
2453 966 2780 1013 sanctorum
2813 961 3074 1029 amplexu
3108 962 3343 1029 proprio
3368 963 3565 1030 jubeat
3608 982 3701 1017 co-

2015 1049 2218 1120 pulari.
2251 1049 2353 1102 Illa
2383 1049 2553 1103 facies
2598 1064 2771 1118 quam
2804 1056 2934 1117 post
2962 1047 3260 1101 meridiem
3292 1051 3527 1102 colonus
3554 1054 3577 1093 ι)
3609 1069 3704 1121 pa-

2012 1137 2184 1192 radisi
2234 1137 2380 1191 ferre
2412 1153 2526 1191 non
2563 1137 2847 1189 sustinens
2877 1136 3042 1205 fugit,
3078 1143 3133 1189 et
3162 1141 3291 1207 post
3339 1154 3442 1207 pro
3470 1137 3620 1192 illius
3651 1145 3708 1193 et

2013 1226 2207 1296 stirpis
2250 1226 2373 1295 ejus
2421 1225 2868 1296 transgressione
2896 1225 3075 1294 sputis
3125 1226 3196 1279 ab
3232 1226 3551 1279 infidelibus
3584 1244 3702 1280 sor-

2014 1315 2205 1369 didata
2239 1320 2342 1380 est,
2383 1315 2506 1385 ipsa
2545 1314 2697 1367 vobis
2747 1313 2883 1367 dum
2934 1314 2991 1366 in
3025 1314 3156 1383 igne
3206 1315 3426 1368 venerit
3448 1315 3706 1384 judicare

2013 1405 2308 1469 saeculum,
2345 1403 2405 1457 in
2431 1402 2858 1473 tranquillitatis
2880 1407 2935 1456 et
2957 1402 3110 1473 pacis
3142 1403 3328 1472 specie
3360 1420 3480 1457 sese
3500 1404 3705 1474 jubeat

2015 1493 2431 1546 demonstrare.
2461 1512 2482 1539 ι

2094 1582 2173 1635 lli.
2211 1582 2347 1634 Ecce
2389 1596 2517 1651 quae
2566 1580 2633 1634 de
2682 1579 2939 1650 utrisque
2999 1580 3413 1650 quaestionibus
3458 1580 3711 1651 disputa-

2014 1675 2135 1724 tum
2171 1669 2361 1723 inveni
2409 1669 2759 1739 pedetentim
2810 1669 3139 1738 conscripsi.
3204 1669 3325 1721 Non
3377 1669 3711 1722 melioribus

2017 1758 2420 1828 praejudicans,
2457 1758 2553 1810 sed
2612 1757 2895 1826 exquisita
2946 1773 3260 1826 exponens.
3317 1758 3579 1811 Vestrum
3627 1764 3713 1811 cst

2014 1853 2159 1901 totas
2190 1847 2498 1900 sententias
2530 1864 2563 1900 a
2594 1863 2684 1899 me
2726 1848 2815 1900 hic
2847 1847 3062 1915 positas
3113 1846 3410 1915 ventilare,
3462 1852 3517 1900 et
3551 1846 3707 1899 dein-

2014 1951 2146 2005 ceps
2186 1936 2243 1987 in
2289 1935 2385 1987 illo
2443 1934 2671 2004 penitus
2703 1935 3017 1987 ventilarec
3048 1950 3251 2004 meque
3290 1950 3399 1986 non
3429 1949 3711 2003 praesum-

2014 2028 2239 2095 ptorem
2272 2028 2559 2093 reputare,
2585 2024 2681 2077 sed
2714 2023 3018 2077 amabilem
3053 2028 3106 2075 et
3127 2023 3398 2077 dilectum
3434 2021 3502 2075 ab
3534 2022 3705 2076 hodie

2015 2113 2262 2182 amplius
2289 2112 2583 2165 extimare.
2619 2111 2787 2165 Finit.

2159 2350 2283 2389 ITEM
2341 2350 2464 2388 ALIA
2505 2350 2762 2389 EPISTOLA
2800 2350 2993 2387 JOANNI
3034 2349 3281 2387 SPALENSI
3328 2349 3567 2386 DIRECTA.

2088 2456 2320 2510 Aurelio
2352 2457 2540 2511 Flavio
2571 2458 2768 2511 JOANNI
2801 2457 3007 2510 Paulus
3037 2458 3309 2509 ALVARUS.

2094 2550 2140 2599 t.
2171 2546 2452 2598 Hactenus
2488 2546 2805 2598 amicorum
2838 2560 2995 2597 more
3035 2542 3370 2612 conscripsi,
3405 2546 3461 2595 et
3490 2546 3551 2595 ut
3582 2541 3713 2595 soli-

2017 2638 2141 2687 tum
2187 2640 2270 2687 est
2323 2634 2540 2687 dilectis
2570 2634 2596 2674 ἀ
2628 2633 2919 2686 charitatis
2944 2632 3135 2703 jacula
3163 2632 3311 2685 misi.
3340 2632 3547 2684 Verum
3582 2632 3714 2701 quia

2017 2722 2358 2792 rescriptum
2415 2722 2728 2776 dulcedinis
2786 2727 2984 2775 vestrae
3042 2738 3161 2774 non
3210 2720 3422 2791 accepi,
3479 2720 3607 2773 ideo
3657 2724 3714 2773 et

2018 2826 2171 2863 nunc
2228 2816 2464 2863 conatus
2519 2827 2646 2863 sum
2714 2810 2960 2863 scribere
3019 2810 3188 2863 dure:
3250 2810 3490 2862 forsitan
3560 2808 3710 2861 vale-

2015 2899 2163 2951 bunt
2220 2899 2531 2968 impetrare
2562 2899 2733 2951 minae
2788 2898 2943 2968 quod
2975 2914 3137 2950 amor
3186 2914 3303 2950 non
3352 2898 3532 2950 valuit
3566 2897 3713 2950 obti—

1943 3000 1984 3056 c
2017 3004 2167 3042 nere.
2205 2988 2301 3041 Dic
2325 2988 2489 3055 mihi,
2522 3004 2554 3039 o
2586 2986 2887 3040 hominum
2921 3003 3066 3056 quos
3100 3002 3234 3039 arva
3274 2986 3513 3055 protulit
3544 2986 3714 3039 inhu-

2016 3093 2206 3143 mane,
2241 3093 2342 3130 cur
2372 3076 2646 3129 charitate
2683 3076 3104 3145 Scripturarum
3145 3074 3459 3127 radicatum
3495 3090 3712 3139 amore,

2017 3166 2247 3235 pigritia
2293 3166 2541 3236 quadam
2591 3181 2703 3217 non
2752 3164 2979 3217 dubitas
3027 3163 3280 3215 dissuere
3322 3179 3334 3215 :
3396 3169 3453 3215 et
3503 3163 3712 3232 episto-

2017 3255 2130 3307 lam
2162 3255 2340 3320 illam,
2374 3270 2545 3325 quam
2578 3254 2780 3306 beatus
2814 3252 3120 3321 Apostolus
3155 3251 3211 3303 in
3243 3251 3413 3303 corda
3440 3250 3713 3304 Christia-

2018 3358 2224 3395 norum
2267 3343 2437 3396 refert
2486 3342 2775 3412 scriptam,
2823 3357 2939 3393 non
2996 3339 3203 3393 metuis
3232 3338 3521 3410 |eradere?
3573 3339 3714 3391 Vere

2019 3447 2048 3484 e
2096 3431 2251 3485 silice
2295 3432 2507 3485 excissa
2555 3446 2717 3501 geres
2756 3428 3093 3499 praecordia,
3154 3432 3209 3481 et
3261 3428 3515 3493 hircano,
3560 3426 3718 3495 tigri-

2020 3535 2161 3573 nove
2201 3528 2222 3553 °
2254 3521 2393 3573 lacte
2451 3521 2687 3573 nutrita.
2735 3519 2856 3572 Jam
2888 3524 2941 3570 te
2976 3534 3091 3570 non
3137 3516 3320 3569 verbis
3379 3516 3712 3578 devaccabo,

2018 3607 2115 3660 sed
2147 3606 2424 3671 fustibus;
2459 3622 2563 3659 nec
2593 3606 2889 3659 sententiis
2921 3621 3020 3674 per
3040 3610 3220 3657 artem
3252 3604 3452 3657 Donati
3495 3603 3711 3673 politis,

2018 3696 2117 3749 sed
2156 3694 2388 3748 nodosis
2420 3693 2437 3727 ί
2480 3694 2747 3747 arborum
2792 3694 3043 3747 truncis:
3098 3699 3160 3745 ut
3212 3694 3295 3745 vel
3347 3693 3517 3745 laesus
3549 3692 3717 3745 nobis

2019 3788 2270 3836 armatus
2302 3798 2589 3849 occurras,
2645 3782 2744 3851 qui
2801 3787 3027 3851 Optatus
3086 3780 3244 3834 nulla
3299 3782 3423 3834 laeta
3456 3781 3717 3835 convivia

2018 3888 2205 3941 paras.
2244 3873 2307 3925 Et
2360 3888 2428 3925 ne
2481 3872 2667 3925 levem
2716 3886 2908 3923 meum
2962 3869 3392 3923 insurrectionis
3448 3870 3716 3940 dispicias

2019 3977 2273 4028 cursum,
2307 3966 2359 4014 te
2384 3961 2507 4031 jam
2538 3965 2726 4013 totum
2758 3975 2861 4028 per
2912 3958 3257 4011 acerrimum
3309 3958 3519 4011 laniem
3554 3974 3715 4011 mor-

2019 4064 2166 4100 sum.
2216 4048 2329 4102 Cur
2383 4051 2540 4099 tanta
2600 4045 2935 4099 auctoritate
2986 4042 3193 4096 mentis
3241 4042 3603 4110 distenderis,
3655 4048 3718 4095 ut

2020 4135 2250 4189 fratrem
2305 4136 2415 4189 tuis
2464 4151 2672 4189 renuas
2717 4134 2961 4187 invisere
3006 4132 3271 4201 scriptis?
3322 4133 3432 4184 Cur
3471 4131 3716 4184 elatione

2025 4226 2137 4278 Deo
2197 4225 2284 4279 vel
2326 4224 2583 4278 Ecclesia:
2633 4221 2972 4276 exsecranda
3004 4234 3033 4274 ς
3085 4220 3276 4274 fratris
3321 4220 3565 4290 despicis
3596 4220 3715 4273 elo—

1952 4318 1992 4371 D
2024 4314 2159 4383 quia
2198 4313 2423 4384 parva?
2479 4314 2588 4366 Pro
2646 4319 2700 4365 te
2759 4312 2878 4364 solo
2932 4310 3235 4363 cruciﬁxus
3285 4315 3368 4362 est
3418 4308 3718 4363 Christus?

2020 4403 2143 4456 Tibi
2172 4403 2277 4455 soli
2333 4403 2393 4455 in
2449 4401 2828 4454 ministrando
2886 4399 3225 4469 obsequitur
3255 4398 3551 4451 mundus?
3604 4398 3718 4452 Cur

2021 4490 2121 4561 qui
2156 4507 2266 4544 uno
2297 4494 2485 4544 tecum
2526 4491 2858 4559 redemptus
2890 4493 2974 4541 est
3020 4487 3206 4557 pretio
3246 4487 3577 4557 dedignaris
3616 4487 3715 4541 illo

2020 4587 2119 4633 tuo
2172 4579 2435 4633 lucidiori
2495 4578 2669 4631 foveri
2712 4577 3054 4646 reciproco?
3092 4576 3257 4629 Pater
3314 4592 3415 4645 per
3466 4576 3714 4647 Moysem

2021 4669 2276 4739 quinque
2309 4667 2575 4738 epistolas
2606 4669 2632 4708 h
2662 4666 2873 4719 Judzeis
2907 4665 3099 4729 mittit,
3135 4680 3235 4735 per
3269 4681 3409 4735 quas
3438 4665 3718 4719 amicitias

2020 4774 2150 4810 cum
2183 4772 2383 4809 eorum
2434 4755 2765 4826 parentibus
2808 4755 3017 4823 ligatus
3050 4754 3392 4807 vcrbotenus
3424 4759 3637 4819 narrat,
3663 4759 3718 4807 et

2022 4847 2092 4899 ad
2141 4846 2369 4899 easdem
2420 4843 2837 4898 conservandas
2875 4844 3090 4913 regulis
3144 4842 3485 4913 quibusdam
3546 4843 3718 4895 infor-

2023 4940 2159 4990 mat.
2210 4935 2466 4989 Christus
2510 4933 2798 5003 Abgarum
2852 4932 3195 5003 reciprocari
3237 4932 3399 5001 quasi
3442 4932 3590 4985 Deus
3620 4931 3718 4984 ho-

2022 5025 2239 5077 minem
2272 5039 2386 5075 non
2433 5022 2742 5091 dedignat:
2786 5026 2838 5075 et
2886 5026 3115 5075 sanctus
3151 5019 3395 5090 Spiritus
3444 5034 3545 5089 per
3571 5034 3718 5089 apo-

2025 5112 2197 5165 stolos
2229 5109 2497 5163 omnibus
2554 5109 2819 5180 gentibus
2847 5107 3263 5163 informatrices
3313 5122 3502 5159 rerum
3535 5106 3716 5160 desti-

2093 5288 2117 5317 ο
2156 5275 2277 5339 Ms.,
2312 5273 2569 5328 ircanum
2590 5276 2934 5342 tigrinumve.

2094 5344 2112 5379 ί
2152 5348 2248 5399 Ms.
2263 5388 2276 5413 ,
2312 5345 2570 5399 nodociis.

2094 5429 2123 5470 ε
2164 5418 2283 5483 Ms.,
2319 5416 2652 5470 exucranda.

2094 5488 2121 5527 ¹ι
2160 5488 2218 5540 Id
2245 5492 2331 5540 est
2357 5488 2803 5541 Pentate'ichon.
