4098 6180
362 231 390 282 i
404 233 417 283 l
431 232 462 282 9
1731 224 1979 280 ALVARI
2018 222 2501 280 CORDUBENSIS

3754 224 3861 277 420

368 375 533 426 nans;
563 358 826 412 homines
880 372 995 410 non
1045 358 1303 409 recusat:
1336 359 1392 409 et
1448 358 1604 408 estne
1643 355 1851 426 aliquis
1897 359 2053 409 tanta
2092 358 2138 409 A
2170 362 2339 420 verte,
2374 359 2457 411 vel
2502 357 2870 427 blasphemiae
2920 357 3083 412 nobis
3133 372 3470 427 responsum
3513 357 3700 411 redde.
3749 358 3864 411 Erit

366 448 495 501 tabe
530 448 760 500 inflatus
826 444 1127 515 superbiaz,
1190 444 1289 513 qui
1329 459 1599 497 conservo
1660 461 1762 496 suo
1814 449 2062 515 nequeat

364 538 667 589 verbaliter
694 544 717 568 ⁸
762 534 1105 603 respondere
1130 535 1159 586 ‘?
1214 534 1271 587 Si
1323 534 1379 585 in
1416 536 1607 604 aliquo
1654 534 1969 587 otfensione
2001 550 2059 587 es

366 641 582 695 passus,
607 640 708 675 cur
725 638 826 675 nec
841 623 1027 692 ipsum
1043 621 1421 691 epistolariter
1435 638 1492 675 es
1508 629 1838 690 prosecutus
1858 624 1887 675 ‘?
1912 623 2062 675 Nun-

365 712 501 781 quid
533 712 687 764 deest
718 710 820 763 tibi
846 710 1137 763 rhetorum
1162 709 1339 761 faceta
1360 710 1643 774 facundia,
1687 716 1784 761 aut
1813 710 2060 763 dialecti-

364 815 557 853 corum
573 815 746 869 quam
762 815 866 867 ego
883 798 1015 850 novi
1029 797 1251 866 spineta
1271 802 1529 850 contorta
1550 800 1577 850 ‘?
1600 798 1701 850 Ubi
1725 802 1808 850 est
1828 798 2057 849 lihequ

362 888 501 940 illud
534 888 829 955 ingenium
857 886 1019 956 quasi
1049 892 1238 939 tecum
1290 886 1658 953 congenitum
1693 886 2009 939 litterarum
2033 888 2062 939 ?

363 975 704 1029 Exciderunt
744 976 845 1028 tibi
877 975 1352 1043 philosophorum
1390 980 1694 1044 praecepta,
1727 980 1782 1026 et
1807 992 1836 1027 a
1867 981 2061 1027 mente

363 1065 556 1135 elapsa
586 1070 667 1117 est
694 1069 775 1117 tot
814 1069 1087 1133 tantaque
1119 1064 1324 1116 artium
1383 1080 1509 1134 quze
1540 1070 1593 1117 te
1628 1064 1868 1117 excoluit
1900 1064 2061 1117 disci-

363 1154 543 1223 plina,
575 1158 640 1204 ut
680 1168 781 1205 nec
822 1152 1000 1203 iratus
1030 1151 1176 1204 forte
1202 1153 1390 1205 valeas
1422 1157 1757 1221 conceptum
1793 1152 2058 1206 intrinse-

363 1258 460 1295 cus
514 1241 759 1309 levigare
816 1241 1121 1293 furorem?
1176 1243 1287 1293 Aut
1351 1240 1614 1293 manibus
1670 1244 1769 1293 aut
1821 1240 2059 1310 pedibus

362 1329 860 1383 contradicendum
888 1335 975 1380 est
1004 1328 1259 1380 inimico.
1294 1329 1349 1382 Si
1381 1333 1443 1381 ut
1483 1330 1729 1381 amicum
1780 1345 1870 1382 me
1899 1330 2057 1397 colis,

364 1419 511 1472 mala
545 1435 712 1470 aurea
746 1420 769 1459 ιι
816 1418 998 1470 mitte.
1034 1418 1089 1471 Si
1142 1417 1528 1469 adversarium
1580 1418 1807 1486 probas,
1866 1419 2057 1471 stricto

362 1524 453 1561 me
489 1514 615 1577 pete
648 1522 939 1559 mucrone.
984 1506 1126 1560 Nam
1170 1522 1295 1557 eccc
1339 1506 1443 1558 tibi
1476 1522 1647 1558 manu
1681 1507 1811 1559 forti
1844 1514 1897 1558 et
1927 1508 2056 1559 totis

362 1597 576 1649 viribus
620 1600 852 1647 contum
914 1595 1106 1661 intigo.
1154 1598 1264 1647 Aut
1320 1594 1374 1646 in
1430 1594 1759 1646 defensione
1800 1611 2058 1665 prwpara

363 1685 645 1754 clypeum,
682 1689 777 1735 aut
808 1683 975 1735 terris
1019 1684 1343 1735 membrum
1380 1682 1560 1751 deiice
1597 1684 1957 1736 semivivum.
1996 1685 2059 1737 Et

362 1774 439 1826 sic
470 1778 567 1826 aut
597 1779 826 1842 captum
861 1772 1096 1825 medicis
1128 1771 1271 1823 dabo
1302 1772 1641 1838 curandum,
1672 1778 1770 1823 aut
1799 1772 2055 1825 functum

360 1862 552 1915 telluri
585 1862 821 1913 reddam
855 1860 1233 1912 humandum.
1280 1860 1439 1923 Quod
1476 1860 1520 1911 si
1561 1876 1662 1912 nec
1694 1860 1792 1912 tali
1824 1862 2056 1914 vulnere

361 1950 582 2003 saucius
616 1964 1017 2018 expergescere
1051 1948 1317 2012 volueris,
1354 1953 1407 1998 et
1428 1948 1853 2018 Pithagoricum
1894 1949 2057 2002 silen-

359 2038 504 2092 tium
531 2038 777 2106 amplius
818 2035 1092 2100 tenueris,
1150 2051 1253 2088 nec
1304 2051 1334 2087 a
1366 2041 1550 2104 coepto
1600 2037 1892 2105 proposito
1919 2047 1938 2070 ο
1975 2054 2057 2089 re-

360 2126 562 2180 cedere
593 2124 862 2191 volueris,
910 2125 1032 2193 jam
1081 2129 1134 2177 te
1186 2124 1576 2177 insensibilcm
1626 2124 1808 2177 dicam
1852 2127 2054 2177 metal-

360 2216 503 2277 lum,
527 2214 625 2283 qui
668 2229 771 2265 nec
804 2213 1036 2265 vulnera
1069 2210 1260 2265 inﬁcta
1289 2208 1315 2246 ά
1348 2213 1543 2278 sentis,
1577 2228 1678 2264 nec
1712 2213 2056 2282 palpationis

361 2309 513 2356 tactu
544 2301 845 2355 mollescis.

430 2394 483 2444 2.
535 2391 804 2445 Reddunt
855 2394 1154 2442 montuosa
1205 2390 1436 2442 vallium
1487 2405 1751 2455 concava,
1803 2396 1856 2443 et
1896 2406 2055 2443 saxo-

360 2494 490 2532 rum
522 2484 710 2531 erecta
731 2477 1055 2547 pinnacula,
1094 2493 1289 2529 vocem
1326 2477 1383 2529 in
1418 2493 1473 2529 se
1506 2480 1762 2530 tlexuoso
1796 2478 2055 2547 margine

362 2566 555 2631 missa,
599 2571 655 2619 et
688 2567 809 2618 sine
861 2572 1048 2618 mente
1079 2581 1154 2618 aes
1204 2565 1458 2617 tinniens
1489 2573 1509 2598 °
1537 2567 1632 2619 dat
1662 2567 1871 2619 mirum
1903 2566 2053 2619 auri-

362 2655 468 2707 bus
520 2653 852 2707 delectabile
912 2669 1155 2706 sonum:
1206 2654 1284 2705 sic
1346 2654 1513 2707 inlisa
1560 2654 1856 2708 arboribus
1905 2654 2055 2707 ascia

362 2744 459 2797 dat
488 2758 681 2795 vocem
724 2743 953 2812 qualem
1014 2743 1095 2795 illi
1149 2742 1305 2796 dedit
1356 2748 1583 2808 natura,
1619 2749 1675 2796 et
1711 2744 2054 2813 plerumque

361 2830 609 2883 calculus
669 2830 868 2882 inlisus
920 2829 1093 2899 lapidi
1153 2846 1282 2882 cum
1318 2829 1450 2898 igne
1506 2830 1681 2882 mittit
1720 2831 2051 2883 clamorem.

363 2919 627 2989 Nihilque
661 2924 917 2972 creatum
963 2920 1195 2985 exstitit,
1246 2919 1397 2989 quod
1424 2920 1588 2987 juxta
1628 2918 1735 2970 sibi
1779 2918 2052 2971 traditum

360 3007 638 3072 ordinem,
702 3009 880 3061 Deum
940 3022 1052 3059 non
1104 3023 1204 3059 sua
1268 3006 1665 3076 prosecutione
1727 3005 2050 3059 conlaudet.

360 3098 613 3151 Garrulee
645 3096 937 3150 dulciticos
982 3100 1244 3165 pangunt
1274 3102 1505 3166 gutture
1555 3096 1750 3149 melos.
1801 3094 2054 3158 Quadru-

359 3186 532 3255 pedes
567 3186 709 3238 rictu
743 3201 844 3237 suo
892 3186 1226 3255 barrituque
1282 3184 1517 3251 infirmi,
1569 3189 1625 3238 et
1676 3184 1939 3238 distincte
1990 3200 2053 3238 ac

357 3273 511 3326 varie
535 3273 817 3343 lingosum
842 3273 1095 3342 palatum
1120 3272 1443 3343 infringunt
1473 3273 1767 3343 eloquium
1794 3288 1806 3325 :
1837 3278 1893 3325 et
1926 3273 2055 3326 licet

361 3378 473 3415 non
509 3362 933 3431 intelligibilem
970 3361 1155 3421 nobis,
1199 3362 1306 3414 sibi
1330 3367 1521 3414 tamen
1552 3367 1887 3414 consuetum
1922 3362 2052 3413 red-

360 3451 504 3503 dunt
534 3450 807 3503 ofﬁcium.
844 3449 1023 3503 Habet
1044 3453 1101 3501 et
1124 3465 1225 3502 sua
1248 3449 1411 3502 sibila
1439 3465 1691 3517 serpens,
1736 3454 1791 3503 et
1823 3454 2054 3517 reptans

359 3538 416 3591 in
448 3538 674 3607 gurgite
735 3537 900 3607 piscis
935 3537 1247 3601 stridendo,
1296 3552 1529 3607 aequora
1567 3542 1737 3591 secat.
1800 3538 2055 3590 Murmur

363 3626 562 3679 undosi
595 3626 768 3677 maris
797 3640 901 3694 per
928 3632 1129 3694 stagna
1161 3625 1760 3695 salluusiter-Lridendo
1801 3641 2052 3693 congau-

361 3712 491 3765 det:
525 3716 580 3764 et
606 3711 684 3764 nil
710 3711 768 3763 in
799 3712 1015 3765 mundo
1046 3717 1298 3764 creatum
1331 3712 1506 3777 venit,
1555 3711 1711 3781 quod
1745 3728 1862 3765 non
1894 3716 2053 3763 motu

361 3816 462 3854 suo
497 3800 781 3865 allectum,
811 3805 871 3853 ut
900 3798 983 3853 illi
1036 3800 1300 3853 sortitum
1348 3805 1451 3865 est,
1501 3799 1789 3866 qualitatis
1820 3798 2049 3852 enodet.

359 3889 519 3944 Solus
568 3894 629 3943 tu
681 3889 947 3943 inventus
982 3905 1040 3942 es
1098 3888 1158 3941 in
1213 3889 1366 3941 omni
1419 3888 1554 3941 orbe
1588 3886 1949 3941 rationabilis
2000 3890 2056 3940 et

358 3978 596 4032 immitis
622 3994 634 4032 :
655 3978 753 4048 qui
783 3993 886 4031 nec
907 3993 1034 4030 cum
1066 3976 1504 4031 rationabilibus
1526 3976 1909 4029 sententiatim
1934 3990 2056 4028 ver-

360 4068 431 4121 ba
471 4068 772 4138 producis;
808 4082 910 4119 nec
942 4082 1072 4119 cum
1112 4066 1333 4118 ratione
1360 4064 1685 4118 carentibus
1718 4064 2053 4133 mugitando

358 4171 497 4209 sono
536 4154 766 4219 inlidis;
804 4170 906 4207 nec
934 4169 1064 4207 cum
1094 4153 1521 4206 insensibilibus
1562 4152 1861 4206 sentiendo
1908 4152 2052 4208 leni-

2173 446 2311 498 mihi
2359 447 2575 516 grande
2624 447 2912 511 solatium,
2965 447 3009 499 si
3058 446 3139 499 vel
3175 446 3305 499 irati
3356 445 3533 498 animi
3574 446 3862 499 redditum

2170 533 2341 587 fuerit
2372 534 2727 604 rescriptum.
2752 535 2895 604 Opto
2926 551 3028 604 per
3057 540 3112 588 te
3140 535 3403 588 decorem
3436 534 3638 587 domus
3661 541 3861 587 vestrae

2170 624 2437 687 salutare,
2472 630 2524 676 et
2571 624 3039 692 glossomitarnm
3085 624 3271 689 illum,
3328 624 3412 676 vel
3450 621 3863 692 eprimeridesf

2170 711 2415 765 directos
2464 712 2692 765 habere.
2753 714 2976 766 Patrem
3024 717 3282 765 nostrum
3333 728 3699 765 communem
3759 712 3860 765 do-

2172 816 2327 853 mum
2370 814 2398 853 s
2425 802 2701 854 Joannem
2745 802 2976 856 salutari
3016 807 3302 870 exspecto,
3345 817 3689 871 omnemque
3721 816 3860 870 cog-

2168 889 2461 943 nationem
2489 895 2739 944 nostram
2772 892 2799 932 h
2827 890 2944 943 vice
2968 894 3160 943 nostra
3192 890 3465 943 osculato.

2241 1133 2435 1170 INCIPIT
2464 1134 2711 1171 EPISTOLA
2739 1133 2961 1171 JOANNIS
3001 1133 3281 1170 SPALENSIS
3324 1133 3535 1170 ALV’ARO
3566 1132 3786 1169 DIRECTA

2240 1240 2469 1293 Aurelio
2526 1240 2736 1305 Flavio,
2770 1245 2997 1295 ALVARO
3048 1240 3388 1309 inlustrique
3434 1240 3576 1305 viro,
3634 1239 3864 1293 minimi

2167 1329 2397 1381 JOANNIS
2429 1330 2745 1398 suggessio.

2244 1420 2289 1469 l.
2326 1417 2368 1470 Ο
2403 1434 2606 1485 magne
2638 1418 2888 1483 domine,
2933 1424 2989 1471 et
3032 1418 3375 1489 sapientium
3427 1418 3739 1470 multorum
3776 1433 3868 1469 sa-

2169 1505 2545 1573 pientissime,
2600 1522 2722 1558 sera
2776 1514 2859 1559 es'.
2908 1506 3225 1577 responsio,
3262 1512 3316 1558 et
3360 1506 3515 1557 tarde
3548 1504 3683 1557 mihi
3716 1521 3865 1557 con-

2096 1610 2323 1689 Bcessa
2383 1595 2728 1647 rescribendi
2780 1596 2960 1664 optio,
3030 1596 3164 1665 quia
3224 1594 3507 1663 ipiaculis
3575 1594 3716 1645 meis
3774 1593 3866 1645 in-

2170 1683 2509 1750 gruentibus
2570 1683 2880 1736 insurrexit
2931 1683 3183 1737 afﬂictio.
3248 1683 3405 1735 Nunc
3459 1688 3670 1744 autem,
3720 1687 3775 1733 et
3816 1681 3866 1733 si

2167 1776 2394 1823 centum
2428 1772 2693 1835 tristitiis,
2729 1777 2956 1825 centum
2990 1772 3141 1825 curis
3181 1772 3423 1835 attritus,
3471 1776 3600 1839 post
3627 1771 3863 1839 longum

2167 1858 2307 1911 serie
2336 1864 2559 1929 tempus
2589 1860 2740 1913 velut
2770 1860 2841 1914 ab
2882 1860 3190 1929 improviso
3221 1859 3460 1929 soporis,
3503 1863 3566 1911 ut
3596 1858 3672 1910 ita
3698 1858 3861 1911 dixe-

2167 1947 2295 2013 rim,
2332 1948 2638 2015 gravedine
2690 1950 3012 2013 suscitatus,
3059 1948 3383 2018 dependere
3414 1948 3670 2000 desidero
3701 1948 3863 2000 salu-

2165 2036 2399 2089 tationis
2440 2035 2803 2106 obsequium,
2856 2042 2909 2089 et
2939 2037 3126 2089 cordis
3160 2042 3214 2089 et
3245 2037 3495 2106 corporis
3526 2036 3866 2089 humiliatus

2167 2140 2501 2177 assensum:
2564 2125 2884 2194 imprecans
2954 2126 3317 2178 serenitatem
3378 2130 3490 2178 tuae
3546 2124 3865 2177 dulcedinis

2167 2213 2529 2281 sapientiam,
2571 2219 2633 2266 ut
2683 2214 3030 2283 peculiarem
3074 2213 3344 2277 amicum,
3394 2228 3564 2282 quem
3628 2228 3738 2265 non
3794 2228 3865 2264 ex

2167 2302 2429 2370 dapibus,
2459 2318 2643 2371 neque
2676 2318 2740 2355 ex
2772 2303 3182 2372 temporalibus
3239 2303 3408 2355 rebus
3459 2300 3703 2354 habuisti
3758 2316 3862 2352 sn-

2165 2396 2421 2459 sceptum
2478 2406 2913 2461 usquequaque,
2962 2397 3017 2443 et
3071 2407 3249 2460 usque
3310 2390 3368 2444 in
3428 2390 3600 2443 linem
3651 2390 3865 2442 habere

2161 2478 2360 2547 jubeas
2392 2480 2876 2532 commendatum.
2914 2481 3052 2533 Nam
3088 2496 3193 2548 ego
3243 2478 3369 2549 (scit
3408 2479 3501 2531 ille
3549 2478 3647 2548 qui
3677 2477 3865 2530 cordis

2168 2568 2279 2619 mei
2333 2583 2540 2620 arcana
2591 2568 2901 2636 cognoscit,
2936 2573 2992 2621 et
3038 2573 3241 2621 cunt-ta
3292 2567 3449 2637 prius
3489 2582 3661 2636 quam
3719 2567 3867 2618 tiant

2163 2655 2357 2721 novit),
2408 2657 2565 2725 gravi
2598 2657 2792 2709 dolore
2841 2657 3172 2721 discrucior,
3206 2656 3357 2727 quod
3406 2656 3678 2709 demenso
3720 2661 3866 2707 tem-

2162 2760 2301 2813 pore
2332 2748 2448 2797 tam
2483 2746 2723 2813 prolixo,
2759 2746 2844 2799 vel
2897 2746 3069 2799 modo
3122 2762 3235 2798 non
3271 2761 3493 2797 mereor
3536 2744 3730 2796 videre
3763 2758 3864 2796 ve-

2165 2836 2343 2885 strum
2369 2833 2693 2901 jucundum
2724 2838 2781 2886 et
2830 2832 3224 2886 delectabilem
3256 2833 3500 2896 vultum,
3557 2834 3622 2883 ut
3669 2830 3862 2883 vobis-

2166 2938 2292 2975 cum
2329 2923 2542 2993 pariter
2572 2939 2776 2975 arcana
2808 2922 2923 2975 mei
2954 2920 3138 2974 cordis
3182 2921 3541 2985 trutinarem,
3585 2924 3643 2972 et
3671 2919 3861 2971 tristi-

2166 3010 2272 3062 tias
2301 3011 2411 3063 alte
2461 3009 2718 3062 conditas
2777 3024 2839 3061 ex
2898 3006 3098 3062 vestris
3148 3007 3440 3060 mellitluis
3485 3004 3751 3058 all‘atibus
3804 3006 3864 3057 in

2164 3098 2419 3150 laetitiam
2451 3101 2861 3151 converterem.
2905 3098 3041 3149 Nam
3068 3112 3195 3166 ego,
3232 3094 3489 3149 Christus
3517 3092 3694 3156 novit,
3730 3097 3865 3145 ante

2165 3192 2379 3256 septem
2412 3186 2787 3239 hebdomadas
2818 3183 3091 3237 monades
3120 3202 3133 3244 ί
3165 3182 3454 3237 serenitati
3497 3186 3700 3235 vestrae
3744 3181 3862 3233 dis-

2163 3290 2463 3345 posueram
2509 3274 2838 3339 rescribere,
2891 3274 2937 3325 si
2988 3272 3446 3325 circumvallatus
3485 3268 3863 3323 multitudine

2162 3364 2375 3433 peccati
2404 3378 2517 3415 non
2557 3363 2812 3423 fuissem,
2846 3367 2900 3413 et
2951 3360 3344 3431 squalidarnm
3396 3359 3859 3428 negotiationum

2164 3467 2255 3504 me
2286 3451 2472 3520 ipsum
2510 3466 2625 3503 non
2652 3448 3070 3519 propinassem.
3107 3446 3212 3501 Sed
3248 3452 3299 3500 et
3328 3446 3465 3499 alias
3498 3445 3723 3498 nullum
3777 3450 3861 3497 ta-

2163 3539 2275 3591 lem
2293 3538 2631 3607 portitorem
2654 3537 2885 3607 nequivi
2912 3536 3167 3589 invenire
3193 3552 3205 3599 ;
3232 3551 3336 3605 per
3359 3549 3529 3605 quem
3556 3533 3865 3587 confestim

2166 3627 2361 3697 gloriae
2396 3631 2597 3680 vestrm
2630 3625 2917 3697 potuerim
2952 3625 3289 3679 describere.

2234 3717 2284 3767 2.
2328 3716 2623 3768 Postremo
2662 3714 2886 3767 volente
2919 3729 3009 3766 me
3047 3712 3287 3765 minimo
3317 3711 3646 3764 subvectum
3700 3708 3866 3761 navi-

2165 3802 2280 3873 gio,
2325 3802 2620 3872 tranquilli
2678 3800 2885 3855 littoris
2938 3800 3281 3869 instringere
3312 3801 3357 3861 k,
3414 3804 3469 3851 et
3521 3798 3711 3867 parvis
3744 3792 3758 3828 ¹
3796 3798 3867 3851 de

2166 3891 2497 3944 Latinorum
2523 3890 2738 3958 stagnis
2774 3890 3071 3959 pisciculos
3119 3889 3323 3957 legere,
3351 3887 3410 3938 in
3446 3886 3647 3950 altum,
3680 3884 3865 3937 subli-

2165 3979 2419 4034 missime
2452 3978 2703 4044 domine,
2738 3978 2925 4031 laxare
2954 3977 3077 4029 vela
3111 3974 3425 4045 compellis,
3455 3974 3653 4027 relicto
3685 3989 3866 4043 opere

2164 4066 2319 4136 quod
2373 4066 2613 4119 minimo
2644 4066 2702 4119 in
2758 4082 2862 4118 usu
2896 4064 3201 4129 habebam,
3237 4069 3301 4116 ut
3334 4063 3535 4115 suades
3568 4061 3636 4114 de
3688 4060 3868 4113 rebus

2164 4154 2387 4224 magnis
2419 4154 2835 4223 antistropham
2865 4162 2903 4188 ω
2934 4152 3196 4215 facerem,
3234 4152 3291 4203 in
3323 4150 3532 4221 quibus
3559 4165 3687 4219 ego,
3723 4148 3867 4202 dum

360 4244 456 4297 ris.
493 4243 649 4297 Unde
672 4242 807 4311 quia
836 4242 1131 4311 hucusque
1164 4240 1531 4295 dilectionem
1566 4239 1797 4294 noluisti
1828 4240 2052 4310 scriptis
2092 4262 2135 4317 ι)
2166 4248 2408 4296 sectator
2438 4242 2520 4295 tui
2559 4243 2719 4296 fuero
2750 4258 2945 4296 sensus
2975 4256 3023 4307 ιι,
3068 4241 3126 4294 in
3169 4245 3284 4293 tam
3317 4238 3666 4310 profundum
3708 4239 3870 4307 pela-

360 4331 573 4395 fovere,
609 4330 737 4383 data
780 4329 884 4382 tibi
940 4335 1024 4382 est
1050 4329 1291 4382 materia
1322 4328 1636 4393 dissuendi,
1666 4328 1709 4381 si
1757 4330 1844 4383 vel
1873 4330 2052 4382 iratus

361 4418 632 4471 malueris
664 4434 769 4470 nos
802 4422 1003 4471 contra
1032 4422 1249 4474 tonare.

432 4511 483 4561 3.
532 4507 668 4569 Quae
727 4507 918 4560 animo
967 4507 1239 4561 charitate
1291 4509 1465 4577 pleno
1524 4507 1852 4578 conscripsi,
1906 4512 1959 4560 et
1993 4506 2053 4561 in

361 4597 569 4665 quibus
597 4596 912 4650 territando
944 4597 1094 4649 visus
1148 4613 1275 4649 sum
1335 4604 1523 4651 tecum
1574 4597 1792 4665 jocare,
1854 4596 2051 4667 procul

361 4685 646 4755 longeque
679 4686 904 4754 rejecta,
941 4685 1011 4739 ad
1047 4685 1380 4739 charitatem
1423 4685 1717 4756 antiquam
1746 4700 1884 4755 rogo
1912 4701 2046 4739 con-

431 4820 453 4843 “
494 4810 616 4876 Ms.,
654 4810 818 4865 Verbi
846 4812 1025 4864 aliter.

430 4884 456 4923 Ι)
496 4882 615 4947 Ms.,
643 4883 813 4934 matus
843 4896 1057 4934 aureas.

430 4962 449 4986 ε
489 4952 608 5016 Ms.,
642 4957 855 5019 accepto
873 4954 1165 5020 proposito.

430 5025 456 5065 ἀ
498 5024 691 5075 Melius
722 5022 913 5075 forsan
948 5023 1179 5081 inflicta.

431 5104 451 5127 "
495 5096 614 5159 Ms,
652 5097 959 5147 estinm'ens.

432 5165 443 5198 ί
489 5166 565 5217 Ex
595 5166 899 5234 postremis
920 5163 1177 5233 epistola:
1208 5162 1607 5234 subsequentis
1637 5161 1821 5214 verbis
1847 5162 2048 5232 legen-

361 5235 498 5289 dum
544 5233 924 5301 gt’ussematam
983 5240 1039 5285 et
1078 5234 1459 5302 ephemeridas.
1505 5233 1619 5287 Sub
1666 5248 1801 5286 voce
1858 5241 2053 5287 autem

362 5308 537 5370 illum,
572 5307 783 5359 librum
811 5305 1085 5374 intellige,
1118 5322 1218 5357 seu
1249 5304 1469 5357 bibtum.

437 5389 467 5429 ι’
512 5377 633 5440 Ms,
656 5392 925 5430 commune
954 5376 1170 5428 domun.

435 5448 463 5549 ξι
490 5445 621 5569 £13.,
650 5450 897 5515 omnique
933 5448 1242 5501 coanationi
1267 5450 1482 5499 nostrae.

543 5530 615 5569 ε..
646 5532 765 5569 aue.

543 5530 615 5582 3.,
646 5532 765 5585 que.

2166 4347 2272 4402 gus
2333 4330 2584 4394 auferor,
2634 4336 2699 4383 ut
2751 4334 2934 4383 metus
2982 4330 3186 4399 ingens
3218 4328 3291 4381 sit
3334 4328 3468 4381 illuc
3507 4326 3761 4397 ingredi,
3795 4343 3869 4380 ne

2163 4419 2563 4489 magnitudine
2588 4434 2803 4486 rerum,
2836 4418 3193 4471 immanitate
3224 4417 3517 4487 opprimar
3548 4415 3867 4468 undarum.

2163 4510 2305 4563 Tum
2337 4508 2543 4562 deinde
2586 4523 2689 4561 nec
2718 4506 2859 4560 illud
2886 4506 3148 4571 intueris,
3182 4505 3337 4576 quod
3383 4504 3573 4558 tenuis
3605 4504 3753 4557 mihi
3786 4509 3871 4557 est

2164 4596 2394 4667 spiritus
2424 4596 2496 4649 ad
2527 4596 2879 4666 implendam
2912 4600 3070 4649 tuam
3106 4594 3464 4664 magniﬁcam
3500 4592 3727 4645 dicendi
3776 4597 3868 4645 tu-

2167 4685 2317 4739 bam.
2365 4684 2470 4738 Sed
2521 4700 2637 4737 non
2687 4688 2772 4737 est
2814 4682 2927 4736 mei
2977 4682 3232 4736 dictandi
3283 4680 3524 4749 ingenii,
3577 4680 3669 4733 sed
3702 4684 3773 4732 ut
3809 4684 3872 4732 tu

2232 4809 2403 4874 st.,
2444 4806 2735 4862 ebdomade
2789 4806 3121 4861 monomade.
3175 4807 3237 4859 Ι).
3292 4806 3537 4859 Thomas
3584 4802 3867 4869 Tamaio;

2163 4882 2340 4949 p.21l
2370 4880 2430 4931 in
2458 4880 2698 4948 Luitpr.,
2729 4878 2868 4931 citat
2897 4877 3137 4931 hebdade
3178 4876 3508 4949 monomade.
3560 4875 3679 4943 Ego
3708 4880 3778 4927 ut
3809 4875 3873 4927 in

2163 4956 2315 5002 textu
2353 4951 2571 5002 restitui
2625 4950 2935 5018 legendum
2982 4964 3223 5002 censeo:
3260 4948 3313 5000 id
3364 4954 3449 4999 est
3478 4951 3608 4998 ante
3640 4951 3871 5014 septem

2163 5020 2593 5073 hebdomadum
2628 5020 3025 5073 unitateszdiu
3068 5019 3221 5071 enim
3256 5018 3428 5070 fuisse
3476 5018 3871 5086 procrastina-

2162 5096 2286 5144 tum
2323 5092 2683 5161 rescriptum,
2704 5096 2759 5144 et
2791 5091 3047 5159 epistolae
3079 5088 3425 5161 praecedenti
3450 5092 3871 5155 argumentum

2164 5166 2221 5215 et
2250 5163 2341 5215 hic
2381 5162 2439 5215 in
2467 5159 2723 5215 medium
2755 5162 2937 5214 allatae
2960 5159 3144 5214 causa:
3186 5160 3321 5213 satis
3345 5159 3630 5212 evincunt.

2236 5235 2261 5275 ιι
2298 5236 2386 5286 An
2406 5249 2554 5287 mare
2579 5234 2884 5299 attingere?

2236 5299 2247 5333 '
2287 5304 2482 5356 Melius
2511 5318 2730 5372 parvos.

2237 5382 2274 5406 ιιι
2316 5374 2376 5426 Id
2405 5381 2490 5426 est
2512 5374 2856 5443 reciprocam
2886 5372 3343 5427 conversionem.

2236 5458 2259 5484 η
2302 5444 2423 5511 Ms.,
2456 5459 2688 5511 sensum,
2722 5450 2777 5498 et
2802 5445 3081 5513 pelagum.
