4086 6182
216 226 309 278 421
1777 223 2124 282 ΕΡΙδΤΟιᾸΞ
2137 266 2152 282 .

3617 242 3720 297 422

212 363 416 428 credis,
451 362 546 431 qui
577 361 698 414 11ωο
722 361 924 430 exigis,
962 359 1216 413 muneris
1247 360 1481 413 fortasse
1514 361 1708 414 divini.
1767 362 1908 413 Pro-
1947 365 1989 417 A
2023 363 2244 416 rabolas
2293 370 2349 416 et
2405 365 2707 420 obscurum
2752 384 3103 437 sermonem,
3151 370 3300 426 dicta
3347 374 3718 445 sapientium,

212 457 340 521 pter
370 451 522 521 quod
556 450 926 519 deprecantes
952 449 1112 519 prius
1148 450 1324 502 Deum
1349 452 1445 517 qui
1469 449 1619 503 docet
1645 451 1908 503 hominem

209 542 510 600 scientiam,
567 544 617 591 et
672 542 767 606 qui
820 538 918 591 dat
993 538 1264 606 Spiritum
1335 539 1554 590 verbum
1625 540 1909 607 sapientia

209 628 375 695 (Psal.
427 630 600 691 xcm),
644 628 742 695 qui
788 627 1082 679 inluminat
1130 641 1334 678 omnem
1378 625 1642 678 hominem
1688 629 1906 679 venien-

209 722 308 770 tem
351 718 412 769 in
449 717 589 768 hunc
623 714 883 768 mundum
921 714 1098 782 (Joan.
1133 719 1188 778 1),
1228 720 1290 765 ut
1322 712 1528 782 dignos
1579 730 1679 767 nos
1725 715 1907 768 facere

204 804 473 872 dignetur
521 818 649 872 quae
697 801 869 871 digna
897 806 1031 853 sunt
1063 800 1394 865 rescribere,
1442 805 1498 853 et
1544 816 1673 870 qua:
1735 801 1910 856 dubie.

203 898 334 944 sunt
365 890 642 960 effugere.

272 983 324 1033 3.
377 985 456 1032 Ac
487 979 740 1048 primum
787 979 856 1031 de
886 992 954 1031 eo
985 977 1139 1047 quod
1189 976 1476 1043 notuistis,
1547 978 1909 1032 beatissimos

202 1069 255 1119 et
296 1068 642 1136 apostolicos
684 1066 834 1118 viros
883 1081 999 1118 non
1047 1065 1352 1118 verborum
1395 1067 1909 1134 compositionibus

203 1155 516 1220 deservire,
538 1159 1036 1224 nequeperartem
1066 1153 1400 1207 ILliberalem
1433 1155 1656 1220 Donati,
1685 1157 1783 1209 sed
1809 1171 1910 1225 per

200 1243 626 1312 simplicitatem
657 1259 884 1296 currere
911 1241 1118 1296 Christi
1145 1258 1156 1294 :
1200 1243 1334 1311 quid
1367 1243 1500 1297 inde
1539 1245 1738 1297 beatus
1784 1245 1909 1298 Hie-

206 1348 483 1401 ronymus
515 1332 760 1386 senserit
797 1330 1311 1384 animadvertimus
1343 1348 1354 1384 :
1407 1347 1540 1385 nam
1584 1332 1652 1386 de
1684 1349 1798 1403 quo
1830 1334 1909 1388 ait

203 1423 564 1490 Apostolus:
620 1423 740 1474 Etsi
793 1420 1077 1488 imperitus
1119 1433 1380 1485 sermone,
1426 1421 1519 1473 sed
1576 1436 1683 1474 non
1736 1425 1906 1476 scien-

205 1512 282 1561 tia
313 1510 396 1573 (II
430 1512 562 1562 Cor.
600 1513 705 1574 Il);
742 1524 854 1561 non
901 1524 1126 1578 semper
1150 1507 1449 1578 imperitus
1503 1509 1626 1563 fuit.
1687 1512 1906 1564 Etenim

203 1613 330 1649 cum
372 1598 651 1667 primam,
697 1603 758 1650 ut
789 1597 1150 1650 beatissimus
1197 1598 1573 1668 Hieronymus
1614 1599 1804 1665 refert,
1835 1600 1906 1653 ad

205 1687 534 1740 Corinthios
568 1687 836 1738 scriberet
871 1685 1213 1755 Epistulam:
1249 1693 1370 1738 erat
1399 1687 1632 1756 quidem
1676 1689 1734 1740 in
1787 1705 1908 1741 ma-

203 1775 328 1844 gnis
366 1775 744 1844 profectibus,
779 1774 995 1844 aliquid
1028 1779 1217 1827 tamen
1251 1774 1318 1827 de
1351 1792 1407 1828 se
1436 1777 1588 1829 velut
1626 1778 1908 1830 nutabun-

204 1865 306 1916 dus
337 1865 655 1934 eloquitur,
703 1879 832 1917 cuni
886 1863 1060 1916 dicit:
1111 1864 1317 1916 Maccro
1368 1878 1560 1931 corpus
1610 1879 1802 1930 meum,
1858 1869 1906 1916 et

203 1956 459 2006 servituti
487 1954 740 2020 subjicio,
783 1967 846 2005 ne
877 1953 1021 2018 forte
1046 1967 1163 2004 cum
1187 1952 1313 2004 aliis
1343 1952 1760 2019 przedicaverim
1792 1955 1908 2021 ipse

203 2043 464 2112 reprobus
487 2043 738 2096 inveniar
769 2041 821 2109 (1
861 2042 982 2096 Cor.
1010 2039 1105 2110 ix).
1139 2039 1245 2093 Sed
1295 2047 1350 2092 et
1393 2042 1460 2094 ad
1513 2042 1906 2112 Philippenses

205 2131 483 2194 scribens,
519 2130 794 2200 quiddam
827 2129 887 2182 in
910 2146 968 2182 se
994 2131 1180 2181 minus
1205 2129 1386 2182 adhuc
1417 2146 1534 2182 esse
1556 2131 1708 2183 illius
1733 2147 1905 2201 quam

205 2225 397 2288 postea
460 2223 751 2271 assecutus
784 2221 868 2270 est
906 2215 1287 2286 perfectionis,
1330 2218 1596 2283 ostendit,
1643 2235 1772 2271 cum
1821 2219 1904 2272 di-

204 2311 276 2363 cit
316 2327 328 2364 :
363 2311 720 2376 Conformari
747 2324 801 2362 se
838 2311 1002 2361 morti
1042 2309 1265 2373 Christi,
1307 2311 1357 2362 si
1403 2324 1507 2376 quo
1536 2311 1692 2363 modo
1722 2326 1904 2364 occur-

202 2406 284 2452 rat
322 2402 381 2451 in
427 2400 872 2451 resurrectionem
917 2413 1034 2464 quae
1055 2403 1132 2451 est
1180 2413 1213 2449 a
1242 2400 1470 2451 mortuis
1518 2400 1746 2466 (Philip.
1798 2404 1900 2466 111).

204 2489 320 2541 Non
352 2488 515 2540 enim
545 2487 756 2540 diceret
784 2487 834 2539 si
864 2501 966 2552 quo
996 2485 1170 2552 modo,
1203 2485 1251 2537 si
1283 2487 1333 2538 ei
1356 2485 1478 2554 jam
1525 2493 1658 2540 tunc
1687 2504 1777 2540 res
1815 2489 1902 2540 in-

204 2577 469 2630 dubitata
497 2577 809 2628 videretur.
859 2574 966 2628 Sed
1009 2580 1064 2627 et
1113 2574 1172 2625 in
1218 2575 1702 2644 consequentibus
1749 2577 1902 2645 ejus-

204 2664 329 2717 dem
360 2663 637 2734 Epistolas
688 2663 807 2715 huic
840 2661 1039 2715 eadem
1072 2663 1096 2703 Ι)
1127 2662 1376 2714 ostendit
1408 2678 1536 2714 cum
1572 2663 1708 2715 dicit
1741 2679 1753 2716 :
1790 2666 1904 2718 Non

202 2753 342 2821 quod
379 2755 509 2820 jam
557 2757 862 2805 consecutus
907 2752 1030 2816 sim,
1082 2755 1178 2803 aut
1215 2752 1485 2817 perfectus
1527 2755 1632 2804 sim
1666 2766 1678 2804 :
1710 2767 1905 2819 sequor

202 2848 398 2904 autem,
445 2846 505 2893 ut
562 2838 1006 2907 comprehendam
1049 2841 1106 2891 in
1138 2846 1313 2906 quoet
1353 2840 1760 2907 comprehensus
1783 2855 1901 2893 sum

202 2946 232 2982 a
261 2931 501 2985 Christo.
537 2930 780 2994 Fratres,
812 2943 905 2995 ego
953 2943 1034 2980 me
1064 2929 1178 2996 ipse
1224 2927 1464 2981 nondum
1513 2928 1760 2982 arbitror
1805 2945 1905 2998 ap-

199 3018 552 3087 prehendisse
617 3017 798 3085 (lbid.,
868 3019 952 3080 12,
1012 3015 1116 3086 13).
1164 3015 1321 3080 Quod
1378 3017 1425 3069 si
1479 3017 1579 3086 qui
1631 3017 1906 3072 arbitrant

200 3124 299 3178 per
339 3107 735 3162 humilitatem
768 3105 1004 3170 dictum,
1043 3105 1272 3158 videant
1316 3105 1377 3158 in
1423 3107 1906 3175 consequentibus

204 3213 374 3268 quam
409 3205 432 3229 ε
461 3211 672 3265 magna
703 3196 770 3248 de
793 3193 1144 3263 profectibus
1172 3195 1289 3247 suis
1325 3201 1626 3260 memorat,
1651 3211 1780 3247 cum
1817 3195 1901 3248 di-

202 3287 316 3338 cit:
376 3286 559 3340 Unum
611 3288 804 3346 autem,
840 3288 890 3335 et
941 3282 1158 3349 quidem
1190 3299 1309 3351 qua:
1361 3288 1503 3336 rctro
1556 3288 1682 3336 sunt
1710 3283 1904 3336 oblivi-

201 3389 367 3442 scens,
398 3380 452 3427 et
495 3373 569 3425 ad
602 3389 663 3426 ea
694 3388 812 3440 quae
848 3373 907 3424 in
937 3377 1061 3424 ante
1107 3377 1232 3425 sunt
1261 3387 1342 3424 me
1371 3372 1681 3438 extendens,
1715 3388 1904 3426 secun-

204 3463 327 3516 dum
376 3465 723 3532 prepositum
751 3477 963 3529 sequor,
998 3459 1072 3512 ad
1117 3462 1359 3528 palmam
1397 3475 1642 3528 supernae
1671 3463 1903 3514 vocatio-

203 3553 282 3603 nis
317 3551 427 3602 Dei
476 3553 533 3601 in
563 3549 774 3604 Christo
813 3550 937 3600 Jesu
971 3547 1157 3615 (Ibid,
1211 3548 1294 3611 13,
1333 3547 1436 3616 14).
1488 3548 1554 3601 Et
1606 3553 1731 3617 post
1781 3549 1904 3602 hac

206 3639 376 3693 dicit:
418 3639 733 3705 Quicunque
777 3651 901 3703 ergo
947 3639 1179 3705 perfecti
1224 3651 1430 3701 sumus,
1482 3639 1575 3691 hoc
1606 3640 1903 3692 sentiamus

207 3729 403 3795 (Ibid,
441 3728 530 3793 15)
573 3743 584 3778 :
638 3727 698 3778 in
747 3741 862 3794 quo
911 3727 1162 3779 ostendit
1209 3725 1498 3794 duplicem
1545 3742 1665 3779 esse
1716 3727 1902 3796 perfe-

203 3813 450 3867 ctionem
483 3828 495 3865 :
532 3829 706 3865 unam
737 3829 865 3883 quae
898 3819 983 3866 est
1012 3812 1072 3866 in
1107 3814 1430 3882 expletione
1461 3812 1772 3879 virtutum;
1821 3831 1903 3866 se.-

158 3929 167 3940 -
203 3903 451 3955 condam
490 3917 664 3971 quam
698 3902 834 3955 dicit
864 3901 1020 3971 quod
1071 3901 1241 3954 etiam
1289 3901 1361 3954 sit
1391 3903 1695 3979 perfectus,
1752 3903 1904 3955 Nun-

200 3991 331 4060 quid
387 3997 448 4042 et
501 3991 682 4058 perita
727 4006 843 4042 non
874 3995 961 4042 est
1005 3991 1074 4044 de
1109 3990 1456 4045 virtutibus?
1488 3997 1543 4044 et
1592 3991 1720 4057 alia,
1770 4008 1901 4044 cum

203 4081 278 4134 ita
315 4081 450 4152 quis
499 4079 744 4148 prolicit,
783 4084 847 4132 ut
883 4079 1143 4133 decidere
1191 4095 1306 4132 non
1349 4080 1548 4149 possit.
1600 4081 1901 4144 Quomodo

205 4169 355 4222 enim
403 4183 516 4221 non
552 4183 654 4237 per
677 4173 856 4220 artem
889 4167 1184 4221 liberalem
1215 4169 1502 4238 sequenda
1555 4175 1688 4221 sunt
1732 4168 1902 4222 verba

202 4274 327 4311 cum
363 4259 566 4311 beatus
612 4257 990 4326 Hieronymus
1047 4257 1118 4310 ad
1167 4273 1444 4327 magnum
1497 4257 1793 4311 Oratorem
1821 4255 1901 4309 ita

202 4348 457 4400 scribens
489 4345 720 4400 dicatd:
760 4366 782 4393 ι
819 4345 954 4408 Quis
985 4346 1140 4398 enim
1172 4347 1384 4398 nesciat
1416 4351 1471 4398 et
1497 4346 1555 4398 in
1602 4346 1806 4414 Moyse,
1841 4361 1903 4398 ac

200 4435 618 4503 prOphetarum
674 4433 1082 4497 voluminibus,
1144 4433 1408 4504 quaedam
1467 4438 1761 4502 assumpta
1835 4434 1903 4488 de

204 4524 510 4594 gentilium
582 4522 785 4575 libris:
841 4527 896 4576 et
942 4522 1211 4596 Salomon
1263 4523 1621 4593 philosophis
1674 4523 1805 4593 Tyri
1851 4527 1906 4576 et

206 4612 573 4683 proposuisse
635 4613 910 4665 nonnulla
964 4617 1018 4666 et
1048 4613 1243 4683 aliqua
1296 4613 1700 4682 respondisse?
1747 4613 1904 4667 Unde

206 4707 260 4756 et
289 4704 350 4755 in
384 4699 621 4755 exordio
646 4701 1084 4755 Proverbiorum
1118 4707 1462 4768 commonet,
1499 4707 1561 4754 ut
1611 4701 1902 4771 intelliga-

207 4807 332 4845 mus
381 4806 676 4844 sermones
719 4790 1058 4860 prudentiaa,
1102 4785 1378 4844 versutias
1429 4791 1752 4854 verborum,
1805 4805 1894 4860 pa-

280 4942 304 4966 ι
344 4936 472 4999 Ms.,
501 4941 712 5003 partem
736 4934 1011 4987 liberalem
1043 4932 1257 4985 Donati.

275 5007 300 5047 b
341 5007 462 5070 Ms.,
489 5005 687 5058 eodem.

275 5083 296 5109 °
340 5079 461 5139 Ms.,
497 5091 680 5143 quum.

274 5147 302 5188 ἀ
346 5147 710 5217 Epimenides
765 5145 826 5197 in
887 5146 1070 5215 Opere
1130 5149 1251 5218 Περὶ
1307 5152 1586 5218 χρησμῶν.
1650 5144 1906 5212 Apostoli

211 5223 402 5272 autem
442 5234 507 5271 ex
541 5234 610 5270 eo
643 5218 979 5286 desumptus
1022 5217 1332 5269 versiculus
1353 5217 1460 5270 ille
1504 5221 1588 5269 est
1621 5232 1632 5269 :
1686 5218 1906 5270 Creten-

210 5303 289 5343 ses
319 5305 528 5357 semper
556 5288 862 5350 mendaces;
893 5288 962 5339 ad
996 5288 1100 5340 Tit.
1137 5303 1175 5350 1,
1213 5290 1297 5340 12.

279 5372 302 5397 ε
352 5361 528 5413 Locus
593 5359 829 5411 mutilus
893 5359 971 5411 sic
1021 5359 1382 5426 eXplendus:
1454 5359 1558 5412 Nec
1623 5359 1907 5424 pertimuit

214 5431 507 5496 Evangelii
553 5431 888 5498 majestatem
921 5429 1019 5483 sub
1067 5431 1228 5482 metri
1258 5430 1394 5494 leges
1439 5432 1667 5482 mittere.
1705 5430 1778 5483 De
1806 5445 1908 5482 ca:-

212 5505 348 5555 teris
390 5502 474 5555 vel
519 5500 760 5554 mortuis
808 5501 893 5553 vel
941 5501 1262 5552 viventibus
1308 5507 1508 5553 taceo:
1567 5516 1792 5569 quorum
1848 5503 1906 5555 in

213 5576 434 5643 scriptis
472 5576 584 5626 suis
639 5576 689 5624 et
738 5573 880 5624 rires
919 5573 1224 5636 manifestae
1271 5577 1435 5640 sunt,
1487 5576 1538 5625 et
1583 5574 1903 5641 voluntates,

2020 455 2075 502 et
2103 450 2432 522 (enigmata,
2465 470 2590 523 quae
2623 456 2854 524 proprie
2899 457 3328 514 dialecticorum
3360 467 3416 514 et
3454 463 3712 533 philoso-

2020 539 2268 608 phorum
2303 548 2452 596 sunt.
2489 545 2596 597 Sed
2629 550 2686 596 et
2727 545 2930 598 Paulus
2963 548 3254 616 apostolus
3297 551 3658 619 Epimenides
3687 554 3714 596 ἀ

2019 633 2201 697 poetm
2232 629 2443 682 abusus
2473 632 2750 685 versiculo
2783 639 2885 686 est.
2923 634 3066 697 Quid
3110 653 3245 705 ergo
3289 638 3520 704 mirum,
3574 641 3620 692 si
3659 647 3714 694 et

2020 731 2126 785 ego
2155 717 2494 784 sapientiam
2527 727 2762 789 propter
2802 722 3016 792 eloquii
3054 729 3406 778 venustatem
3438 732 3494 778 et
3532 743 3712 781 mem-

2019 804 2253 858 brorum
2276 807 2761 874 pulchritudinem
2790 809 2857 862 de
2884 811 3086 864 ancilla
3104 818 3274 882 atque
3296 813 3517 883 captiva
3535 816 3715 868 Israe-

2022 893 2179 946 litam
2209 895 2394 947 facere
2426 895 2630 966 cupio?
2658 899 2942 950 iuvencus
2975 901 3272 970 presbyter
3302 903 3408 955 sub
3437 903 3712 964 Constan-

2021 982 2140 1034 tino
2193 982 2491 1036 historiam
2542 985 2768 1038 Domini
2819 986 3123 1040 Salvatoris
3180 990 3436 1044 versibus
3468 993 3713 1061 explica-

2020 1071 2134 1124 vit:
2169 1087 2272 1124 nec
2312 1073 2613 1142 pertimuit
2657 1075 2946 1144 Evangelii
2995 1083 3342 1146 potestatem
3391 1081 3495 1133 sub
3547 1083 3714 1136 metri

2019 1160 2203 1229 legem
2243 1175 2435 1213 coram
2465 1168 2486 1194 °
2518 1177 2586 1214 ex
2617 1163 2841 1232 scriptis
2885 1164 3021 1222 suis,
3045 1172 3099 1218 et
3141 1167 3288 1219 vires
3336 1168 3714 1224 manifestata:

2020 1251 2170 1312 sunt,
2203 1253 2259 1300 et
2292 1248 2638 1302 voluntates.
2674 1271 2701 1297 ››

2088 1337 2139 1390 4.
2189 1337 2478 1408 Origenes,
2511 1339 2606 1393 ille
2649 1340 2967 1410 praecipuus
3009 1341 3224 1408 doctor,
3267 1343 3327 1396 in
3357 1351 3713 1399 commenta-

2019 1424 2116 1478 riis
2148 1426 2263 1478 suis
2295 1426 2375 1479 ita
2412 1426 2679 1480 disseruit
2711 1444 2724 1482 :
2770 1451 2798 1475 ι(
2853 1430 2917 1482 Et
2945 1431 3264 1499 prephetiae
3308 1433 3432 1486 vale
3475 1450 3664 1487 amose
3696 1432 3716 1469 ί

2019 1513 2188 1564 sacris
2232 1513 2435 1566 inserti
2488 1521 2621 1569 sunt
2663 1516 3077 1584 voluminibus,
3122 1524 3336 1588 quanto
3400 1521 3582 1591 magis
3643 1522 3712 1575 ab

2020 1600 2106 1652 his
2139 1602 2237 1668 qui
2269 1602 2606 1655 habitabant
2631 1609 2764 1656 tunc
2791 1606 2849 1657 in
2893 1606 3359 1675 Mesopotamiam
3402 1610 3571 1661 etiam
3606 1611 3714 1662 hoc

2022 1688 2346 1743 habuerunt
2371 1691 2525 1760 quod
2564 1692 2812 1746 oriretur
2841 1695 3005 1747 stella
3037 1711 3102 1746 ex
3135 1695 3302 1749 laeui)
3334 1699 3514 1760 (Num.
3565 1714 3712 1766 xxnv,

2021 1780 2128 1843 17,)
2163 1785 2216 1832 et
2261 1787 2520 1849 surgeret
2549 1781 2720 1834 homo
2752 1783 2819 1835 de
2849 1783 3064 1836 Israel?
3106 1786 3233 1838 Ilazc
3279 1788 3489 1856 scripta
3532 1787 3712 1840 habe-

2016 1866 2153 1920 bant
2192 1869 2335 1937 Magi
2366 1871 2514 1939 apud
2576 1871 2909 1940 semetipsos
2944 1889 2955 1924 :
3005 1877 3060 1924 et
3105 1873 3232 1925 ideo
3264 1875 3492 1944 quando
3543 1880 3713 1928 natus

2015 1963 2100 2010 est
2128 1957 2287 2011 Jesus
2318 1966 2677 2026 agnoverunt
2707 1961 2946 2025 stellam,
2989 1967 3045 2014 et
3084 1963 3491 2016 intellexerunt
3529 1963 3710 2018 adim-

2014 2047 2157 2116 pleri
2182 2047 2562 2116 prophetiam,
2582 2049 2763 2116 magis
2784 2048 2894 2118 ipsi
2917 2065 3086 2118 quam
3113 2051 3361 2118 populus
3392 2052 3586 2114 Israel,
3611 2051 3712 2122 qui

2014 2140 2336 2187 sanctorum
2379 2138 2790 2205 prophetarum
2835 2138 3004 2189 verba
3038 2139 3398 2208 contempsit.
3435 2140 3534 2192 llle
3567 2155 3705 2210 ergo

2014 2239 2080 2276 ex
2112 2223 2219 2276 hoc
2256 2227 2481 2276 tantum
2512 2240 2640 2294 quae
2668 2226 2896 2279 Balaam
2927 2226 3132 2295 scripta
3168 2227 3497 2297 reliquerat,
3532 2243 3708 2298 agno-

2013 2318 2232 2365 scentes
2291 2312 2490 2365 adesse
2542 2318 2792 2382 tempus,
2848 2320 3164 2380 venerunt;
3227 2320 3285 2368 et
3350 2316 3710 2386 requirentes

2013 2415 2143 2453 eum
2185 2400 2586 2466 adoraverunt,
2639 2408 2693 2455 et
2741 2407 2805 2454 ut
2857 2401 3028 2456 ﬁdem
3076 2419 3237 2456 suam
3284 2420 3553 2474 magnam
3588 2420 3710 2458 esse

2015 2489 2389 2552 declararent,
2423 2491 2723 2558 parvulum
2756 2507 2999 2559 puerum
3029 2492 3190 2560 quasi
3235 2508 3429 2561 regem
3457 2493 3710 2546 venerati

2013 2583 2162 2630 sunt.
2214 2597 2241 2625 s
2285 2576 2651 2630 Beatissimus
2696 2594 2824 2631 vero
2860 2580 3211 2649 Augustinus
3242 2580 3340 2632 ubi
3369 2586 3572 2634 contra
3595 2586 3710 2634 tres

2014 2666 2260 2718 haereses
2308 2665 2648 2719 mirabiliter
2695 2667 2952 2720 tractavit
3001 2681 3046 2730 tr,
3095 2669 3164 2721 de
3216 2669 3491 2722 Mercurio
3533 2669 3704 2723 dicit:

2016 2771 2044 2805 a
2088 2754 2416 2818 Mercurius,
2451 2754 2659 2824 inquit,
2693 2755 2848 2809 tilius
2887 2756 3173 2810 benedicti
3219 2757 3312 2811 Dei
3340 2763 3511 2826 atque
3546 2758 3710 2812 bona:

2013 2843 2345 2909 voluntatis,
2380 2843 2540 2912 cujus
2572 2859 2783 2896 nomen
2813 2861 2928 2898 non
2957 2850 3142 2914 potest
3172 2846 3428 2899 humano
3450 2863 3548 2899 ore
3579 2863 3709 2900 nar-

2013 2931 2147 2984 rari.
2179 2950 2206 2980 »
2244 2932 2311 2983 Et
2355 2933 2601 2985 iterum:
2639 2954 2665 2980 ‹‹
2703 2934 2814 2986 Est.
2849 2934 3036 2997 Quis?
3080 2934 3234 2986 ﬁlius
3283 2934 3706 3002 inenarrabilis,

2015 3035 2201 3072 sermo
2233 3020 2528 3088 sapientiae
2559 3021 2857 3074 Cbristush
2888 3022 3146 3075 Sanctus.
3178 3023 3379 3076 Nonne
3413 3021 3566 3094 [hoc]
3592 3029 3705 3077 est:

2015 3109 2084 3160 In
2128 3110 2400 3176 principio
2451 3114 2568 3162 erat
2615 3109 2846 3163 Verbum
2895 3111 3070 3178 (Joan.
3107 3111 3181 3177 1)?
3234 3109 3508 3179 Origenes
3571 3113 3710 3165 item

2013 3197 2073 3249 in
2122 3196 2616 3250 NENTATEOFAS
2667 3196 2678 3230 ί
2733 3219 2760 3244 ‹‹
2809 3199 2941 3250 Ecce
2980 3201 3167 3251 vocavi
3195 3202 3518 3253 nominatim
3550 3203 3707 3253 Bese-

2013 3285 2146 3338 lehel
2191 3285 2370 3348 filium
2427 3287 2542 3352 Uri,
2592 3287 2696 3354 ﬁlii
2733 3287 2846 3340 Hor
2888 3302 2955 3339 em
3008 3287 3152 3340 tribu
3195 3287 3360 3354 Juda,
3412 3293 3459 3341 et
3507 3289 3712 3357 replevi

2012 3389 2130 3427 eum
2158 3376 2364 3442 spiritu
2397 3374 2582 3428 divi-no
2627 3378 2928 3444 sapientiae,
2971 3381 3021 3429 et
3074 3377 3396 3443 intellectus,
3441 3382 3492 3430 et
3540 3377 3708 3430 disci-

2011 3463 2195 3530 plinae,
2219 3467 2279 3515 ut
2309 3464 2367 3515 in
2392 3465 2538 3515 omni
2566 3478 2721 3531 opere
2750 3464 3042 3530 intelligat,
3086 3470 3134 3517 et
3162 3467 3235 3518 sit
3283 3465 3606 3519 architectus
3637 3464 3712 3518 ad

2011 3550 2343 3619 Operandum
2384 3556 2686 3618 argentum,
2739 3557 2791 3605 et
2833 3569 3049 3619 aurum,
3099 3558 3149 3606 et
3191 3568 3282 3620 ws,
3317 3558 3366 3607 et
3397 3554 3580 3623 lapide
3624 3569 3707 3607 re-

2007 3641 2260 3708 pletionis
2310 3645 2359 3693 et
2387 3643 2569 3694 omnia
2600 3656 2763 3709 opera
2805 3642 3042 3707 fabrilia
3075 3657 3086 3695 :
3136 3649 3184 3695 et
3208 3645 3266 3695 in
3296 3645 3441 3710 ligno
3490 3649 3550 3698 ut
3587 3659 3711 3712 ope-

2009 3733 2162 3781 retur
2185 3729 2475 3781 secundum
2518 3731 2697 3782 omnia
2741 3745 2903 3798 opera
2951 3731 3027 3783 ad
3072 3747 3226 3798 quem
3273 3747 3366 3796 ego
3408 3731 3538 3785 dedi
3568 3749 3707 3787 eum.

2011 3815 2117 3870 Sed
2146 3815 2305 3868 Eliab
2335 3818 2510 3882 ﬁlium
2561 3819 2814 3871 Asismat
2843 3834 2910 3871 ea:
2957 3820 3103 3872 tribu
3163 3820 3328 3873 Dan:
3373 3825 3422 3873 et
3471 3820 3600 3873 dedi
3653 3824 3712 3874 in

2011 3919 2100 3958 cor
2129 3906 2274 3958 omni
2299 3904 2560 3972 prudenti
2606 3907 2952 3972 intellectum,
3008 3913 3069 3960 ut
3105 3911 3318 3974 faciant
3361 3913 3540 3962 omnia
3593 3925 3712 3977 qua?

2011 3997 2267 4048 constitui
2310 3995 2412 4048 tibi
2445 3995 2644 4063 (Earod.
2687 4011 2864 4063 xxxiv,
2917 3997 3057 4066 2-6).
3102 3997 3413 4050 Considera
3457 4013 3592 4067 ergo
3644 4015 3710 4052 ex

2011 4083 2098 4136 his
2129 4083 2398 4136 omnibus
2440 4083 2727 4154 quomodo
2777 4101 2810 4138 a
2869 4086 3111 4139 Domino
3144 4086 3426 4156 sapientia
3464 4086 3703 4150 fabrilis,

2011 4171 2126 4225 sive
2150 4172 2210 4226 in
2239 4189 2402 4237 auro,
2435 4174 2552 4226 sive
2591 4174 2651 4226 in
2684 4181 2941 4244 argento,
2971 4175 3087 4228 sive
3120 4174 3178 4228 in
3216 4175 3325 4228 alia
3365 4191 3709 4247 quacunque

2011 4262 2274 4324 materia,
2305 4265 2390 4315 vel
2424 4263 2596 4316 etiam
2650 4263 2884 4317 textrini
2931 4263 3211 4334 sapientia
3245 4280 3256 4318 :
3293 4269 3349 4318 et
3380 4265 3504 4319 vide
3556 4266 3712 4336 quod

2013 4351 2198 4418 ajure
2256 4349 2367 4403 dici
2419 4350 2488 4404 de
2542 4351 2630 4404 his
2685 4352 2958 4405 omnibus
3007 4358 3214 4422 potest,
3279 4353 3430 4422 quod
3501 4354 3711 4408 horum

2014 4438 2248 4492 scientia
2277 4438 2346 4491 ab
2376 4439 2598 4492 excelso
2632 4439 2722 4492 sit.
2754 4462 2774 4486 ι)
2815 4441 2892 4493 De
2930 4440 3113 4494 tribus
3142 4457 3275 4494 vero
3316 4442 3507 4511 pueris
3543 4443 3712 4498 iden-

2014 4526 2192 4580 tidem
2245 4526 2366 4596 ipse
2413 4527 2596 4581 dicit:
2635 4549 2660 4576 «
2698 4527 2850 4592 Quos
2900 4545 3110 4599 pueros
3182 4530 3714 4586 Nabuchodonosor

2015 4615 2197 4667 tribus
2228 4615 2391 4667 annis
2418 4614 2476 4668 in
2510 4621 2631 4668 arte
2662 4617 3036 4684 grammatica
3085 4619 3378 4687 posuerit:
3429 4619 3588 4673 Dedit
3634 4623 3712 4674 eis

2015 4704 2280 4756 Dominus
2320 4706 2644 4771 sapientiam
2691 4711 2742 4757 et
2778 4706 3124 4768 intellectum,
3169 4709 3219 4757 et
3259 4706 3608 4774 prudentiam
3652 4709 3712 4760 in

2013 4794 2158 4845 omni
2203 4796 2320 4844 arte
2354 4794 2750 4857 grammatica;
2785 4797 2832 4846 et
2869 4793 3056 4846 Daniel
3096 4793 3426 4848 intellectum
3470 4794 3622 4848 dedit
3652 4796 3709 4846 in

2017 4934 2393 5005 Hieronymus
2424 4933 2589 5003 epist.
2625 4934 2714 4998 84,
2749 4934 2814 4988 ad
2845 4951 2993 5005 mag.
3029 4935 3180 4989 Orat.
3218 4937 3383 4991 Rom.

2085 5003 2105 5040 ί
2139 5005 2346 5058 Locum
2395 5006 2474 5058 sic
2521 5006 2758 5058 restituo
2797 5022 2808 5058 :
2868 5003 3164 5075 Prophetiaz
3207 5009 3431 5062 Balaam
3460 5024 3495 5061 a
3542 5008 3703 5061 Mose.

2019 5077 2090 5128 Ex
2122 5076 2276 5143 Orig.
2314 5077 2517 5129 Homil.
2557 5078 2654 5130 130
2685 5077 2744 5129 111
2783 5077 2951 5130 Num.

2086 5160 2115 5200 tt
2149 5149 2208 5198 In
2241 5148 2424 5199 'l‘ract.
2458 5153 2654 5200 contra
2679 5147 2934 5218 quinque
2963 5147 3228 5218 haareses,
3255 5165 3377 5217 cap.
3411 5152 3464 5201 2.

2085 5220 2110 5258 ιι
2164 5218 2513 5270 Benedictini
2563 5217 2768 5288 Congr.
2816 5217 2872 5274 Si.
2912 5217 3124 5272 Mauri:
3167 5226 3408 5288 sanctus,
3465 5223 3704 5284 sanctus,

2015 5289 2231 5356 absque
2261 5305 2397 5341 voce
2419 5290 2684 5344 Christus.
3741 5309 3746 5314 '

2085 5358 2095 5391 ί
2135 5360 2363 5412 Exstant
2401 5361 2571 5414 verba
2626 5361 2746 5414 haec
2788 5360 2938 5430 apud
2985 5359 3288 5430 Origenem
3323 5359 3521 5414 homil.
3561 5364 3621 5417 18
3651 5362 3710 5417 111

2017 5430 2396 5483 Numerorum
2425 5431 2636 5485 librum
2673 5449 2684 5485 :
2721 5449 2854 5485 voce
2914 5436 3101 5484 autem
3150 5431 3248 5484 illa
3293 5431 3536 5487 barbara
3560 5433 3709 5490 forte

2016 5501 2278 5554 liomilias
2307 5502 2365 5555 in
2397 5503 2789 5557 Pentateuchon
2814 5502 3148 5574 designavit.
