4086 6182
373 280 477 331 423

1714 252 1988 332 ΑινΑιυ
2026 278 2509 334 CORDUBENSIS

3779 284 3877 336 42ῑ

372 418 520 470 omni
548 416 722 483 verbo,
756 419 805 469 et
826 417 1048 479 virtute,
1085 417 1135 467 et
1162 415 1394 467 somniis
1428 428 1439 465 :
1469 417 1520 466 et
1555 416 1673 465 erat
1702 413 1854 481 apud
1889 428 2067 481 regem
2107 418 2147 470 Α
2177 414 2324 467 dona
2356 430 2581 484 semper
2610 418 2671 467 ut
2700 414 2899 467 volunt
2928 413 3138 468 habere
3169 430 3288 468 non
3330 422 3601 485 possunt.
3663 418 3774 471 Sed
3829 424 3883 472 et

373 507 432 557 in
461 507 607 558 omni
632 504 807 559 verbo.
843 507 892 555 et
922 501 1235 571 prudentia,
1273 506 1321 554 et
1353 501 1668 569 disciplina.
1725 502 1791 555 In
1840 503 2071 569 quibus-

375 608 580 660 cunque
612 594 859 660 quaesivit
903 591 970 643 ab
1016 593 1091 643 eis
1138 606 1255 656 rex,
1318 590 1524 641 invenit
1563 604 1647 642 eos
1689 589 1911 657 decuplo
1949 606 2069 642 am-

373 681 539 749 ptius,
580 696 741 749 quam
785 686 940 733 erant
992 680 1262 747 sophistae,
1309 682 1359 731 et
1407 675 1741 746 philosophi,
1785 681 1882 747 qui
1918 682 2073 732 erant

373 770 431 821 in
459 772 603 822 omni
643 784 805 837 regno
836 768 953 835 ejus
984 768 1141 835 (Dan.
1196 766 1256 836 1).
1313 768 1442 819 Haec
1491 767 1724 836 quidem
1774 768 1834 819 in
1882 784 2068 820 exem-

371 858 627 927 plaribus
667 856 1043 926 Septuaginta
1071 865 1095 889 ⁸
1125 871 1258 909 vero
1289 855 1601 923 codicibus,
1637 856 1854 926 aliquid
1898 859 2069 909 etiam

374 946 769 1000 vehementius
814 944 1026 1014 reperi,
1078 944 1285 1014 quibus
1331 945 1591 1014 quamvis
1647 962 1764 998 non
1821 950 2069 1012 utamur,

371 1039 565 1088 tamen
587 1033 935 1104 agnoscendi
966 1033 1150 1102 gratia
1180 1033 1433 1086 dicemus
1459 1032 1632 1086 etiam
1679 1034 1757 1087 ibi
1792 1034 1945 1105 quod
1994 1035 2073 1088 le-

373 1122 605 1192 gimus:
659 1120 833 1187 Dedit,
886 1120 1094 1189 inquit,
1144 1123 1219 1174 eis
1271 1122 1413 1174 Deus
1468 1122 1793 1175 intellectum
1840 1128 1887 1175 et
1936 1138 2069 1190 pru-

374 1209 614 1263 dentiam
668 1211 725 1261 in
781 1211 926 1263 omni
980 1212 1341 1275 grammatica
1394 1212 1705 1278 sapientia:
1774 1215 1824 1263 et
1882 1210 2073 1263 Daniel

371 1297 641 1350 intellewit
669 1299 695 1339 b
730 1298 788 1351 in
818 1300 963 1350 omni
990 1300 1194 1351 visione
1216 1303 1265 1351 et
1296 1300 1542 1351 somniis.
1588 1299 1651 1351 Et
1686 1304 1817 1367 post
1842 1315 2025 1369 pauca
2056 1315 2068 1352 :

371 1386 700 1452 Astiterunt,
737 1386 943 1455 inquit,
973 1386 1037 1440 in
1062 1391 1315 1454 conceptu
1346 1389 1510 1454 regis,
1568 1392 1618 1440 et
1648 1389 1705 1440 in
1741 1390 1888 1441 omni
1915 1387 2073 1441 verbo

372 1476 670 1542 sapientia),
725 1478 784 1526 in
842 1490 945 1543 quo
1003 1477 1253 1543 quaesivit
1309 1475 1376 1528 ab
1437 1478 1511 1528 eis
1577 1492 1675 1528 rea:
1732 1478 1939 1529 invenit
1988 1492 2072 1530 eos

373 1561 595 1628 decuplo
642 1576 804 1629 super
851 1577 1027 1614 omnes
1072 1564 1436 1615 incantatores
1467 1567 1517 1615 et
1557 1578 1740 1629 magos
1789 1566 1887 1631 qui
1918 1568 2071 1616 erant

371 1652 430 1701 in
459 1651 604 1702 omni
641 1665 803 1716 regno
841 1651 984 1717 ejus.
1030 1651 1109 1702 Ex
1142 1649 1228 1702 his
1279 1666 1414 1719 ergo
1447 1651 1715 1703 omnibus
1762 1656 1947 1720 potest
1991 1651 2073 1703 in-

371 1737 575 1806 telligi,
601 1738 893 1806 quomodo
922 1743 977 1790 et
1007 1739 1230 1791 Balaam
1257 1738 1462 1792 dixerit
1480 1739 1547 1793 de
1566 1740 1905 1809 semetipso:
1931 1739 2069 1803 Quis

372 1826 511 1879 sciat
571 1827 866 1879 scientiam
926 1826 1243 1881 Altissimi?
1305 1827 1537 1893 scilicet,
1601 1832 1663 1881 ut
1714 1828 2069 1898 intelligatur

371 1915 520 1986 quod
581 1916 746 1985 origo
786 1916 961 1969 totius
1014 1916 1265 1970 scientiae
1323 1917 1394 1970 ab
1461 1918 1586 1988 ipso
1636 1918 1868 1988 coeperit
1902 1934 2066 1971 exor-

372 2005 550 2058 dium.
594 2026 612 2051 ι

442 2096 494 2146 5.
545 2091 942 2145 Sanctissimus
991 2093 1369 2163 Augustinus,
1428 2093 2067 2165 Hipponaevltegiensis

371 2180 689 2251 episcopus,
727 2180 823 2234 ubi
855 2181 923 2234 de
946 2182 1127 2235 tribus
1159 2182 1531 2253 Sanguisugis
1563 2184 1929 2252 singulariter
1953 2190 2067 2237 tra—

369 2269 561 2334 ctavit,
595 2269 672 2321 ita
707 2269 976 2345 disseruit
1006 2285 1019 2322 :
1068 2270 1244 2337 Scire,
1290 2270 1499 2340 inquit,
1531 2270 1802 2324 Salomon
1834 2271 2067 2341 sapien-

368 2357 529 2423 tiam,
563 2362 619 2410 et
669 2357 1055 2427 disciplinam,
1104 2364 1160 2411 et
1216 2358 1537 2429 intelligere
1581 2374 1874 2412 sermones
1932 2376 2066 2429 pru-

369 2446 596 2513 dentiae,
658 2463 721 2498 ac
790 2446 1394 2516 percipere§versutias
1422 2446 1751 2514 verborum,
1776 2453 1830 2500 et
1860 2447 2068 2501 intelli-

370 2549 504 2604 gere
550 2532 831 2603 justitiam
879 2550 1094 2601 veram,
1137 2535 1538 2605 judiciumque
1570 2535 1829 2604 diligere,
1865 2541 1925 2588 ut
1973 2536 2069 2589 det

368 2622 771 2676 innocentibus
803 2623 1092 2688 astutiam,
1150 2640 1331 2693 puero
1368 2630 1559 2677 autem
1581 2625 1803 2693 juniori
1833 2641 2067 2678 sensum

370 2716 427 2764 et
455 2711 885 2780 cogitationem.
922 2711 1016 2764 His
1046 2712 1196 2764 enim
1232 2712 1460 2776 auditis,
1496 2713 1722 2782 sapiens
1752 2713 2068 2783 sapientior

370 2800 480 2853 erit
508 2816 521 2853 :
552 2799 650 2870 qui
681 2804 874 2854 autem
915 2799 1197 2869 intelliget
1228 2800 1524 2870 parabolas
1561 2806 1729 2871 atque
1760 2802 2066 2856 obscurum

370 2906 719 2955 sermonem,
780 2889 928 2943 dicta
960 2889 1327 2959 sapientium,
1377 2895 1433 2944 et
1480 2892 1789 2961 mnigmata
1841 2908 2063 2945 eorum.

369 2977 474 3031 Sed
510 2977 637 3048 quis
678 2978 925 3048 sapiens,
984 2985 1038 3031 et
1069 2979 1196 3048 quis
1232 2978 1506 3048 prudens,
1554 2980 1674 3033 haec
1708 2980 1827 3034 sine
1858 2981 2064 3050 spiritu

372 3065 472 3118 Dei
508 3065 723 3136 liquide
768 3067 1268 3136 comprehendat?
1317 3068 1446 3121 Haec
1486 3073 1619 3120 sunt
1665 3085 1789 3138 quae
1832 3067 2062 3122 investi-

368 3170 503 3225 gare
561 3161 616 3208 et
664 3157 1169 3227 comprehendere,
1225 3161 1281 3210 et
1337 3157 1505 3227 plene
1565 3173 1726 3210 nosse
1771 3158 2061 3227 jubemus.

368 3244 675 3314 Gregorius
707 3262 855 3316 papa
890 3245 1051 3299 Urbis
1096 3228 1458 3299 beatissimus
1492 3246 1551 3298 in
1588 3246 1735 3299 libro
1769 3247 1938 3299 tertio
1972 3262 2065 3300 se-

367 3335 619 3387 cundum
670 3334 921 3387 litteram
971 3335 1039 3387 de
1091 3336 1256 3388 Petro
1298 3337 1573 3405 apostolo,
1630 3335 1726 3389 ubi
1776 3335 2065 3389 Simonem

368 3421 602 3491 arguit:
646 3424 881 3476 Pecunia
941 3428 1037 3475 tua
1082 3427 1249 3477 tecum
1298 3426 1371 3476 sit
1420 3426 1477 3476 in
1522 3423 1885 3491 perditionem
1918 3426 2063 3494 (Act.

365 3525 483 3575 vm,
519 3512 656 3575 20):
706 3510 805 3578 qui
872 3511 1024 3563 enim
1060 3525 1178 3563 non
1226 3510 1302 3563 ait
1343 3517 1439 3576 est,
1498 3511 1593 3564 sed
1625 3514 1699 3565 sit
1747 3528 1861 3564 non
1916 3512 2063 3565 indi-

368 3597 548 3649 cativo
594 3598 781 3662 modo,
836 3598 934 3651 sed
985 3598 1236 3668 optativo
1285 3616 1342 3652 se
1375 3600 1495 3654 haec
1549 3599 1755 3653 dixisse
1800 3600 2061 3670 signavit.

367 3686 509 3738 Hinc
541 3686 688 3738 Elias
714 3686 937 3741 duobus
968 3687 1477 3758 quinquagenariis
1508 3688 1575 3742 ad
1607 3705 1665 3742 se
1705 3689 2067 3744 venientibus

367 3774 556 3828 dixit:
602 3775 664 3829 Si
710 3774 863 3829 homo
914 3777 1016 3830 Dei
1042 3792 1181 3844 sum,
1216 3777 1504 3831 descendat
1526 3780 1670 3844 ignis
1724 3778 1790 3832 de
1822 3779 1966 3844 caalo,
2018 3784 2067 3832 et

367 3869 643 3916 consumat
664 3879 753 3917 vos
785 3863 897 3934 (IV
922 3867 1050 3931 Reg.
1076 3865 1135 3935 1).
1179 3865 1317 3919 Vide
1342 3868 1477 3935 quia
1494 3867 1599 3921 hac
1628 3871 1747 3920 arte
1780 3868 2061 3922 utebatur.

365 3950 540 4005 Multa
590 3952 824 4022 quidem
860 3959 1021 4007 erant
1058 3954 1129 4007 de
1159 3954 1248 4007 his
1281 3955 1450 4008 rebus
1483 3955 1816 4009 testimonia
1856 3956 2067 4009 descri-

366 4039 547 4094 bere:
596 4041 692 4094 sed
722 4057 792 4094 ne
837 4041 1011 4094 nimis
1056 4041 1415 4097 fastidiosum
1460 4043 1706 4113 sapienti
1752 4044 2062 4109 videretur,

365 4145 542 4198 parva
590 4145 656 4182 ex
679 4129 878 4182 multis
924 4128 1211 4183 sufﬁciant
1240 4130 1443 4184 doctis.
1478 4131 1583 4185 Sed
1617 4132 1904 4201 etaliqua,
1939 4148 2066 4186 me-

364 4217 490 4285 ipso
528 4224 786 4285 vocante,
820 4222 1109 4288 utcunque
1140 4218 1441 4272 ascribam.
1500 4218 1812 4288 Apostolici
1843 4224 1900 4273 et
1936 4236 2065 4273 san-

2179 504 2319 556 illud
2355 504 2505 574 quod
2539 503 2595 556 in
2630 503 2877 572 Epistola
2910 504 3117 556 Paulus
3144 504 3215 557 ad
3250 504 3515 558 Hebraeos
3547 507 3841 575 scripserit
3868 524 3879 561 :

2181 593 2252 645 In
2277 594 2476 645 semine
2523 598 2634 659 tuo,
2678 592 2822 660 quod
2853 596 2929 645 est
2976 592 3229 648 Christus
3272 594 3423 659 (Gal.
3462 610 3540 659 In,
3590 596 3721 664 16):
3767 612 3882 648 nou

2180 681 2491 734 secundum
2525 682 2821 733 liberalem
2860 686 3061 747 artem,
3110 682 3255 734 sicut
3288 682 3495 749 dicitis,
3548 684 3881 754 scripserit;

2181 774 2244 822 ut
2276 785 2423 833 reor,
2461 785 2562 838 per
2588 770 2921 839 allegoriam
2955 770 3196 839 protulit
3230 786 3242 824 :
3278 771 3413 840 quia
3446 772 3502 824 in
3529 772 3712 841 ipsius
3747 775 3885 826 Can-

2184 857 2277 912 tici
2330 858 2573 911 Abrahae
2626 858 2808 911 titulis
2853 858 2930 910 sic
2981 859 3317 912 adnotatum
3374 864 3501 912 est:
3548 862 3881 915 Benedictio

2181 963 2295 1017 qua
2321 946 2612 1000 benedixit
2647 947 2791 1000 Deus
2840 946 3083 1000 Abrahae
3123 946 3185 1000 in
3216 948 3661 1017 repromissione
3703 949 3880 1001 semi-

2182 1034 2268 1088 nis
2308 1036 2449 1105 ejus,
2485 1035 2584 1105 qui
2617 1041 2699 1088 est
2731 1034 3008 1100 Christus,
3043 1040 3099 1088 et
3143 1036 3402 1105 gentium
3434 1038 3749 1089 vocatione.
3804 1036 3882 1089 lbi

2182 1124 2339 1178 enim
2397 1124 2644 1194 positum
2702 1129 2829 1177 est:
2880 1125 3257 1193 Multiplicabo
3309 1141 3486 1179 semen
3532 1130 3686 1178 tuum
3746 1128 3883 1179 sicut

2180 1214 2363 1267 stellas
2428 1213 2562 1276 coeli,
2607 1217 2656 1265 et
2698 1214 2844 1267 velut
2882 1228 3050 1266 arena
3099 1229 3217 1281 qua
3262 1219 3338 1266 est
3383 1217 3439 1267 in
3484 1215 3664 1267 littore
3710 1216 3883 1266 maris

2184 1307 2328 1365 (Gen.
2372 1318 2504 1367 xxu,
2541 1302 2647 1371 17).
2686 1300 2924 1371 Tropice
2958 1307 3015 1355 et
3061 1301 3429 1371 hyperbolice
3477 1303 3702 1356 locutus
3750 1308 3880 1356 est:

2181 1390 2309 1461 quis
2366 1390 2521 1443 enim
2579 1405 2693 1443 non
2755 1390 2961 1455 videat,
3025 1390 3180 1460 quod
3235 1390 3308 1443 sit
3357 1390 3885 1460 incomparabiliter

2182 1479 2431 1547 amplius
2464 1495 2653 1531 arenae
2702 1495 2996 1545 numerus,
3030 1495 3201 1549 quam
3244 1496 3367 1532 esse
3416 1480 3717 1533 hominum
3774 1496 3884 1532 om-

2183 1566 2345 1620 nium
2406 1566 2473 1619 ab
2528 1567 2652 1636 ipso
2704 1567 2881 1620 Adam
2943 1582 3123 1637 usque
3187 1568 3253 1621 ad
3312 1569 3622 1620 terminum
3689 1570 3883 1621 saeculi

2183 1661 2397 1725 quanto
2447 1656 2629 1724 magis
2684 1655 2870 1708 solum
2932 1671 3129 1708 semen
3172 1655 3449 1709 Abrahae?
3496 1656 3632 1720 Quae
3684 1657 3883 1727 utique

2184 1743 2399 1814 tropica
2429 1748 2533 1812 est,
2557 1760 2671 1797 non
2705 1744 2958 1814 propria.

2248 1836 2300 1886 6.
2338 1832 2485 1886 Illud
2531 1850 2701 1903 porro
2733 1833 2883 1903 quod
2929 1832 3136 1886 acriter
3174 1832 3420 1886 refutare
3478 1832 3635 1886 vobis
3693 1834 3879 1889 visum

2177 1927 2283 1986 est,
2319 1926 2375 1975 et
2410 1937 2554 1990 pene
2589 1937 2703 1973 non
2732 1937 2898 1991 aequo
2942 1921 3133 1974 animo
3180 1921 3461 1974 dicentem
3495 1921 3719 1986 audire,
3755 1931 3775 1955 ε
3825 1929 3879 1977 et

2177 2010 2315 2079 quid
2375 2027 2405 2061 a
2446 2009 2772 2063 beatissimo
2817 2010 3139 2078 Augustino
3172 2009 3231 2061 in
3272 2010 3631 2079 expeditione
3666 2012 3878 2064 Psalmi

2177 2098 2452 2151 tricesimi
2499 2098 2729 2166 septimi
2762 2098 3023 2163 senserit,
3067 2098 3333 2168 legimus.
3399 2100 3542 2167 Ergo
3601 2116 3707 2153 vox
3760 2106 3882 2154 erat

2175 2187 2543 2251 inﬁrmitatis,
2580 2203 2681 2239 vox
2713 2193 2835 2239 erat
2869 2193 3064 2239 nostra
3095 2203 3205 2256 qua
3235 2187 3260 2228 ἀ
3301 2186 3515 2239 dictum
3551 2192 3635 2239 est
3665 2206 3681 2240 :
3730 2189 3877 2252 Qua-

2177 2292 2235 2329 re
2278 2291 2358 2329 me
2396 2276 2775 2344 dereliquisti?
2817 2276 3034 2340 (Matth.
3085 2291 3253 2341 xxvu,
3302 2275 3414 2344 46.)
3461 2274 3607 2339 Quid
3655 2276 3727 2330 de
3774 2279 3879 2330 hoc

2179 2364 2542 2417 beatissimus
2575 2365 2955 2435 Hieronymus
2977 2364 3286 2433 scripserit,
3315 2364 3451 2433 quid
3486 2364 3651 2418 nobis
3690 2369 3877 2418 custo-

2178 2453 2449 2507 diendum
2474 2453 2786 2514 tradiderit,
2818 2454 2970 2506 inter
2991 2459 3193 2507 caetera
3211 2453 3435 2506 cuidam
3470 2453 3549 2506 sic
3585 2454 3871 2507 instituit:

2177 2542 2345 2597 Corde
2372 2544 2512 2595 enim
2542 2541 2784 2595 creditur
2811 2541 2884 2594 ad
2904 2544 3203 2609 justitiam,
3249 2544 3358 2594 oris
3394 2547 3571 2595 autem
3612 2545 3876 2607 confessio

2175 2631 2237 2695 ﬁt
2268 2629 2340 2681 ad
2368 2631 2594 2682 salutem
2628 2630 2795 2695 (Rom.
2828 2645 2881 2695 x,
2934 2630 3041 2697 10).
3080 2629 3251 2681 Filius
3302 2629 3396 2681 Dei
3448 2646 3560 2681 non
3595 2635 3679 2682 est
3726 2630 3874 2683 ﬁlius

2177 2716 2429 2769 hominis
2462 2737 2472 2769 :
2512 2716 2687 2768 Filius
2720 2715 2820 2769 Dei
2849 2720 2950 2783 est,
2983 2732 3100 2769 non
3129 2720 3213 2768 est
3240 2715 3393 2769 ﬁlius
3433 2716 3705 2769 hominis.
3743 2717 3872 2770 Uni-

2178 2805 2404 2876 genitns
2438 2805 2535 2858 Dei
2567 2809 2648 2858 est
2682 2804 2819 2875 :qui
2861 2820 2993 2858 vero
3034 2805 3186 2857 ﬁlius
3229 2803 3478 2857 hominis
3521 2809 3625 2870 est,
3658 2806 3874 2875 primo-

2176 2894 2400 2963 genitus
2432 2898 2535 2961 est,
2563 2897 2619 2947 et
2651 2898 2886 2963 propter
2941 2897 3327 2962 susceptorem
3384 2908 3551 2945 suum
3605 2892 3871 2963 unigeni-

2176 2987 2297 3036 tum
2332 2983 2531 3047 Deum,
2584 2985 2639 3034 et
2687 2980 3104 3050 primogenitus
3150 2980 3378 3045 dicitur,
3432 2981 3568 3050 quia
3599 2981 3659 3033 in
3689 2996 3757 3033 eo
3789 2986 3872 3035 est

2174 3069 2523 3138 unigenitus.
2578 3068 2833 3137 Denique
2880 3068 2949 3120 de
2994 3066 3380 3137 primogenito
3427 3068 3737 3137 Apostolus
3795 3068 3871 3120 sic

2174 3157 2254 3210 ait
2287 3173 2298 3210 :
2331 3159 2729 3224 Primogenitus
2764 3158 2821 3208 in
2851 3156 3039 3209 multis
3082 3157 3355 3222 fratribus
3389 3158 3561 3222 (Rom.
3619 3172 3737 3222 Vlll,
3781 3158 3870 3225 29)

2173 3245 2272 3316 qui
2304 3245 2362 3297 in
2394 3261 2525 3298 eum
2571 3244 2953 3298 crediderunt.
3012 3245 3134 3297 Non
3167 3261 3302 3314 ergo
3352 3250 3556 3297 natura
3586 3244 3870 3314 unigeniti

2174 3339 2258 3388 est
2286 3333 2726 3403 primogenitus,
2776 3332 2872 3386 sed
2915 3338 3152 3405 propter
3205 3332 3536 3385 societatem
3607 3334 3871 3403 ungeniti

2175 3423 2277 3477 Dei
2330 3422 2659 3491 unigenitus
2717 3427 2821 3475 est.
2863 3421 3237 3491 Primogeniti
3289 3426 3479 3475 autem
3528 3426 3735 3474 natura
3790 3428 3872 3475 est

2174 3511 2596 3582 primogenitus
2635 3527 2751 3564 non
2806 3526 2976 3564 causa
3019 3510 3324 3576 societatis,
3375 3510 3512 3581 quia
3566 3511 3759 3563 nullus
3807 3526 3869 3565 ex

2174 3600 2417 3653 mortuis
2448 3600 2758 3653 resurrexit
2788 3599 2856 3653 ad
2886 3599 3397 3665 immortalitatem,
3436 3598 3546 3651 nisi
3578 3600 3697 3668 ipse
3745 3598 3870 3668 pri-

2174 3704 2302 3741 mus
2333 3695 2384 3742 et
2416 3688 2743 3758 exemplum
2784 3704 2887 3758 per
2934 3688 3413 3741 resurrectionem
3463 3688 3733 3740 omnibus
3778 3704 3870 3740 se-

2175 3777 2485 3848 quentibus
2535 3777 2735 3829 edidit.
2794 3778 2859 3830 Et
2905 3776 3032 3830 ideo
3079 3777 3386 3845 Apostolus
3418 3776 3555 3828 dicit
3588 3793 3600 3829 :
3639 3776 3744 3845 Qui
3791 3779 3867 3829 est

2168 3869 2582 3936 primogenitus,
2617 3882 2683 3919 ea:
2723 3868 2948 3919 mortuis
2979 3865 3168 3935 (Colos.
3224 3882 3261 3931 ι,
3320 3865 3421 3935 18).
3459 3865 3612 3918 Ideni
3657 3866 3868 3918 iterum

2175 3956 2245 4010 ad
2287 3957 2573 4009 Romanos
2607 3971 2619 4007 :
2660 3956 2727 4009 Ut
2757 3957 2830 4008 sit
2860 3957 2972 4023 ipse
3014 3956 3405 4023 primogenitus
3443 3957 3501 4007 in
3538 3954 3725 4007 multis
3754 3956 3874 4019 fra-

2175 4045 2367 4098 tribus.
2405 4045 2469 4097 Et
2498 4043 2634 4113 quia
2668 4043 2998 4113 unigenitus
3031 4048 3086 4097 et
3134 4043 3551 4113 primogenitus
3601 4042 3732 4096 dua:
3777 4059 3870 4095 na-

2173 4137 2316 4186 tura:
2374 4138 2526 4196 sunt,
2584 4131 2776 4185 divina
2825 4138 2884 4186 et
2935 4132 3205 4186 humana.
3267 4133 3405 4185 Nam
3459 4137 3514 4184 et
3569 4131 3871 4184 diversitas

2173 4222 2380 4275 harum
2414 4226 2747 4274 naturarum
2789 4222 2847 4274 in
2892 4221 3212 4274 elocutione
3260 4220 3702 4289 Evangeliorum
3774 4236 3868 4273 os-

364 4304 575 4357 tissimi
605 4305 730 4367 viri,
778 4321 883 4358 nec
938 4322 1166 4375 semper
1208 4306 1533 4376 sophistice,
1581 4323 1682 4360 nec
1737 4307 2067 4379 frequenter
2104 4324 2147 4378 D
2174 4308 2445 4363 tenditur.
2484 4308 2643 4363 Fidei
2691 4314 2899 4362 nostra;
2932 4308 3110 4378 igitur
3139 4324 3252 4361 non
3305 4306 3569 4361 convenit
3597 4312 3661 4360 ut
3705 4308 3869 4361 Jesus

365 4393 453 4446 lac
518 4398 718 4462 potum
778 4394 1107 4449 dederunt:
1165 4411 1271 4449 nec
1295 4396 1494 4449 crebro
1548 4396 1795 4450 solidum
1848 4398 2056 4451 cibum.

365 4481 491 4535 Non
522 4481 823 4550 aliquoties
875 4482 1176 4553 simplicia,
1219 4500 1331 4537 non
1381 4485 1477 4537 diu
1518 4484 1802 4549 sublimia,
1854 4485 1949 4539 sed
2003 4490 2064 4538 ut

365 4569 607 4640 Spiritus
639 4570 810 4623 dabat
840 4572 1096 4642 eloquia;
1132 4573 1282 4626 unde
1336 4578 1392 4627 et
1423 4574 1720 4628 Psalmista
1754 4591 1767 4627 :
1818 4575 2061 4628 Audiam

366 4659 502 4728 quid
531 4659 784 4727 loquatur
814 4662 872 4713 in
926 4676 1006 4713 me
1046 4661 1307 4716 Dominus
1346 4666 1483 4717 Deus
1535 4662 1703 4733 (Psal.
1735 4680 1952 4729 Lxxxiv,
1984 4666 2058 4729 9).

365 4747 503 4801 Vide
553 4746 692 4817 quid
740 4752 967 4800 sanctus
1013 4750 1317 4820 Gregorius
1366 4767 1516 4820 papa
1566 4751 1728 4805 Urbis
1774 4752 1945 4805 dicit:
2004 4752 2061 4805 in

366 4835 582 4889 cunctis
615 4852 862 4905 namque
894 4836 1161 4890 ﬁdelibus
1191 4839 1436 4908 Spiritus
1488 4841 1665 4907 venit,
1708 4840 1805 4893 sed
1849 4846 1910 4893 tn
1944 4842 2061 4894 solo

365 4923 669 4977 Mediatore
728 4929 1045 4992 permanet,
1104 4926 1205 4995 qui
1256 4926 1378 4995 ejus
1428 4927 1845 4982 humanitatem
1921 4946 2064 4983 nun-

366 5028 541 5083 quam
567 5012 834 5079 deseruit,
869 5013 937 5065 de
967 5013 1128 5082 cujus
1175 5014 1473 5068 divinitate
1527 5018 1822 5086 processit.
1861 5020 1920 5071 In
1964 5020 2062 5073 illo

364 5101 541 5171 igitur
567 5105 888 5171 permanet,
922 5101 1020 5172 qui
1053 5108 1110 5155 et
1152 5103 1307 5156 solus
1357 5109 1414 5156 et
1460 5106 1653 5158 omnia
1696 5123 1923 5176 semper
1952 5124 2063 5177 po-

366 5195 502 5257 test;
534 5206 667 5244 nam
700 5190 897 5244 ﬁdeles
929 5190 1028 5261 qui
1055 5192 1209 5245 hunc
1249 5191 1557 5262 accipiunt,
1589 5210 1721 5248 cum
1764 5196 2063 5266 signorum

436 5335 765 5407 ‘Truncata
819 5336 1005 5402 verba,
1048 5336 1127 5390 sic
1179 5354 1247 5391 ex
1300 5336 1545 5407 Origene
1603 5337 1801 5393 homil.
1858 5343 1945 5407 22,
2005 5340 2062 5394 in

366 5404 535 5479 Num.
570 5406 885 5479 explenda:
921 5408 1285 5479 Hchuidem
1316 5411 1373 5461 in
1402 5404 1803 5477 earemplaribus
1833 5404 2061 5479 septua-

364 5477 521 5545 ginta
561 5478 919 5545 interpretum
961 5478 1271 5533 habentur:
1320 5481 1381 5533 in
1430 5479 1773 5534 Hebraeorum
1811 5477 1933 5536 vero
1976 5498 2061 5536 co-

365 5544 579 5599 dicibus
609 5544 845 5616 aliquid,
879 5554 979 5602 etc.
1719 5556 1723 5560 ’

2174 4397 2428 4452 Christus
2483 4397 2816 4465 mentiatur,
2848 4398 2985 4468 quia
3010 4396 3130 4467 ipse
3170 4401 3254 4450 est
3287 4397 3511 4450 veritas.
3546 4397 3687 4451 Cum
3730 4413 3871 4467 ergo

2171 4488 2250 4541 ita
2276 4487 2365 4553 sit,
2402 4487 2520 4558 ipse
2554 4487 2622 4541 de
2654 4503 2712 4540 se
2739 4486 2876 4539 dicit
2910 4501 2923 4539 :
2969 4488 3073 4551 Qui
3112 4501 3194 4539 me
3221 4488 3372 4539 misit
3417 4501 3619 4539 mecum
3652 4492 3750 4548 est,
3780 4502 3871 4539 nec

2171 4592 2253 4629 me
2298 4576 2589 4645 dereliquit
2642 4576 2812 4639 (Joan.
2848 4590 2962 4637 vui,
3017 4574 3105 4643 29)
3143 4590 3156 4640 ;
3209 4579 3267 4627 et
3312 4573 3425 4627 alio
3471 4573 3642 4626 loco:
3700 4576 3870 4639 Deus,

2171 4668 2311 4719 Deus
2333 4681 2499 4730 meus,
2546 4680 2714 4733 quare
2743 4680 2824 4717 me
2853 4662 3230 4731 dereliquisti?
3259 4661 3479 4730 (Matth.
3533 4678 3704 4727 xxvu,
3758 4660 3873 4730 46.)

2173 4754 2315 4818 Quia
2352 4755 2497 4807 Deus
2527 4752 2819 4805 hominem
2854 4756 3198 4821 susceperat,
3234 4757 3289 4804 et
3335 4767 3438 4821 per
3472 4756 3716 4803 mortem
3752 4766 3878 4803 cru-

2173 4843 2250 4895 cis
2283 4840 2697 4911 relinquendus
2712 4844 2833 4893 erat
2861 4856 2891 4892 a
2915 4841 3028 4892 Deo
3052 4855 3233 4909 usque
3266 4839 3334 4891 ad
3360 4838 3873 4891 resurrectionem:

2174 4929 2306 4982 ﬁdei
2364 4944 2498 4999 ergo
2560 4932 2767 4981 nostrae
2820 4928 2898 4980 sic
2954 4928 3238 4994 convenit,
3285 4931 3347 4979 ut
3389 4926 3560 4979 homo
3601 4926 3753 4980 dicat
3807 4926 3875 4979 ad

2173 5019 2354 5071 Deum
2399 5033 2588 5071 suum.
2646 5019 2821 5083 Quare
2865 5032 2946 5069 me
2976 5016 3357 5084 dereliquisti‘?
3400 5014 3743 5084 Unigenitns
3775 5031 3875 5068 au-

2171 5114 2286 5161 tem
2338 5107 2484 5159 Deus
2516 5106 2612 5176 qui
2668 5104 3066 5176 inseparabilis
3123 5109 3209 5157 est
3240 5121 3269 5157 a
3311 5105 3475 5157 Patre
3535 5104 3722 5157 dicat:
3770 5105 3875 5169 Qui

2172 5211 2256 5251 me
2284 5198 2437 5249 misit
2476 5210 2678 5249 mecum
2725 5200 2821 5261 est,
2853 5210 2946 5247 nec
2982 5209 3062 5247 me
3105 5192 3412 5261 dereliquit.
3470 5193 3713 5246 Sanctus
3768 5197 3874 5245 Au-

2242 5340 2267 5381 b
2298 5337 2418 5404 Ms.,
2455 5337 2763 5393 danielo....
2796 5339 3017 5392 somnis.

2244 5418 2264 5443 °
2295 5409 2430 5463 Vide
2452 5426 2624 5479 supra
2664 5409 2832 5479 epist.
2872 5412 2921 5472 Ι,
2951 5425 3004 5463 n.
3038 5411 3088 5463 3.

2243 5482 2269 5522 ά
2303 5483 2422 5545 Ms.,
2455 5483 2607 5549 quia.
