4086 6182
155 323 237 377 425
1659 317 1804 378 EPIS

1920 318 2032 378 [ΑΕ.

156 456 378 526 gustinus
417 457 602 508 contra
651 451 1013 507 Priscilianos
1050 469 1061 506 :

157 546 404 614 sceptionc
459 545 694 597 alterum
758 559 957 596 eorum
1037 543 1096 595 in
1157 543 1401 596 alterum
1464 560 1796 597 conversum

161 641 301 702 atque
330 639 599 686 mutatum
632 637 743 685 est:
779 649 878 684 nec
907 632 1179 684 Divinitas
1211 632 1422 701 quippe
1454 632 1512 684 in
1543 639 1797 686 creatura

159 725 340 774 mutata
394 725 492 784 est,
549 725 613 772 ut
670 719 975 772 desisteret
1028 735 1148 771 esse
1201 726 1500 772 creatura:
1560 737 1695 772 nam
1755 721 1799 773 si

158 810 432 860 substantia
459 807 704 860 hominis
760 808 819 860 in
861 808 1165 860 Divinitate
1201 823 1472 861 conversa
1519 814 1622 875 est,
1655 825 1802 878 aug-

157 896 387 949 mentavit
417 896 642 965 aliquod
698 896 1044 951 Diviuitatis.
1081 896 1187 948 Sed
1223 897 1369 950 absit
1410 901 1474 950 ut
1524 914 1799 966 augmen-

158 993 255 1036 tum
283 984 506 1054 recipiat
537 984 839 1036 ineli'ahilis
870 984 1190 1053 plenitudo.
1246 985 1432 1038 Manet
1471 1002 1606 1054 ergo
1639 991 1796 1038 utra-

158 1088 244 1143 que
269 1072 382 1125 Filii
427 1079 626 1125 natura
656 1079 712 1126 et
741 1089 855 1126 una
887 1089 1153 1143 persona.
1195 1075 1395 1126 Beatus
1428 1075 1534 1126 Leo
1567 1079 1802 1144 aposto-

157 1162 250 1213 licae
281 1161 417 1214 sedis
449 1163 680 1215 antistes
722 1163 790 1214 ad
842 1163 1172 1214 Flavianum
1209 1163 1803 1232 Constantinopolita-

157 1265 267 1302 num
300 1267 311 1302 :
343 1251 396 1303 Et
429 1251 570 1303 sicut
599 1251 783 1304 forma
823 1251 972 1303 servi
1007 1251 1101 1304 Dei
1132 1251 1375 1304 formam
1408 1268 1524 1304 non
1563 1252 1798 1316 ademit,

157 1338 217 1390 ita
255 1338 421 1391 forma
464 1340 558 1392 Dei
613 1338 758 1392 servi
813 1340 1056 1392 formam
1090 1356 1206 1392 non
1242 1341 1469 1394 minuit.
1525 1343 1587 1393 Et
1630 1340 1802 1410 paulo

155 1431 258 1494 post
289 1442 300 1480 :
330 1429 386 1480 Et
415 1428 558 1480 sicut
589 1429 833 1482 Verbum
866 1430 936 1481 ab
968 1430 1294 1498 {equalitate
1324 1434 1576 1499 paternae
1607 1429 1801 1499 gloriae.

154 1531 246 1566 non
286 1517 496 1583 recedit,
547 1517 622 1568 ita
679 1533 808 1569 caro
861 1523 1121 1569 naturam
1169 1521 1342 1570 nostri
1404 1520 1630 1587 generis
1687 1536 1802 1571 non

156 1603 372 1672 reliquit.
408 1605 541 1657 ltem
579 1606 954 1674 Hieronymus
982 1607 1042 1658 in
1075 1607 1514 1660 Commentariis
1553 1608 1800 1676 Evange-

156 1692 327 1746 liorum
358 1695 663 1747 secundum
699 1695 1026 1748 Mattheeum
1061 1711 1073 1746 ἶ
1104 1697 1256 1748 Dia-it
1287 1698 1550 1750 Dominus
1581 1699 1802 1750 Domino

153 1797 260 1846 meo,
289 1783 400 1834 sede
430 1801 461 1836 α
507 1784 719 1837 dea-tris
769 1786 918 1850 meis,
953 1785 1114 1837 donec
1152 1800 1351 1852 ponam
1393 1788 1639 1839 inimicos
1689 1792 1804 1840 tuos

150 1870 397 1924 scabeltum
434 1872 635 1940 pedum
686 1879 898 1926 tuorum
949 1873 1114 1942 (Psul.
1156 1890 1262 1939 CIX,
1318 1873 1411 1942 1):
1460 1874 1676 1927 dictum
1723 1880 1806 1927 est

152 1958 239 2011 hoc
265 1975 367 2012 non
399 1961 709 2014 secundum
742 1963 798 2014 id
828 1963 978 2031 quod
1011 1963 1080 2015 de
1112 1978 1179 2014 eo
1214 1968 1380 2016 natus
1411 1963 1566 2016 estid
1603 1963 1800 2028 David,

153 2053 196 2099 et
234 2056 254 2080 ³
294 2050 592 2104 secundum
644 2049 700 2103 id
735 2053 884 2120 quod
918 2067 982 2103 ex
1016 2052 1176 2103 Patre
1220 2057 1386 2104 natus
1417 2068 1645 2121 semper
1673 2052 1799 2118 fuit,

151 2138 462 2203 prazveniens
489 2155 622 2190 eum
653 2139 773 2208 ipse
802 2155 918 2191 sua:
953 2139 1138 2190 carnis
1173 2140 1418 2192 Patrem.
1455 2141 1593 2193 item
1625 2141 1802 2193 sancti

153 2224 402 2278 Athanasii
448 2227 854 2280 Alexandrinae
897 2228 1054 2280 urbis
1119 2229 1267 2281 sedis
1322 2229 1573 2299 episcopi
1623 2229 1802 2282 sancti

155 2318 196 2366 et
235 2315 566 2383 confessoris,
617 2317 686 2369 ad
733 2317 1055 2385 Epictetum
1104 2317 1535 2371 Corinthiorum
1582 2318 1800 2386 episco-

154 2415 297 2468 pum:
341 2403 638 2467 Quomodo
671 2410 861 2458 autem
912 2406 999 2459 vel
1052 2405 1314 2459 dubitare.
1355 2406 1475 2459 ausi
1525 2411 1655 2459 sunt
1703 2406 1802 2476 qui

153 2489 380 2544 dicuntur
404 2493 738 2557 Christiani,
775 2493 884 2545 nisi
911 2494 1190 2546 Dominus
1228 2495 1324 2564 qui
1360 2511 1422 2547 ex
1466 2495 1637 2548 Maria
1669 2511 1800 2565 pro-

153 2579 287 2631 cessit
329 2581 494 2634 Filius
541 2582 778 2652 quidem
818 2581 1136 2634 substantia
1185 2588 1239 2634 et
1295 2588 1498 2635 natura
1545 2584 1640 2635 Dei
1694 2588 1797 2636 est.

152 2667 280 2729 Quod
311 2677 490 2723 autem
522 2670 839 2723 secundum
868 2686 1118 2735 carnem,
1153 2687 1215 2723 ex
1240 2671 1455 2723 semine
1485 2671 1660 2723 David
1695 2677 1799 2736 est,

155 2762 198 2808 et
223 2774 370 2811 carne
421 2766 633 2812 sanctas
694 2759 900 2812 Mariae.
959 2760 1096 2812 Item
1131 2759 1188 2811 in
1239 2759 1382 2812 libro
1425 2759 1605 2812 sancti
1661 2762 1802 2813 Am-

151 2845 295 2898 brosii
339 2853 393 2901 et
441 2847 784 2901 confessoris
830 2848 1263 2901 Mediolanensis
1310 2847 1590 2914 Ecclesiae,
1647 2849 1803 2918 quod

152 2935 276 2988 misit
321 2939 386 2990 ad
441 2938 855 3008 imperatorem
905 2938 1234 2991 Gratianum
1286 2937 1439 2990 inter
1483 2942 1689 2990 caetera
1741 2938 1801 2991 in

3502 335 3603 388 4⁵26

1115 454 1308 523 Neque
1362 454 1514 506 enim
1570 454 1669 507 illa
1715 471 1802 509 su-
1839 459 1887 512 A
1917 457 2095 509 nostri
2130 473 2243 510 non
2290 474 2543 523 carnem,
2576 459 2670 512 sed
2711 459 2804 512 Dei
2859 460 3098 514 Verbum
3148 462 3316 516 unius
3349 465 3605 519 substan-

1911 545 2003 598 tiae
2053 561 2181 597 cum
2235 547 2395 600 Patre
2437 563 2556 600 csse
2589 548 2902 602 dixerunt:
2960 551 3205 603 Verbum
3251 553 3485 621 quidem
3538 572 3604 608 ex

1909 637 2149 703 paterna
2212 635 2549 703 processisse
2607 636 2939 698 substantia,
2999 654 3227 691 carnem
3291 647 3480 694 autem
3540 661 3602 697 ex

1913 722 2141 791 Virgine
2172 739 2292 775 esse
2322 723 2562 776 confessi
2599 727 2755 777 sunt.
2803 747 2821 769 ι»

1979 815 2030 863 7.
2070 811 2132 863 Et
2163 811 2298 880 quia
2329 813 2494 864 nobis
2526 812 2770 865 scribere
2803 814 3108 883 prawidisti
3145 816 3295 884 quod
3332 816 3388 869 in
3425 818 3605 888 Ephe-

1909 899 2032 952 sina
2056 900 2270 969 synodo
2301 901 2643 966 continetur,
2677 902 2775 955 ubi
2804 903 2870 955 ad
2914 904 3100 956 locum
3138 904 3216 956 sic
3256 906 3558 959 adnotatur
3589 925 3600 960 ε

1911 987 1966 1040 Si
1999 988 2126 1058 quis
2162 990 2468 1042 contitetur
2498 1006 2728 1042 carnem
2785 992 2882 1043 Dei
2913 991 3336 1047 viviticatricem
3385 1012 3506 1048 esse
3550 1003 3607 1049 ct

1908 1078 2198 1146 propriam
2249 1077 2426 1146 ipsius
2458 1077 2623 1131 Verbi
2678 1078 2774 1131 Dei
2809 1079 3010 1141 Patris,
3058 1080 3154 1133 sed
3185 1083 3338 1134 velut
3370 1084 3605 1136 alterius

1910 1170 2118 1234 praeter
2146 1165 2336 1234 ipsum
2382 1167 2670 1235 conjuncti
2703 1168 2889 1221 eidem
2924 1185 3025 1239 per
3078 1169 3435 1239 dignitatem,
3511 1179 3606 1225 aut

1912 1250 2074 1322 quasi
2107 1251 2352 1304 divinam
2387 1253 2804 1307 habitationem
2854 1256 3137 1323 habentis,
3172 1274 3234 1309 ac
3263 1274 3377 1310 non
3418 1259 3606 1328 potius

1913 1346 1974 1392 ut
2022 1341 2283 1402 diximus,
2357 1341 2776 1396 viviticatriceui
2839 1361 2980 1409 esse,
3043 1346 3347 1399 anathema
3393 1347 3484 1399 sit.
3548 1347 3604 1401 Si

1913 1428 2067 1481 enim
2100 1429 2238 1482 dicis
2273 1429 2407 1499 quia
2438 1432 2673 1500 propria
2705 1437 2788 1484 est
2820 1433 2918 1485 Dei
2966 1434 3166 1500 Patris,
3218 1436 3372 1505 quod
3426 1436 3605 1489 sancti

1914 1519 2103 1569 Patres
2136 1518 2372 1571 minimo
2405 1520 2572 1572 credo
2607 1526 2662 1572 ut
2722 1521 2795 1573 ita
2835 1523 3100 1587 dixerint,
3152 1540 3288 1591 ergo
3328 1523 3603 1576 Sabellia-

1911 1621 2046 1659 nam
2078 1606 2344 1660 haeresim
2376 1615 2600 1661 secutus
2643 1609 2942 1670 videberis,
2978 1612 3073 1682 qui
3109 1612 3247 1664 dicis
3293 1613 3426 1683 quia
3474 1630 3602 1682 pro-

1914 1694 2037 1764 pria
2067 1699 2150 1748 est
2181 1711 2308 1748 caro
2344 1697 2442 1749 Dei
2469 1697 2669 1762 Patris,
2701 1703 2756 1750 et
2793 1698 3002 1752 iterum
3037 1701 3270 1770 propria
3301 1707 3385 1753 est
3417 1702 3600 1754 Verbi.

1915 1783 2070 1846 Quod
2136 1789 2330 1837 sancta
2379 1787 2631 1854 synodus
2694 1787 2976 1854 Ephesina
3038 1788 3275 1841 minime
3328 1789 3597 1843 decrevit.

1915 1872 2138 1926 Etenim
2172 1873 2322 1926 inter
2352 1880 2553 1926 cratera
2577 1879 2770 1927 noster
2802 1875 3148 1940 Vincentius,
3187 1876 3345 1940 dicis,
3375 1877 3600 1930 cuidam

1912 1959 2229 2030 implorans
2276 1961 2466 2015 taliter
2494 1961 2629 2014 dicit
2661 1979 2674 2015 :
2711 1963 2808 2015 Illa
2847 1962 3016 2016 facies
3061 1980 3234 2033 quam
3268 1969 3394 2034 post
3437 1965 3604 2018 meri-

1913 2049 2064 2102 diem
2109 2050 2345 2103 colouus
2388 2050 2633 2119 paradisi
2677 2051 2824 2104 ferre
2857 2051 3141 2105 sustinens
3187 2053 3333 2122 fugit
3376 2058 3430 2106 et
3477 2058 3606 2122 post

1911 2154 2016 2207 pro
2048 2137 2202 2191 illius
2230 2143 2284 2190 et
2314 2138 2508 2208 stirpis
2538 2139 2659 2208 ejus
2685 2140 3139 2210 transgressione
3168 2141 3348 2210 sputis
3376 2141 3444 2194 ab
3479 2141 3604 2194 inti-

1913 2227 2135 2280 delibus
2175 2226 2460 2280 sordidata
2490 2231 2592 2292 est,
2643 2227 2721 2281 ita
2751 2228 2912 2281 vobis
2951 2229 3087 2282 dum
3119 2228 3178 2281 in
3223 2229 3354 2298 igne
3386 2229 3606 2282 venerit

1908 2315 2165 2384 judicare
2214 2315 2508 2382 saeculum,
2547 2316 2602 2368 in
2645 2317 3076 2386 tranquillitatis
3107 2322 3162 2370 et
3217 2317 3371 2387 pacis
3417 2318 3605 2387 specie

1913 2420 2035 2456 sese
2060 2404 2257 2473 jubeat
2285 2397 2698 2458 demonstrare.
2742 2406 2876 2458 Vide
2907 2423 2978 2459 ne
3029 2406 3379 2459 contrarium
3411 2406 3607 2461 videa-

1911 2496 2007 2545 tur
2069 2493 2222 2563 quod
2276 2510 2448 2563 supra
2485 2495 2693 2546 sanctis
2752 2494 3010 2547 Patribus
3055 2495 3354 2564 probatum
3397 2500 3501 2548 est.
3549 2495 3606 2549 Si

1911 2579 2010 2633 illa
2071 2581 2258 2645 facies,
2313 2598 2486 2652 quam
2543 2584 2775 2635 colonus
2815 2583 3049 2653 paridisi
3116 2583 3301 2652 fugiit,
3354 2583 3607 2653 subjecta

1913 2674 2173 2723 creatura
2227 2670 2354 2735 fuit,
2410 2675 2466 2723 et
2514 2676 2775 2724 creatura
2833 2688 3132 2742 corporea;
3191 2672 3289 2725 sed
3345 2688 3463 2726 non
3538 2673 3606 2726 de
3687 2739 3694 2743 _

1913 2759 2129 2812 semine
2163 2759 2338 2812 David
2367 2764 2517 2825 nata,
2555 2760 2653 2813 sed
2687 2761 2941 2814 nonduin
2975 2761 3290 2814 divinitatis
3333 2777 3397 2814 ex
3429 2761 3606 2831 stirpe

1918 2849 2091 2902 David
2123 2853 2441 2918 corporata,
2493 2849 2591 2902 sed
2639 2850 2893 2902 nondum
2936 2849 2996 2902 in
3029 2853 3288 2919 tempore
3341 2855 3487 2904 nata.
3545 2851 3607 2904 Et

1913 2936 2050 3006 quid
2072 2937 2431 2990 sentiendum
2467 2943 2550 2990 est
2581 2937 2648 2991 de
2681 2953 2748 2991 eo
2775 2939 2922 3007 quod
2955 2939 3261 3006 Apostolus
3285 2938 3438 3006 dicit,
3471 2939 3605 3008 quia

151 3023 266 3077 libro
295 3028 530 3081 secundo
565 3043 578 3080 :
620 3047 645 3076 «
678 3027 814 3079 Inde
847 3026 989 3079 illud
1029 3028 1179 3096 quod
1211 3027 1424 3080 lectum
1456 3031 1556 3093 est,
1609 3026 1804 3080 Domi-
1843 3027 1886 3082 C
1913 3028 2094 3091 factus
2148 3030 2224 3078 est
2273 3041 2340 3077 ea:
2396 3028 2594 3078 semine
2650 3025 2836 3078 David
2895 3026 3186 3078 secundum
3233 3041 3466 3093 carnem,
3511 3030 3609 3096 qui

150 3127 261 3165 num
290 3117 595 3184 majestatis
625 3115 955 3167 crucilixnni
1000 3131 1118 3167 esse
1152 3117 1175 3156 ι)
1207 3114 1260 3182 (I
1302 3118 1418 3169 Cor.
1469 3131 1528 3174 ιι,
1583 3115 1661 3184 ‘2),
1707 3131 1806 3184 pu-

149 3206 320 3266 temus,
351 3205 441 3258 sed
476 3205 617 3273 quia
649 3205 797 3257 idem
833 3205 976 3255 Deus
1027 3203 1181 3256 idem
1230 3203 1402 3256 homo
1450 3220 1552 3272 per
1590 3202 1804 3256 divini-

149 3294 292 3344 tatem
323 3295 479 3358 Deus,
525 3309 634 3362 per
677 3292 1094 3362 susceptionem
1126 3293 1312 3344 carnis
1344 3292 1516 3344 homo
1549 3291 1805 3345 Christus

145 3378 275 3432 Iesus
335 3382 611 3435 Dominus
666 3381 974 3450 majestatis
1035 3381 1244 3434 dicitur
1293 3381 1615 3434 crucifixus.
1666 3403 1685 3426 ν
1745 3380 1806 3432 Et

151 3473 251 3532 post
290 3485 495 3538 pauca:
556 3495 582 3517 ι
619 3469 939 3534 Servemus,
992 3470 1202 3540 inquit,
1234 3471 1658 3524 distinctionem
1714 3469 1804 3522 Di-

147 3554 360 3610 vinitatis
406 3565 460 3612 et
513 3560 722 3611 carnis.
771 3560 922 3612 Unus
989 3559 1048 3612 in
1097 3565 1337 3629 utroque
1391 3559 1650 3629 loquitur
1708 3557 1805 3611 Dei

149 3642 309 3709 Filius,
340 3648 471 3716 quia
501 3647 565 3701 in
600 3648 797 3701 eadem
833 3653 1074 3717 utraque
1113 3655 1314 3701 natura
1345 3653 1445 3700 est.
1482 3649 1544 3700 Et
1575 3648 1620 3699 si
1652 3647 1805 3700 idem

147 3730 384 3802 loquitur,
431 3753 550 3790 non
583 3753 702 3790 uno
747 3753 975 3806 semper
1026 3737 1279 3807 loquitur
1319 3737 1524 3790 modo:
1571 3736 1806 3790 intende

145 3818 190 3871 in
216 3837 273 3874 eo
316 3841 460 3876 nunc
494 3825 744 3895 gloriam
803 3825 923 3889 Dei,
975 3841 1129 3878 nunc
1182 3824 1432 3879 hominis
1489 3825 1802 3894 passiones.

145 3908 287 3970 Quasi
313 3913 456 3966 Deus
499 3913 762 3983 loquitur
789 3929 918 3984 quae
962 3919 1096 3967 sunt
1141 3914 1351 3978 divina,
1385 3914 1520 3982 quia
1560 3913 1806 3966 Verbum

144 4003 211 4050 est
239 4015 250 4052 :
281 4001 436 4070 quasi
466 4003 648 4055 homo
683 4002 820 4056 dicit
846 4019 972 4072 quae
1005 4007 1135 4055 sunt
1164 4003 1438 4066 humana,
1471 4001 1606 4071 quia
1655 4001 1714 4054 in
1741 4018 1808 4055 ea

143 4086 422 4143 substantia
468 4091 832 4161 loquebatur.
866 4092 1009 4145 Item
1053 4091 1306 4159 ejusdem
1347 4090 1409 4143 in
1431 4091 1576 4144 libro
1618 4091 1807 4143 lncar—

143 4177 360 4232 nationis
410 4180 646 4234 Domini
696 4185 890 4234 contra
935 4179 1410 4251 Apollinaristas:
1456 4180 1620 4233 «Sed
1668 4179 1807 4233 dum

142 4261 226 4317 hos
253 4269 670 4339 redarguimus,
705 4274 1011 4338 emergunt
1039 4268 1158 4332 alii,
1190 4268 1289 4338 qui
1315 4283 1544 4320 carnem
1577 4267 1808 4321 Domini

142 4350 312 4408 dicunt
351 4363 403 4410 et
459 4356 827 4410 Divinitatem
878 4357 1049 4410 unius
1095 4363 1330 4410 naturae.
1383 4356 1520 4420 Qua:
1582 4361 1806 4410 tantum

141 4441 471 4514 sacrilegium
514 4445 742 4498 inferna
781 4450 1124 4498 vomuerunt
1142 4446 1168 4498 ί]
1221 4446 1343 4498 Jam
1391 4445 1808 4498 tolerabiliores

143 4535 254 4584 sunt
297 4533 514 4599 Ariani,
562 4550 811 4603 quorum
843 4550 944 4603 per
975 4535 1111 4587 istos
1163 4535 1338 4587 robur
1370 4534 1627 4604 perﬁdiae
1673 4535 1806 4588 ado-

141 4615 294 4687 lescit,
341 4627 404 4675 ut
473 4623 725 4692 majores
783 4623 1152 4676 contentione
1183 4627 1442 4676 asserant
1495 4625 1718 4676 Patrem
1753 4629 1809 4676 et

142 4705 320 4763 Filium
349 4716 405 4765 et
429 4712 710 4782 Spiritum
741 4717 996 4766 sanctum
1029 4711 1197 4764 unius
1240 4729 1354 4764 non
1382 4728 1501 4764 esse
1547 4712 1810 4765 substan-

140 4793 277 4862 ἥξει,
311 4801 441 4870 quia
494 4801 588 4854 isti
641 4800 1006 4853 Divinitatem
1054 4801 1278 4854 Domini
1314 4805 1370 4853 et
1413 4816 1641 4853 carnem
1683 4800 1809 4853 sub-

140 4888 338 4942 stantiae
407 4889 583 4944 unius
656 4888 842 4943 dicere
895 4894 1303 4943 tentaverunt:
1360 4890 1500 4943 Item
1557 4889 1806 4942 ninfra:

144 4993 165 5018 ‹‹
189 4975 247 5028 Et
269 4976 325 5030 hi
352 4977 497 5031 mihi
535 4978 867 5047 frequenter
903 4978 1116 5032 Nicaeui
1144 4978 1370 5032 concilii
1420 4994 1477 5031 se
1507 4982 1810 5032 tractatum

139 5063 312 5120 tenere
366 5071 844 5121 commemorant.
887 5066 996 5121 Sed
1036 5067 1098 5120 in
1150 5067 1250 5121 illo
1312 5071 1559 5121 tractatu
1616 5068 1811 5120 Patres

199 5216 221 5240 ⁸
248 5209 527 5280 Corrupta
554 5210 726 5263 verba
759 5227 772 5262 :
807 5210 885 5264 sic
929 5215 1122 5265 autem
1163 5211 1522 5264 emendanda
1557 5226 1570 5263 :
1623 5211 1683 5263 id
1737 5214 1814 5263 est

141 5276 196 5352 de
222 5281 414 5352 David,
427 5276 546 5334 sed
571 5281 882 5344 secundum,
917 5287 1048 5346 etc.,
1069 5298 1134 5335 ex
1167 5283 1510 5352 Hieronymo
1544 5281 1640 5334 lib.
1676 5297 1727 5333 iv
1754 5282 1814 5334 in

143 5347 338 5422 itatth.,
379 5369 506 5421 cap.
567 5368 702 5415 xxu,
757 5353 846 5418 44,
897 5353 990 5405 ubi
1039 5353 1273 5422 inquit:
1334 5347 1586 5407 Domi-nus
1642 5355 1814 5419 igitur

145 5420 300 5492 David
340 5420 584 5488 vocatur,
616 5439 723 5476 non
768 5424 1061 5477 secundum
1089 5420 1152 5476 id
1181 5424 1324 5492 quod
1349 5425 1414 5476 de
1443 5439 1499 5477 eo
1520 5428 1683 5476 natus
1713 5427 1810 5488 est,

141 5491 222 5564 sed
240 5491 405 5562 juxta
434 5493 497 5546 id
519 5493 662 5561 quod
699 5499 860 5548 natus
886 5510 953 5547 ea:
1000 5497 1162 5548 Patre
1197 5511 1406 5564 semper
1432 5497 1562 5562 fuit,
1609 5509 1813 5562 praeve-

142 5563 278 5616 niens
309 5567 487 5632 ipsum
517 5567 698 5617 carnis
727 5580 837 5619 suae
863 5570 1095 5633 patrem.

202 5634 223 5674 δ
246 5634 459 5689 Desunt
497 5634 587 5688 hic
617 5651 746 5704 quas
777 5636 924 5705 apud
951 5636 1318 5690 Ambrosium
1349 5640 1571 5689 exstant
1609 5634 1705 5687 lib.
1753 5651 1811 5698 ιι,

481 5733 758 5798 ΡΑτιιοιι.
811 5734 994 5826 CXXI
1008 5783 1022 5799 .

1911 3114 2327 3184 prwdcstinatus
2349 3117 2427 3165 est
2452 3114 2622 3165 Filius
2653 3115 2746 3165 Dei
2777 3115 2947 3178 (Rom.
2983 3130 3018 3177 ι,
3056 3113 3132 3181 3).
3159 3113 3606 3167 Praedestinatur

1915 3202 2089 3266 enim,
2123 3203 2204 3254 uti
2225 3202 2530 3270 praeclarus
2543 3201 2925 3271 Hieronymus
2940 3202 3096 3266 dicit,
3112 3202 3210 3271 qui
3227 3202 3482 3255 nondum
3498 3209 3600 3257 est.

1916 3292 1980 3344 Et
2009 3290 2146 3360 quid
2178 3289 2569 3343 arbitrandum
2610 3295 2693 3343 est
2723 3291 2790 3344 de
2821 3291 3012 3343 anima
3040 3293 3190 3356 Jesu,
3233 3292 3301 3344 de
3334 3307 3448 3361 qua
3478 3291 3557 3345 ait
3586 3308 3599 3345 :

1919 3381 2114 3432 Tristis
2153 3383 2230 3432 est
2259 3380 2444 3431 anima
2476 3394 2591 3431 mea
2622 3394 2789 3446 usque
2835 3380 2908 3431 ad
2953 3385 3174 3433 mortem
3206 3378 3423 3447 (Matth.
3456 3396 3601 3449 xxvr,

1916 3470 2034 3534 38);
2096 3475 2152 3520 et
2198 3468 2266 3520 de
2297 3483 2454 3536 quo:
2505 3465 2821 3521 Potestatem
2866 3468 3030 3521 habeo
3070 3468 3308 3536 ponendi
3365 3470 3604 3523 animam

1913 3571 2082 3608 meam
2117 3558 2290 3624 (Joan.
2333 3572 2386 3622 x,
2422 3558 2542 3624 18);
2578 3560 2633 3609 et
2672 3557 2806 3610 item
2843 3573 2854 3609 :
2902 3559 3102 3610 Anima
3133 3573 3250 3610 mea
3277 3558 3498 3611 turbata
3528 3563 3606 3612 est

1915 3645 2182 3712 usquead
2227 3650 2448 3698 mortem
2480 3645 2650 3710 (.Ioan.
2675 3661 2772 3710 xu,
2805 3647 2918 3712 27),
2968 3661 3095 3714 qum
3130 3661 3246 3699 non
3277 3646 3344 3698 de
3383 3647 3602 3700 semine

1916 3731 2091 3786 David
2125 3731 2439 3785 descendit.
2479 3733 2746 3801 Nunquid
2771 3736 2826 3784 et
2856 3732 2979 3801 ipsa
3001 3734 3192 3786 anima
3219 3733 3278 3786 in
3310 3733 3434 3802 ipsa
3464 3736 3605 3789 facie

1908 3821 2032 3890 jam
2062 3827 2197 3873 tunc
2226 3819 2412 3888 posita
2443 3819 2605 3873 erat?
2639 3821 2936 3883 Quomodo
2968 3837 3105 3890 ergo
3159 3822 3416 3882 dicemus
3441 3839 3606 3876 verus

1918 3910 2065 3962 Deus
2105 3913 2161 3961 et
2191 3925 2357 3960 verus
2391 3909 2585 3974 homo,
2627 3913 2684 3960 et
2712 3925 2746 3961 a
2788 3918 2968 3961 matre
3001 3914 3166 3962 natus
3197 3914 3476 3979 tempore,
3509 3912 3606 3966 sed

1917 3999 2301 4068 sempiternus
2341 4013 2373 4050 a
2408 3998 2590 4050 Patre.
2633 3998 2746 4050 Et:
2801 3997 2990 4051 Induit
3038 4014 3292 4067 carnem,
3339 3999 3434 4054 sed
3487 4015 3605 4052 non

1917 4087 2075 4140 exuit
2121 4087 2505 4156 majestatem;
2534 4102 2726 4139 veram
2766 4102 2998 4141 carnem
3029 4103 3095 4140 ex
3122 4088 3397 4142 maternis
3427 4088 3605 4142 visce-

1917 4175 2076 4230 ribus
2107 4181 2328 4229 tantum
2353 4176 2473 4229 sine
2501 4181 2756 4246 peccato.
3423 4233 3431 4240 ,

1989 4268 2040 4318 8.
2090 4264 2253 4328 Quod
2313 4282 2416 4318 nos
2471 4266 2720 4335 graviter
2751 4264 2976 4318 molesti
3035 4265 3190 4331 estis,
3223 4270 3279 4320 et
3308 4265 3458 4336 quod
3490 4282 3608 4320 non

1847 4330 1891 4383 D
1917 4359 2138 4408 tantum
2178 4354 2385 4423 pugnis
2426 4330 2500 4407 et.
2523 4353 2792 4419 calcibus,
2833 4355 2932 4408 sed
2973 4355 3159 4408 crudis
3179 4330 3436 4410 travibus
3467 4356 3610 4408 mul-

1917 4448 2038 4497 tare
2062 4443 2317 4512 jussistis
2347 4459 2450 4511 pro
2491 4443 2712 4496 tardato
2735 4443 3047 4513 reciproco,
3083 4448 3137 4497 et
3175 4444 3380 4498 codicis
3439 4445 3610 4498 vestri

1917 4531 2278 4595 transmissu,
2338 4531 2518 4582 fateor
2574 4546 2663 4583 me
2720 4547 2835 4583 non
2900 4531 3264 4585 mediocriter
3334 4538 3604 4586 erratum.

1917 4621 2148 4674 Meliora
2179 4623 2305 4672 sunt
2334 4619 2555 4671 verbera
2597 4619 2771 4686 ﬁdelis
2820 4619 3008 4682 amici,
3054 4637 3216 4688 quam
3259 4623 3440 4674 oscula
3491 4623 3610 4687 fal—

1919 4710 2090 4764 lentia
2123 4707 2340 4760 inimici
2375 4707 2533 4775 (Prov
2565 4723 2729 4772 xxvu,
2764 4707 2836 4776 6).
2867 4708 3129 4775 Legimus
3160 4709 3309 4778 apud
3349 4710 3612 4780 antiquos

1920 4797 2309 4867 philosophos,
2339 4811 2467 4848 cum
2500 4794 2912 4864 discipulorum
2943 4796 3308 4850 Antisthenes
3338 4797 3363 4838 ἀ
3392 4798 3611 4850 nullum

1918 4887 2217 4956 reciperet,
2251 4890 2307 4938 et
2336 4889 2792 4954 perseverantem
2824 4884 3132 4954 Diogenem
3163 4901 3455 4938 removere
3497 4901 3612 4938 non

1919 4980 2129 5045 posset,
2161 4975 2376 5027 clavam
2408 4973 2657 5025 minatus
2696 4977 2801 5038 est,
2840 4972 2951 5025 nisi
2981 4973 3194 5039 abiret;
3231 4974 3322 5027 cui
3353 4974 3448 5027 ille
3478 4973 3611 5026 sub-

1916 5065 2116 5136 jecisse
2145 5063 2351 5118 dicitur
2375 5065 2565 5132 caput,
2595 5065 2765 5132 atque
2813 5060 3020 5115 dixisse
3053 5078 3065 5115 :
3118 5063 3316 5116 Nullus
3347 5067 3461 5115 tam
3511 5063 3614 5115 du-

1923 5207 1991 5261 ad
2047 5206 2401 5261 Gratianum.
2451 5220 2574 5273 cap.
2626 5203 2659 5256 4
2709 5204 3042 5256 :Dominum
3100 5204 3406 5272 majestatis
3449 5207 3617 5257 cruci-

1920 5283 2093 5348 ﬁzrum
2152 5293 2278 5341 esse,
2340 5291 2445 5329 non
2494 5279 2656 5344 quasi
2708 5276 2765 5327 in
2809 5275 3093 5342 majestate
3143 5289 3243 5327 sua
3298 5276 3616 5344 cruciﬁxum

1917 5354 2187 5418 putemus,
2235 5353 2338 5400 etc.

1994 5429 2014 5452 ε
2052 5420 2171 5484 Ms.,
2204 5418 2567 5471 substantiam
2599 5433 2611 5470 :
2643 5416 2739 5470 sed
2774 5415 2831 5468 in
2881 5414 3167 5469 Ambrosii
3205 5418 3380 5482 textu,
3414 5433 3535 5487 cap.
3587 5421 3616 5472 6

1925 5490 2056 5545 libri
2080 5491 2148 5542 de
2171 5488 2582 5546 incarnatione.
2608 5488 2944 5542 substantiae.

1992 5559 2017 5596 ί¹
2048 5561 2139 5614 Ms.
2157 5601 2168 5620 ,
2204 5561 2575 5612 Antistitenes.

3232 5733 3312 5788 14
