4086 6182
430 295 531 349 42⁸7

1793 291 2046 346 ALVARI
2086 289 2571 347 CORDUBENSIS

3833 296 3938 349 428

433 445 532 483 rus
571 425 805 482 baculus
844 428 929 478 est
960 423 1060 494 qui
1091 438 1183 476 me
1216 439 1247 475 a
1292 426 1390 476 tuo
1420 421 1602 491 possit
1649 421 1924 491 obsequio
1958 438 2119 493 sepa-
2159 431 2205 481 Α
2237 423 2557 477 testimonia
2587 423 2633 475 si
2664 423 2822 493 cupis
2872 439 3146 493 concerpe
3180 440 3192 476 :
3245 423 3402 487 mihi,
3434 431 3497 478 ut
3551 426 3745 493 credo,
3796 428 3943 481 nihil

431 533 578 572 rare.
618 517 679 569 Et
710 530 814 583 ego
845 528 974 566 cum
1006 528 1072 565 eo
1104 512 1323 565 dicam:
1360 510 1558 564 Nullus
1591 514 1707 564 tam
1731 511 1908 565 durus
1939 526 2126 565 sermo

434 623 552 661 esse
580 608 784 675 potest,
820 603 918 672 qui
969 618 1058 655 me
1091 618 1124 654 a
1172 606 1358 654 vestra
1405 599 1698 666 charitate,
1747 617 1778 653 a
1824 605 2124 669 vestraque

432 693 731 747 dulcedine
754 692 931 762 possit
963 691 1341 760 disrumpere.

502 785 552 835 9.
590 784 666 836 De
696 781 871 835 trium
897 797 1027 833 vero
1055 780 1392 833 ancillarum
1426 781 1743 831 vestrarum
1778 778 2117 847 migratione

432 887 498 924 ex
531 887 627 924 ore
650 870 832 940 patris
865 869 1187 922 communis
1209 868 1401 921 audivi
1426 867 1643 937 integre
1666 883 1679 919 :
1704 866 1881 921 Nolite
1898 868 2123 920 contris-

432 962 562 1027 tari,
595 962 734 1012 sicut
766 962 816 1011 et
845 959 1022 1011 caeteri
1066 959 1162 1024 qui
1194 972 1340 1025 spem
1389 972 1493 1009 non
1530 956 1727 1008 habent
1758 958 1804 1025 (Ι
1833 956 2020 1010 Thess.
2048 971 2121 1020 1v,

434 1050 543 1118 1'2).
588 1048 842 1101 Dominus
868 1045 1038 1109 dedit,
1080 1045 1337 1098 Dominus
1369 1044 1613 1109 abstulit,
1660 1046 1732 1096 sit
1772 1058 1961 1097 nomen
2008 1047 2123 1097 Do—

429 1139 566 1191 mini
595 1135 926 1189 benedictum
967 1136 1025 1187 in
1073 1134 1266 1187 sa‘cula
1323 1132 1439 1199 (Job
1491 1148 1527 1191 ι,
1571 1134 1680 1201 21).
1732 1132 1968 1202 Oportet
2019 1148 2123 1185 nos

428 1242 533 1297 per
560 1223 767 1278 multas
793 1221 1191 1275 tribulationes
1220 1220 1412 1274 venire
1438 1221 1508 1273 ad
1540 1220 1845 1284 Christum,
1884 1221 2120 1273 Domino

432 1315 701 1368 dicente:
745 1311 979 1365 Mundus
1036 1309 1315 1375 gaudebit,
1366 1324 1457 1362 vos
1504 1313 1682 1362 autem
1740 1310 2119 1374 tristabimini,

429 1400 523 1455 sed
552 1401 784 1455 tristitia
804 1404 985 1452 vestra
1008 1402 1240 1451 vertetur
1266 1399 1323 1450 in
1346 1397 1611 1463 gaudium
1643 1396 1816 1467 (Joan.
1860 1414 1970 1464 xvn,
2009 1397 2117 1467 20).

431 1491 746 1543 Mereamur
790 1493 976 1542 tecum
1010 1486 1292 1540 coadunes
1341 1486 1492 1539 otius
1532 1485 1664 1538 siste
1710 1495 1734 1519 α
1764 1502 2118 1539 communes.

430 1576 686 1630 Salutare
717 1592 1002 1647 praesumo
1036 1590 1139 1643 per
1172 1590 1234 1627 os
1266 1580 1515 1627 vestrum
1574 1589 1805 1627 omnem
1856 1576 2119 1627 decorem

428 1666 633 1718 domus
681 1670 899 1718 vestrm.
952 1664 1169 1717 Salutat
1218 1680 1316 1715 vos
1364 1663 1573 1716 domna
1636 1662 1928 1716 Froisinda
1988 1679 2118 1715 cum

429 1754 559 1807 tiliis
598 1753 734 1820 suis,
772 1752 897 1806 sani
944 1758 999 1806 et
1048 1752 1385 1819 incolumes,
1440 1757 1497 1804 et
1530 1751 1704 1805 tritici
1753 1751 2121 1806 multitudine

431 1843 761 1913 locupletes.
791 1842 980 1895 Direxi
1010 1841 1170 1895 vobis
1192 1841 1352 1894 illum
1380 1843 1404 1883 ιι
1434 1841 1844 1910 glossematum
1874 1845 1930 1894 et
1947 1841 2120 1911 ephe-

429 1932 698 1993 merides,
761 1931 1154 1984 indesinenter
1185 1930 1395 1999 gratias
1444 1929 1714 1983 referens.
1766 1931 1979 1984 Merear
2026 1947 2118 1984 ve-

428 2027 603 2075 stram
627 2021 963 2089 jucumdam
990 2018 1246 2088 accipere
1272 2018 1564 2087 scriptam.
1601 2018 1763 2071 Finit.

428 2264 563 2306 ITEM'
618 2267 864 2305 EPISTOLA
930 2266 1125 2303 ALVARI
1184 2266 1400 2314 JOANNI,
1469 2266 1555 2303 CUI
1620 2266 1808 2314 SL'PRA,
1874 2266 2119 2305 DIRECTA.

498 2377 728 2430 Aurelio
763 2374 949 2429 Flavio
979 2375 1178 2428 JOANNI
1213 2374 1421 2427 Paulus
1456 2376 1728 2428 ALVARUS.

502 2468 550 2517 1,
606 2465 857 2534 Eugloge
888 2462 1139 2532 emperie
1187 2466 1383 2516 vestrae
1430 2466 1782 2515 summentes
1805 2462 2049 2515 eufrasia
2080 2473 2117 2528 °,

428 2552 543 2606 imo
566 2552 812 2620 energies
843 2556 1243 2621 percurrentes
1278 2551 1550 2620 epitoma,
1579 2551 1835 2619 jucunda
1865 2551 2010 2605 facta
2038 2556 2123 2605 est

426 2641 636 2705 anima,
671 2640 807 2692 dum
837 2640 924 2693 vel
956 2655 1077 2693 sere
1105 2639 1293 2693 dilecti
1342 2639 1550 2691 meruit
1580 2655 1919 2708 cognoscere
1966 2656 2119 2693 com-

426 2729 618 2783 moda.
658 2728 815 2782 Unde
856 2728 990 2797 quia
1029 2728 1252 2797 prolixa
1300 2727 1567 2781 facundia
1618 2733 1911 2781 oratorum
1960 2745 2119 2782 more

428 2816 763 2871 rethoricari
792 2822 876 2869 est
897 2815 1033 2883 visa,
1070 2820 1121 2868 et
1156 2821 1351 2868 contra
1384 2816 1680 2869 tenuitatis
1710 2820 1917 2869 nostra:
1951 2816 2117 2870 insci-

426 2906 503 2958 tia
535 2922 743 2975 magua
772 2902 798 2937 ἀ
827 2905 1126 2957 doctorum
1177 2920 1312 2956 usus
1345 2920 1403 2956 es
1431 2904 1692 2970 ﬂumina,
1728 2920 1800 2957 ne
1832 2905 2118 2974 iperbato-

427 2994 569 3049 uicis
602 3003 622 3028 ο
652 2994 875 3047 casibus
906 2992 1170 3059 serviam,
1207 2999 1261 3045 et
1294 3009 1423 3063 quae
1455 2994 1622 3063 cupio
1649 3010 1759 3046 non
1793 2993 2112 3065 expediam,

425 3084 521 3137 sed
552 3083 878 3148 involvam;
913 3081 1162 3134 breviter
1195 3097 1258 3133 ac
1290 3080 1572 3134 succincte
1605 3081 1953 3136 defensionis
1978 3099 2118 3136 meae

422 3172 641 3226 ordiam
671 3173 865 3226 telam.

493 3263 546 3315 2.
586 3261 965 3315 Praetermitto
1005 3257 1158 3312 enim
1190 3257 1627 3311 demulcationis
1656 3256 1975 3311 disertioris
2024 3275 2119 3311 ve-

424 3353 554 3401 strm
603 3346 980 3417 praeconium,
1036 3362 1149 3415 quo
1199 3350 1370 3413 caput
1410 3361 1602 3398 meum
1651 3362 1873 3416 ungens
1922 3346 2119 3398 niteris

424 3436 705 3489 mellitum
755 3435 901 3488 mihi
953 3433 1215 3502 inﬂigere
1263 3434 1537 3502 gladium.
1588 3435 1654 3486 Et
1719 3450 1790 3486 ne
1847 3449 2119 3487 onerosus

425 3525 607 3578 multa
663 3523 904 3575 dicendo
962 3521 1095 3573 tiam
1150 3520 1497 3589 legentibus,
1556 3536 1620 3573 ea
1678 3525 1901 3575 tantum
1960 3538 2118 3575 meus

423 3626 610 3664 sermo
643 3611 774 3663 licet
805 3610 1060 3679 segniter
1090 3612 1296 3675 texeat,
1332 3624 1460 3678 quas
1483 3610 1796 3663 sententias
1816 3610 2117 3665 doctorum

424 3704 540 3752 ate
572 3698 885 3769 prudenter
931 3697 1181 3768 digestas
1237 3698 1378 3751 milii
1433 3704 1844 3752 consentaneas
1898 3700 2114 3768 doceat,

422 3804 525 3841 nec
554 3787 904 3841 adversarias
937 3803 1004 3840 eo
1036 3787 1229 3840 animo
1260 3803 1372 3858 quo
1423 3787 1585 3858 cupis
1617 3789 1899 3843 ostendat.
1941 3792 2017 3842 Ac
2056 3789 2117 3842 in

423 3877 641 3946 primis,
687 3877 764 3930 mi
807 3877 1031 3943 dilecte,
1077 3876 1183 3930 hoc
1231 3893 1571 3947 responsum
1618 3877 1847 3944 habeto,
1888 3882 2115 3931 senten-

421 3966 643 4036 tiasque
688 3966 982 4020 doctorum
1028 3982 1061 4018 a
1104 3982 1195 4020 me
1237 3965 1341 4019 tibi
1389 3965 1650 4030 directas,
1694 3982 1727 4018 a
1766 3971 1818 4018 te
1872 3966 2117 4035 integer-

421 4056 594 4109 rimas
634 4061 993 4109 conscrvatas
1038 4060 1352 4119 memento,
1409 4070 1514 4107 nec
1572 4071 1753 4125 usque
1804 4070 1955 4108 nunc
2004 4055 2116 4109 alio

421 4144 599 4198 dictas
649 4160 679 4196 a
731 4149 782 4196 te
834 4152 1075 4196 ostensm
1126 4148 1257 4195 sunt
1289 4144 1488 4209 modo;
1549 4144 1645 4197 sed
1699 4144 1777 4195 ita
1828 4148 1891 4197 ut
1940 4160 1970 4196 a
2024 4160 2115 4197 me

420 4232 685 4303 cognitae,
733 4238 788 4286 et
836 4232 960 4297 tibi,
1012 4230 1503 4293 reverendissime,
1556 4232 1873 4299 destinatae,
1932 4232 2117 4287 hacte-

420 4335 529 4372 nus
568 4318 751 4371 tenori
779 4319 1036 4371 serviunt
1074 4334 1194 4371 suo.
1230 4317 1401 4371 Miror
1438 4334 1570 4371 vero
1601 4315 1621 4354 τ
1665 4335 1963 4374 censuram
2012 4336 2109 4373 ve-

422 4412 596 4460 stram
631 4406 920 4471 eximiam,
967 4410 1023 4459 et
1057 4405 1379 4459 mirabilem
1435 4405 1577 4459 mihi
1606 4406 1753 4461 bene
1787 4413 1979 4461 notam
2020 4408 2110 4461 iu-

419 4495 716 4563 dustriam,
749 4511 849 4548 cur
874 4511 990 4548 non
1012 4496 1133 4565 ipsa
1157 4494 1487 4548 testimonia
1517 4495 1789 4549 limatiori
1808 4496 2111 4551 intentioni

417 4584 658 4646 rimasti,
688 4599 869 4654 eaque
905 4584 1190 4653 majorum
1224 4583 1455 4636 solertia
1487 4583 1851 4653 indagatione
1881 4592 2112 4639 strenua

420 4673 531 4726 alio
560 4672 729 4726 modo
767 4671 985 4741 digesta
1017 4684 1046 4725 ς
1076 4671 1330 4741 probasti
1366 4688 1377 4724 :
1422 4672 1532 4724 nisi
1564 4672 1801 4726 forsitan
1831 4674 1984 4743 quod
2030 4674 2112 4728 ibi

416 4760 569 4815 aliud
614 4760 962 4830 iutelligeres
1015 4760 1236 4813 elucere
1284 4760 1410 4825 tibi,
1460 4760 1688 4830 penitus
1735 4776 1851 4814 non
1895 4762 2105 4817 vidisti.

418 4850 576 4905 Unde
616 4849 752 4918 quia
798 4848 1154 4902 intemeratm
1202 4852 1460 4913 manent,
1510 4865 1542 4901 a
1594 4854 1649 4902 te
1700 4865 1998 4919 nunquam
2048 4850 2110 4904 in

415 4940 592 4993 alium
621 4938 751 4991 visae
778 4940 912 4991 sunt
926 4952 1157 4991 sensum
1180 4936 1424 5003 deﬂecti,
1451 4938 1797 4992 nuncmillia
1815 4939 2060 4993 millium
2082 4941 2109 4981 h

485 5107 509 5133 ’-
541 5100 598 5153 F.
630 5099 837 5153 sistere.

485 5173 509 5213 b
547 5172 735 5232 Illum,
766 5168 823 5222 id
852 5170 936 5222 est
964 5166 1207 5232 biblum,
1240 5167 1325 5220 vel
1357 5166 1590 5221 librum.

484 5250 506 5276 °
545 5242 792 5309 Englocae
849 5240 1118 5307 empeiria:
1164 5243 1349 5293 vestrm
1417 5242 1681 5291 sumentes
1732 5240 2101 5308 euphrasiam,

413 5312 522 5365 hoc
558 5319 660 5371 est.
712 5310 986 5373 dulci/tua:
1012 5311 1225 5378 peritia:
1261 5314 1449 5379 vestra:
1489 5314 1752 5363 sumentes
1788 5310 1872 5379 (in
1916 5311 2101 5364 mani-

414 5382 544 5448 bus)
608 5384 984 5451 eloquentiam.
1037 5381 1243 5451 Graecis
1309 5378 1577 5449 ἐγγλύσσω
1633 5385 1713 5433 est
1778 5378 2098 5446 indulcoro,

414 5449 777 5524 dulcedinem
808 5452 1013 5524 affero;
1066 5449 1303 5524 ἐμπειρία
1345 5450 1568 5521 peritia,
1602 5451 1926 5521 prudentia.
1977 5452 2097 5506 Nic.

413 5525 545 5574 Ant.
587 5523 606 5575 1
638 5538 711 5583 vn.
742 5538 799 5575 n.
830 5523 948 5576 190.

482 5593 506 5633 d
550 5594 679 5659 Leg.
715 5595 990 5647 inscitiam
1022 5596 1276 5661 magnis.
1307 5594 1637 5662 ﬂuminibus.

2237 528 2437 566 eorum
2512 512 2961 582 interrogatione
3018 511 3286 583 inﬂigens
3340 514 3555 581 damni,
3620 516 3759 586 quia
3824 532 3945 571 non

2237 602 2483 655 aliorum
2515 606 2713 655 contra
2754 618 2844 655 me
2880 601 3184 655 dimicatus
3216 618 3275 655 es
3304 603 3497 668 armis,
3523 620 3695 674 quam
3733 620 3936 658 eorum

2237 691 2444 761 quibus
2475 694 2831 761 expugnatus
2871 707 2928 743 es
2962 690 3111 745 telis.
3146 691 3211 743 Et
3244 691 3379 744 dum
3417 692 3555 744 mihi
3608 694 3940 751 testiﬁcent.

2234 778 2454 847 tibique
2483 778 2713 843 iterum,
2748 783 2811 831 ut
2860 783 3046 848 putas,
3090 779 3428 848 suffragium
3478 786 3771 849 praestent,
3824 797 3939 834 non

2234 872 2371 937 puto
2403 872 2467 920 ut
2495 867 2762 938 cuiquam
2794 867 3058 921 videatur
3086 867 3376 937 prudenti,
3409 868 3467 921 in
3498 884 3565 922 eo
3597 871 3748 939 quod
3796 871 3939 923 nihil

2233 960 2526 1026 praestant,
2560 973 2680 1009 esse
2724 956 3043 1021 mendaces,
3086 960 3141 1009 et
3173 957 3231 1009 in
3273 973 3338 1010 eo
3370 958 3524 1026 quod
3560 958 3667 1011 tibi
3717 960 3933 1025 favent,

2234 1061 2353 1098 esse
2387 1061 2630 1099 veraces.
2666 1044 2782 1098 Nisi
2811 1045 3044 1099 forsitan
3082 1045 3396 1098 sententias
3427 1061 3627 1099 eorum
3661 1047 3719 1099 in
3753 1048 3933 1102 rixam

2233 1134 2430 1201 mittis,
2465 1139 2521 1187 et
2554 1135 2841 1187 contraria
2881 1150 2975 1187 eos
3017 1134 3123 1187 sibi
3154 1134 3361 1187 dixisse
3394 1135 3726 1189 contendis:
3780 1138 3935 1206 quod

2235 1223 2280 1275 si
2313 1224 2503 1276 taliter
2559 1224 2755 1293 utique
2812 1224 3008 1287 sentis,
3044 1240 3076 1275 a
3116 1223 3389 1276 catholica
3434 1240 3571 1294 pace
3622 1230 3938 1295 nostraque

2233 1311 2515 1365 dissentis.
2579 1313 2642 1365 Et
2689 1312 2809 1365 haec
2858 1312 2935 1365 ita
2981 1312 3241 1382 digerere
3294 1312 3447 1366 volui
3501 1314 3559 1366 in
3618 1314 3936 1385 principio,

2235 1401 2398 1472 quasi
2458 1416 2550 1454 eas
2604 1401 2725 1470 jam
2781 1406 2979 1454 contra
3047 1418 3135 1454 me
3182 1401 3327 1456 forte
3395 1402 3816 1472 exprobrarent
3882 1404 3941 1456 in

2233 1489 2454 1559 praelio.

2303 1580 2353 1631 3.
2384 1580 2451 1630 At
2479 1593 2605 1629 cum
2651 1582 2866 1630 constet
2904 1577 2962 1630 in
2993 1577 3281 1648 plerisque
3332 1594 3444 1631 non
3499 1579 3619 1632 loco
3680 1595 3941 1649 congrue

2232 1665 2444 1734 posite;
2484 1664 2671 1734 quodl
2724 1665 2861 1718 milii
2914 1666 3093 1727 obest,
3134 1666 3177 1718 si
3227 1665 3397 1718 totius
3438 1682 3636 1720 eorum
3678 1667 3940 1720 instruas

2232 1753 2434 1819 aciem,
2471 1754 2604 1806 dum
2638 1752 2899 1820 aliorum,
2934 1770 3049 1806 non
3092 1769 3298 1820 meam,
3346 1754 3593 1807 destruis
3653 1756 3940 1809 classem?

2235 1843 2307 1895 Ex
2339 1845 2528 1894 sancto
2560 1841 2713 1894 enim
2753 1843 3094 1911 Hieronymo
3141 1843 3332 1911 aliqua
3374 1843 3552 1905 mihij
3622 1848 3677 1897 et
3728 1860 3793 1897 ex
3841 1861 3937 1897 eo-

2232 1930 2360 1984 dem
2420 1930 2617 1983 itidem
2676 1930 2798 1999 ipsa
2856 1934 3063 2000 recepi.
3122 1931 3225 1984 Sed
3279 1932 3538 2000 nunquid
3628 1932 3736 1985 sibi
3814 1933 3939 2002 ipse

2231 2019 2517 2073 contraria
2548 2019 2761 2083 docuit,
2796 2024 2895 2073 aut
2934 2020 3087 2073 aliud
3138 2020 3248 2084 hic,
3296 2019 3449 2073 aliud
3507 2020 3587 2073 ibi
3628 2022 3795 2091 quasi
3848 2024 3938 2075 sui

2234 2107 2444 2161 oblitus
2476 2108 2794 2177 proferret?
2832 2108 2992 2171 Quod
3026 2107 3073 2160 si
3122 2108 3273 2170 fecit,
3326 2124 3443 2161 non
3483 2115 3683 2162 contra
3713 2126 3806 2163 me
3848 2112 3935 2164 fa-

2231 2196 2440 2249 cundia
2469 2201 2566 2249 tua
2598 2196 2832 2262 tonavit,
2881 2196 2977 2249 sed
3020 2202 3217 2250 contra
3266 2213 3399 2249 eum
3447 2196 3569 2268 ipsa
3619 2198 3744 2267 ejus
3782 2199 3939 2254 dicta

2229 2283 2500 2353 surgevit.
2535 2284 2681 2336 Audi
2724 2299 2880 2353 ergo,
2929 2284 3014 2337 vir
3044 2283 3505 2353 prudentissime,
3551 2290 3608 2339 et
3657 2287 3939 2341 Romanae

2231 2371 2541 2425 dialectica!
2571 2377 2761 2441 caput,
2795 2388 2911 2425 non
2942 2373 3045 2425 hoc
3080 2388 3236 2425 more
3262 2372 3286 2406 κ
3312 2388 3443 2425 usos
3480 2374 3655 2427 fuisse
3681 2376 3935 2444 priores,

2228 2477 2333 2514 nec
2362 2465 2582 2513 nostros
2616 2477 2719 2529 per
2749 2461 2849 2514 has
2879 2461 3304 2515 contrarietates
3354 2462 3701 2516 discursasse
3752 2467 3937 2534 majo-

2233 2566 2339 2602 res.
2386 2549 2547 2603 Prius
2578 2551 2731 2603 enim
2780 2550 3161 2603 extenuabant
3208 2550 3444 2620 objecta,
3480 2556 3535 2604 et
3576 2552 3655 2605 sic
3697 2553 3939 2607 demum

2232 2638 2567 2707 satagebant
2596 2638 2925 2691 assertionis
2955 2654 3071 2691 suae
3119 2638 3348 2690 ﬁrmare
3396 2646 3744 2694 commenta.
3776 2644 3857 2695 Ac
3890 2644 3939 2695 si

2228 2726 2464 2779 forsitan
2491 2727 2795 2796 placuisset
2835 2727 2991 2795 prius
3021 2728 3249 2780 ﬁrmare
3280 2728 3536 2799 propria,
3599 2730 3794 2784 denuo
3846 2738 3938 2786 ta-

2232 2831 2362 2869 men
2393 2816 2700 2869 adversarii
2737 2816 3107 2870 destruebant
3136 2818 3415 2888 opposita,
3466 2834 3571 2872 nec
3602 2820 3939 2875 nullatenus

2230 2918 2297 2955 ea
2323 2903 2662 2956 omittebant
2695 2904 2884 2957 illaesa.

2158 3010 2197 3063 α
2298 2992 2348 3045 li.
2376 2992 2480 3045 Sed
2514 3008 2667 3045 nunc
2705 2993 2775 3045 ad
2821 2992 3179 3062 propositum
3230 2998 3602 3057 revertamur,
3661 2997 3937 3068 ipsasque

2228 3084 2373 3133 totas
2404 3082 2712 3134 sententias
2737 3081 3076 3150 singillatim
3108 3081 3399 3135 rimemus.
3437 3083 3530 3135 Ais
3556 3084 3712 3137 enim
3748 3103 3761 3137 :
3791 3087 3935 3139 Nam

2226 3169 2294 3222 de
2347 3186 2460 3238 quo
2511 3169 2589 3222 ait
2629 3170 2972 3238 Apostolus:
3023 3170 3103 3223 Et
3143 3172 3193 3223 si
3226 3173 3509 3239 imperitus
3538 3187 3799 3239 sermone,
3842 3175 3941 3228 sed

2225 3274 2331 3311 non
2360 3260 2588 3311 scientia
2630 3259 2703 3327 (ΙΙ
2752 3260 2871 3314 Cor.
2932 3275 3004 3324 x1,
3066 3258 3141 3328 6),
3192 3275 3303 3312 non
3355 3275 3584 3328 semper
3624 3261 3940 3331 imperitus

2227 3345 2352 3398 fuit.
2383 3348 2515 3399 Ecce
2546 3346 2591 3397 si
2616 3363 2728 3399 non
2762 3362 3010 3415 semper,
3045 3347 3229 3400 saltim
3266 3348 3353 3400 vel
3387 3348 3700 3417 aliquando
3744 3349 3934 3421 impe-

2226 3434 2401 3486 ritum
2425 3434 2703 3501 affirmas;
2730 3441 2787 3488 et
2825 3440 3016 3488 utrum
3040 3435 3097 3488 in
3144 3451 3430 3502 sermone,
3462 3454 3533 3490 an
3575 3437 3634 3490 in
3661 3438 3932 3503 scientia,

2225 3537 2341 3575 non
2398 3522 2585 3575 lucide
2645 3539 2886 3578 narras:
2951 3523 3063 3578 nisi
3119 3525 3247 3595 quis
3296 3525 3393 3579 ille
3443 3525 3660 3595 peritus
3715 3528 3940 3582 dictum

2222 3614 2389 3664 tuum
2416 3615 2598 3664 totum
2644 3616 2957 3681 percurrat,
3012 3616 3066 3665 et
3104 3614 3273 3682 plane
3310 3618 3363 3666 te
3411 3630 3545 3667 eum
3578 3614 3635 3667 in
3692 3614 3943 3668 scientia

2222 3700 2556 3771 imperitum
2611 3701 2814 3754 dixisse
2845 3707 3165 3771 cognoscat.
3213 3701 3369 3765 Quod
3414 3702 3509 3755 ille
3569 3704 3638 3757 de
3688 3720 3746 3756 se
3795 3720 3937 3773 pro-

2223 3791 2377 3843 tinus
2422 3793 2592 3859 negat
2645 3788 2924 3853 dicendo;
2980 3793 3101 3844 Etsi
3155 3792 3439 3860 imperitus
3504 3807 3766 3858 sermone,
3827 3809 3936 3846 non

2226 3884 2403 3933 tamen
2436 3880 2680 3933 scientia.
2716 3879 2859 3931 Dum
2894 3895 2951 3931 se
2984 3894 3097 3931 non
3130 3878 3369 3932 scientia
3421 3878 3781 3950 imperitum,
3837 3882 3937 3934 sed

2224 3981 2485 4020 sermone
2516 3965 2685 4027 dicat,
2719 3966 2848 4035 quis
2896 3969 3053 4018 tanta
3083 3965 3433 4019 hebetudine
3476 3978 3775 4037 possessus
3826 3985 3934 4021 au-

2223 4053 2353 4108 deat
2408 4055 2751 4107 ecoutrario
2781 4053 3067 4107 afﬁrmare
3123 4070 3253 4109 eum
3307 4071 3422 4108 non
3466 4071 3758 4118 sermone,
3832 4058 3933 4110 sed

2222 4141 2458 4195 scientia
2476 4141 2812 4211 imperitum
2844 4141 3057 4195 fuisse?

2292 4234 2343 4284 5.
2381 4229 2526 4284 Dicis
2552 4231 2707 4283 enim
2740 4248 2751 4284 :
2790 4233 2917 4284 Erat
2945 4237 3139 4286 tamen
3172 4232 3232 4285 in
3276 4231 3499 4302 magnis
3546 4233 3932 4302 profectibus,

2153 4312 2277 4373 Det
2324 4319 2553 4390 aliquod
2604 4319 2661 4372 in
2694 4336 2752 4372 se
2785 4320 2936 4373 velut
2996 4321 3366 4374 nutabundus
3420 4322 3736 4390 eloquitur,
3792 4340 3926 4376 cum

2220 4409 2399 4463 dicit:
2460 4410 2671 4463 Macero
2728 4424 2920 4478 corpus
2960 4425 3151 4475 meum,
3204 4412 3264 4461 in
3305 4412 3616 4463 servitutem
3659 4412 3922 4479 subjicio,

2218 4515 2283 4553 ne
2310 4501 2454 4565 forte
2483 4500 2610 4552 aliis
2637 4499 2946 4567 praedicans
2976 4502 3092 4566 ipse
3135 4498 3396 4567 reprobus
3433 4501 3688 4552 inveniar
3720 4504 3766 4569 (Ι
3801 4504 3922 4557 Cor.

2221 4605 2294 4657 xx,
2338 4588 2445 4658 37),
2489 4593 2545 4642 et
2595 4588 2828 4657 quidem
2876 4588 2997 4640 haec
3053 4587 3453 4641 beatissimum
3500 4588 3926 4659 Hieronymum

2221 4677 2428 4732 dixisse
2468 4676 2838 4745 cognovimus
2871 4693 2882 4729 :
2919 4675 3016 4729 sed
3049 4675 3190 4729 nihil
3236 4676 3301 4729 ad
3334 4682 3582 4746 coeptum
3613 4681 3921 4747 negotium

2217 4766 2326 4820 hoc
2354 4766 2640 4835 pertinere
2681 4766 3009 4834 probamus.
3046 4766 3191 4819 Dum
3223 4765 3375 4818 enim
3408 4765 3543 4819 dicit
3575 4781 3587 4817 :
3621 4766 3757 4821 Erat
3790 4768 3926 4838 qui-

2220 4856 2350 4909 dem
2380 4854 2441 4907 in
2466 4853 2690 4922 magnis
2718 4854 3087 4923 profectibus,
3112 4854 3365 4907 ostendit
3390 4870 3520 4907 eum
3555 4853 3698 4908 nihil
3725 4857 3925 4909 minus

2218 4941 2483 4996 habuisse
2515 4941 2897 5012 perfectionis.
2947 4944 3012 4995 Et
3042 4943 3177 4995 dum
3209 4943 3462 4997 addidit:
3495 4944 3713 4997 Tamen
3747 4945 3923 4999 veluti

2285 5109 2306 5175 ῗ
2344 5100 2711 5175 liyperbaton
2765 5102 2948 5172 ﬁgura
2981 5103 3269 5172 quaedam,
3310 5104 3483 5158 latine
3522 5109 3909 5175 transgressio.

2286 5170 2303 5205 ί
2341 5170 2460 5237 ΜεῘ,
2504 5178 2697 5227 vestro.

2287 5255 2317 5297 s
2355 5244 2475 5310 Ms.,
2511 5243 2770 5310 digestas.

2284 5314 2311 5355 h
2347 5314 2443 5367 Ms.
2456 5354 2468 5378 ,
2503 5317 2798 5369 mitiorum.

2286 5383 2297 5415 ί
2338 5384 2402 5438 Id
2436 5390 2541 5452 est,
2573 5386 2725 5452 quid.

2275 5456 2295 5519 j
2338 5456 2460 5520 Ms.,
2491 5457 2694 5526 migi...
2723 5458 2854 5509 issu.

2282 5526 2309 5559 ¹ι
2349 5527 2464 5591 Ms,
2498 5527 2635 5580 hunc
2664 5542 2878 5581 morem.
