4086 6182
150 250 247 304 429
1689 251 1847 311 EPIS

1977 250 2081 309 ΜΕ.

3538 258 3642 316 430

147 386 526 440 mutabundns
557 386 868 457 eloquitur,
902 402 1016 440 non
1056 384 1147 441 hic
1177 387 1246 442 de
1288 389 1593 460 imperitia,
1628 391 1723 445 sed
1758 391 1826 444 de
1865 391 1908 443 Α
1942 394 2053 443 tem
2078 390 2240 460 juxta
2267 394 2319 443 te
2352 389 2575 454 Donati,
2612 405 2723 442 non
2765 391 2821 443 te
2867 387 3063 459 pudet,
3114 392 3337 461 dilecte,
3379 402 3496 451 tam
3550 398 3647 451 in-

146 474 457 527 humilitate
518 473 841 544 digeritur:
887 473 1024 543 quia
1083 476 1262 529 sancti
1323 482 1377 530 et
1434 476 1668 547 perfecti
1713 478 1835 539 viri,

144 566 242 618 etsi
302 566 371 619 ad
445 581 730 619 summam
800 566 1067 619 virtutem
1115 568 1439 636 proﬁciunt,
1500 586 1557 623 se
1615 586 1842 641 semper

142 653 379 707 necdum
434 654 877 724 apprehendisse
924 656 1276 726 conquirunt
1304 668 1346 710 η.
1401 658 1502 712 Hic
1546 658 1702 712 enim
1740 660 1839 713 ubi

138 743 191 794 in
216 743 489 796 conflictu
522 750 605 795 est
627 744 870 813 positus,
906 746 1068 814 quasi
1109 745 1379 799 dubitans
1410 748 1478 799 de
1499 749 1572 815 {se
1601 747 1725 818 ipso
1757 753 1843 801 est

140 832 411 885 elocutus.
456 833 607 887 Nihil
660 833 816 887 enim
878 834 967 886 hic
1011 840 1111 887 aut
1169 834 1237 888 de
1295 835 1550 903 scientia,
1616 842 1714 890 aut
1771 837 1840 889 de

139 920 440 974 verborum
476 922 669 991 posuit
697 922 1017 991 disciplina,
1044 923 1139 976 sed
1173 929 1396 977 tantum
1429 942 1665 995 operum
1704 942 1839 979 suo—

139 1024 255 1062 rum
312 1010 553 1080 digessit
603 1012 934 1065 certamina.
1002 1012 1159 1065 Unde
1210 1018 1265 1065 et
1317 1014 1565 1068 addidit:
1622 1015 1841 1069 Μασθνο

136 1114 324 1166 corpus
374 1115 549 1153 meum
592 1106 639 1153 et
686 1102 745 1154 in
787 1103 1096 1154 servitutem
1134 1101 1383 1169 subjicio,
1433 1120 1502 1155 ne
1537 1105 1679 1169 forte
1716 1104 1842 1157 aliis

136 1187 445 1255 praedicans
476 1189 589 1255 ipse
615 1189 871 1257 reprobus
900 1190 1130 1257 efﬁciar.
1168 1190 1410 1244 Macerat
1438 1191 1591 1245 enim
1637 1208 1842 1261 corpus

138 1291 299 1329 suum
365 1292 472 1345 per
526 1277 623 1329 illa
670 1292 798 1345 quae
850 1277 907 1329 in
961 1277 1073 1330 alia
1113 1278 1361 1348 Epistola
1418 1280 1840 1350 triumphorum

140 1380 381 1417 suorum
430 1366 639 1418 enodat
687 1371 923 1435 tropaea,
966 1381 1066 1434 per
1103 1368 1394 1432 infamiam
1434 1374 1484 1423 et
1532 1368 1722 1423 bonam
1753 1371 1841 1435 fa-

136 1466 297 1513 mam,
353 1466 455 1518 per
504 1451 736 1515 gloriam
795 1455 845 1503 et
898 1451 1293 1517 ignobilitatem
1344 1452 1419 1517 (II
1472 1454 1587 1507 Cor.
1644 1470 1718 1517 vr,
1768 1454 1841 1517 8),

140 1555 362 1609 perque
400 1542 423 1581 ί)
456 1539 553 1592 illa
594 1540 788 1592 omnia
828 1556 955 1609 qua:
1013 1540 1071 1592 in
1112 1540 1370 1609 jejuniis,
1421 1546 1475 1594 et
1518 1542 1743 1612 vigiliis,
1787 1542 1844 1595 in

141 1628 437 1698 periculis,
474 1626 529 1680 in
564 1628 807 1691 damnis,
846 1627 901 1679 in
947 1628 1153 1697 plagis,
1202 1629 1287 1681 vel
1320 1629 1539 1682 cmteris
1580 1630 1845 1684 innume-

138 1716 423 1769 rabilibus
457 1716 669 1786 quibus
700 1716 961 1769 subditus
991 1720 1074 1768 est
1107 1716 1441 1786 disciplinis.

207 1810 257 1859 6.
293 1806 448 1869 Quid
493 1805 585 1859 hic
616 1805 684 1858 ad
727 1821 793 1858 ea
840 1821 970 1875 qua:
1018 1805 1168 1858 inter
1222 1822 1327 1859 nos
1371 1811 1495 1860 acta
1534 1812 1665 1861 sunt
1710 1824 1847 1865 con-

141 1911 375 1965 gruum,
410 1893 549 1964 quid
575 1892 675 1946 tibi
703 1899 1173 1959 consentaneum,
1208 1895 1413 1964 quidve
1458 1895 1601 1949 mihi
1632 1896 1845 1951 ibidem

140 1988 318 2037 exstat
353 1982 743 2036 adversarium
801 1983 969 2052 plane
1016 1998 1130 2036 non
1182 1984 1365 2049 video,
1431 2000 1537 2037 nec
1596 1985 1845 2056 aliquem

139 2073 329 2126 videre
376 2071 697 2141 perpendo.
733 2071 945 2140 Adjieis
976 2072 1035 2125 in
1091 2072 1571 2142 consequentibus
1616 2074 1847 2127 dicens:

146 2163 201 2214 Et
228 2162 299 2214 ad
356 2161 754 2230 Philippeuses
806 2160 1062 2213 scribens
1106 2161 1379 2231 quiddam
1435 2161 1492 2214 in
1542 2160 1605 2216 se
1661 2163 1851 2215 minus

142 2252 323 2305 adhuc
376 2265 499 2301 esse
532 2264 701 2318 quam
734 2254 933 2318 postea
977 2253 1264 2303 assecutus
1310 2255 1396 2302 est
1436 2250 1847 2319 perfectionem

145 2337 420 2392 ostendit.
472 2339 605 2390 Ecce
665 2342 721 2390 et
752 2337 841 2389 hic
873 2337 1079 2389 iterum
1122 2337 1519 2407 imperfectum
1572 2339 1851 2409 praedicas

143 2435 313 2498 atque
350 2425 682 2492 conﬁrmas,
719 2426 880 2495 quasi
912 2426 1210 2479 nobiscum
1246 2427 1313 2479 de
1345 2427 1697 2496 perfectione
1728 2430 1849 2498 ejus

140 2524 235 2570 aut
283 2517 363 2569 de
414 2515 843 2584 imperfectione
888 2515 1221 2570 contendas.
1271 2516 1387 2569 Nisi
1441 2516 1588 2570 forte
1630 2518 1848 2570 nullam

142 2603 563 2675 perfectionem
622 2603 829 2657 sanctis
877 2603 1012 2656 viris
1072 2604 1211 2657 citra
1259 2604 1648 2672 grammaticae
1715 2605 1853 2658 artis

142 2694 385 2748 scientia
416 2697 604 2762 putas.
638 2693 734 2746 Ait
766 2692 919 2745 enim
950 2708 963 2745 :
998 2692 1349 2747 Conformari
1388 2710 1445 2746 se
1480 2694 1653 2747 morti
1684 2693 1851 2748 Chri—

141 2783 229 2850 sti,
263 2784 316 2835 si
353 2797 471 2852 quo
504 2780 671 2834 modo
700 2785 958 2834 occurrat
1006 2781 1063 2833 in
1098 2781 1566 2835 resurrectionem
1601 2799 1729 2853 quae
1769 2787 1853 2836 est

142 2870 452 2925 amortuis
486 2870 709 2938 (Philip.
761 2885 839 2929 ιιι,
879 2870 963 2933 10,
1010 2868 1116 2937 11).
1154 2869 1275 2922 Non
1324 2870 1477 2923 enim
1522 2870 1752 2937 diceret,
1801 2872 1852 2925 si

1950 479 2207 532 firmiora
2233 478 2384 549 parti
2417 484 2528 533 tua:
2554 478 2886 532 testimonia
2918 480 3020 545 uti,
3048 484 3280 551 tamque
3314 484 3424 537 alio
3476 501 3647 551 opere

1949 568 2326 638 congruentia
2356 568 2488 621 huic
2517 572 2725 621 nostra:
2757 568 3055 622 assertioni
3087 576 3283 639 aptare
3303 573 3332 625 ?

2020 662 2070 710 7.
2107 657 2378 726 Sequitur
2407 658 2466 710 in
2496 657 2736 726 epistola
2767 662 2897 711 tua:
2940 658 3102 721 Quod
3150 661 3195 712 si
3226 661 3325 730 qui
3368 661 3648 717 arbitrant

1948 762 2053 816 per
2083 746 2462 799 humilitatem
2509 746 2744 809 dictum,
2798 746 3027 800 videant
3075 747 3131 799 in
3164 750 3648 820 consequentibus

1951 851 2120 905 quam
2146 851 2353 904 magna
2376 835 2442 888 de
2472 835 2817 905 profectibus
2835 836 2951 889 suis
2978 843 3281 901 memorat,
3316 854 3443 891 cum
3472 839 3608 892 dicit
3631 856 3643 892 :

1951 925 2041 978 Ea
2067 924 2283 992 quidem
2314 939 2431 991 quae
2456 928 2598 977 retro
2637 928 2762 977 sunt
2803 924 3135 985 obliviscens,
3171 925 3245 977 ad
3284 943 3345 979 ea
3375 943 3492 994 qua:
3522 932 3649 983 ante

1947 1017 2074 1065 sunt
2102 1028 2183 1065 me
2211 1013 2519 1075 emtcndens,
2568 1012 2860 1066 secundum
2915 1016 3250 1081 propositum
3308 1029 3520 1082 sequor,
3576 1014 3651 1068 ad

1946 1102 2195 1170 palmam
2215 1116 2459 1169 superna:
2487 1103 2784 1154 vocationis
2819 1103 2914 1154 Dei
2942 1103 3000 1153 in
3024 1102 3249 1155 Christo
3276 1103 3413 1156 Jesu
3457 1103 3646 1169 (lbid.,

1954 1192 2039 1254 13,
2075 1190 2182 1257 li).
2220 1189 2416 1242 Nescio
2467 1188 2559 1242 hic
2611 1195 2806 1243 contra
2858 1205 3029 1258 quem
3063 1189 3319 1256 dimicas,
3362 1206 3651 1261 quemque

1952 1278 2123 1347 hujus
2155 1277 2451 1331 sententiae
2483 1278 2687 1330 ancilla
2724 1277 2742 1310 ί
2764 1278 3046 1331 trucidare
3075 1277 3325 1332 festinas.
3380 1278 3652 1349 Nunquid

1953 1366 2022 1419 de
2043 1366 2394 1436 perfectione
2416 1370 2514 1419 aut
2534 1366 2602 1420 de
2624 1366 3059 1436 imperfectione
3094 1368 3198 1421 fuit
3222 1368 3513 1421 contentio
3547 1384 3654 1421 no-

1952 1459 2064 1507 stra
2083 1460 2143 1507 ut
2168 1455 2340 1508 totius
2363 1467 2392 1507 ε
2414 1459 2609 1508 contra
2636 1455 2757 1508 hare
2780 1458 2955 1508 certet
2986 1455 3230 1509 invectio
3277 1462 3464 1510 vestra
3484 1456 3511 1509 ?
3542 1455 3652 1509 nisi

1951 1542 2189 1597 forsitan
2219 1560 2284 1597 ea
2318 1560 2445 1613 quae
2480 1547 2630 1597 retro
2661 1544 2813 1597 vides
2854 1544 2923 1597 ab
2977 1560 3043 1597 eo
3092 1545 3269 1597 oblita
3316 1546 3651 1615 grammati-

1958 1649 2079 1685 cam
2114 1633 2284 1686 dicas.
2331 1632 2478 1686 Dicis
2517 1633 2705 1686 enim:
2741 1632 3054 1701 Quicunque
3098 1635 3238 1687 enim
3280 1635 3510 1701 perfecti
3559 1648 3651 1687 su-

1957 1736 2091 1785 mus,
2141 1722 2233 1774 hoc
2289 1725 2582 1775 sentiamus
2657 1721 2855 1791 (Ibid.,
2932 1724 3051 1788 15):
3114 1720 3172 1773 in
3233 1736 3346 1790 quo
3407 1720 3655 1774 ostendit

1954 1809 2242 1879 duplicem
2270 1826 2392 1863 esse
2424 1809 2836 1879 perfectionem
2864 1828 2878 1875 ;
2910 1824 3082 1861 unam
3118 1825 3245 1879 qua:
3271 1812 3354 1861 est
3381 1807 3440 1861 in
3473 1808 3655 1878 exple.

1954 1897 2109 1953 tione
2159 1898 2474 1966 virtutum;
2540 1899 2850 1952 secundum
2896 1913 3069 1968 quam
3100 1897 3254 1963 dicit,
3291 1897 3444 1966 quod
3476 1896 3649 1950 etiam

1956 1987 2026 2041 sit
2047 1988 2353 2057 perfectus.
2390 1988 2529 2041 Ecce
2579 1988 2676 2041 illa
2706 1987 2775 2040 de
2806 2003 2919 2057 qua
2949 1987 3071 2056 ipse
3107 1986 3245 2039 dicit
3272 2002 3284 2039 :
3327 1988 3449 2040 Etsi
3475 1987 3653 2055 impe-

1956 2077 2099 2129 ritus
2178 2090 2438 2141 sermone,
2504 2091 2611 2129 non
2673 2080 2849 2129 tamen
2905 2077 3166 2129 scientia:
3223 2074 3444 2145 peritiae
3499 2074 3653 2127 enim

1957 2163 2205 2218 scientiae
2235 2163 2510 2216 virtutum
2543 2163 2816 2233 perfectio
2860 2168 2963 2217 est.
3014 2163 3112 2216 Dic
3143 2163 3313 2216 aliam
3349 2162 3654 2232 perfectio-

1959 2268 2131 2307 nem:
2168 2251 2364 2321 utique
2414 2251 2572 2304 illam
2606 2268 2777 2322 quam
2810 2251 2986 2305 dicis:
3025 2251 3293 2322 Nunquid
3342 2255 3399 2305 et
3446 2251 3656 2320 peritia

1960 2357 2079 2394 non
2111 2346 2197 2395 est
2230 2341 2297 2393 de
2328 2340 2681 2393 virtutibus?
2714 2341 2821 2395 Sed
2880 2357 3052 2411 quam
3087 2341 3351 2410 peritiam
3400 2340 3507 2393 hoc
3533 2340 3655 2393 loco

1959 2430 2279 2501 significare
2311 2429 2582 2498 volueris,
2615 2445 2761 2500 pene
2792 2430 2994 2483 tertius
3035 2429 3254 2482 nescio:
3292 2429 3490 2482 Utrum
3520 2444 3655 2499 ope-

1960 2535 2109 2581 rum,
2170 2535 2242 2571 an
2272 2518 2576 2572 verborum
2626 2534 2742 2571 non
2792 2517 2929 2571 satis
2979 2518 3231 2571 adverto.
3284 2516 3343 2571 Si
3389 2532 3653 2587 operum,

1958 2624 2074 2661 non
2127 2607 2325 2660 refello
2370 2623 2383 2672 ;
2436 2606 2482 2660 si
2515 2606 2844 2671 verborum,
2897 2606 2957 2658 in
2988 2610 3212 2659 tantum
3262 2605 3456 2676 rejicio
3478 2608 3535 2659 et
3563 2621 3655 2658 re-

1959 2713 2114 2762 cuso,
2150 2701 2214 2749 ut
2238 2711 2361 2749 eam
2393 2694 2697 2748 stultitiam
2725 2694 2953 2765 eloquio
2985 2694 3210 2747 firmem
3261 2693 3477 2748 divino.
3514 2692 3659 2746 Dicit

1959 2785 2114 2839 enim
2149 2784 2457 2853 Apostolus
2486 2800 2498 2837 :
2530 2784 2815 2853 Sapientia
2857 2783 3022 2851 hujus
3073 2783 3266 2837 mundi
3292 2784 3533 2837 stultitia
3579 2788 3657 2836 est

1959 2873 2108 2942 apud
2140 2876 2302 2926 Deum
2340 2872 2388 2940 (Ι
2434 2872 2558 2927 Cor.
2601 2888 2680 2938 ιιι,
2738 2874 2839 2933 19).
2876 2872 3033 2925 Unde
3086 2876 3143 2925 et
3184 2871 3252 2925 ad
3283 2871 3606 2925 Corinthios
3638 2887 3652 2924 :

140 2976 241 3029 quo
295 2958 483 3023 modo,
532 2958 579 3010 si
610 2957 662 3010 ei
705 2958 824 3027 jam
856 2961 979 3010 tum
1035 2972 1123 3010 res
1160 2956 1481 3011 indubitata
1536 2958 1844 3013 videretur.
1886 2990 1924 3044 ρ
1959 2964 2085 3029 Quae
2130 2962 2299 3014 stulta
2348 2960 2540 3013 mundi
2577 2960 2735 3026 elegit
2768 2960 2913 3017 Deus.
2953 2963 3015 3012 ut
3044 2959 3347 3026 confundat
3385 2961 3656 3028 sapientes

140 3049 245 3101 [sta
279 3052 353 3101 ut
384 3046 521 3117 quid
576 3046 853 3115 posueris,
890 3061 991 3113 pro
1038 3051 1192 3099 certo
1239 3063 1349 3099 non
1402 3046 1687 3116 intelligo,
1736 3048 1845 3101 nisi

139 3136 386 3190 forsitan
438 3135 761 3203 legentibus
831 3134 1197 3203 scripulumc
1262 3134 1557 3204 imponere
1594 3136 1841 3201 voluisti,

137 3226 292 3296 quod
344 3223 493 3277 absit
541 3240 571 3275 a
643 3222 903 3276 sensibus
950 3222 1084 3287 tuis,
1141 3222 1611 3277 reverendissime
1651 3239 1664 3275 :
1708 3224 1845 3277 dum

140 3313 297 3367 enim
322 3312 498 3365 dicis:
535 3310 591 3364 Si
619 3327 732 3381 quo
766 3310 939 3365 modo
967 3315 1231 3364 occurrat
1257 3312 1314 3363 in
1363 3312 1845 3365 resurrectionem

139 3418 267 3471 quae
301 3406 392 3454 est
427 3417 495 3454 ex
554 3399 832 3454 mortuis:
871 3404 927 3453 et
957 3399 1151 3453 addis:
1188 3401 1312 3453 Non
1356 3400 1507 3453 enim
1541 3400 1747 3453 diceret
1798 3403 1848 3455 si

142 3507 243 3558 quo
294 3489 478 3553 modo,
530 3489 576 3542 si
634 3490 683 3542 ei
711 3489 828 3558 jam
866 3493 999 3541 tunc
1037 3504 1123 3542 res
1170 3488 1489 3542 indubitata
1519 3489 1844 3555 videretur;

144 3580 402 3633 ostendis
433 3594 549 3631 non
603 3594 670 3631 ex
720 3576 1033 3631 deliberato
1063 3577 1435 3647 apostolicam
1476 3578 1847 3632 resurrectio-

146 3684 275 3722 nem
321 3666 655 3727 credidisse,
706 3666 803 3719 sed
848 3664 1022 3719 dubio
1064 3665 1171 3719 hoc
1209 3665 1437 3735 eloquio
1478 3670 1845 3736 temperasse,

144 3758 298 3827 quod
343 3755 528 3809 multo
568 3755 853 3824 longeque
884 3754 1050 3807 aliter
1079 3770 1111 3807 a
1142 3754 1367 3808 doctore
1393 3754 1490 3807 illo
1522 3754 1848 3824 intelligen-

144 3846 281 3900 dum
336 3852 426 3898 est
472 3845 685 3897 dictum
747 3843 943 3908 fuisse,
1005 3843 1156 3912 quod
1206 3860 1315 3895 non
1379 3842 1470 3895 hic
1527 3844 1849 3913 accepimus

140 3933 568 3989 ventilandum.
611 3934 725 3986 Hoc
752 3933 1110 3986 solummodo
1153 3932 1441 4001 proferam
1488 3937 1541 3985 te
1580 3932 1640 3985 in
1669 3949 1848 3986 vacuo

137 4024 245 4077 hoc
279 4037 463 4093 opere
495 4021 824 4084 desudasse,
868 4025 923 4075 et
970 4020 1419 4091 incongruenter
1448 4021 1679 4091 negotio
1719 4038 1849 4076 sen-

138 4114 355 4167 tentias
387 4110 668 4181 posuisse.
706 4110 846 4163 Item
878 4108 996 4162 ais:
1027 4108 1135 4163 Sed
1180 4112 1235 4161 et
1278 4110 1336 4163 in
1368 4111 1850 4180 consequentibus

140 4201 411 4268 ejusdem
446 4199 713 4268 Epistula:
772 4198 895 4251 haec
948 4198 1146 4251 eadem
1195 4198 1443 4251 ostendit
1492 4215 1623 4251 cum
1674 4198 1846 4252 dicit:

1956 3052 2006 3119 (Ι
2035 3050 2153 3103 Cor.
2198 3049 2375 3115 1,27).
2413 3047 2564 3109 Quos
2613 3048 2809 3117 utique
2859 3047 3198 3116 sapientes?
3228 3047 3499 3117 Nunquid
3548 3063 3653 3101 no-

1954 3144 2097 3191 stros
2147 3135 2534 3188 sanctissimos
2580 3136 2794 3200 Patres,
2826 3138 2881 3187 et
2937 3151 3054 3188 non
3096 3134 3286 3204 potius
3317 3135 3652 3203 grammati-

1955 3240 2070 3289 cos,
2121 3223 2512 3295 philosophos,
2556 3228 2613 3276 et
2656 3221 2962 3276 rhetores?
3016 3222 3180 3276 Vides
3221 3222 3490 3276 confusos
3534 3238 3654 3276 esse

1957 3330 2101 3384 quos
2126 3312 2444 3383 sequendos
2485 3311 2780 3381 praedicas,
2814 3316 2869 3364 et
2899 3311 3081 3364 multa
3111 3311 3334 3364 extollis
3366 3312 3553 3366 laude.
3591 3312 3657 3365 Et

1957 3401 2095 3456 alibi
2128 3401 2280 3455 idem
2310 3401 2615 3470 Apostolus
2649 3416 2661 3452 :
2697 3402 2810 3467 Ego
2842 3416 2962 3453 cum
2990 3402 3252 3454 emissem
3277 3400 3352 3454 ad
3379 3416 3490 3467 vos,
3532 3402 3652 3467 fra-

1956 3496 2078 3554 tres,
2123 3506 2227 3543 non
2256 3492 2381 3542 veni
2406 3504 2503 3559 per
2548 3489 2936 3543 sublimitatem
2994 3489 3273 3556 sermonis,
3328 3494 3388 3543 ut
3434 3491 3653 3558 sapiens

1954 3581 2285 3634 annuntians
2341 3578 2490 3631 vobis
2548 3580 2909 3631 testimonium
2954 3579 3160 3634 Christi
3205 3580 3245 3647 (1
3305 3578 3435 3631 Cor.
3478 3594 3536 3645 ιι,
3582 3577 3653 3647 1).

1956 3670 2092 3733 Quae
2123 3671 2208 3720 est
2236 3666 2390 3720 enim
2422 3665 2742 3719 sublimitas
2795 3666 3096 3725 sermonis,
3146 3666 3258 3720 nisi
3306 3666 3521 3736 regula:
3552 3681 3657 3736 per

1958 3756 2395 3825 metaplasmum
2451 3760 2507 3807 et
2562 3758 2754 3823 tropos
2804 3754 3053 3807 Donati?
3102 3754 3266 3807 Vides
3318 3753 3654 3822 Apostolum

1960 3861 2073 3897 non
2104 3858 2206 3913 per
2235 3842 2460 3896 eosdem
2495 3848 2690 3911 aptare
2721 3858 3003 3911 gressum,
3038 3841 3135 3894 sed
3176 3856 3278 3910 per
3307 3841 3652 3910 simplicita-

1956 3938 2073 3988 tem
2126 3932 2333 3987 Christi
2366 3932 2508 3985 scire
2561 3931 2867 3985 Dominum
2906 3932 3097 3985 Jesum
3139 3930 3464 3995 Christum;
3499 3928 3653 3982 unde

1957 4027 2012 4076 et
2041 4022 2099 4075 in
2133 4020 2612 4092 consequentibus
2644 4020 2902 4074 addidit:
2934 4022 3053 4075 Non
3092 4021 3150 4073 in
3200 4018 3373 4073 doctis
3405 4018 3653 4071 humana:

1957 4113 2241 4179 sapientiae
2267 4111 2481 4179 verbis;
2534 4109 2627 4163 sed
2671 4111 2729 4162 in
2786 4110 3034 4163 doctrina
3070 4110 3331 4178 Spiritus,
3380 4108 3654 4176 spiritua-

1959 4200 2098 4255 libus
2153 4201 2477 4268 spiritualia
2539 4203 2909 4267 comparantes
2975 4198 3164 4267 (Ibid.,
3232 4195 3337 4266 13).
3414 4193 3655 4249 Attende

142 4291 258 4343 Non
291 4288 444 4357 quod
489 4288 608 4356 jam
649 4293 957 4340 consecutus
999 4302 1136 4352 sum,
1187 4292 1281 4339 aut
1310 4289 1615 4355 perfectas;
1655 4303 1849 4355 sequor
1887 4287 1933 4341 D
1958 4288 2095 4359 quid
2131 4288 2313 4341 dicat:
2370 4290 2483 4341 Non
2511 4289 2569 4340 in
2622 4288 2792 4341 doctis
2842 4288 3089 4340 humana:
3127 4288 3409 4355 sapientiae
3455 4285 3654 4339 verbis.

139 4383 325 4432 autem
358 4379 421 4429 ut
450 4374 897 4443 comprehendam
947 4377 1005 4428 in
1049 4390 1152 4442 quo
1214 4375 1620 4443 comprehensus
1667 4391 1785 4430 sum
1817 4391 1851 4429 a

140 4467 374 4519 Christo
434 4463 625 4533 (Ibid.,
692 4463 801 4529 12).
871 4463 969 4516 Hic
1044 4461 1184 4515 mihi
1248 4462 1593 4531 respondeas
1657 4464 1848 4518 velim.

143 4552 425 4624 Nunquid
467 4551 902 4621 grammaticam
942 4567 1179 4621 sequere
1212 4567 1269 4604 se
1301 4550 1484 4604 dixit?
1513 4560 1611 4604 aut
1642 4552 1701 4604 in
1732 4558 1851 4606 arte

145 4642 357 4696 Donati
397 4657 457 4694 se
508 4657 539 4693 a
594 4639 814 4694 Christo
872 4640 1355 4709 comprehensum
1414 4640 1727 4709 cognoscit,
1793 4644 1853 4694 ut

141 4729 267 4784 haec
298 4735 400 4784 tua
454 4729 621 4783 nobis
670 4730 901 4783 solertia
949 4745 1053 4799 pro
1094 4728 1467 4798 grammatica
1506 4729 1855 4781 certantibus

140 4818 408 4887 proferat
432 4818 463 4859 ιι
494 4817 648 4887 quod
677 4818 773 4870 ille
798 4817 884 4870 vir
913 4821 1103 4870 tantus
1134 4833 1238 4885 pro
1272 4816 1544 4869 virtutum
1576 4816 1853 4869 culmina-

138 4908 324 4961 tionis
364 4922 592 4960 summa
628 4910 905 4977 protestat
929 4906 956 4960 ?
990 4904 1298 4975 Sequitur:
1333 4906 1447 4972 Ego
1477 4920 1571 4965 me,
1602 4907 1783 4971 frater
1810 4915 1852 4968 ο,

138 5010 236 5062 ego
270 5011 356 5049 me
412 4998 594 5064 ipsum
632 4995 872 5049 nondum
913 4995 1154 5048 arbitror
1200 4992 1619 5063 apprehendisse
1663 4991 1853 5062 (Ibid,

143 5086 255 5155 13).
310 5084 458 5148 Quid
499 5082 776 5137 obsecro?
816 5082 1259 5138 Grammaticam
1319 5087 1376 5135 et
1418 5081 1711 5135 liberalem
1759 5096 1855 5134 ar-

217 5238 244 5262 ⁸
288 5229 345 5282 F.
376 5229 733 5296 conquerant,
764 5224 823 5279 id
854 5229 937 5281 est
970 5229 1425 5297 conquerantur.

219 5302 246 5342 ιι
292 5301 414 5364 Ms,
456 5314 556 5367 per
586 5313 761 5365 quem.

214 5381 239 5406 ε
285 5370 340 5423 ld
371 5377 457 5424 est
488 5370 868 5437 suSpicionem.

216 5438 245 5475 ἀ
289 5441 415 5502 ills,
440 5446 499 5494 tu
529 5456 565 5492 a
592 5438 814 5493 nobis...
847 5438 1119 5507 proferas.

216 5521 242 5545 ε
283 5512 466 5581 Supra
496 5510 662 5581 epist.
696 5512 749 5569 3.
793 5515 849 5563 et
884 5510 944 5563 in
973 5507 1227 5578 Apostoli
1260 5508 1435 5572 textu,
1469 5507 1693 5571 fratres,
1746 5520 1859 5558 non

143 5583 332 5648 frater
349 5581 617 5653 legimus.

1959 4376 2094 4439 Qua:
2119 4381 2204 4430 est
2233 4376 2353 4428 haec
2384 4376 2638 4428 humana
2659 4374 2962 4443 sapientia,
2997 4390 3099 4443 per
3139 4373 3300 4442 cujus
3330 4371 3658 4426 doctissima

1962 4464 2155 4534 nequit
2215 4463 2519 4532 Apostolus
2558 4463 2808 4516 incidere
2858 4462 3050 4527 verba,
3111 4461 3223 4515 nisi
3276 4461 3335 4513 in
3385 4460 3508 4514 hinc
3560 4465 3660 4513 tua

1960 4551 2233 4606 laudabili
2264 4552 2289 4593 ιι
2324 4552 2541 4619 regula,
2592 4549 2649 4602 in
2692 4566 2807 4619 qua
2857 4554 3027 4618 putas
3066 4550 3240 4602 totius
3290 4548 3657 4617 perfectionis

1962 4640 2203 4694 existere
2236 4655 2459 4691 summa
2480 4641 2509 4691 ?
2542 4637 2832 4707 Conspicis
2860 4638 3173 4691 humanam
3204 4636 3544 4706 sapientiam
3587 4636 3658 4690 ab

1962 4727 2230 4797 Apostolo
2260 4729 2677 4795 nuncupatam,
2720 4741 2892 4794 quam
2959 4729 3019 4778 tu
3075 4726 3405 4795 importune
3454 4724 3657 4777 asseris

1963 4832 2085 4869 esse
2134 4815 2405 4869 divinam.
2462 4813 2623 4867 Fides
2671 4816 2811 4866 enim
2858 4817 3064 4879 nostra,
3110 4819 3174 4867 ut
3220 4813 3529 4882 Apostolus
3558 4812 3658 4874 ait,

1960 4920 2068 4957 non
2098 4909 2174 4958 est
2203 4906 2261 4957 in
2286 4905 2559 4972 sapientia
2591 4902 2886 4964 hominum,
2917 4900 3011 4954 sed
3043 4903 3101 4954 in
3149 4904 3350 4955 virtute
3398 4901 3519 4954 Dei.
3553 4901 3658 4953 Sa-

1959 4994 2225 5063 pientiam
2256 4997 2433 5046 autem
2483 4992 2774 5060 loquimur,
2810 4988 3016 5057 inquit,
3046 4991 3189 5042 inter
3240 4991 3523 5056 perfectos.
3557 4988 3662 5041 Sa-

1962 5083 2223 5151 pientiam
2252 5096 2375 5135 vero
2401 5095 2506 5134 non
2537 5079 2698 5147 hujus
2728 5077 2931 5143 saeculi,
2966 5092 3133 5146 neque
3173 5078 3485 5145 principum
3524 5073 3660 5143 ejus,

2036 5222 2055 5257 ί
2085 5224 2307 5290 Ancila,
2360 5222 2414 5275 id
2466 5226 2550 5275 est
2594 5222 2755 5287 virga
2797 5235 2983 5275 aurea.
3038 5217 3239 5288 Papias
3278 5217 3429 5286 apud
3480 5217 3658 5271 Gloss.

1971 5294 2144 5358 Cang.
2170 5293 2434 5347 editionis
2458 5294 2563 5345 PP.
2601 5293 2807 5362 Congr.
2845 5293 2899 5346 S.
2924 5290 3119 5344 Mauri.

2041 5376 2070 5418 Β
2101 5365 2157 5417 F.
2186 5367 2373 5417 tutius.

2040 5436 2066 5476 Ιι
2100 5435 2153 5486 F.
2182 5436 2294 5486 nisi
2317 5435 2424 5487 haec
2455 5438 2549 5487 tua
2573 5433 2889 5487 laudabilis.
