4098 6180
434 310 530 362 43l

1806 305 2055 361 ALVARI
2101 304 2579 361 CORDUBENSIS

3838 301 3936 356 432

435 443 531 508 qui
580 439 974 501 destruantur;
1034 434 1127 489 secl
1178 436 1447 502 loquimur
1505 437 1601 488 Dei
1659 439 2007 504 sapientiam,
2068 452 2123 489 in
2160 442 2203 491 Α
2230 452 2390 488 suam
2432 435 2696 504 redigeus
2725 435 3054 488 formulam.
3109 435 3183 488 Ex
3213 433 3419 486 ancilla
3449 433 3810 486 lsraeliticam
3837 475 3850 499 ,
3881 440 3941 486 ut

432 529 890 594 ministerioque“l
939 523 1330 588 absconditam,
1385 540 1549 591 quam
1605 539 1754 578 nemo
1816 528 2130 593 principum
2237 524 2524 594 professus
2553 529 2658 591 est,
2689 523 2919 586 faciens,
2970 530 3088 576 non
3133 538 3199 576 ex
3251 527 3412 576 utero
3457 522 3771 576 Israelitam
3830 539 3940 575 ser-

433 614 594 683 hujus
623 613 805 666 saeculi
852 615 1095 678 cognovit
1121 610 1177 677 (Ι
1207 614 1322 665 Cor.
1363 627 1421 670 ιι,
1456 614 1589 676 5-8).
1623 613 1760 666 Peto
1792 618 1855 664 ut
1885 629 2126 682 respon-

432 705 584 768 deas,
623 701 784 766 mihi,
840 717 967 770 quze
1015 701 1136 753 huic
1183 700 1462 753 credenda
1509 706 1591 754 est
1633 701 1914 770 sapientia
1955 701 2128 770 hujus

430 791 643 851 saeculi,
677 791 761 842 vel
792 789 1124 858 principum
1161 790 1302 858 ejus,
1325 806 1356 841 a
1387 805 1501 858 qua
1531 805 1636 841 nos
1669 790 1878 842 Paulus
1901 790 2123 855 avertit,

429 896 601 949 seque
628 880 891 948 ignotum
943 879 1032 931 his
1081 878 1397 947 disciplinis
1427 877 1713 931 celebrare
1746 895 1863 931 non
1902 879 2126 948 pudet?

431 968 574 1020 Dicit
605 969 754 1020 enim
791 966 1065 1020 Dominus
1103 983 1202 1035 per
1246 966 1483 1019 Isaiam:
1529 968 1790 1034 Populum
1840 967 2122 1035 impuden-

427 1064 527 1112 tem
561 1074 666 1111 non
703 1058 930 1120 videbis,
990 1058 1245 1124 populum
1291 1058 1395 1110 alti
1438 1060 1715 1119 sermonis,
1768 1060 1846 1109 ita
1905 1063 1964 1109 ut
2019 1073 2125 1110 non

419 1150 600 1217 possis
647 1147 951 1213 intelligere
999 1145 1462 1198 dissertitudinem
1523 1147 1721 1213 linguae
1769 1147 1884 1213 ejus
1914 1149 1972 1198 in
2022 1162 2124 1213 quo

425 1238 576 1288 nulla
617 1241 693 1288 est
720 1236 992 1303 sapientia
1033 1236 1168 1303 (lsa.
1219 1250 1413 1302 xxxui,
1447 1237 1555 1301 19),
1593 1235 1875 1300 videlicet,
1915 1237 2022 1288 etb
2065 1235 2122 1286 in

422 1323 532 1376 hoc
581 1325 704 1376 loco
755 1324 832 1376 ait
879 1323 1141 1376 destinac
1183 1328 1372 1375 noster
1421 1325 1816 1392 Hieronymus,
1863 1324 2121 1392 philoso-

422 1415 671 1480 phorum
706 1418 760 1465 et
790 1418 1084 1465 oratorum
1123 1412 1345 1478 mundi,
1379 1411 1477 1480 qui
1520 1412 1874 1481 applaudunt
1903 1412 2012 1464 sibi
2061 1412 2119 1464 in

424 1503 743 1554 eruditione
778 1505 832 1553 et
864 1501 1194 1570 eloquentia
1227 1500 1504 1562 saeculari,
1541 1517 1789 1569 quorum
1814 1501 1998 1552 omnis
2039 1516 2122 1552 or-

424 1595 590 1644 natus
619 1591 677 1643 in
726 1590 910 1642 verbis
942 1594 1043 1641 est.
1081 1589 1240 1640 Vides
1285 1589 1601 1642 Donatistas
1632 1594 1757 1642 tuos
1797 1589 2116 1658 depinctos,

423 1687 477 1732 et
508 1681 710 1732 stultos
739 1695 771 1730 a
799 1681 932 1744 Deo,
965 1679 1062 1746 qui
1094 1678 1372 1746 sapientia
1392 1694 1522 1730 vera
1553 1684 1656 1744 est,
1697 1679 2113 1748 comprobatus.

494 1772 544 1820 8.
605 1769 743 1820 [llud
797 1784 930 1820 vero
966 1766 1116 1836 quod
1152 1772 1410 1818 sanctum
1446 1767 1856 1836 Hieronymum
1889 1769 1956 1820 ad
2004 1784 2116 1820 ma-

419 1873 598 1926 guum
624 1861 908 1908 oratorem
936 1856 1264 1924 loquentem
1292 1856 1576 1924 producis,
1606 1856 1834 1908 initium
1863 1857 2117 1926 epistolae

417 1946 775 1998 considerare
808 1944 1000 2008 debes,
1054 1949 1108 1996 et
1163 1945 1386 2013 utquid
1431 1945 1538 1996 hoc
1587 1947 1875 1998 devenerit
1905 1947 2116 2000 enoda-

418 2034 528 2086 tius
583 2033 884 2102 explicare.
939 2032 1032 2084 Ait
1089 2032 1280 2084 enim:
1344 2033 1504 2094 Quod
1564 2039 1753 2085 autem
1805 2033 2013 2102 quaeris
2059 2034 2116 2086 in

417 2123 566 2174 calce
597 2121 849 2189 epistolae
895 2137 996 2172 cur
1043 2120 1101 2172 in
1159 2120 1444 2189 opusculis
1505 2120 1709 2172 nostris
1757 2122 2116 2175 smeularium

419 2209 736 2262 litterarum
775 2209 1064 2262 interdum
1098 2225 1380 2278 ponamus
1413 2209 1695 2278 exempla,
1731 2215 1786 2262 et
1811 2210 2114 2263 candorem

419 2297 676 2350 Ecclesia?
737 2297 1093 2350 ethnicorum
1157 2296 1420 2349 sordibus
1475 2298 1822 2365 pulluamus,
1872 2296 2118 2349 breviter

416 2402 756 2455 responsum
803 2386 1028 2439 habeto.
1079 2387 1322 2438 Adverte
1380 2385 1516 2454 quid
1575 2385 1759 2437 dicat:
1825 2384 2114 2437 Interdum

416 2492 696 2544 ponamus
728 2475 1014 2544 exempla:
1051 2490 1154 2543 per
1218 2475 1371 2542 quod
1422 2473 1670 2526 ostendit
1721 2489 1833 2525 non
1866 2490 2112 2543 semper,

418 2579 518 2616 nec
547 2564 778 2634 ubique,
814 2564 906 2616 sed
944 2563 1036 2615 ubi
1072 2563 1376 2616 necessitas
1412 2562 1664 2630 coegerit
1700 2563 1805 2614 hoc
1847 2578 1960 2615 non
1993 2563 2114 2615 sine

417 2653 608 2722 aliquo
644 2658 806 2704 utere
856 2652 1133 2722 periculo,
1186 2657 1246 2703 ut
1274 2653 1333 2703 in
1362 2651 1843 2719 consequentibus
1885 2652 1953 2703 de
1991 2653 2116 2703 bea-

413 2741 635 2794 tissimo
664 2742 942 2811 Cypriano
967 2739 1160 2794 retulit
1194 2740 1384 2792 dicens
1414 2759 1429 2793 :
1457 2739 1813 2808 Cypri-auius,
1856 2740 1943 2796 vir
1989 2739 2113 2792 elo-

414 2830 648 2899 quentia
693 2837 748 2882 et
786 2829 1059 2898 martyrio
1135 2828 1380 2896 pollens,
1454 2828 1740 2880 Firmi-ano
1800 2832 1996 2880 narrat
2060 2834 2114 2882 et

413 2919 724 2981 mordetur,
771 2935 870 2970 cur
924 2917 1222 2969 adversum
1272 2916 1697 2968 Demetrianum
1748 2916 1999 2968 scribens
2031 2921 2112 2969 te-

413 3007 693 3061 stimoniis
715 3024 849 3060 usus
883 3007 952 3058 sit
987 3005 1397 3074 prophetarum
1440 3010 1494 3056 et
1534 3006 1943 3072 apostolorum,
1979 3022 2107 3074 quae

415 3095 510 3148 ille
564 3097 692 3150 ticte
739 3093 1134 3150 commcntitia
1178 3110 1298 3146 esse
1356 3093 1599 3157 dicebat,
1659 3099 1714 3145 et
1764 3109 1876 3146 non
1918 3095 2107 3164 potius

411 3185 882 3254 philosophorum
949 3200 1010 3236 ac
1072 3187 1394 3251 poetarum,
1455 3197 1706 3251 quorum
1765 3183 2104 3235 auctoritate

415 3277 474 3325 ut
521 3273 787 3326 Etlinicus
848 3271 1134 3324 contraire
1200 3287 1315 3322 non
1367 3274 1609 3338 poterat,
1677 3270 1824 3322 sicut
1867 3275 1923 3323 et
1971 3288 2001 3322 a
2057 3276 2106 3324 te

410 3362 693 3431 digestum
762 3360 902 3412 mihi
959 3360 1018 3411 in
1081 3357 1428 3427 adjutorium
1502 3358 1835 3410 adversante
1913 3358 2106 3410 animo

411 3451 626 3503 dictum
688 3448 1016 3516 Hieronymi
1083 3447 1191 3498 fuit
1270 3445 1367 3496 ubi
1415 3445 1639 3497 mulieri
1719 3446 1954 3514 captivae
2015 3465 2104 3499 ra-

410 3536 720 3589 dendumd
767 3541 954 3603 caput,
1014 3533 1340 3601 supercilia,
1393 3538 1450 3586 et
1517 3549 1716 3585 omnes
1776 3534 1917 3602 pilos
1977 3551 2104 3587 cor-

409 3625 566 3695 poris
623 3623 886 3693 praadicis
950 3622 1354 3691 amputandos,
1411 3627 1465 3674 et
1523 3622 1598 3674 sic
1647 3637 1773 3674 eam
1823 3622 1881 3674 iu
1938 3622 2104 3691 spiri-

410 3713 661 3766 tualibus
737 3711 1165 3780 producendam
1242 3712 1557 3780 amplexus.
1663 3711 1882 3764 Sufticit
1963 3712 2108 3764 mihi

409 3801 562 3872 quod
595 3806 870 3870 captivam
918 3800 1200 3866 nominas,
1254 3806 1451 3854 etnon
1501 3801 1702 3865 civem,
1756 3802 1840 3854 vel
1883 3801 2102 3870 indige-

409 3907 562 3956 nam,
624 3907 719 3943 seu
753 3893 1034 3944 colonam.
1094 3891 1202 3943 Nec
1255 3889 1418 3952 mihi,
1454 3889 1946 3955 reverendissime,
1988 3906 2105 3944 non

409 3996 510 4049 pro
543 3981 846 4033 verborum
881 3980 1014 4032 folia
1046 3992 1066 4016 ο
1097 3978 1332 4042 dictum,
1391 3979 1487 4030 sed
1519 3994 1620 4048 pro
1653 3978 1928 4030 librorum
1973 3994 2106 4047 gen-

405 4069 593 4122 tilium
633 4069 872 4121 lectione
905 4069 1219 4136 profertum
1261 4072 1357 4119 est.
1406 4069 1556 4128 Quos
1590 4065 1668 4118 uti
1699 4064 1717 4098 ί
1756 4082 1873 4118 non
1914 4066 1980 4118 ad
2011 4068 2105 4119 ho-

409 4162 683 4210 nestatem
709 4156 980 4209 debemus
1007 4155 1327 4219 verborum,
1355 4154 1449 4205 sed
1479 4153 1544 4205 ad
1586 4153 1802 4205 fructus
1831 4170 2103 4207 sensuum

408 4261 509 4297 seu
530 4244 944 4297 sententiarum
975 4260 986 4295 :
1033 4247 1085 4294 et
1122 4243 1200 4295 sic
1231 4242 1327 4295 ubi
1359 4241 1416 4294 iu
1463 4241 1675 4294 eisdem
1725 4242 1938 4312 aliquid
1970 4242 2104 4296 tidei

2156 1742 2198 1794 Β

2236 629 2368 666 vum
2400 612 2686 682 captivum
2719 612 3041 665 instituens.
3077 611 3181 665 Sed
3211 611 3301 664 dic
3333 611 3494 678 mihi,
3540 611 3794 677 obsecro,
3833 612 3938 664 liu—

2231 700 2329 768 jus
2365 701 2570 754 Donati
2604 701 2753 754 devii
2811 702 3069 771 regulam
3115 701 3398 770 integram
3447 706 3626 765 tenes,
3680 706 3778 753 aut
3815 716 3934 754 me-

2237 790 2412 850 diam,
2455 805 2638 842 rasam
2680 793 2735 843 et
2771 790 3109 859 capillorum
3151 789 3479 858 spiritudini
3517 789 3931 858 plenissimam,

2234 894 2298 931 ac
2348 879 2685 948 capillorum
2739 880 2876 932 setis
2925 878 3240 932 bellosam?
3290 879 3354 931 Et
3411 878 3457 931 si
3509 895 3694 931 rasam
3728 879 3929 948 capite,

2234 967 2554 1036 superciliis
2598 969 3004 1037 unguibusque
3052 968 3358 1036 desectam,
3415 983 3634 1035 expone
3663 967 3803 1037 quid
3839 983 3932 1019 ca-

2232 1062 2355 1125 put,
2385 1056 2522 1126 quid
2554 1057 2876 1127 supercilia,
2925 1057 3060 1126 quid
3101 1072 3346 1126 ungues,
3401 1057 3537 1126 quid
3581 1073 3647 1108 ex
3693 1057 3818 1125 ipsa
3865 1058 3933 1108 si-

2233 1145 2492 1213 gniﬁcari
2523 1146 2790 1198 censendi
2838 1150 2968 1198 sunt
2995 1145 3119 1215 pili,
3171 1161 3314 1214 quos
3347 1145 3631 1199 radendos
3681 1151 3814 1198 ante
3844 1162 3935 1198 ve-

2231 1238 2412 1286 strum
2455 1234 2789 1303 praedictum
2844 1234 2984 1302 legis
3033 1234 3164 1303 styli
3218 1235 3263 1286 ll.
3317 1234 3476 1297 Quod
3520 1234 3566 1286 si
3617 1234 3833 1303 aliquid
3868 1249 3930 1286 ex

2230 1322 2426 1375 eadem
2475 1323 2632 1389 scris,
2700 1323 2820 1391 jam
2875 1340 2991 1375 non
3033 1323 3278 1392 perfecte
3333 1323 3740 1390 grammaticus
3798 1323 3929 1375 eris.

2233 1412 2441 1463 Paulus
2491 1428 2742 1480 namque
2809 1412 3101 1480 apostolus
3153 1412 3398 1480 qualiter
3464 1411 3636 1479 hujus
3693 1412 3930 1480 captivi?

2228 1499 2392 1552 radat
2424 1500 2568 1568 pilos
2613 1501 2884 1554 absculta.
2915 1499 3358 1552 Atheniensibus
3398 1500 3551 1552 enim
3586 1499 3758 1553 dicit:
3805 1503 3932 1554 Per-

2227 1591 2493 1642 transiens
2523 1591 2663 1641 enim
2693 1595 2740 1641 et
2771 1590 3133 1657 contemplans
3183 1590 3424 1642 culturas
3474 1594 3699 1654 vestras,
3751 1593 3936 1642 inte-ni

2226 1682 2275 1730 et
2329 1694 2481 1730 aram
2528 1681 2585 1730 in
2659 1695 2767 1745 qua
2819 1681 3290 1746 suprascriptum:
3357 1679 3539 1744 Ignoto
3588 1679 3730 1738 deo;
3788 1679 3935 1746 quod

2227 1769 2413 1833 itaque
2463 1769 2772 1834 ignorantes
2804 1783 2894 1820 vos
2943 1769 3138 1830 colitis,
3183 1769 3277 1819 hoc
3321 1782 3412 1831 ego
3465 1771 3728 1820 annuntio
3779 1768 3934 1820 vobis

2229 1855 2368 1922 (Act.
2410 1871 2545 1918 xvn,
2586 1857 2693 1922 23).
2745 1854 2982 1922 Scriptio
3032 1862 3222 1907 autem
3275 1872 3385 1907 ara:
3436 1873 3547 1908 nou
3610 1857 3687 1909 ita
3713 1865 3840 1909 erat
3873 1863 3934 1908 ut

2227 1945 2434 1996 Paulus
2485 1945 2758 1996 asseruit:
2806 1945 2998 2006 Ignoto
3048 1943 3162 2008 deo,
3209 1945 3301 1996 sed
3332 1944 3447 1996 ita:
3488 1947 3599 1996 Diis
3648 1947 3838 2009 Asiis,
3883 1954 3933 1998 et

2225 2034 2475 2099 Europae,
2507 2039 2556 2084 et
2583 2035 2810 2097 Africze,
2864 2032 2974 2085 diis
3014 2035 3214 2098 ignotis
3241 2038 3290 2084 et
3319 2036 3618 2100 peregrinis
3653 2033 3684 2085 ί.
3719 2034 3930 2085 Verum

2226 2121 2358 2190 quia
2389 2121 2592 2173 Paulus
2633 2137 2747 2173 non
2783 2121 3043 2189 pluribus
3074 2121 3365 2189 indigebat
3394 2121 3626 2189 ignotis,
3664 2122 3759 2174 sed
3811 2139 3931 2174 uno

2225 2215 2445 2262 tantum
2500 2211 2636 2275 Deo,
2694 2210 2970 2275 singulari
3019 2209 3190 2262 verbo
3241 2226 3374 2262 usus
3417 2217 3518 2275 est,
3563 2215 3642 2262 ut
3695 2211 3933 2265 doceret

2225 2298 2384 2350 illum
2421 2299 2597 2350 Deum
2629 2314 2817 2364 suum,
2854 2314 3024 2368 quem
3064 2298 3437 2351 Athenienses
3484 2299 3543 2351 in
3591 2315 3702 2351 arm
3758 2299 3929 2352 titulo

2224 2392 2666 2455 pramotassent.

2295 2479 2343 2530 6.
2384 2476 2495 2527 Hoc
2546 2480 2760 2538 autem,
2825 2480 2886 2528 ut
2922 2475 3294 2544 Hieronymus
3348 2475 3447 2542 ait,
3496 2477 3704 2529 Paulus
3752 2477 3930 2530 facie-

2224 2563 2319 2616 bat
2349 2580 2496 2627 rare,
2531 2568 2595 2616 ut
2619 2565 2723 2616 loci
2761 2565 2951 2632 potius
2977 2580 3148 2634 quam
3183 2565 3662 2618 ostentationibns
3707 2582 3925 2635 oppor-

2224 2652 2434 2704 tunitas
2477 2651 2758 2721 exigebat.
2808 2652 2972 2704 Vides
3028 2652 3164 2722 quia
3226 2669 3348 2704 rare
3406 2652 3527 2704 heec
3574 2653 3838 2718 faciebat,
3876 2660 3932 2707 et

2225 2757 2339 2793 non
2367 2756 2611 2810 semper,
2646 2757 2747 2809 pro
2781 2741 3211 2809 opportunitate
3244 2740 3374 2808 loci,
3411 2750 3528 2793 non
3575 2758 3677 2811 pro
3727 2745 3933 2811 regula

2223 2845 2451 2897 semper
2481 2829 2756 2898 sequendi
2797 2835 2968 2899 atque
3016 2845 3118 2898 pro
3160 2830 3317 2882 libris
3364 2830 3665 2898 gentilium
3703 2831 3760 2883 in
3792 2847 3930 2884 con-

2220 2917 2548 2970 ﬁrmatione
2595 2919 2876 2970 dictorum
2933 2934 3194 2983 suorum,
3248 2935 3362 2971 non
3402 2935 3504 2988 pro
3551 2927 3669 2971 arte
3717 2920 3926 2972 Donati

2148 3043 2187 3096 Ο
2222 3007 2411 3076 accipe
2445 3006 2677 3059 dictum.
2715 3007 2851 3058 Nam
2904 3011 3002 3058 tua
3049 3007 3374 3059 testimonia
3424 3024 3538 3060 non
3568 3008 3670 3060 tibi
3721 3009 3926 3061 suffra-

2216 3096 2374 3164 gium
2408 3096 2687 3164 praebent,
2718 3094 2811 3148 sed
2855 3094 3017 3147 mihi.
3050 3094 3106 3147 Si
3135 3111 3266 3148 vero
3295 3095 3597 3165 diligenter
3639 3097 3924 3166 Epistolas

2212 3183 2472 3252 Apostoli
2525 3189 2671 3235 totas
2727 3183 3024 3235 rimaveris
3074 3199 3176 3252 per
3220 3183 3654 3250 conjunctiones
3684 3188 3742 3235 ct
3778 3200 3918 3252 pro-

2211 3271 2520 3340 positiones
2551 3288 2666 3324 non
2719 3270 2991 3340 congruis
3039 3271 3240 3340 positis
3271 3271 3427 3331 locis,
3461 3287 3590 3324 eum
3641 3271 3921 3340 ignarum

2210 3359 2470 3428 protinus
2503 3359 2670 3427 hujus
2724 3359 2923 3411 Donati
2967 3365 3087 3410 arte
3146 3359 3440 3412 evidenter
3500 3364 3670 3429 atque
3721 3366 3928 3429 aperte

2210 3447 2445 3500 videbis.
2498 3447 2656 3509 Quod
2698 3453 2889 3499 autem
2921 3447 2989 3500 de
3020 3448 3323 3500 Salomone
3360 3449 3602 3517 posuisti
3635 3464 3752 3501 non
3787 3465 3928 3501 eum

2214 3536 2654 3603 grammaticum
2689 3535 3036 3605 approbasti,
3073 3537 3168 3589 sed
3203 3553 3267 3588 ex
3299 3535 3460 3589 libris
3493 3537 3791 3590 rhetorum
3835 3539 3928 3590 vel

2214 3623 2639 3677 dialecticorum
2692 3625 2881 3694 aliqua
2922 3625 3179 3693 posuisse
3239 3624 3497 3678 ﬁrmasti.
3558 3626 3706 3679 Dicit
3763 3627 3928 3679 enim

2213 3719 2268 3765 et
2292 3713 2654 3782 proposuisse
2701 3714 2999 3780 nonnulla,
3033 3719 3090 3766 et
3145 3714 3334 3783 aliqua
3376 3713 3755 3783 respondisse.
3818 3715 3930 3768 Ubi

2214 3801 2366 3854 enim
2401 3799 2608 3853 dicitur
2638 3801 2934 3866 nonnulla,
2987 3807 3042 3854 et
3073 3801 3283 3872 aliqua,
3330 3807 3590 3870 apertum
3628 3808 3713 3855 est
3767 3805 3930 3872 quod

2214 3905 2318 3958 pro
2387 3889 2816 3958 opportunitate
2876 3891 2982 3942 loci
3045 3906 3159 3943 non
3229 3891 3443 3958 omnia,
3509 3891 3602 3943 sed
3652 3893 3933 3960 quaedam

2213 3976 2388 4030 fuisse
2413 3977 2486 4030 ad
2538 3993 2660 4030 rem
2712 3977 3080 4046 pertinentia,
3129 3984 3193 4032 ut
3222 3979 3447 4032 libitum
3501 3979 3580 4031 illi
3627 3979 3756 4044 fuit,
3833 3998 3932 4034 ex-

2213 4070 2406 4134 cerpta
2435 4078 2471 4120 1.
2515 4066 2625 4119 Nec
2672 4066 3019 4120 credendum
3069 4067 3224 4137 quod
3281 4067 3366 4119 vir
3417 4067 3707 4134 Hebraeus,
3767 4075 3829 4122 et
3871 4071 3932 4122 in

2214 4155 2575 4207 tavernaculo
2631 4157 2656 4196 k
2706 4171 2970 4208 sermone
3019 4156 3398 4220 doctissimus,
3450 4156 3607 4208 latini
3662 4157 3934 4211 hominis

2213 4249 2474 4313 sequeret
2527 4244 2754 4312 regulas
2804 4249 2902 4297 aut;
2935 4261 3037 4313 per
3085 4246 3286 4298 Donati
3332 4244 3608 4297 discurret
3651 4245 3855 4299 bullas
3897 4249 3933 4308 Ι,

407 4332 742 4387 Christiana:
791 4332 1059 4384 invenero
1108 4347 1447 4400 congruum,
1514 4331 1655 4383 mihi
1693 4331 1972 4384 vindicem
2016 4337 2098 4385 to-
2140 4323 2183 4376 D
2213 4337 2278 4384 ut
2299 4333 2509 4386 omissa
2564 4332 2935 4386 sanctissima:
2967 4335 3177 4403 linguae
3204 4333 3468 4401 ﬂumina,
3515 4334 3762 4386 necdum
3818 4337 3932 4388 ad-

404 4425 547 4481 tum,
611 4424 667 4472 et
714 4435 943 4471 excusso
980 4436 1009 4471 a
1060 4419 1285 4472 Goliath
1325 4418 1537 4487 gladio,
1583 4425 1869 4488 amputem
1921 4419 2099 4488 ipsius

404 4507 731 4577 impiissimi
759 4513 930 4576 caput
950 4507 1181 4577 proprio
1215 4508 1347 4572 telo,
1383 4507 1527 4560 sicut
1553 4507 1650 4560 illa
1673 4523 1802 4577 quae
1839 4508 1906 4560 de
1940 4507 2100 4560 libris

403 4596 586 4650 beatae
636 4597 930 4650 memoria:
962 4596 1269 4666 Augustini
1313 4603 1596 4649 exscertus
1638 4609 1666 4648 ς
1695 4612 1752 4649 es
1783 4597 1852 4649 de
1884 4597 2098 4649 Mercu-

403 4687 490 4740 rio
516 4701 617 4754 pro
639 4701 783 4738 vano
810 4685 979 4750 idolo,
1014 4686 1099 4737 vel
1127 4685 1226 4738 illa
1252 4701 1378 4755 quae
1407 4685 1476 4738 de
1503 4686 1834 4755 sibyllarum
1875 4701 2097 4737 mecum

403 4773 590 4844 legisti
632 4772 918 4826 vaticiniu.
962 4773 1048 4825 Sic
1097 4778 1152 4825 et
1205 4774 1502 4842 Apostolus
1551 4772 1883 4826 necessitate
1941 4789 2097 4826 com-

399 4863 598 4933 pulsus
640 4862 915 4931 pleraque
949 4877 1016 4913 ex
1050 4861 1186 4930 ipsis
1216 4867 1414 4914 contra
1446 4861 1674 4914 eosdem
1708 4865 1790 4912 est
1830 4876 2098 4929 prosecu-

401 4957 512 5018 tus,
544 4966 656 5004 non
685 4967 742 5003 se
775 4966 877 5020 per
924 4966 1124 5003 eorum
1158 4949 1411 5019 dirigens
1446 4950 1724 5019 regulam,
1760 4949 1859 5002 sed
1899 4964 1995 5002 eos
2025 4951 2098 5004 ad

470 5122 494 5146 ι
534 5113 668 5181 Leg.
703 5113 762 5163 in
790 5112 1065 5177 mysterio.

470 5187 496 5226 ι)
538 5184 594 5235 F.
632 5185 800 5235 utin.

471 5263 490 5287 °
532 5255 770 5315 Destino,
805 5252 862 5305 id
895 5256 979 5304 est
1024 5252 1334 5312 columma,
1381 5251 1468 5304 vel
1512 5251 1984 5306 sustentaculum.
2017 5255 2096 5307 Ita

396 5325 571 5377 etiam
631 5328 858 5377 sanctus
891 5322 1118 5376 Braulio
1171 5324 1227 5375 in
1281 5322 1476 5391 Elogio
1507 5321 1621 5374 divi
1655 5321 1854 5376 lsidori
1886 5323 2091 5393 inquit,

398 5396 578 5448 Deum
610 5394 678 5447 ad
719 5394 1088 5447 restauranda
1117 5395 1486 5462 antiquorum
1516 5399 1890 5447 monumenta
1930 5395 2094 5447 illum

398 5466 562 5534 quasi
615 5465 924 5533 quamdam
990 5464 1324 5534 apposuisse
1386 5464 1674 5518 destinam.
1729 5464 1864 5518 Vide
1922 5465 2092 5518 etiam

398 5541 554 5588 tumo
588 5536 645 5588 ν.
679 5536 908 5603 Corippi
941 5536 1365 5599 auctoritatem,
1394 5550 1521 5604 pag.
1558 5537 1682 5588 469.

468 5607 495 5647 d
538 5607 658 5671 ltls.,
695 5606 1040 5659 tradendum.

2208 4421 2321 4474 huc
2351 4421 2411 4474 in
2443 4437 2606 4474 cruce
2636 4422 2865 4474 Domini
2898 4422 3107 4492 linguae
3141 4428 3392 4483 sacratae,
3439 4422 3649 4474 auxilia
3693 4429 3938 4492 quaeret

2209 4510 2528 4579 peregrina.
2567 4511 2776 4563 Paulus
2813 4526 2946 4562 vero
2981 4526 3097 4563 non
3141 4514 3456 4563 metrorum
3491 4510 3806 4578 gentilium
3849 4515 3936 4566 lc-

2208 4597 2398 4667 gibus,
2441 4598 2771 4668 pedibusve,
2804 4603 2866 4652 ut
2897 4599 3055 4662 dicis,
3107 4598 3358 4665 servivit,
3405 4599 3500 4651 sed
3546 4600 3935 4668 Epimenides

2208 4686 2485 4739 versiculo
2520 4703 2655 4740 usus
2712 4686 2818 4740 fuit
2875 4686 2942 4739 ab
2995 4687 3106 4740 alio
3154 4687 3399 4749 condito,
3457 4687 3560 4740 sibi
3602 4692 3810 4743 tamen
3873 4691 3937 4745 in

2207 4774 2521 4826 necessaria
2560 4774 3004 4828 commodatum.
3038 4777 3234 4845 Inepta
3264 4782 3397 4829 sunt
3428 4777 3548 4829 hinc
3577 4780 3632 4828 et
3662 4777 3892 4832 frivola
3920 4797 3935 4843 ;

2209 4861 2591 4932 quinopotius
2650 4864 2910 4930 ostende,
2957 4864 3056 4917 ubi
3104 4865 3225 4934 ipse
3283 4864 3580 4935 apostolici
3644 4865 3755 4919 viri
3823 4884 3942 4938 per

2207 4950 2380 5021 hujus
2411 4956 2510 5004 tua
2533 4953 2738 5005 exculti
2759 4957 2892 5005 sunt
2923 4952 3248 5022 disciplina.

2279 5122 2299 5185 εξ
2341 5113 2405 5185 D.
2452 5115 2560 5185 iPro
2600 5114 2773 5178 foliis,
2844 5113 2988 5167 sicut
3035 5114 3228 5168 statim
3273 5114 3465 5185 inquit
3509 5129 3613 5183 pro
3663 5115 3935 5174 lectione.

2277 5182 2296 5215 ί
2338 5184 2394 5236 L.
2431 5184 2634 5247 Quibus
2664 5188 2749 5238 uti
2788 5200 2901 5238 non
2933 5185 3227 5239 debemus.

2203 5269 2214 5281 ·
2279 5266 2308 5306 [ξ
2349 5254 2407 5306 L.
2440 5257 2762 5323 Eacerplus.

2275 5325 2303 5393 ξι
2345 5324 2400 5377 F.
2427 5325 2694 5378 Prwdixit
2725 5327 2858 5391 leg-is
2888 5328 3108 5393 stylum.

2278 5391 2288 5425 ¹
2325 5395 2412 5468 ita
2446 5395 2824 5465 Hieronymus
2855 5397 2912 5450 in
2939 5391 3157 5451 Comm.
3191 5397 3368 5467 Epist.
3402 5398 3472 5451 ad
3504 5398 3632 5462 Tit.,
3667 5414 3716 5453 c.
3763 5418 3809 5468 ι,
3843 5407 3935 5459 t2.

2269 5483 2282 5524 ι
2325 5466 2421 5518 Ms.
2433 5506 2446 5529 ,
2479 5473 2722 5534 emcepta.

2276 5538 2302 5578 ιι
2344 5537 2400 5589 L.
2433 5538 2750 5592 Vernaculo.

2278 5608 2290 5648 ι
2329 5607 2387 5661 Id
2419 5612 2503 5660 est
2531 5609 3013 5678 perstrepentium
3047 5626 3248 5664 vocum
3281 5615 3570 5665 ornatum.
