4098 6180
173 308 258 360 433
1688 305 1818 360 ΕΡΙξ

1932 305 2075 361 'LIE.

3537 303 3643 360 434

217 446 302 496 10.
346 441 503 506 Quod
549 456 680 494 vero
709 442 1022 494 Juvencum
1070 441 1272 495 asseris
1304 439 1676 509 Evangelium
1723 440 1828 494 sub
1870 445 1907 497 A
1942 439 2091 494 viros
2124 456 2237 495 non
2277 457 2549 494 sensuum
2595 441 2831 495 veritate
2873 442 3140 512 gaudere,
3192 441 3290 495 sed
3336 440 3640 495 verborum

172 531 373 585 metrica
402 529 619 583 misisse
647 530 792 599 lege,
835 530 969 584 audi
1017 530 1124 583 hoc
1169 530 1228 582 in
1280 529 1508 583 laudem
1569 545 1699 582 eum
1744 531 1825 584 fe-

168 622 284 674 cisse
313 619 534 684 Christi,
578 624 643 672 ut
688 618 968 689 quidquid
1015 635 1080 672 ex
1129 619 1234 672 hoc
1282 618 1464 672 inesse
1516 619 1622 671 sibi
1665 619 1829 672 dole-

167 712 243 763 bat
282 708 588 773 sordidum,
647 724 751 778 per
797 708 1028 761 laudem
1078 707 1178 761 Dei
1223 709 1530 776 pulchrum
1564 708 1830 762 redderet

165 805 310 868 atque
352 799 654 850 excultum.
717 797 782 850 Et
832 796 967 868 quia
1015 812 1081 850 eo
1142 801 1277 850 tunc
1329 801 1585 865 tempore
1645 797 1828 866 magis

163 886 390 958 quisquis
441 886 699 939 versibus
770 901 1006 955 operam
1065 885 1255 949 dabat,
1314 891 1553 953 propter
1613 883 1828 954 eloquii

161 981 508 1041 venustatem,
539 981 595 1028 et
622 991 722 1043 per
751 974 1104 1027 occasionem
1142 973 1609 1039 dissertitudinis,
1644 974 1826 1042 genti-

158 1064 278 1116 lium
305 1063 582 1117 serviebat
613 1063 813 1128 errori,
844 1063 982 1116 dum
1015 1063 1272 1132 legerent
1301 1062 1522 1131 Virgilii
1543 1062 1824 1126 .rliueidos,

158 1158 203 1205 et
227 1152 415 1205 ﬂerent
449 1152 728 1205 Didonem
763 1152 1120 1217 exstinctam,
1157 1151 1423 1221 ferroque
1458 1157 1708 1204 extremo
1741 1166 1824 1203 se-

158 1246 340 1305 cutam,
373 1241 460 1293 vel
493 1246 740 1310 spretam
761 1239 1030 1309 injuriam
1054 1240 1276 1304 fornice,
1307 1245 1362 1292 et
1394 1239 1540 1308 rapti
1563 1239 1825 1293 Cauime-

157 1329 225 1382 dis
252 1330 510 1394 honores,
531 1330 789 1382 fallacem
813 1333 1025 1382 donum
1051 1329 1332 1393 Minervae,
1353 1333 1409 1381 et
1429 1329 1624 1380 dolum
1651 1330 1828 1382 Juno-

154 1419 442 1488 nisiniqua:
463 1434 563 1484 ;ne
582 1418 669 1471 his
682 1417 994 1483 erroribus,
1017 1417 1349 1470 sordibusve
1365 1417 1828 1487 ;inqninarentur

155 1506 455 1571 Christiani,
485 1506 791 1576 praevisum
824 1516 849 1538 ³
869 1511 972 1571 est,
1007 1511 1068 1558 ut
1093 1505 1324 1558 metrice
1359 1505 1635 1558 miracula
1664 1522 1825 1558 cane—

151 1600 259 1646 rent
273 1594 474 1647 Christi
499 1611 511 1647 :
537 1593 811 1647 utinlecti
837 1595 1069 1648 metrica
1090 1594 1410 1659 dulcedine,
1436 1595 1602 1646 simul
1634 1600 1690 1647 et
1711 1610 1824 1647 non

152 1680 444 1742 mendacio,
479 1680 573 1732 sed
615 1681 851 1733 veritate
900 1680 1148 1750 propriis
1204 1680 1574 1746 inhaererent,
1627 1680 1822 1733 melli—

151 1770 310 1821 tluum
351 1768 586 1822 libando
614 1785 897 1838 saporem,
932 1769 1293 1822 ethnicorum
1324 1773 1659 1838 respuerent
1701 1785 1821 1822 sor-
1865 1747 1902 1800 Β

150 1857 341 1920 didam,
383 1857 936 1928 spurcissimumque
988 1858 1270 1919 fcetorem,
1307 1857 1620 1910 secundum
1673 1858 1824 1927 quod

148 1946 382 2000 Sedulius
442 1947 501 1999 in
550 1947 884 2016 praefatione
941 1947 1132 2016 operis
1166 1947 1450 2000 Paschalis
1499 1947 1822 2002 Calcidonio

149 2036 400 2104 prosatice
451 2036 549 2087 ait.
602 2036 763 2099 Quod
796 2036 920 2105 ipsa
959 2040 1059 2089 tua
1092 2036 1389 2105 sagacitas,
1443 2035 1490 2088 si
1534 2035 1821 2099 maluerit,

149 2124 372 2177 invenire
417 2123 646 2177 valebit.

208 2212 352 2276 Quod
383 2218 582 2266 autem
615 2212 778 2266 nobis
823 2219 1073 2265 veterem
1114 2212 1445 2266 haereticqu
1491 2211 1820 2282 Origenem,

149 2301 481 2370 praecipuum
517 2301 808 2354 doctorem
843 2301 1056 2367 dicens,
1091 2301 1151 2354 in
1178 2301 1574 2354 testimonium
1612 2303 1821 2371 produ-

149 2391 229 2454 cis,
273 2406 443 2459 quem
495 2407 528 2442 a
561 2391 822 2444 Patribus
878 2391 1215 2444 damnatum
1266 2391 1387 2460 ipse
1432 2407 1547 2444 non
1596 2391 1820 2444 nescis:

148 2481 268 2531 scias
295 2496 384 2533 me
410 2480 535 2548 ejus
590 2497 708 2532 non
745 2480 948 2532 terreri
1001 2479 1166 2532 dictis
1211 2483 1252 2540 b,
1315 2480 1486 2532 etiam
1542 2479 1588 2532 si
1628 2486 1822 2532 contra

149 2583 223 2620 me
274 2570 609 2636 existerent,
667 2568 907 2637 potiora.
974 2570 1099 2638 Ipse
1160 2568 1313 2621 enim
1373 2574 1458 2622 est
1513 2568 1610 2638 qui
1659 2567 1818 2632 dixit,

143 2660 229 2708 Ars
260 2658 478 2727 magica
513 2656 651 2709 mihi
685 2673 799 2709 non
831 2657 1055 2710 videtur
1087 2656 1330 2725 alicujus
1364 2657 1443 2710 rei
1502 2656 1818 2709 subsisten~

147 2746 203 2796 tis
238 2747 572 2799 vocabulum
604 2746 699 2802 sed
731 2745 854 2808 etsi,
887 2745 977 2811 sit,
1024 2762 1137 2799 non
1179 2751 1264 2799 est
1295 2746 1482 2814 operis
1526 2745 1684 2808 mali,
1720 2760 1823 2798 nec

145 2834 277 2903 quod
308 2835 512 2888 haberi
543 2834 722 2904 possit
752 2835 1122 2904 contemptui.
1181 2837 1324 2888 Puto
1367 2838 1421 2887 te
1452 2835 1638 2886 virum
1685 2827 1819 2903 prti-

145 2922 524 2977 dentissimum
568 2924 686 2976 haec
716 2923 783 2975 ab
822 2923 1024 2976 eodem
1058 2923 1205 2976 dicto
1239 2939 1354 2976 non
1407 2923 1672 2992 probare,
1736 2923 1819 2974 vel

143 3016 320 3063 caetera
347 3027 477 3080 qua:
512 3011 570 3064 in
605 3009 767 3063 libris
803 3009 1144 3064 Periarchon
1177 3011 1414 3080 digessit
1446 3027 1562 3062 non
1619 3009 1818 3063 dubito
1857 3043 1896 3097 Ο

141 3103 182 3150 te
224 3098 532 3151 fortissime
591 3099 858 3151 refutare.
909 3098 1099 3166 Magos
1147 3114 1281 3150 vero
1327 3097 1454 3150 illos
1482 3099 1644 3150 valde
1685 3114 1816 3165 pro-

144 3186 328 3254 phetize
360 3197 379 3220 τ
411 3191 734 3240 commotos
779 3186 953 3238 fuisse
983 3185 1366 3238 certissimum
1399 3192 1501 3239 est.
1542 3186 1645 3239 Sed
1681 3202 1819 3254 pro—

143 3275 311 3342 phetia
342 3293 371 3327 a
429 3277 546 3328 Deo
575 3275 660 3328 illi
699 3274 996 3343 inspirata,
1051 3291 1162 3326 non
1197 3275 1266 3327 ab
1316 3280 1436 3327 arte
1480 3276 1683 3327 Donati
1729 3274 1816 3326 in-

138 3369 302 3416 venta.
356 3363 541 3416 Debes
571 3363 750 3415 elehel
811 3359 858 3428 Α,
895 3377 1101 3430 nempe
1158 3361 1277 3414 tilio
1329 3362 1488 3426 Huri,
1545 3363 1625 3415 tili
1681 3363 1816 3428 Hor,

141 3451 225 3519 qui
279 3453 540 3521 repletus
589 3450 805 3504 exstitit
861 3450 1054 3504 divino
1113 3451 1324 3520 Spiritu
1387 3451 1594 3517 (Exod.
1644 3452 1815 3520 xxxi),

138 3539 254 3605 quid
285 3540 484 3608 cupias
531 3539 815 3592 affirmare
849 3555 962 3591 non
991 3537 1272 3608 intelligo.
1325 3538 1594 3609 Nunquid
1640 3538 1755 3591 dixi
1787 3555 1818 3591 a

143 3627 235 3679 Deo
282 3627 630 3698 sapientiam
671 3627 813 3680 nulli
862 3628 1162 3680 hominum
1209 3628 1424 3694 datam,
1475 3633 1574 3680 aut
1613 3625 1816 3695 negavi

135 3732 340 3770 omnem
379 3716 681 3770 scientiam
715 3734 746 3767 a
778 3716 1103 3769 ccelestibus
1151 3732 1184 3768 a
1215 3718 1329 3769 Deo
1360 3721 1634 3768 creatura)
1699 3730 1815 3767 suae

135 3802 383 3869 delatam,
419 3810 486 3855 ut
520 3802 712 3870 hujus,
755 3807 810 3855 et
842 3803 997 3855 Eliab
1031 3803 1212 3855 tilium
1247 3802 1561 3855 Bacisamat
1591 3807 1632 3868 θ,
1674 3801 1816 3854 mihi

132 3906 341 3944 enarres
397 3892 608 3961 gesta?
655 3891 772 3943 lmo
828 3891 1004 3943 libere
1045 3891 1366 3960 proﬁteor:
1413 3891 1575 3945 Omne
1627 3891 1814 3944 datum

133 3979 324 4046 bonum,
385 3987 438 4033 et
477 3994 632 4033 omne
679 3979 876 4033 donum
910 3981 1208 4048 perfectum
1237 3980 1518 4033 desursum
1565 3995 1598 4031 a
1655 3981 1816 4032 Patre

128 4067 370 4122 luminum
402 4084 518 4122 esse
549 4067 681 4137 (Jac.
721 4085 756 4132 ι,
793 4069 878 4136 l7)
917 4084 928 4120 :
963 4068 1145 4121 ethoc
1175 4084 1422 4138 namque
1455 4069 1670 4120 donum
1709 4067 1817 4121 fuit

131 4156 453 4222 perfectum,
486 4156 626 4226 quia
645 4155 702 4208 in
737 4156 954 4209 honore
981 4156 1288 4209 sanctuarii
1319 4156 1417 4209 Dei
1447 4156 1660 4210 exstitit
1680 4171 1812 4208 con-

129 4251 421 4299 secratum.
461 4244 731 4314 Nunquid
769 4251 948 4297 artem
987 4245 1186 4298 Donati
1217 4246 1433 4299 donum
1473 4245 1686 4315 poteris
1716 4244 1786 4298 ﬁr

1940 529 2451 598 compositionibus
2483 529 2794 594 deservire;
2841 546 3025 600 neque
3071 546 3175 599 per
3205 529 3635 599 simplicitatem

1939 634 2166 670 currere
2199 618 2423 682 Christi,
2472 618 2569 671 sed
2615 635 2714 687 per
2752 624 2933 672 artem
2972 619 3260 675 liberalem
3315 618 3539 672 Donati.
3578 621 3640 674 Et

1940 706 2108 775 plane
2140 712 2273 758 tunc
2305 705 2361 758 in
2407 705 2779 774 responsione
2831 721 2945 758 non
3001 723 3179 760 unum
3210 713 3434 760 tantum
3482 707 3633 761 diem

1908 795 2226 855 ‘desudem,
2287 794 2387 848 sed
2438 795 2612 847 totius
2669 810 2810 847 meae
2859 800 3085 864 tempus
3145 808 3174 848 ε
3216 795 3364 850 vitae.
3428 796 3634 851 Sensus

1938 883 2092 936 enim
2153 883 2420 948 hominis,
2479 900 2650 953 quem
2725 884 2880 936 Plato
2944 883 3002 935 in
3060 884 3315 948 cerebro,
3377 884 3632 939 Christus

1939 978 2218 1025 monstrat
2239 973 2297 1024 in
2316 972 2482 1025 corde
2513 972 2634 1026 haec
2657 973 2853 1026 omnia
2874 972 3186 1038 adinvenit,
3217 980 3274 1025 et
3300 989 3412 1025 non
3443 972 3538 1025 ille
3559 973 3629 1028 ob

1939 1061 2140 1114 eadem
2174 1063 2200 1102 h
2251 1060 2519 1114 inventus
2571 1061 2695 1114 fuit.
2760 1061 2916 1114 Unde
2977 1060 3192 1130 liquide
3242 1065 3483 1127 constat,
3535 1062 3634 1130 qui

1937 1166 2169 1222 sensum
2226 1150 2535 1202 columeni
2592 1150 2762 1219 gerit,
2811 1165 3109 1219 nunquam
3161 1149 3396 1202 aliunde
3431 1150 3629 1202 suifra-

1938 1239 2097 1308 gium
2131 1239 2267 1291 artis
2321 1238 2635 1308 inquirere,
2700 1256 2872 1308 quem
2930 1238 2991 1290 in
3044 1255 3101 1290 se
3152 1238 3372 1308 sibique
3422 1239 3632 1291 iterum

1937 1327 2199 1398 praevidit
2253 1343 2390 1379 esse.
2438 1327 2536 1379 llle
2589 1327 2745 1380 enim
2797 1327 3002 1380 Donati
3051 1332 3270 1397 quaerat
3328 1327 3628 1394 auxilium,

1936 1416 2028 1469 cui
2058 1415 2323 1469 debilitas
2353 1415 2533 1468 inticit
2573 1416 2836 1485 gradum.
2902 1415 3076 1469 Nobis
3131 1421 3324 1469 tamen
3382 1432 3628 1486 quorum

1934 1505 2212 1571 Christus,
2245 1504 2343 1573 qui
2373 1510 2455 1557 est
2498 1505 2780 1574 sapientia
2827 1522 2979 1568 vera,
3031 1504 3282 1569 instruit,
3344 1506 3512 1572 fovet,
3571 1511 3628 1558 et

1936 1593 2526 1658 eruditiutellectum;
2566 1602 2624 1647 ut
2650 1594 2788 1662 quid
2823 1610 2923 1662 per
2954 1592 3259 1662 gentilium
3291 1594 3627 1661 vagabimus

1935 1681 2196 1747 delubra,
2225 1697 2354 1734 cum
2388 1685 2609 1736 constet
2641 1687 2832 1734 nostra
2862 1682 3040 1734 totius
3066 1682 3454 1734 doctrinarum
3495 1683 3629 1734 fon-

1932 1770 2083 1824 tibus
2114 1772 2304 1839 opleta
2331 1769 2541 1824 vitalia.
2591 1772 2748 1823 Unde
2795 1770 2975 1823 sancti
3028 1775 3086 1822 et
3141 1769 3434 1839 apostolici
3501 1771 3628 1836 viri,

1932 1860 2036 1913 etsi
2095 1875 2197 1928 per
2228 1860 2490 1929 peritiam
2553 1859 2754 1914 Donati
2813 1859 2916 1910 visi
2974 1865 3106 1911 sunt
3156 1858 3338 1927 loqui,
3388 1875 3506 1911 non
3558 1859 3628 1912 ab

1935 1948 2139 2002 eodem
2180 1948 2441 2002 credendi
2474 1953 2607 2000 sunt
2651 1948 2821 2001 fuisse
2852 1947 3135 2014 instructi,
3174 1947 3269 2000 sed
3330 1947 3398 2000 ab
3433 1963 3498 2000 eo
3529 1946 3630 2016 qui

1933 2037 2040 2089 hoc
2071 2037 2260 2105 ipsum
2294 2042 2465 2090 tenue
2501 2036 2687 2090 eidem
2716 2036 2998 2106 congessit
3046 2035 3264 2105 gentili.
3300 2037 3421 2088 Non
3469 2036 3625 2089 enim

1932 2126 2196 2194 apostoli,
2269 2130 2367 2179 aut
2425 2126 2744 2195 prophetae,
2816 2125 2979 2194 quasi
3036 2141 3100 2178 ex
3177 2141 3348 2195 opere
3415 2125 3628 2194 regulis

1933 2215 2323 2269 deservierunt
2381 2215 2670 2280 humanis,
2740 2214 2838 2267 sed
2901 2213 3150 2267 columii
3212 2229 3381 2266 sensu
3443 2213 3626 2283 quali-

1933 2309 2019 2358 ter
2063 2303 2404 2373 proferenda
2448 2309 2634 2356 essent
2683 2303 3078 2356 instrumentis
3117 2302 3506 2372 praevidebaut
3551 2301 3629 2355 di-

1936 2391 2102 2446 vinis.

2007 2484 2089 2535 ll.
2123 2481 2281 2545 Quod
2313 2497 2443 2534 vero
2473 2485 2584 2533 tres
2630 2496 2836 2550 pueros
2869 2479 3006 2532 dicis
3040 2480 3473 2548 grammaticam
3522 2479 3622 2533 do-

1932 2569 2134 2633 cuisse,
2181 2569 2362 2622 miror
2415 2574 2468 2621 te
2522 2569 2862 2638 prudentem
2917 2569 3211 2621 hominem
3255 2574 3370 2621 tam
3431 2568 3629 2622 leviter

1931 2657 2212 2728 opinasse,
2276 2664 2335 2710 ut
2381 2657 2741 2712 Chaldaicam
2793 2657 3153 2727 disciplinam
3195 2657 3625 2727 grammaticam

1932 2763 2172 2813 asseras,
2225 2762 2354 2799 cum
2429 2747 2804 2814 grammatica
2857 2747 3034 2800 Grznci
3095 2748 3333 2811 dicatur,
3396 2752 3450 2799 et
3505 2746 3627 2815 ipso

1931 2835 2162 2888 nomine
2195 2835 2335 2887 facie
2365 2838 2531 2886 tenus
2565 2834 2704 2902 quid
2748 2834 2821 2886 sit
2861 2837 3115 2902 apertius
3146 2835 3468 2904 iudagetur.
3517 2835 3624 2887 Ve-

1932 2939 2060 2976 rum
2107 2924 2242 2992 quia
2295 2921 2544 2974 editione
2580 2922 2902 2990 Symmachi
2944 2939 3049 2990 pro
3094 2922 3332 2976 Hebraea
3370 2939 3428 2974 es
3467 2939 3622 2987 usus,

1929 3015 2100 3080 atque
2133 3011 2294 3081 quasi
2337 3011 2548 3080 ignotis
2599 3010 2655 3062 in
2707 3011 2877 3063 aliam
2912 3010 3148 3062 alterius
3190 3010 3312 3062 loco
3353 3009 3621 3064 inducere

1929 3116 1989 3152 es
2019 3100 2192 3164 visus,
2228 3099 2349 3167 regi
2385 3099 2910 3151 Nabuchodonosor
2931 3097 3492 3168 profanijussioncm
3522 3115 3622 3150 uo-

1927 3189 2014 3242 bis
2046 3190 2104 3241 in
2134 3188 2451 3241 doctrinam
2481 3189 2754 3250 formans,
2780 3193 2834 3240 et
2857 3189 3009 3256 quod
3040 3187 3134 3239 ille
3164 3186 3356 3255 pueris
3387 3187 3623 3256 captivis

1927 3278 2077 3336 fecit,
2115 3276 2276 3329 nobis
2307 3275 2499 3328 liberis
2523 3276 2702 3328 facere
2720 3275 3031 3341 mandans;
3059 3276 3194 3328 audi
3222 3275 3356 3345 quid
3377 3275 3509 3328 inde
3527 3291 3625 3328 no-

1927 3371 2042 3419 ster
2074 3365 2456 3433 Hieronymus
2474 3363 2863 3416 sanctissimus
2885 3363 3120 3416 sentiat:
3155 3365 3313 3423 Nota,
3349 3363 3444 3429 ait,
3466 3363 3620 3433 quod

1928 3457 2073 3509 Deus
2099 3453 2322 3506 dederit
2353 3453 2558 3506 sanctis
2594 3453 2785 3522 pueris
2828 3452 3120 3505 scientiam
3162 3459 3216 3504 et
3261 3451 3620 3520 disciplinam

1927 3542 2282 3595 saecularium
2314 3541 2632 3594 litterarum
2657 3542 2884 3609 inlomui
2910 3544 3074 3607 libro,
3097 3560 3199 3612 pro
3223 3558 3336 3611 quo
3365 3541 3620 3612 Symma-

1926 3632 2064 3684 chus
2094 3632 2500 3701 interpretatus
2527 3636 2610 3684 est
2642 3637 2818 3683 artem
2847 3631 3296 3700 grammaticam,
3333 3636 3397 3684 ut
3425 3637 3622 3684 cuncta

1926 3736 2054 3789 quae
2086 3719 2355 3789 legebant
2376 3720 2782 3788 intelligerent,
2819 3726 2874 3772 et
2898 3720 3104 3789 spiritu
3123 3721 3216 3773 Dei
3235 3721 3303 3773 de
3327 3721 3620 3774 Chaldaeo—

1927 3825 2053 3861 rum
2089 3807 2325 3860 scientia
2350 3808 2696 3877 judicarent.
2733 3809 2800 3860 Et
2829 3809 3110 3878 siquidem
3141 3825 3238 3861 rex
3263 3806 3494 3877 gentilis
3525 3823 3620 3862 eos

1925 3913 2094 3951 causa
2125 3896 2463 3949 eruditionis
2499 3897 2567 3949 ad
2607 3897 2996 3949 scholasticam
3039 3895 3359 3950 doctrinam
3411 3898 3616 3965 posuit,

1925 3986 2020 4039 sed
2097 3987 2241 4038 Deus
2296 3984 2410 4039 illis
2468 3986 2534 4038 ad
2613 3986 3030 4038 convincendos
3106 3985 3390 4054 sapientes
3458 3985 3618 4039 Chal-

1923 4075 2179 4128 diuorum
2206 4073 2582 4143 multiplicem
2616 4073 2953 4143 sapientiam
2993 4073 3166 4127 dedit.
3214 4073 3618 4128 Animadverte

1925 4162 2060 4232 quia
2094 4163 2236 4215 Deus
2259 4162 2414 4215 dedit
2443 4163 2522 4214 eis
2553 4162 2990 4230 intelligentiam
3025 4167 3081 4214 et
3111 4161 3428 4224 scientiam,
3461 4167 3523 4215 ut
3548 4163 3617 4216 de

1923 4251 2324 4306 Chaldaeorum
2375 4250 2608 4302 scientia
2657 4251 2808 4318 ipsos
2866 4251 3140 4303 refutaret
3192 4250 3503 4304 Chaldaeos.
3555 4251 3617 4303 Et

130 4348 266 4386 mare
313 4333 684 4404 perfectum?
725 4334 829 4387 Sed
865 4339 924 4386 ut
971 4335 1324 4387 consentiam
1354 4334 1647 4387 sententia?
1682 4339 1812 4398 tum,
1854 4338 1898 4392 D
1925 4339 2240 4392 notandum
2268 4338 2419 4407 quod
2455 4355 2567 4390 non
2598 4340 2666 4392 ab
2699 4339 2795 4392 illa
2835 4339 3134 4408 disciplina
3167 4339 3253 4391 vel
3285 4339 3352 4390 ab
3402 4338 3614 4392 eisdem

127 4421 200 4472 fac
236 4424 372 4492 quia
419 4423 642 4476 donum
697 4422 768 4474 sit
815 4423 1153 4491 perfectum,
1187 4423 1503 4492 datumque
1555 4425 1625 4476 sit
1671 4421 1813 4490 opti-

128 4526 290 4564 mum.
328 4511 610 4581 Nunquid
647 4510 760 4563 dixi
792 4511 848 4563 in
881 4511 1146 4564 omnibus
1173 4516 1228 4564 et
1260 4512 1312 4564 in
1362 4511 1554 4563 omnia
1584 4511 1813 4580 penitus

129 4600 471 4666 reprobum?
517 4599 790 4669 Nunquid
841 4617 956 4652 non
988 4605 1119 4653 sunt
1175 4601 1294 4653 haec
1327 4599 1498 4654 verba
1547 4599 1814 4668 Epistolas

124 4702 246 4740 mea:
281 4706 294 4741 :
338 4712 359 4735 ι
388 4689 632 4741 Sanctus
683 4695 734 4741 et
769 4688 1106 4758 apostolicos
1161 4690 1306 4740 virus
1339 4705 1455 4742 non
1508 4689 1811 4742 verborum

123 4777 634 4845 compositionibus
699 4777 1006 4842 deservire,
1072 4778 1165 4830 sed
1239 4794 1512 4831 sensuum
1581 4777 1815 4830 veritate

123 4867 400 4931 gaudere;
457 4882 646 4936 neque
712 4883 812 4936 per
854 4871 1034 4920 artem
1088 4866 1383 4920 liberalem
1441 4867 1664 4932 Donati,
1718 4867 1814 4921 sed

122 4967 211 5018 per
247 4955 684 5024 simplicitatem
721 4971 949 5008 currere
982 4955 1210 5008 Christi.
1247 4977 1268 5003 ι
1304 4955 1361 5009 Si
1400 4955 1507 5009 hoc
1529 4956 1812 5024 displicet,

121 5045 169 5093 et
213 5043 461 5097 refutari
522 5042 706 5113 magis
767 5060 939 5114 quam
988 5043 1149 5113 sequi
1208 5046 1412 5113 placet,
1473 5044 1814 5098 contrariam

122 5131 462 5184 sententiam
509 5131 739 5185 forma"
769 5137 832 5185 ut
881 5132 1057 5196 dicos,
1092 5138 1316 5185 sanctos
1371 5137 1429 5185 et
1473 5134 1816 5202 apostolicos

182 5299 203 5321 ⁸
244 5291 300 5342 F.
331 5293 644 5359 provisum.

183 5361 205 5399 ιτ
239 5361 364 5423 Ms,
405 5363 608 5415 terreni
636 5360 802 5414 dicta.

183 5439 200 5461 ο
235 5432 408 5506 iusta
470 5431 733 5501 superius
806 5436 1020 5499 notata,
1092 5434 1320 5488 Balaam
1383 5436 1671 5503 prophetia
1742 5435 1818 5487 le-

130 5503 365 5565 gendum
377 5544 390 5566 ,

184 5571 207 5612 ά
244 5573 305 5626 L.
343 5574 432 5625 De
463 5571 754 5626 Beselehel.

184 5652 202 5673 ε
238 5643 528 5712 Vulgata:
558 5643 745 5698 Ooliab
768 5643 944 5712 ﬁlium
986 5645 1353 5699 Achisamech.

1922 4427 2322 4497 deceptorilaus
2355 4432 2487 4479 sunt
2519 4427 2689 4487 docti,
2724 4427 2819 4480 sed
2852 4443 2884 4479 a
2933 4428 3040 4480 Deo
3080 4427 3319 4496 decuplo
3367 4431 3498 4480 sunt
3526 4427 3616 4480 in-

1920 4514 2142 4568 lustrati
2175 4531 2187 4567 :
2239 4520 2301 4568 ut
2331 4514 2618 4583 intelligas
2658 4531 2766 4567 non
2801 4519 2922 4568 arte
2962 4532 3059 4567 eos
3099 4517 3204 4568 hoc
3248 4515 3420 4568 fuisse
3461 4532 3617 4568 asse-

1921 4611 2102 4671 cutos,
2135 4604 2231 4658 sed
2274 4604 2370 4658 Dei
2403 4620 2661 4670 munere,
2717 4605 2782 4657 ad
2825 4604 2980 4674 quod
3029 4605 3411 4657 necessarium
3472 4610 3613 4670 erat,

1922 4692 2247 4762 inspiratus.
2296 4692 2498 4744 Dicunt
2544 4699 2759 4758 autem,
2791 4698 2852 4745 ut
2908 4692 2987 4747 ait
3044 4693 3436 4762 Hieronymus,
3503 4710 3616 4746 non

1925 4786 1988 4834 ut
2054 4786 2388 4850 sequantur,
2449 4781 2543 4833 sed
2601 4786 2664 4834 ut
2711 4781 2992 4851 judicent,
3045 4787 3215 4852 atque
3255 4783 3609 4835 convincant.

1923 4869 2217 4933 Quomodo
2250 4869 2536 4937 quispiam
2570 4869 2841 4923 adversus
2888 4871 3322 4925 mathematicos
3371 4870 3616 4922 scribere

1923 4957 2221 5028 imperitos
2271 4959 2705 5011 mathematicos
2748 4959 2890 5012 risui
2940 4964 3133 5029 pateat
3163 4961 3209 5026 κ,
3245 4964 3300 5012 et
3343 4959 3615 5010 adversus

1921 5045 2299 5116 philosophos
2331 5046 2629 5115 disputans
2673 5048 2899 5117 ignoret
2928 5050 3195 5118 dogmata
3243 5045 3612 5118 philosopho-

1924 5151 2074 5189 rum.
2112 5136 2179 5188 Et
2221 5151 2350 5211 nos,
2396 5136 2909 5197 Reverendissime,
2939 5137 3369 5205 grammaticam
3404 5134 3484 5186 sic
3522 5133 3613 5186 di—

1996 5293 2012 5327 τ
2050 5295 2164 5356 Ms.,
2205 5296 2456 5361 formam.

1996 5379 2025 5418 3
2061 5366 2157 5418 Ms.
2171 5404 2183 5421 .
2229 5369 2503 5434 temporis.

1995 5437 2020 5476 h
2060 5436 2178 5500 Μελ,
2211 5436 2277 5489 ab
2309 5436 2538 5490 easdem.

1996 5506 2006 5538 ί
2031 5513 2044 5554 1
2115 5506 2238 5572 Ms.,
2265 5509 2561 5562 colomen...
2584 5509 2793 5562 colome.

1999 5577 2022 5608 κ
2062 5576 2152 5630 Sic
2195 5577 2337 5631 forte
2399 5579 2770 5649 corrigendus
2829 5582 2912 5630 est
2965 5577 3158 5631 locus:
3215 5577 3514 5642 Quomodo
3569 5580 3614 5636 si

1929 5648 2210 5718 quispiam
2271 5650 2530 5704 adversus
2563 5648 2990 5703 mathematicos
3040 5649 3286 5704 scribens
3325 5654 3617 5720 imperitus
