4098 6180
434 293 537 346 435

1808 288 2061 343 ALVARI
2093 289 2572 345 CORDUBENSIS

3833 286 3936 340 436

432 429 611 483 cimus
669 438 1106 495 consequamur,
1141 422 1238 477 sed
1293 422 1654 476 destruamus
1711 424 1767 474 et
1813 422 2114 475 convinca-
2148 424 2189 477 A
2223 427 2345 475 erat
2375 422 2455 475 eis
2474 436 2829 485 concessum,
2856 424 2953 473 aut
2983 434 3088 489 per
3102 419 3329 487 regulas
3351 416 3624 486 aptabant
3645 432 3927 485 gressum.

436 534 582 584 mus,
625 515 929 586 quisquam
966 527 1070 565 nec
1099 527 1202 582 per
1248 512 1369 565 haec
1399 527 1627 581 gressus
1680 510 1894 581 dirigit,
1940 516 1996 564 et
2026 511 2124 564 de-

434 606 605 661 struit
634 603 898 657 semitam
926 616 1099 673 quam
1134 600 1349 654 incidit.
1382 599 1605 653 Danieli
1645 600 1894 670 amplius
1923 615 2127 653 conce-

432 695 607 760 ditur,
639 692 779 747 dum
824 690 1135 744 solutiones
1166 689 1454 743 visionum
1488 688 1860 758 adjiciuntur,
1916 694 1981 742 ut
2027 704 2130 758 per

435 784 543 836 hoc
581 780 743 850 regia
794 778 978 832 infula
1010 781 1397 844 decoraretur,
1438 782 1493 829 et
1533 777 1788 847 adquod
1822 793 1967 847 opus
2010 780 2131 829 erat

434 869 737 925 sublimior
788 868 1116 921 haberetur.
1174 866 1311 919 Nam
1379 866 1616 934 decuplo
1667 864 1873 918 dicitur
1925 864 1985 917 in
2036 881 2131 917 eos

438 960 613 1014 fuisse
643 972 816 1029 quam
862 956 922 1008 in
953 970 1151 1009 omnes
1202 954 1409 1006 ariolos
1457 959 1513 1007 et
1561 970 1778 1023 magos,
1825 958 1883 1007 et
1933 953 2131 1023 utique

434 1065 555 1103 non
587 1053 724 1118 puto
755 1052 810 1100 te
836 1045 940 1098 hoc
970 1060 1083 1097 non
1116 1043 1385 1107 refutare,
1436 1047 1497 1095 ut
1543 1059 1750 1111 pueros
1800 1042 1899 1095 Dei
1930 1058 2129 1111 mago-

435 1153 565 1191 rum
592 1136 811 1189 artibus
842 1133 1125 1203 approbes
1183 1131 1515 1185 deservisse.
1550 1131 1657 1184 Sed
1718 1130 1916 1201 utique
1960 1131 2131 1184 decu-

437 1228 553 1299 plo,
584 1225 720 1295 quia
776 1240 905 1293 quae
953 1222 1038 1275 illi
1066 1237 1170 1290 per
1211 1226 1359 1273 artes
1396 1227 1451 1273 et
1497 1224 1837 1289 argumenta
1888 1220 2133 1273 nefanda

436 1317 826 1385 cognoverant
854 1328 866 1365 :
897 1311 993 1364 isti
1040 1309 1411 1379 inspiratione
1444 1308 1542 1362 Dei
1593 1309 1890 1361 contrariis
1918 1309 2040 1373 viis,
2076 1310 2131 1362 id

439 1408 540 1469 est,
583 1418 700 1455 non
730 1401 784 1454 id
840 1399 1042 1453 eodem
1076 1415 1189 1468 quo
1230 1397 1313 1449 illi
1347 1396 1547 1450 ordine
1588 1397 1829 1449 assecuti
1865 1396 2128 1450 fuerant:

440 1497 502 1546 ut
555 1507 659 1562 per
727 1490 834 1543 hoc
893 1487 1172 1557 sapientia
1234 1486 1427 1538 divina
1490 1486 1800 1538 humanam
1861 1486 2135 1539 refutaret

437 1578 759 1643 scientiam,
795 1582 851 1630 et
873 1576 1207 1641 destrueret,
1245 1589 1374 1644 quae
1398 1573 1456 1626 iu
1488 1573 1809 1627 eruditione
1850 1578 1969 1628 tota
1996 1590 2132 1628 con-

438 1668 635 1739 jicitur
660 1682 779 1720 esse
810 1663 1137 1735 prudentia.

514 1761 604 1810 1'2.
635 1754 795 1819 Quod
833 1770 964 1806 vero
999 1756 1259 1806 sanctum
1291 1750 1629 1819 Gregorium
1675 1749 2045 1805 indicativum
2076 1756 2132 1806 et

438 1844 758 1914 optativum
801 1842 1037 1896 modum
1070 1841 1238 1894 scisse
1284 1839 1591 1905 convincis,
1643 1839 1782 1892 scito
1832 1856 1963 1894 eum
2020 1857 2135 1895 non

438 1934 704 2005 ignarum
747 1932 952 1985 harum
1000 1929 1171 1982 fuisse
1203 1928 1433 1998 penitus
1474 1927 1907 1998 disciplinarum
1945 1939 1991 1997 ³,
2038 1930 2135 1984 sed

437 2024 587 2076 hanc
644 2026 825 2074 artem
882 2025 937 2071 et
993 2017 1335 2088 peritissime
1389 2017 1631 2083 novisse,
1696 2024 1752 2071 et
1804 2018 2135 2072 cautissime

440 2109 778 2181 precavisse.
815 2110 956 2162 Nam
989 2108 1110 2176 ipse
1146 2111 1229 2159 est
1271 2106 1369 2176 qui
1398 2106 1457 2159 in
1493 2106 1777 2176 principio
1826 2106 2137 2161 locutionis

442 2215 559 2251 sua:
606 2198 734 2250 ait:
783 2196 942 2253 Absit
996 2201 1059 2249 ut
1110 2195 1283 2248 verba
1331 2195 1475 2248 tanti
1533 2194 1749 2247 oraculi
1808 2194 1909 2248 sub
1950 2196 2139 2250 verbis

442 2284 827 2357 perstringam
883 2283 1099 2336 donati.
1158 2284 1366 2335 Verum
1429 2282 1525 2335 ubi
1577 2282 1977 2352 opportunitas
2032 2284 2139 2337 loci

443 2374 725 2438 exhibuit,
768 2389 880 2426 non
927 2372 1182 2441 ejusdem
1228 2372 1443 2441 regulas
1476 2372 1781 2437 deservire,
1816 2372 1911 2426 sed
1956 2372 2139 2442 ipsam

444 2461 705 2532 regulam
735 2460 797 2513 in
836 2476 938 2511 suo
971 2459 1080 2512 sibi
1113 2458 1305 2528 potius
1336 2474 1453 2511 non
1490 2464 1683 2525 utere;
1710 2460 1804 2511 sed
1831 2460 2139 2514 fortissime

442 2548 731 2620 professus
773 2563 919 2612 sum,
953 2553 1007 2601 et
1049 2549 1342 2616 hucusque
1375 2548 1667 2615 proliteor,
1702 2563 1818 2600 non
1850 2548 2083 2602 eosdem
2114 2552 2139 2592 Ι)

443 2638 564 2709 ipse
621 2637 836 2706 regulae
896 2652 953 2688 se
1019 2635 1281 2689 subdere.
1344 2636 1455 2689 Nec
1512 2651 1711 2688 curare
1771 2636 1839 2689 de
1923 2637 2138 2707 eloquii

443 2725 808 2792 rectitudine,
842 2740 970 2779 cum
1020 2739 1250 2777 sensum
1288 2724 1349 2777 in
1398 2729 1523 2778 tuto
1556 2725 1713 2778 illam
1760 2742 1929 2795 posse
1964 2736 1984 2761 ε
2034 2727 2141 2781 ha-

444 2814 600 2869 bere.

521 2906 604 2958 13.
630 2904 690 2955 In
729 2902 903 2955 tinem
933 2900 1268 2971 quaestionis
1297 2900 1435 2954 dicis
1470 2916 1482 2953 :
1518 2902 1830 2970 Apostolici
1869 2908 1925 2957 et
1958 2904 2135 2958 sancti

2316 512 2398 565 14.
2463 512 2575 564 Nec
2636 510 2719 563 fas
2796 513 2901 577 est,
2979 512 3045 562 ut
3124 507 3224 577 qui
3305 506 3644 577 regulariter
3704 511 3760 559 et
3835 521 3938 575 per

2237 615 2645 672 quamcunque
2677 604 2858 652 artem
2903 597 3145 664 incedet,
3192 596 3539 667 quandoque
3590 595 3661 648 ab
3689 594 3788 647 illa
3833 594 3940 647 sibi

2236 690 2424 759 posita
2480 688 2729 741 formula
2795 687 3075 739 dcvianvlo
3148 690 3424 755 pererret.
3487 684 3635 737 Dicis
3729 682 3932 736 enim:

2237 780 2348 833 Nec
2406 779 2735 848 frequenter
2789 779 2873 829 lac
2941 787 3139 847 potum
3212 774 3512 839 dederunt,
3583 788 3687 826 nec
3739 773 3937 826 crebro

2238 867 2484 921 solidum
2532 866 2765 920 cibum:
2810 881 2912 918 nos
2961 863 3263 933 aliquoties
3309 861 3612 932 simplicia,
3667 878 3785 915 non
3840 862 3935 915 diu

2240 956 2534 1020 sublimia;
2573 954 2669 1008 sed
2702 960 2760 1008 ut
2786 953 3022 1023 spiritus
3051 952 3223 1006 dabat
3249 953 3496 1022 eloquia.
3530 953 3595 1005 Ut
3620 950 3860 1021 conjicio
3890 949 3935 1015 ἀ,

2238 1045 2346 1098 ista
2396 1043 2592 1097 omnia
2637 1043 3013 1114 grammatica
3062 1041 3319 1095 derivare
3365 1040 3610 1105 conaris,
3661 1045 3717 1093 et
3761 1040 3938 1093 subli-

2242 1133 2355 1185 mia
2387 1138 2442 1185 et
2491 1132 2740 1186 solidum
2798 1132 3008 1198 cibum,
3072 1129 3449 1200 significatam
3499 1134 3679 1181 artcm
3736 1129 3939 1182 Donati

2241 1222 2430 1290 cupis;
2463 1222 2662 1273 lactem
2706 1236 2836 1273 vero
2889 1225 2945 1272 et
3004 1219 3289 1288 simplicia
3338 1223 3583 1270 nostram
3635 1218 3940 1287 designare

2241 1308 2558 1373 inscitiam;
2594 1324 2697 1360 nec
2719 1307 2966 1361 advertis
2996 1322 3111 1376 quo
3146 1306 3259 1359 tina
3297 1306 3430 1358 talia
3481 1304 3742 1374 praecidis
3790 1304 3943 1357 dicta

2243 1398 2381 1451 dum
2414 1397 2553 1450 dicis
2583 1414 2595 1451 :
2630 1397 2737 1450 Sed
2776 1401 2839 1449 ut
2884 1396 3125 1465 Spiritus
3160 1393 3328 1447 dabat
3357 1393 3605 1463 eloquia.
3639 1394 3763 1446 Non
3796 1394 3940 1457 Ιιωο,

2244 1486 2320 1539 mi
2380 1485 2869 1547 reverendissime,
2940 1500 3044 1553 pro
3109 1483 3376 1535 oratoriis
3437 1482 3609 1535 debes
3681 1482 3940 1552 accipere

2244 1574 2504 1644 pompis;
2547 1590 2731 1643 neque
2785 1588 2889 1642 pro
2938 1586 3340 1642 spumosarum
3372 1570 3643 1640 pompegi
3673 1582 3694 1606 ⁶
3725 1570 3943 1624 insanis

2248 1662 2476 1727 vesicis;
2509 1662 2609 1716 sed
2641 1678 2743 1731 pro
2774 1661 3169 1715 doctrinarum
3222 1658 3565 1725 differentia,
3616 1675 3731 1729 qua
3759 1660 3945 1712 omni-

2245 1752 2349 1805 bus
2399 1751 2596 1805 omnia
2648 1751 2827 1804 factus
2887 1756 2988 1815 est,
3040 1754 3103 1802 ut
3152 1764 3350 1801 omnes
3403 1748 3612 1801 faceret
3658 1748 3842 1802 salvos
3895 1751 3939 1817 (ι

2244 1841 2362 1896 Cor.
2419 1840 2637 1907 1x,2‘2).
2690 1839 2851 1893 Lacte
2885 1838 3059 1905 enim,
3122 1852 3237 1890 non
3301 1837 3478 1890 solido
3535 1836 3683 1902 cibo,
3739 1842 3804 1890 ut
3864 1838 3941 1889 ait

2244 1928 2622 1994 Castissimus,
2657 1927 2978 1982 Corinthios
3034 1929 3189 1996 potat
3219 1926 3273 1993 (Ι
3301 1927 3421 1982 Cor.
3475 1941 3552 1990 ιιι,
3587 1926 3664 1993 2),
3716 1941 3850 1978 cum
3883 1924 3942 1978 in

2243 2017 2578 2071 inﬁrmitate
2628 2023 2685 2071 et
2712 2021 2976 2081 tremore,
3034 2032 3098 2069 ac
3138 2015 3342 2069 timore
3393 2014 3596 2080 multo,
3622 2013 3770 2084 apud
3847 2030 3944 2068 eos

2245 2106 2419 2160 fuisse
2451 2121 2508 2159 se
2530 2106 2687 2160 dicit.

2321 2198 2402 2249 1‘5.
2429 2195 2588 2259 Quod
2612 2210 2744 2247 vero
2768 2193 3164 2247 testimonium
3195 2191 3493 2260 Prophetae
3524 2191 3616 2245 hic
3646 2208 3779 2245 usus
3844 2208 3939 2245 es:

2246 2285 2490 2338 Audiam
2539 2284 2675 2353 quid
2728 2284 2982 2352 loquatur
3035 2284 3093 2335 in
3148 2298 3230 2335 me
3276 2283 3536 2335 Dominus
3594 2284 3730 2335 Deus
3772 2282 3941 2349 (Psal.

2246 2388 2467 2439 Lxxxn',
2501 2374 2575 2441 9),
2610 2373 2779 2442 plane
2824 2372 3001 2424 risum
3034 2370 3125 2423 hic
3171 2377 3365 2422 tenere
3398 2385 3515 2423 non
3563 2370 3740 2422 valeo.
3796 2371 3948 2423 Nun-

2248 2462 2386 2531 quid
2413 2462 2698 2529 Propheta
2729 2475 2830 2530 pro
2862 2458 3254 2527 grammatica,
3292 2458 3360 2511 de
3410 2474 3523 2527 qua
3552 2474 3703 2511 nunc
3757 2457 3946 2511 inten-

2246 2550 2326 2603 tio
2363 2550 2622 2615 vertitur,
2655 2549 2794 2603 dixit
2842 2549 3067 2601 audiam
3121 2546 3256 2615 quid
3314 2548 3571 2613 loquatur
3623 2548 3678 2599 in
3728 2562 3814 2599 me
3846 2550 3947 2600 Do-

2245 2642 2423 2692 minus
2472 2641 2647 2691 Deus?
2704 2638 2821 2690 imo
2880 2637 3009 2705 plus
3068 2638 3332 2704 congruit
3366 2642 3429 2688 ut
3479 2635 3647 2695 dicat,
3702 2636 3944 2688 audiam

2247 2727 2384 2798 quid
2414 2728 2684 2797 loquatur
2710 2726 2768 2778 in
2802 2741 2890 2778 me
2926 2727 3177 2778 Donatus
3208 2724 3505 2794 profanus;
3543 2724 3652 2777 nisi
3701 2724 3947 2777 forsitan

2252 2817 2567 2887 Virgilium,
2597 2821 2651 2868 et
2684 2817 3018 2881 Homerum,
3049 2815 3135 2867 vel
3184 2818 3413 2866 caeteros
3454 2818 3667 2882 poetas,
3719 2813 3947 2883 Spiritu

2247 2912 2440 2958 sancto
2476 2904 2627 2958 dicas
2660 2921 2779 2957 esse
2834 2904 3073 2968 locutos,
3118 2909 3173 2955 et
3224 2918 3326 2972 per
3372 2902 3745 2971 spirationem
3789 2901 3947 2955 divi—

444 2991 551 3045 viri
582 3006 684 3045 nec
713 3006 940 3059 semper
973 2989 1257 3060 simplices
1288 2989 1349 3042 in
1394 2988 1579 3055 dictis,
1633 3006 1736 3043 nec
1774 3007 2001 3061 semper
2047 3009 2135 3046 so-
2178 3000 2217 3055 C
2254 3009 2383 3046 nam
2424 3008 2641 3045 asseras
2670 2992 2826 3045 idola
2870 2992 3041 3045 fuisse
3099 2992 3390 3057 laudatos;
3451 3008 3513 3044 ac
3562 2992 3639 3044 sic
3688 2993 3948 3061 aequales

445 3079 695 3151 phistici.
726 3081 791 3133 Et
828 3095 934 3149 ego
958 3094 988 3131 e
1014 3077 1299 3132 contrario
1341 3078 1661 3148 respondeo
1701 3078 1878 3133 libere
1913 3097 1925 3134 :
1987 3083 2139 3151 Apo-

444 3169 627 3223 stolici
656 3174 711 3223 et
740 3168 920 3222 sancti
942 3168 1048 3221 viri
1094 3172 1149 3221 et
1180 3183 1407 3238 semper
1453 3167 1741 3236 simplices
1770 3169 1830 3221 in
1864 3170 2050 3236 dictis,
2083 3176 2139 3224 et

444 3274 674 3328 semper
724 3257 1037 3328 sophistici.
1100 3256 1336 3326 Semper
1388 3256 1693 3324 simplices,
1765 3257 1898 3326 quia
1966 3259 2139 3313 verba

446 3347 746 3418 proferunt
794 3362 957 3416 pura,
992 3350 1049 3397 et
1095 3343 1476 3397 sincerissima
1528 3344 1763 3396 veritate
1807 3346 2137 3413 plenissime

444 3452 639 3500 mera;
672 3450 897 3504 semper
927 3432 1241 3501 sophistici,
1269 3431 1409 3501 quia
1456 3446 1559 3483 nec
1613 3448 1726 3484 una
1770 3433 1841 3485 ab
1875 3432 1956 3486 eis
2014 3434 2136 3487 sine

447 3527 802 3577 sacramento
841 3522 1061 3590 prolata
1091 3524 1177 3573 est
1204 3519 1322 3573 iota
1355 3536 1367 3572 :
1402 3518 1655 3572 involuta
1686 3525 1837 3586 sunt,
1890 3525 1943 3574 et
1972 3538 2137 3592 aper-

444 3616 530 3676 ta;
593 3611 784 3679 plana,
818 3616 875 3662 et
918 3610 1290 3677 alta;parva,
1344 3614 1395 3659 et
1455 3622 1693 3677 magna;
1755 3609 2012 3679 mystica,
2082 3616 2139 3665 et

442 3699 746 3754 succincta.
789 3699 979 3753 Nitent
1016 3698 1271 3768 quidem,
1324 3700 1385 3749 ut
1444 3713 1687 3765 magnus
1744 3697 1823 3751 ait
1863 3698 2135 3770 Hierony-

442 3806 589 3856 mus,
624 3789 683 3842 in
709 3788 935 3853 cortice,
966 3788 1060 3840 sed
1098 3785 1319 3840 dulcius
1350 3786 1409 3838 in
1440 3786 1691 3839 medulla
1721 3791 1822 3839 est.
1866 3787 1974 3851 Qui
2015 3804 2135 3841 esse

440 3880 563 3933 vult
591 3880 877 3945 nucleum,
902 3876 1113 3946 frangit
1139 3892 1360 3928 nucem.
1384 3876 1492 3928 Nec
1510 3874 1587 3929 sic
1617 3876 1805 3928 clausa
1839 3882 1940 3943 est,
1972 3877 2134 3946 juxta

440 3969 656 4023 clarum
689 3965 1051 4037 Gregorium,
1085 3969 1146 4017 ut
1175 3963 1399 4034 pavesci
1438 3963 1657 4016 debeat.
1689 3966 1796 4017 Nec
1845 3966 1922 4017 sic
1954 3970 2130 4034 patet,

439 4063 504 4112 ut
529 4056 778 4111 vilescat.
814 4055 960 4109 Audi
1011 4053 1261 4123 denique
1304 4052 1439 4122 quid
1491 4052 1560 4105 de
1618 4053 1723 4106 hoc
1773 4053 2132 4108 beatissimus

439 4144 686 4200 senserit
712 4142 1065 4212 Augustinus
1098 4158 1110 4194 :
1160 4140 1387 4194 lnstitui
1418 4141 1677 4193 animum
1722 4141 2020 4195 intendere
2070 4143 2130 4196 in

437 4234 757 4303 Scripturas
785 4236 1021 4296 sanctas,
1047 4234 1101 4283 et
1127 4228 1316 4282 videre
1354 4230 1551 4299 quales
1601 4235 1788 4283 essent
1822 4246 1833 4283 :
1886 4235 1943 4283 et
2002 4247 2129 4285 ecce

2245 3084 2474 3151 oppleta
2505 3097 2713 3150 negare
2741 3080 2966 3135 divinis.
3002 3080 3164 3143 Quod
3195 3096 3327 3133 vero
3368 3079 3570 3132 asseris
3604 3080 3757 3149 quod
3810 3096 3945 3132 sano

2245 3175 2367 3225 ctus
2393 3171 2697 3240 Gregorius
2728 3170 2935 3224 dixerit
2975 3186 2987 3223 :
3032 3171 3090 3223 In
3124 3168 3341 3223 cunctis
3384 3168 3650 3222 ﬁdelibus
3693 3167 3949 3237 Spiritus

2245 3261 2422 3325 venit,
2456 3260 2555 3312 sed
2586 3258 2643 3311 in
2665 3259 2782 3311 solo
2811 3257 3114 3313 Medialore
3149 3263 3467 3327 permanet,
3502 3256 3600 3326 qui
3650 3256 3777 3325 ejus
3831 3257 3948 3309 hu-

2246 3349 2581 3401 manitatem
2636 3363 2935 3417 nunquam
2995 3346 3268 3412 deseruit,
3316 3353 3373 3399 et
3428 3351 3677 3399 caetera:
3740 3345 3949 3398 eadem

2245 3436 2399 3489 enim
2431 3436 2674 3505 replicas
2702 3440 2759 3488 et
2788 3435 3057 3497 inculcas,
3094 3441 3149 3488 et
3177 3433 3351 3489 semel
3380 3434 3698 3503 incongrue
3756 3433 3951 3503 posita

2244 3524 2505 3577 iterando
2529 3525 2814 3577 intentas:
2849 3539 3035 3593 neque
3064 3524 3132 3578 de
3162 3524 3407 3593 Spiritus
3447 3522 3758 3593 spiratione
3804 3538 3949 3574 con-

2243 3612 2554 3676 tendimus,
2591 3619 2653 3665 ut
2709 3612 2946 3666 dimices
3004 3620 3205 3667 contra
3246 3611 3388 3665 illud
3434 3610 3583 3681 quod
3640 3626 3951 3680 nunquam

2245 3701 2529 3770 objectum
2554 3701 2878 3754 recolimus.

2319 3793 2399 3843 16.
2440 3790 2583 3845 Nam
2608 3796 2663 3842 et
2692 3790 2832 3843 illud
2857 3789 3010 3859 quod
3036 3789 3177 3843 dicis
3200 3789 3353 3859 quod
3398 3789 3607 3842 Paulus
3645 3790 3952 3857 apostolus

2242 3878 2556 3932 seminibus
2594 3879 2908 3931 secundum
2966 3878 3300 3947 allegoriam
3352 3876 3678 3949 protulerit,
3737 3892 3950 3929 verum

2242 3975 2344 4033 est,
2375 3967 2507 4037 quia
2539 3968 2732 4019 omnia
2763 3984 2889 4037 quae
2923 3968 3165 4036 protulit
3213 3966 3516 4036 allegorice
3549 3964 3819 4035 protulit,
3892 3970 3952 4017 et

2241 4056 2476 4125 mystice
2507 4061 2707 4109 cuncta
2736 4056 3109 4127 intelligendo
3160 4057 3477 4125 perdocuit.
3512 4055 3617 4108 Sed
3672 4054 3953 4123 nunquid

2241 4144 2510 4213 allegoria
2542 4144 2619 4197 ita
2651 4144 2958 4209 inducitur,
2994 4150 3056 4198 ut
3089 4160 3329 4197 erronea
3352 4144 3693 4214 proferatur,
3730 4149 3791 4196 et
3824 4160 3950 4196 non

2239 4233 2434 4298 latine,
2484 4234 2580 4287 sed
2630 4233 2762 4286 vitio
2806 4234 2945 4287 citer
2994 4232 3011 4267 ί
3064 4234 3226 4303 juxta
3282 4240 3336 4286 te
3391 4233 3809 4301 comparetur?
3880 4236 3953 4285 At

437 4321 604 4375 video
634 4336 757 4373 rem
784 4335 902 4372 non
932 4324 1284 4388 compertam
1318 4316 1597 4387 superbis,
1622 4333 1807 4387 neque
1852 4319 2125 4373 nudatam
2166 4295 2210 4349 Ῑ)
2235 4322 2505 4391 allegoria
2555 4327 2652 4375 aut
2699 4322 2932 4391 mystice
2978 4327 3169 4376 tamen
3218 4338 3320 4392 per
3369 4323 3626 4391 regulam
3660 4336 3784 4373 non
3835 4320 3951 4374 hoc

433 4409 650 4480 pueris,
683 4409 780 4462 sed
824 4408 1044 4461 incessu
1085 4406 1386 4472 humilem,
1434 4422 1691 4460 successu
1726 4408 2023 4474 excelsam,
2072 4415 2128 4463 et

434 4499 678 4551 velatam
707 4495 1008 4565 mysteriis.
1043 4494 1203 4558 Quod
1242 4494 1290 4547 si
1334 4510 1445 4547 non
1478 4499 1614 4548 sunt
1644 4511 1869 4564 semper
1902 4496 2123 4566 simpli-

432 4601 546 4653 ces,
569 4601 673 4639 nec
703 4599 927 4654 semper
953 4582 1261 4653 sophistici,
1294 4588 1358 4635 ut
1390 4582 1510 4651 ipse
1527 4582 1679 4636 visus
1710 4599 1769 4635 es
1804 4584 2123 4653 approbare

430 4678 693 4744 apertum
720 4677 805 4726 est
829 4672 981 4741 quod
1039 4687 1139 4741 per
1169 4671 1394 4739 regulas
1442 4685 1558 4723 non
1590 4670 1966 4725 decursarunt
2017 4674 2124 4727 Do-

428 4762 570 4829 nati,
601 4762 740 4815 dum
772 4761 857 4813 vel
907 4760 966 4813 iu
1022 4759 1306 4830 aliquibus
1354 4756 1693 4827 simpliciter
1724 4764 1857 4811 sunt
1926 4759 2117 4813 locuti.

428 4850 593 4904 Vides
623 4849 758 4920 quia
797 4848 938 4902 mihi
982 4852 1077 4900 tua
1109 4847 1297 4901 omnis
1325 4847 1571 4915 palestra
1611 4845 1870 4909 desudat,
1915 4851 1972 4901 et
2022 4852 2121 4901 tua

425 4938 702 4993 invectico
736 4937 878 4990 mihi
919 4938 1171 5005 palmam
1206 4934 1458 4989 vtctorize
1492 4942 1656 5004 parat
1692 4950 1703 4988 :
1756 4934 2116 5004 hic'apparet

424 5032 489 5081 ut
538 5026 732 5081 divino
778 5025 1049 5079 commoti
1095 5024 1309 5094 Spiritu
1340 5037 1515 5094 prout
1573 5023 1970 5093 opportunitas
2008 5025 2120 5079 loci

416 5241 838 5296 mathematicus
882 5241 1028 5293 risui
1071 5243 1278 5308 pateat,
1342 5244 1392 5292 et
1453 5237 1714 5292 adversus
1766 5238 2114 5306 philosophos

416 5313 707 5382 disputans
772 5315 984 5381 ignoret
1044 5311 1302 5378 dogmata
1370 5309 1840 5377 philosophorum;
1919 5315 1970 5361 et
2018 5325 2112 5364 nos

414 5388 523 5487 cui.
549 5453 642 5506 Ms.
681 5454 870 5507 horum
907 5454 1080 5518 fuisse
1104 5454 1321 5521 penitus
1351 5452 1678 5519 disciplinis.

486 5526 509 5566 b
552 5524 607 5577 F.
642 5525 881 5592 ejusdem
907 5529 1105 5593 ipsum.

2234 4410 2440 4463 ordivit
2461 4411 2682 4464 Donati.
2702 4414 2814 4464 Aut
2845 4410 3084 4464 forsitan
3106 4415 3227 4463 tum
3256 4410 3335 4463 ibi
3378 4410 3564 4463 solum
3596 4409 3945 4478 allegorice,

2233 4499 2329 4553 ubi
2360 4501 2645 4565 erronice;
2680 4504 2735 4553 et
2764 4499 2843 4552 ibi
2882 4499 3221 4569 simpliciter
3260 4500 3430 4563 nude,
3488 4498 3581 4551 ubi
3638 4513 3951 4567 gramma-

2231 4587 2384 4641 tice?
2440 4588 2499 4643 Si
2554 4604 2859 4642 erroneum
2903 4588 3115 4641 dictum
3169 4604 3271 4657 per
3326 4591 3507 4640 artem
3553 4585 3758 4640 Donati
3818 4588 3953 4656 ejus

2229 4677 2556 4744 ﬁrmavere,
2590 4694 2716 4730 mox
2771 4677 3075 4746 allegorice
3133 4676 3569 4745 intelligendum
3622 4674 3677 4727 id
3736 4676 3949 4743 ipsum

2229 4765 2380 4835 quod
2423 4782 2725 4818 erroneum
2754 4765 2893 4818 dicis
2924 4782 3044 4819 esse
3093 4766 3421 4835 profusum;
3482 4780 3619 4833 rogo
3658 4769 3727 4815 ut
3774 4764 3952 4817 iden-

2228 4854 2405 4908 tidem
2438 4854 2610 4919 dicas,
2658 4854 2704 4906 si
2753 4854 2966 4924 absque
3018 4854 3293 4922 allegoria
3336 4853 3459 4923 ejus
3508 4852 3947 4921 peritissimum

2226 4942 2553 5012 ubicunque
2576 4943 2783 5011 probas
2815 4948 3099 4996 assertum
3116 4942 3143 4997 ‘2

2300 5033 2380 5083 17.
2414 5031 2518 5084 Sed
2549 5031 2685 5101 quia
2725 5047 2829 5100 per
2864 5036 3044 5085 artem
3104 5031 3212 5085 hoc
3270 5046 3382 5085 non
3436 5031 3690 5085 locutum
3748 5029 3947 5085 fuisse

2293 5248 2313 5272 °
2352 5239 2409 5292 F.
2440 5240 2590 5293 illum
2620 5246 2815 5308 posset.

2290 5311 2316 5351 ἀ
2355 5310 2476 5376 Ms,
2502 5315 2709 5365 coniceo
2743 5313 2908 5365 hista.

2290 5388 2311 5450 αῖ
2352 5382 2408 5433 F.
2437 5396 2776 5450 pomparum.

2289 5448 2491 5506 f(liter
2559 5448 2815 5505 absoleta
2868 5468 2994 5517 vox,
3075 5470 3109 5506 a
3184 5470 3297 5524 qua
3356 5455 3592 5507 citerior.
3685 5454 3745 5508 F.

2219 5524 2443 5575 tiositcr.

3850 5461 3940 5512 vi-
