4098 6180
186 298 266 348 537
1690 294 2063 353 EPISTOL/E.
3529 302 3633 358 438

181 445 353 499 negare
382 444 488 482 non
530 429 712 497 vales;
764 428 1063 482 extenuari
1110 428 1217 482 hoc
1255 446 1357 499 per
1408 431 1600 485 nescio
1651 447 1826 502 quam
1863 437 1907 489 A
1936 448 2088 487 resse
2127 439 2213 486 est
2250 434 2402 487 enim
2436 439 2689 487 mentem
2732 440 2888 489 tuam
2920 437 3120 491 tandiu
3166 437 3320 493 illius
3358 440 3629 495 carmini-

180 518 379 572 olimina
429 518 601 588 cupis.
652 516 869 571 Asseris
935 517 1122 571 enim:
1178 519 1306 571 Haec
1364 524 1450 573 est
1503 520 1822 575 benedictio
1932 522 2039 576 bus
2072 522 2355 593 occupari,
2384 522 2640 594 quandiu
2663 523 2767 577 sibi
2799 524 2909 577 alia
2928 541 3055 595 quae
3086 526 3237 581 intra
3260 530 3626 599 semetipsam

178 624 267 678 qua
295 608 559 661 benedixit
590 608 737 660 Deus
782 606 1027 661 Abrahae
1066 607 1127 660 in
1176 608 1619 678 repromissione
1648 610 1819 663 semi-
1931 611 2162 671 recolat.
2211 611 2387 665 simili
2450 610 2637 664 studio
2700 617 2755 664 et
2800 612 3130 667 assiduitate
3186 616 3502 686 perquirat,
3561 635 3624 671 ac

179 697 246 748 uis
271 697 397 765 ejus,
430 696 525 765 qui
568 699 652 747 est
694 695 973 761 Christus,
1020 701 1075 749 et
1101 696 1358 766 gentium
1394 698 1702 752 vocatione.
1740 699 1822 752 Ibi
1930 716 2035 769 pro
2083 701 2194 754 illis
2250 700 2622 754 infructuosis
2669 705 2839 770 atque
2890 702 3150 767 terrenis,
3205 705 3527 774 spiritualia
3562 723 3625 759 ac

177 785 299 839 enim
342 784 578 853 positum
626 788 745 837 est:
796 786 1179 853 Multiplicabo
1230 802 1404 841 semen
1460 792 1611 841 tuum
1662 788 1815 855 (Gen.
1929 788 2121 842 divina
2165 790 2463 859 parturiat.
2497 790 2633 853 Quae
2683 804 2813 841 cum
2848 790 3132 859 profunde
3164 799 3389 863 alteque
3420 810 3622 849 conce-

175 888 277 936 nu,
310 876 403 939 17},
451 878 504 925 et
550 878 775 926 caetera.
828 873 1190 944 Adjicisque:
1243 875 1477 944 Tropice
1523 882 1579 930 et
1609 877 1817 946 byper-
1928 876 2099 945 perit,
2134 882 2303 947 atque
2332 878 2393 930 in
2426 877 2534 929 illis
2558 876 2729 929 fuerit
2760 876 3029 941 enutrita,
3062 881 3150 932 vel
3173 881 3376 949 expelli
3399 881 3621 950 priores

174 962 319 1015 bolice
348 963 555 1014 locutus
605 966 708 1015 est.
759 962 895 1025 Quis
944 964 1098 1015 enim
1132 980 1249 1016 non
1282 964 1491 1031 videat,
1528 966 1679 1035 quod
1723 965 1819 1018 in-
1928 965 2141 1018 sensim
2173 970 2447 1033 poterunt
2478 965 2561 1017 vel
2595 964 2824 1034 penitus
2855 965 3098 1019 aboleri.
3137 988 3158 1014 ι

173 1050 589 1120 comparabiliter
632 1050 880 1119 amplius
924 1068 1115 1105 arena:
1164 1068 1441 1106 numerus
1482 1070 1654 1123 quam
1696 1069 1816 1106 esse
2001 1056 2083 1106 19.
2127 1053 2448 1106 Secundum
2484 1054 2892 1123 Hieronymum
2916 1055 3068 1123 quod
3095 1055 3163 1107 ad
3196 1071 3470 1125 magnum
3499 1074 3622 1111 ora-

172 1140 386 1193 omnium
434 1140 732 1192 hominum
787 1140 1096 1193 multitudo
1140 1140 1207 1194 ab
1258 1141 1380 1211 ipso
1421 1142 1603 1197 Adam
1635 1159 1816 1212 usque
1926 1147 2106 1195 torem
2156 1143 2411 1195 firmasse
2460 1147 2515 1195 te
2566 1142 2889 1211 applaudis,
2922 1143 3072 1211 quod
3116 1143 3237 1211 jam
3289 1144 3399 1197 alio
3450 1146 3619 1199 modo

169 1228 221 1279 ad
272 1228 557 1280 terminum
611 1228 821 1293 saeculi,
881 1233 1097 1298 quanto
1157 1230 1338 1299 magis
1387 1233 1572 1283 solum
1634 1247 1815 1299 genus
1927 1232 2141 1284 dictum
2177 1231 2348 1285 fuisse
2397 1232 2710 1301 cognoscis,
2758 1231 2893 1300 quid
2936 1232 3239 1285 Eustochio
3272 1233 3423 1287 dicat
3468 1234 3619 1288 idem

168 1315 402 1370 Abrahae?
458 1317 605 1370 Dum
651 1316 899 1370 nimium
945 1318 1384 1372 contradictioni
1443 1319 1711 1383 inservis,
1760 1324 1816 1372 et
1926 1325 1981 1372 tu
2018 1320 2137 1389 ipse
2184 1320 2513 1390 diligentius
2559 1320 2799 1387 intuere,
2848 1341 2875 1369 «
2925 1321 3035 1373 Nec
3079 1321 3202 1387 tibi,
3248 1322 3346 1389 ait,
3397 1324 3621 1377 deserta

168 1404 221 1457 ad
258 1422 408 1458 omne
454 1404 608 1475 quod
652 1405 861 1459 dicitur
904 1406 1069 1460 obius
1099 1416 1123 1439 ⁸
1167 1406 1249 1460 ire
1299 1407 1477 1477 cupis,
1513 1408 1667 1461 aliud
1712 1424 1813 1477 pro
1925 1408 2243 1461 multorum
2274 1409 2408 1461 velis
2442 1408 2765 1475 videri,aut
2792 1408 2953 1478 lyrici
2984 1411 3009 1452 h
3040 1409 3241 1463 festiva
3270 1412 3620 1465 carminibus

169 1492 255 1545 alio
292 1494 623 1563 respondere
665 1499 738 1560 te,
778 1510 809 1547 o
843 1495 1065 1559 dilecte,
1101 1512 1211 1547 non
1245 1496 1416 1559 vides,
1454 1512 1567 1548 non
1598 1496 1812 1549 dictum
1924 1502 2108 1549 metro
2140 1497 2353 1549 ludere.
2398 1498 2518 1551 Non
2568 1498 2895 1550 delumbem
2937 1503 3329 1552 matronarum
3380 1500 3615 1555 salivam

166 1582 377 1651 Apostoli
414 1599 513 1652 per
555 1588 735 1636 artem
785 1583 990 1636 Donati
1034 1583 1315 1653 digestum
1364 1584 1677 1651 affirmans,
1714 1585 1813 1638 sed
1923 1585 2205 1638 delicata‘
2252 1586 2499 1652 secteris,
2535 1602 2664 1656 quae
2715 1602 2865 1639 nunc
2896 1587 3100 1640 strictis
3144 1587 3433 1657 dentibus,
3468 1606 3619 1644 nunc

167 1671 573 1724 benedictionem
617 1672 890 1737 Abrahae;
945 1672 1136 1726 nescio
1178 1689 1292 1742 quo
1343 1673 1638 1741 vertiginis
1688 1679 1810 1727 astu
1853 1732 1892 1745 ἢ
1926 1673 2127 1727 labiisi
2181 1674 2495 1742 dissolutis,
2524 1674 2935 1728 balvutientem
2967 1675 3225 1745 linguam
3257 1676 3617 1733 indimidiata

164 1760 423 1813 diverteus.
466 1762 532 1813 Et
562 1761 695 1814 licet
742 1761 985 1815 doctoris
1017 1778 1153 1815 usus
1193 1762 1268 1813 sis
1298 1762 1358 1815 in
1390 1762 1497 1815 hoc
1531 1762 1651 1815 loco
1682 1778 1809 1815 sen-
1853 1760 1892 1785 υ
1923 1762 2095 1816 verba
2136 1763 2511 1817 moderantur
2542 1764 2589 1831 κ,
2622 1763 2897 1816 rusticum
2943 1769 3212 1833 putantes
3243 1780 3413 1819 omne
3462 1768 3615 1836 quod

167 1849 329 1914 tentia,
368 1865 478 1903 non
532 1851 610 1902 ita
661 1855 721 1903 ut
767 1850 1037 1915 aestimas,
1070 1851 1165 1905 sed
1215 1852 1383 1905 aliter
1431 1852 1807 1905 retractanda.
1922 1851 2212 1905 nascitur:
2245 1851 2376 1906 inde
2424 1851 2537 1905 illis
2582 1852 2753 1905 etiam
2787 1852 3132 1906 adulterium
3163 1852 3375 1923 linguae
3404 1856 3609 1924 placet.

164 1936 279 1990 Audi
316 1943 495 1991 tamen
543 1938 734 1991 verius
768 1944 818 1991 et
854 1939 1148 1992 honestius
1191 1956 1363 2010 quam
1414 1943 1437 1982 b
1484 1956 1805 2010 praepones.
1921 1939 2057 2003 Quae
2086 1940 2239 1994 enim
2274 1939 2715 1993 communicatio
2752 1940 2865 1993 luci
2899 1941 2969 1994 ad
3000 1941 3304 1994 tenebras?
3346 1942 3454 2005 Qui
3476 1958 3610 1995 con-

164 2024 279 2077 Audi
300 2031 445 2078 tuum
488 2026 773 2081 Isidorum
811 2026 1196 2097 inquientem:
1236 2028 1618 2097 Multiplicabo
1637 2044 1812 2082 semen
1922 2045 2119 2081 sensus
2166 2028 2367 2083 Christi
2420 2028 2487 2082 ad
2536 2028 2707 2082 Belial
2740 2030 2822 2098 (II
2869 2030 2997 2085 Cor.
3051 2045 3125 2094 v1,
3174 2030 3256 2096 14,
3299 2031 3419 2099 15)?
3466 2031 3610 2094 Quid

166 2117 284 2166 tuum
323 2118 451 2169 sicut
480 2118 666 2170 stellas
704 2118 847 2181 caeli;
890 2116 942 2168 id
997 2122 1081 2169 est
1128 2116 1507 2170 Christianam
1556 2122 1807 2187 gentem,
1921 2117 2052 2171 facit
2098 2133 2225 2171 cum
2268 2118 2538 2186 psalterio
2586 2118 2872 2183 Horatius,
2906 2134 3036 2171 cum
3084 2118 3402 2187 evangeliis
3434 2120 3610 2184 Maro,

164 2203 290 2271 cujus
327 2209 383 2257 tu
426 2210 590 2274 pater
638 2204 699 2257 in
740 2206 849 2259 fide
890 2206 1174 2272 subsistis,
1206 2206 1284 2259 sic
1315 2207 1519 2259 faciam
1552 2223 1807 2260 resurre-
1921 2222 2052 2260 cum
2094 2206 2363 2274 Apostolo
2412 2205 2646 2259 Cicero?
2695 2206 2893 2259 Nonne
2940 2206 3362 2261 scandalizatur
3413 2208 3610 2269 frater,

164 2292 327 2343 ctionis
351 2292 563 2346 lumine
592 2310 908 2347 coruscare.
949 2294 1161 2348 Deinde
1202 2294 1543 2348 monstravit
1574 2294 1655 2347 illi
1685 2310 1809 2347 are-
1922 2296 1969 2348 si
1998 2299 2053 2348 te
2095 2294 2301 2347 viderit
2338 2293 2397 2347 in
2431 2293 2606 2347 idolio
2647 2295 3123 2348 recumbentem?
3154 2296 3221 2348 Et
3269 2296 3403 2349 licet
3431 2300 3612 2349 omnia

166 2394 265 2430 nam
307 2381 486 2445 maris,
522 2385 581 2435 et
623 2381 802 2435 dixit:
846 2384 935 2437 Sic
974 2384 1343 2450 multiplicabo
1371 2398 1546 2436 semen
1579 2389 1728 2436 tuum
1760 2393 1809 2451 c;
1919 2384 2125 2439 munda
2153 2384 2370 2437 mundis
2403 2385 2534 2453 (Tit.
2569 2401 2605 2443 ι.
2644 2386 2751 2449 15),
2788 2389 2843 2438 et
2879 2384 3019 2438 nihil
3058 2385 3434 2454 rejiciendum
3460 2385 3613 2455 quod

162 2468 698 2540 hocesteritquidem
717 2472 1583 2543 copiosagensludaaorum,sed
1602 2473 1811 2526 sterilis
1920 2489 2039 2527 cum
2077 2472 2391 2543 gratiarum
2440 2472 2659 2525 actione
2704 2473 3038 2543 percipitur,
3086 2478 3277 2527 tamen
3326 2473 3497 2526 simul
3527 2474 3611 2527 bi-

162 2561 201 2608 et
236 2556 515 2612 infecunda
550 2560 699 2613 sicut
730 2577 904 2615 arena
952 2561 1225 2615 manebit.
1263 2583 1283 2609 ι
1334 2563 1403 2615 Ut
1432 2560 1511 2614 sic
1539 2563 1641 2615 erit
1693 2579 1810 2616 non
1919 2560 2053 2614 bere
2085 2576 2203 2613 non
2242 2560 2517 2614 debemus
2561 2562 2779 2615 calicem
2826 2562 3051 2621 Christi,
3086 2566 3135 2615 et
3166 2563 3383 2616 calicem
3414 2562 3609 2616 daemo-

162 2644 214 2696 ad
256 2662 543 2701 numerum
602 2650 1096 2719 multiplicationis
1152 2649 1540 2719 comparative
1598 2667 1808 2715 arenae,
1918 2653 2133 2703 nierum
2167 2652 2215 2718 (I
2237 2650 2354 2705 Cor.
2387 2666 2442 2715 x,
2475 2651 2563 2713 20,
2595 2651 2704 2720 30).
2746 2673 2765 2697 ι

163 2734 227 2785 vel
262 2737 559 2801 stellarum,
594 2738 891 2803 referatur,
922 2738 1019 2792 sed
1065 2738 1135 2791 ad
1180 2738 1410 2792 effectus
1441 2756 1680 2809 operum
1712 2740 1809 2793 de-
1991 2739 2053 2792 Et
2082 2744 2212 2807 post
2234 2739 2339 2791 ista
2377 2743 2495 2791 tam
2534 2738 2772 2791 fortiora
2802 2742 3034 2809 tamque
3077 2738 3342 2805 valentia,
3376 2737 3616 2791 innectit

162 2823 352 2876 rivetur.
385 2827 469 2881 Sic
520 2830 626 2880 erit
668 2842 841 2880 semen
875 2832 1049 2893 tuum,
1086 2844 1198 2881 non
1248 2828 1306 2881 in
1339 2845 1578 2881 numero
1612 2827 1809 2883 stella-
1921 2827 2033 2880 alia
2066 2826 2247 2880 multo
2278 2826 2366 2879 his
2395 2827 2652 2880 fortiora.
2681 2827 3104 2881 Revelationem
3141 2843 3313 2896 quam
3342 2826 3449 2879 sibi
3479 2825 3615 2879 dicit

161 2924 262 2963 rum
302 2914 383 2966 vel
425 2914 601 2967 maris
634 2930 822 2967 arenae
855 2915 1014 2981 dixit,
1051 2916 1147 2969 sed
1196 2916 1264 2969 ad
1313 2918 1545 2970 affectus
1575 2933 1808 2969 earum-
1924 2932 1954 2967 a
2005 2915 2247 2969 Domino
2297 2916 2604 2969 revelatam
2659 2931 2772 2969 non
2817 2915 2962 2969 fictis
3012 2916 3266 2983 somniis,
3317 2914 3416 2968 sed
3468 2914 3614 2967 veris

162 2997 263 3051 dein
305 3018 515 3069 rerum,
578 3019 718 3073 quas
766 3003 819 3055 ei
873 3005 1152 3067 ostendit,
1200 3005 1443 3074 signavit
1485 3022 1496 3059 :
1562 3006 1651 3060 Sic
1708 3007 1810 3057 erit
1849 3032 1890 3087 ο
1921 3004 2252 3057 verberibus
2281 3003 2389 3057 sibi
2428 3004 2687 3068 inlatam,
2719 3004 2781 3057 in
2817 3020 2929 3074 qua
2962 3022 3019 3057 se
3063 3004 3297 3058 ductum
3323 3004 3393 3058 ad
3422 3004 3612 3057 tribu-

158 3100 296 3141 semeu
321 3096 478 3144 tuum.
520 3093 581 3144 In
611 3098 773 3160 parte
803 3093 1192 3162 resplendebit
1222 3094 1466 3163 fulgore,
1500 3094 1643 3147 etin
1674 3110 1811 3163 par-
1924 3092 2015 3145 nal
2059 3090 2269 3161 judicis
2309 3091 2531 3157 asserit,
2575 3103 2630 3145 et
2676 3108 2777 3161 pro
2825 3091 3285 3162 frequentatione
3333 3092 3610 3145 librorum

159 3180 200 3227 te
231 3178 497 3233 sterilitate
558 3180 667 3233 erit
706 3181 1035 3236 omnimode
1084 3183 1457 3238 infecundum
1484 3182 1529 3237 (λ.
1582 3184 1648 3236 Et
1684 3183 1813 3236 licet
1921 3180 2221 3251 gentilium
2250 3180 2456 3233 acriter
2486 3196 2692 3233 cassum
2723 3179 2783 3232 in
2811 3180 3117 3249 praesentia
3143 3182 3481 3251 angelorum
3513 3197 3610 3234 seu

158 3266 335 3334 tropice
376 3273 429 3320 et
491 3269 861 3339 hyperbolice
918 3288 1021 3341 per
1076 3272 1635 3341 superabundantem
1687 3276 1811 3324 tro-
1918 3275 2254 3324 cunctarum
2288 3268 2563 3322 virtutum
2595 3269 2864 3323 ostendit.

157 3368 267 3419 pum
294 3364 311 3387 ε
351 3357 570 3411 dicatur
614 3364 805 3411 tamen
854 3360 1087 3430 mystice
1138 3360 1450 3413 identidem
1502 3365 1675 3429 atque
1722 3361 1810 3412 al-
1987 3362 2075 3412 20.
2121 3357 2498 3428 Inspiciamus
2530 3356 2737 3409 iterum
2770 3357 2904 3427 quid
2942 3357 3009 3411 de
3044 3358 3153 3411 hoc
3202 3358 3375 3411 etiam
3408 3356 3608 3409 miriﬁ-

157 3441 378 3511 legorice,
408 3447 569 3500 facile
602 3447 985 3518 intelligentia
1016 3448 1326 3501 scientibus
1361 3448 1636 3516 aperitur.
1918 3463 2016 3501 cus
2055 3447 2264 3501 sentiat
2309 3445 2706 3516 Augustinus:
2743 3447 2866 3499 Non
2917 3462 3137 3509 curare,
3187 3446 3395 3516 inquit,
3442 3444 3613 3499 debet

213 3534 280 3585 18.
320 3534 481 3589 Multa
533 3542 699 3589 erant
745 3552 875 3606 qum
923 3537 981 3589 in
1038 3536 1473 3590 confirmatione
1524 3536 1807 3590 dictorum
1917 3535 2018 3606 qui
2067 3536 2232 3589 docet
2282 3544 2495 3605 quanta
2541 3534 2891 3604 eloquentia,
2928 3534 3025 3588 sed
3069 3538 3283 3604 quanta
3326 3533 3611 3587 evidentia

158 3633 372 3675 meorum
420 3625 779 3693 digererem:
825 3625 923 3677 sed
966 3625 1258 3678 fastidium
1312 3626 1617 3678 lectoribus
1664 3625 1807 3679 meis
1917 3626 2134 3679 doceat.
2165 3626 2339 3695 Cujus
2366 3625 2669 3679 evidentiae
2702 3624 2947 3695 diligens
2985 3626 3268 3695 appetitor
3297 3623 3610 3693 aliquando

155 3707 366 3763 dubitavi
397 3712 681 3782 ingerere.
714 3713 935 3767 Sufficit
967 3714 1119 3784 quod
1151 3713 1511 3767 beatissimus
1543 3715 1810 3783 Augusti-
1916 3730 2019 3768 nec
2048 3716 2199 3783 leget
2232 3714 2400 3767 verba
2449 3714 2712 3779 cultiora,
2746 3729 2849 3766 nec
2896 3720 3057 3767 curat
3089 3713 3224 3783 quid
3269 3712 3416 3765 bene
3450 3717 3611 3766 sonat

155 3809 237 3847 nus
278 3798 327 3850 in
360 3801 542 3868 primo
580 3801 727 3853 libro
772 3802 1208 3858 Confessionum
1248 3819 1481 3855 suarum
1524 3803 1603 3856 ita
1635 3803 1807 3872 hujus
1915 3803 2013 3856 sed
2046 3803 2198 3873 quod
2226 3803 2367 3855 bene
2401 3802 2633 3867 indicet,
2669 3807 2841 3871 atque
2872 3802 3099 3855 intimet
3125 3801 3275 3871 quod
3310 3802 3608 3855 ostendere

156 3886 260 3937 artis
298 3889 436 3957 quod
487 3895 784 3944 assecutus
826 3891 1013 3944 fuerat
1054 3890 1263 3961 peritia
1302 3892 1525 3957 defleat,
1572 3896 1635 3944 ut
1661 3908 1807 3962 pene
1914 3891 2180 3945 intendit.
2216 3893 2355 3943 Item
2393 3889 2547 3960 ipse:
2588 3889 2753 3944 Bonis
2799 3890 3127 3943 doctoribus
3167 3892 3325 3942 tanta
3367 3889 3609 3943 docendi

155 3988 317 4027 omnes
343 3980 473 4031 artis
524 3979 700 4049 hujus
744 3981 957 4048 peritos
1002 3981 1061 4032 in
1101 3996 1296 4033 errore
1348 3982 1597 4033 maximo
1632 3980 1807 4033 devo-
1915 3996 2051 4032 cura
2088 3966 2214 4033 esse
2245 3980 2429 4046 debet,
2474 3985 2537 4033 ut
2576 3980 2623 4032 si
2653 3978 2887 4032 verbum
2941 3978 3093 4047 quod
3137 3977 3249 4030 nisi
3297 3977 3607 4031 obscurum

152 4059 268 4115 lutos
312 4082 419 4119 non
458 4068 623 4121 siccis
673 4068 850 4121 oculis
902 4069 1115 4138 lugeat.
1172 4070 1235 4122 Et
1281 4069 1477 4122 beatus
1506 4068 1807 4123 Cassianus
1915 4069 1987 4123 sit
2018 4069 2101 4122 vel
2134 4068 2487 4138 ambiguum,
2526 4068 2767 4122 latinum
2803 4082 2928 4120 esse
2978 4082 3092 4119 non
3140 4065 3335 4135 possit,
3369 4080 3466 4119 ore
3512 4082 3608 4118 au-

154 4165 254 4203 cum
283 4155 459 4207 sodale
513 4172 619 4209 suo
672 4158 955 4210 Germano
985 4159 1285 4227 praeclaro,
1319 4173 1424 4227 pro
1470 4156 1808 4225 hujusmodi
1914 4161 2032 4210 tem
2064 4157 2221 4226 vulgi
2260 4158 2467 4211 dicitur
2516 4163 2577 4210 ut
2615 4154 2962 4225 ambiguitas
2992 4154 3421 4223 obscuritasque
3470 4154 3604 4206 vite-

151 4238 379 4296 llentibus
408 4244 730 4313 disciplinae
760 4250 943 4311 reatu,
976 4262 1115 4299 anas
1141 4251 1263 4300 tero
1291 4245 1385 4299 tef
1411 4245 1469 4298 in
1502 4246 1805 4299 collatione
1914 4250 2029 4313 tur,
2080 4262 2199 4299 non
2232 4246 2310 4299 sic
2355 4246 2575 4300 dicatur
2616 4251 2680 4299 ut
2722 4262 2753 4298 a
2797 4244 2999 4309 doctis,
3051 4243 3146 4296 sed
3200 4243 3391 4312 potius
3444 4248 3503 4296 ut
3534 4243 3605 4296 ab

152 4334 316 4394 quarta
373 4333 595 4386 decima
664 4334 998 4403 hujusmodi
1066 4335 1529 4404 reciprocationis
1584 4336 1803 4405 accepit
1842 4333 2159 4388 Dindoctis
2207 4335 2317 4389 dici
2379 4336 2542 4388 solet.
2594 4334 2776 4399 Vides,
2834 4350 2866 4386 o
2920 4332 3148 4394 eximie,
3206 4348 3323 4385 non
3381 4346 3605 4384 curasse

149 4419 448 4475 remedium.
486 4444 513 4469 «
570 4424 643 4475 De
676 4424 780 4477 hac
824 4425 966 4494 ipsa,
1001 4424 1099 4486 ait,
1137 4425 1283 4477 unde
1314 4425 1414 4477 tibi
1446 4424 1802 4495 purgationis
1914 4424 2175 4477 doctores
2211 4423 2270 4475 in
2311 4423 2495 4477 verbis
2524 4422 2899 4493 grammatica
2928 4422 3086 4487 vitia,
3120 4421 3351 4491 quando
3382 4420 3441 4474 in
3476 4436 3604 4473 sen-

151 4507 358 4562 maxima
386 4513 641 4565 nascitur
670 4512 991 4583 desperatio
1027 4513 1203 4567 citum
1242 4513 1378 4565 satis
1408 4518 1575 4583 atque
1605 4513 1803 4566 efﬁcax
1913 4511 2069 4565 sibus
2127 4514 2182 4563 et
2226 4511 2573 4581 profectibus
2620 4514 2745 4563 tuta
2788 4514 2935 4563 esset
2976 4509 3275 4563 sententia.
3333 4508 3606 4579 Nunquid

151 4597 429 4652 remedium
480 4602 694 4670 poterit
749 4602 980 4667 oboriri,
1039 4601 1085 4654 si
1132 4602 1390 4654 eamdem
1443 4600 1799 4670 diligentiam
1911 4615 2029 4654 non
2088 4599 2217 4653 talis
2266 4606 2351 4653 est
2409 4601 2579 4668 hujus
2640 4598 2981 4652 sanctissimi
3038 4598 3287 4652 doctoris
3347 4598 3602 4662 assertio,

151 4686 286 4751 atque
314 4686 665 4755 instantiam,
702 4706 873 4761 quam
904 4697 959 4743 te
1005 4690 1061 4742 in
1096 4690 1249 4743 illius
1280 4689 1648 4743 stecularibus
1677 4696 1789 4743 stu—
1913 4689 2098 4758 qualis
2143 4694 2201 4743 et
2232 4704 2355 4741 mea
2383 4687 2499 4752 illa,
2536 4691 2733 4739 contra
2772 4702 2943 4755 quam
2990 4686 3092 4751 ais,
3126 4686 3441 4756 professio:
3476 4702 3603 4739 san-

150 4767 232 4821 diis
257 4772 513 4830 habuisse
546 4778 756 4845 dixisti,
787 4779 860 4831 ad
905 4793 933 4832 ε
965 4779 1380 4849 scripturarum
1412 4778 1801 4848 spiritualium
1913 4782 2032 4829 ctos
2059 4781 2115 4829 et
2155 4775 2495 4845 apostolicos
2538 4776 2685 4827 viros
2719 4790 2838 4828 non
2885 4775 3191 4828 verborum
3236 4775 3604 4844 compositio-

148 4859 355 4915 volueris
385 4866 686 4920 lectionem
734 4867 1281 4937 meditationemque
1321 4867 1651 4921 transferre.
1694 4868 1799 4921 Ne-
1912 4865 2082 4918 nibus
2105 4864 2412 4931 deservire,
2446 4864 2544 4918 sed
2576 4879 2848 4917 sensuum
2887 4864 3126 4917 veritate
3173 4864 3450 4933 gaudere;
3504 4880 3606 4917 nec

202 5023 221 5089 ξ
254 5018 306 5072 Id
336 5027 435 5089 est,
466 5024 804 5075 contrarius.
1983 5035 2013 5078 ε
2052 5023 2219 5076 Deest
2256 5022 2330 5075 ad
2374 5021 2431 5074 in
2483 5022 2603 5088 Ms.,
2639 5022 2734 5075 sed
2781 5021 3009 5075 restitui
3055 5038 3120 5075 ex
3170 5019 3435 5076 Cassiano
3481 5019 3602 5071 col-

202 5088 223 5127 δ
336 5088 508 5160 quem,
546 5093 602 5145 id
631 5099 715 5146 est
742 5094 1054 5147 doctorem.
1913 5094 2007 5147 lat.
2043 5109 2153 5158 xw,
2186 5109 2233 5145 c.
2273 5096 2358 5157 13,
2392 5092 2537 5146 sicut
2584 5098 2641 5146 et
2690 5094 3018 5163 sequentia:
3054 5109 3208 5163 quem
3239 5095 3387 5163 intra
3416 5093 3598 5163 semet:

204 5158 397 5235 prud
449 5164 651 5217 Isidor.
708 5179 829 5232 cap.
884 5167 973 5227 12,
1022 5181 1117 5234 qq.
1168 5164 1229 5217 in
1274 5166 1483 5232 Genes,
1529 5181 1646 5219 non
1697 5165 1797 5233 ita,
1910 5166 2159 5233 ipsum...
2208 5167 2592 5233 perquirere...
2641 5158 2873 5235 poterit;
2925 5158 3079 5235 quae
3103 5166 3182 5217 ita
3227 5163 3286 5216 in
3334 5162 3454 5226 Ms.,
3506 5158 3605 5212 sed

151 5227 259 5307 Sed}
290 5227 382 5287 'Sic
427 5238 533 5288 erit
582 5238 639 5288 in
670 5227 1055 5307 multitudine
1076 5227 1253 5290 semen
1303 5227 1479 5303 tuum,
1520 5253 1649 5307 quas
1681 5227 1803 5291 sola
1912 5227 1974 5288 ut
2003 5236 2061 5289 in
2095 5227 2248 5289 textu
2282 5227 2347 5287 ei
2377 5227 2936 5307 Cassiano'legenda.

150 5299 288 5373 vvrba
315 5319 439 5358 cum
466 5306 880 5373 posterioribus
906 5308 1291 5361 consentiunt.
1456 5299 1466 5303 ’
1537 5299 1554 5307 ’
1983 5309 2011 5349 h
2042 5307 2093 5349 ii
2150 5308 2269 5371 Ms.,
2315 5306 2599 5360 lubricis...
2642 5299 3055 5360 delicatiuam...
3087 5320 3200 5357 nun
3241 5304 3428 5357 clavis.
3473 5300 3605 5356 Ilie-

204 5371 225 5453 f
254 5371 377 5453 ἕδη
409 5371 566 5429 erunt
594 5381 739 5453 omni
768 5377 923 5453 modo
952 5379 1258 5453 infecunde.
1912 5392 2189 5453 ropygnus
2219 5384 2284 5453 ιιι
2314 5377 2583 5453 ίῐΞ-ῒεκῐυο
2617 5449 2632 5453 _
2931 5448 2969 5453 _
3044 5450 3051 5453 ,
3103 5449 3111 5453 _
3303 5444 3315 5453 .
3376 5443 3437 5453 --.

204 5441 362 5517 f_Ms.,
395 5462 493 5515 per
520 5441 1198 5517 superabundantitropo.
1984 5441 2213 5502 IK'Deest
2256 5448 2314 5502 in
2360 5449 2457 5503 Ms.
2510 5449 2876 5503 moderantur.
2931 5448 3121 5502 Exstat
3165 5444 3321 5515 apud
3376 5443 3603 5500 Hieron.

155 5508 302 5637 hall};
354 5508 410 5571 A'
450 5508 759 5575 Nesterote:
821 5520 996 5573 abbas
1053 5508 1270 5591 quippe
1345 5521 1585 5577 Nesteros
1640 5536 1803 5575 voca-
1915 5518 2090 5589 Epist.
2124 5523 2215 5586 22,
2248 5521 2430 5574 multo
2462 5525 2590 5590 post
2621 5520 2895 5573 medium.
