4086 6182
438 226 540 279 439
1819 219 2076 275 ALVARI
2115 219 2141 272 (

2259 217 2596 274 DUBENSIS
3807 221 3892 275 440

438 373 542 428 per
588 361 769 410 artem
818 353 1022 409 Donati
1066 353 1392 415 liberalem;
1426 352 1524 404 sed
1566 366 1667 422 per
1705 350 2125 420 simplicitatem
2165 353 2209 405 Α
2238 349 2336 403 ubi
2377 366 2504 402 cum
2554 365 2780 403 summo
2826 349 3013 404 studio
3057 365 3120 402 ac
3161 348 3354 402 labore
3404 347 3614 402 fuerint
3654 350 3891 420 perlecta,

440 461 668 502 currere
717 443 946 500 Christi.
1000 443 1133 496 Tale
1180 447 1266 496 est
1313 441 1466 512 quod
1510 441 1631 511 ipse
1680 440 1855 494 dicit:
1901 441 2022 494 Non
2054 440 2134 494 sic

443 536 661 590 dicatur
699 539 763 586 ut
805 550 838 586 a
882 531 1081 597 doctis,
1133 531 1229 584 sed
1267 529 1460 600 potius
1509 538 1574 583 ut
1622 528 1692 582 ab
1749 528 2008 595 indoctis,
2071 534 2133 582 ut

443 639 714 679 sensuum
761 621 969 675 veritas
1013 624 1224 690 pateat,
1273 635 1389 671 non
1437 617 1745 671 verborum
1796 616 2133 688 compositio
2175 656 2178 662 η

442 717 680 768 tumeat.

511 805 598 856 2t.
643 799 804 864 Quod
878 798 926 852 si
979 797 1219 852 forsitan
1286 795 1488 849 asseris
1563 796 1832 866 psalmos,
1897 798 1955 848 et
2029 793 2134 848 Job

441 890 710 954 historia,
791 887 941 958 apud
1017 886 1284 940 Hebraeos
1350 887 1588 938 existere
1656 884 1924 952 metrica,
1994 883 2136 937 scias

443 984 501 1032 te
550 994 668 1032 non
711 976 1004 1030 insolubili
1062 980 1262 1028 contra
1309 990 1414 1027 nos
1459 973 1758 1027 dimicasse
1804 973 2129 1042 problema.

446 1067 589 1130 Quia
636 1066 782 1119 sicut
825 1067 1020 1135 lingua
1066 1065 1308 1117 Hebraea
1357 1068 1479 1117 erat
1529 1069 1725 1116 sancta
1781 1068 1836 1116 et
1893 1061 2135 1132 inclyta,

447 1159 503 1208 et
549 1155 608 1206 in
655 1152 971 1223 primordio
1029 1151 1230 1205 mundi
1268 1151 1338 1204 ab
1379 1150 1502 1221 ipso
1555 1154 1793 1204 Auctore
1839 1150 2136 1203 hominum

448 1246 804 1306 consecrata;
837 1241 915 1293 ita
947 1241 1127 1309 ipsius
1157 1241 1371 1309 linguae
1403 1245 1715 1293 metrorum
1745 1239 1994 1292 formula
2025 1254 2138 1291 non

448 1330 671 1399 profani
696 1334 751 1382 et
780 1329 1057 1383 idolatria
1083 1339 1107 1362 τι
1133 1329 1365 1382 cultoris
1387 1334 1470 1382 est
1492 1330 1709 1398 regula,
1729 1329 1826 1382 sed
1848 1333 1946 1381 aut
1967 1328 2141 1396 Moysi

447 1418 771 1470 litterarum
801 1417 1061 1470 Auctoris
1102 1420 1448 1482 commenta,
1483 1420 1581 1468 aut
1618 1421 1769 1469 certe
1809 1415 1984 1469 sancti
2016 1432 2136 1469 om-

446 1506 536 1558 nis
579 1509 603 1547 b
645 1507 732 1558 vel
775 1506 1071 1574 prophetae
1117 1505 1434 1575 cuiuspiam
1478 1505 1854 1574 inspiratione
1902 1504 2002 1558 Dei
2047 1520 2137 1557 se-

446 1593 753 1665 quentibus
795 1594 1319 1664 promulgatagNos
1365 1594 1517 1646 enim
1561 1609 1667 1662 pro
1719 1594 1891 1663 hujus
1939 1592 2138 1646 Donati

449 1689 569 1737 arte
611 1684 966 1736 ostendimus
1015 1692 1056 1748 ε,
1104 1682 1405 1754 ipsamque
1457 1684 1592 1736 totis
1632 1683 1847 1736 viribus
1893 1681 2136 1736 destrui-

444 1789 606 1841 mus,
660 1789 774 1825 non
843 1771 1218 1825 sanctissimae
1275 1773 1488 1842 linguae
1548 1777 1806 1826 tenorem
1864 1788 2138 1826 evacuare

445 1877 792 1933 quocunque
837 1860 1109 1914 instinctu
1161 1861 1505 1930 satagimus;
1553 1861 1687 1931 quia
1723 1865 1938 1914 certum
1986 1860 2140 1932 apud

447 1967 550 2005 nos
592 1950 744 2020 ipsos
786 1950 1083 2014 habemus,
1118 1949 1273 2020 quod
1325 1949 1512 2002 omnis
1554 1950 1754 2019 lingua
1781 1949 2142 2003 rectitudinis

448 2058 565 2094 suae
626 2040 833 2093 habeat
880 2040 1160 2109 regulam,
1224 2053 1328 2108 per
1386 2055 1553 2109 quam
1610 2055 1669 2091 se
1725 2039 2143 2093 rationabiliter

448 2129 662 2183 directe
690 2125 716 2162 ά
747 2127 1017 2181 diffundit
1063 2127 1122 2180 in
1174 2127 1470 2181 doctorum
1519 2127 1820 2181 hominum
1874 2132 2138 2198 pectora:

449 2217 548 2271 sed
590 2220 744 2270 tanta
776 2222 860 2269 est
907 2215 1116 2270 divinas
1163 2215 1556 2286 inspirationis
1594 2217 1822 2287 eloquia
1861 2228 1901 2282 θ,
1938 2222 1998 2270 ut
2027 2233 2142 2270 non

451 2304 616 2376 quasi
662 2303 1002 2358 necessitate
1066 2303 1270 2357 alienis
1328 2304 1658 2358 succumbat
1714 2304 1987 2375 eloquiis,
2044 2306 2142 2358 sed

451 2393 785 2448 auctoritate
844 2394 1089 2463 quadam
1137 2393 1353 2446 nitatur
1407 2393 1622 2447 viribus
1678 2393 1942 2464 propriis.
1997 2393 2145 2448 Audi

452 2498 606 2537 nunc
662 2483 798 2552 quid
853 2482 1105 2534 Isidorus
1149 2481 1540 2535 sanctissimus
1588 2482 1774 2536 dicat:
1832 2482 2144 2537 Gentilium

453 2570 603 2624 dicta
632 2569 882 2623 exterius
913 2569 931 2602 τ
961 2569 1265 2622 verborum
1305 2569 1634 2640 eloquentia
1669 2573 1869 2634 nitent,
1905 2570 2146 2625 interius

457 2675 631 2712 vacua
684 2657 910 2710 virtutis
957 2657 1233 2726 sapientia
1276 2664 1508 2711 manent
1541 2657 1575 2713 τ.
1625 2660 1865 2729 Eloquia
1897 2673 1925 2713 ς
1955 2664 2146 2712 autem

456 2762 616 2799 sacra
668 2745 914 2799 exterius
960 2745 1175 2798 inculta
1220 2745 1407 2800 verbis
1449 2752 1757 2816 apparent,
1808 2747 2146 2801 intrinsecus

455 2840 646 2887 autem
678 2833 1086 2904 mysteriorum
1134 2834 1412 2904 sapientia
1458 2835 1697 2905 fulgent.
1744 2831 1980 2890 intende
2011 2837 2146 2906 quid

2241 440 2321 492 nil
2367 440 2521 494 aliud
2565 439 2674 492 nisi
2704 440 2938 493 inanem
2988 454 3214 505 sonum,
3240 442 3298 491 et
3342 454 3668 492 sermonum
3717 441 3892 510 strepi-

2241 533 2361 580 tum
2418 527 2533 580 suis
2588 527 2892 582 lectoribus
2953 527 3233 581 tribuunt.
3298 527 3462 580 Nulla
3515 526 3594 579 ibi
3663 530 3894 583 saturitas

2242 615 2518 681 veritatis,
2565 616 2722 669 nulla
2765 616 3002 685 jtistilim
3051 615 3282 669 refectio
3331 615 3628 685 reperitur.
3682 617 3895 670 Studiosi

2244 721 2442 758 earum
2471 706 2530 757 in
2579 705 2730 758 fame
2762 707 2912 770 veri,
2959 722 3008 755 lil
3058 704 3330 757 virtutum
3381 703 3621 774 penuria
3662 721 3888 774 perseve-

2243 798 2390 846 rant.
2431 813 2456 842 ι(
2487 793 2552 846 Et
2591 797 2654 846 tu
2700 793 2842 846 mihi
2889 801 3117 847 sanctos
3161 798 3218 846 et
3259 793 3598 862 apostolicos
3639 793 3774 846 viros
3812 809 3896 862 per

2244 882 2474 935 inanem
2515 898 2739 948 sonum,
2773 899 2874 953 per
2915 882 3126 935 famem
3159 887 3214 934 et
3246 882 3626 935 macredinem
3658 881 3893 947 veritatis,

2246 988 2348 1041 per
2375 976 2686 1042 egestatem
2723 971 2980 1041 justitize,
3024 971 3163 1024 dicis
3197 987 3318 1024 esse
3366 971 3651 1024 versatos?
3693 971 3754 1024 Et
3793 978 3896 1040 post

2247 1061 2424 1114 multa
2456 1060 2640 1113 virilia
2674 1062 2686 1094 ¹
2720 1077 2847 1130 qua:
2881 1065 2935 1113 te
2977 1065 3188 1131 tuaque
3227 1066 3495 1113 truncant
3524 1064 3744 1124 asserta,
3775 1065 3894 1129 Apo-

2248 1149 2378 1203 stoli
2411 1166 2647 1219 repucas
2677 1159 2716 1183 ιιι
2744 1150 2912 1202 verba
2941 1167 2951 1202 :
2986 1151 3046 1203 Si
3094 1152 3233 1202 enim
3265 1151 3387 1216 quis
3435 1149 3627 1202 viderit
3653 1151 3741 1215 qui
3770 1150 3898 1201 habet

2247 1241 2527 1293 scientiam
2557 1241 2614 1291 in
2646 1239 2809 1292 idolio
2838 1239 3157 1304 recumbere,
3190 1253 3363 1291 nonne
3393 1239 3618 1291 scientia
3650 1239 3776 1304 ejus,
3805 1253 3900 1290 eum

2247 1331 2320 1382 sit
2350 1330 2586 1393 inﬁrma,
2631 1328 2992 1396 aediﬁcabitur
3039 1327 3113 1379 ad
3156 1327 3614 1392 manducandum,
3641 1332 3688 1380 et
3730 1326 3900 1394 peribit

2248 1419 2494 1485 inﬁrmus
2545 1419 2600 1469 in
2647 1423 2742 1470 tua
2783 1419 3028 1480 scientia,
3073 1421 3273 1482 frater,
3321 1422 3545 1484 propter
3595 1431 3738 1483 quem
3767 1415 3900 1466 Chri-

2248 1512 2362 1560 stus
2392 1512 2632 1559 mortuus
2667 1512 2742 1559 est
2776 1507 2828 1572 (Ι
2857 1507 2976 1560 Cor.
3009 1522 3126 1573 vui,
3165 1507 3295 1574 10)?
3329 1507 3528 1558 Nonne
3564 1504 3665 1557 tibi
3691 1504 3898 1566 videtur,

2251 1595 2328 1648 ait
2355 1609 2403 1658 η,
2448 1595 2551 1648 sub
2591 1595 2714 1646 aliis
2758 1593 2946 1647 verbis
2991 1593 3215 1647 dicere:
3257 1595 3335 1647 Ne
3370 1593 3525 1664 legas
3566 1593 3901 1662 philosophos

2250 1689 2306 1737 et
2348 1689 2602 1737 oratores
2633 1688 2850 1754 poetas,
2901 1700 2971 1736 ne
3020 1683 3079 1736 in
3127 1699 3328 1735 eorum
3373 1682 3617 1736 lectione
3664 1682 3901 1752 resquies—

2248 1789 2363 1826 cas.
2406 1794 2432 1820 ››
2483 1773 2540 1826 Si
2585 1773 2643 1826 in
2691 1772 2933 1826 lectione
2977 1788 3178 1825 eorum
3229 1771 3566 1824 scandalum
3612 1777 3713 1836 est,
3752 1771 3900 1822 multo

2248 1861 2430 1931 magis
2461 1861 2520 1914 in
2567 1861 2884 1915 docendum
2917 1861 3281 1930 sacrilegium
3313 1866 3414 1912 est.
3451 1861 3521 1914 Et
3552 1865 3676 1930 post
3704 1859 3900 1929 aliqua:

2252 1969 2280 2001 (ί
2310 1955 2382 2004 At
2410 1966 2581 2017 nunc,
2615 1950 2712 2013 ait,
2755 1950 2925 2003 etiam
2975 1949 3297 2003 sacerdotes
3346 1948 3448 2002 Dei
3490 1948 3714 2002 omissis
3753 1948 3901 2000 Evan-

2250 2039 2415 2109 geliis
2473 2044 2530 2092 et
2598 2039 2893 2108 prophetis
2963 2038 3223 2091 videmus
3279 2037 3592 2090 comaedias
3645 2037 3815 2089 dicere
3860 2044 3901 2098 ο,

2251 2128 2529 2181 amatoria
2573 2127 2956 2180 bucolicorum
3008 2143 3275 2180 versuum
3324 2127 3495 2179 verba
3551 2130 3787 2189 cantare,
3832 2128 3905 2176 te—

2251 2232 2388 2270 nere
2417 2215 2737 2286 Virgilium,
2771 2221 2827 2268 et
2849 2216 2905 2269 id
2937 2216 3099 2286 quod‘
3137 2219 3196 2268 in
3228 2215 3421 2286 pueris
3452 2213 3792 2267 necessitatis
3819 2217 3903 2277 est,

2251 2306 2468 2359 crimen
2515 2306 2572 2358 in
2605 2321 2661 2357 se
2690 2307 2872 2358 facere
2903 2307 3224 2358 voluntates
3253 2322 3295 2360 P.
3344 2326 3372 2352 ››
3417 2304 3585 2357 Vides
3624 2303 3723 2356 hoc
3764 2301 3906 2354 etiam

2253 2395 2468 2448 crimen
2502 2393 2851 2446 necessitatis
2885 2393 3122 2446 existere
3163 2393 3221 2445 in
3253 2393 3479 2462 pueris;
3530 2398 3590 2445 et
3621 2408 3717 2444 nos
3759 2389 3908 2458 gratia

2253 2483 2538 2547 liberatos,
2601 2488 2659 2535 et
2703 2488 2869 2535 aetate
2921 2483 3176 2551 legitima
3219 2483 3339 2551 jam
3383 2482 3633 2546 adultos,
3681 2480 3774 2533 sub
3820 2479 3907 2531 cri-

2255 2571 2408 2625 mina
2440 2569 2665 2624 mittere
2709 2570 2906 2640 cupis?
2938 2572 3080 2623 Item
3119 2570 3380 2623 sensibus
3423 2571 3536 2622 tuis
3587 2570 3701 2639 jam
3729 2568 3908 2622 dictum

2253 2661 2540 2714 doctorem
2577 2661 2644 2713 ad
2687 2660 2970 2713 Acalciam
3019 2669 3041 2702 τι
3090 2660 3413 2713 intromitte
3466 2659 3765 2724 dicentem,
3803 2671 3908 2709 cum

2256 2765 2538 2820 exponere
2605 2749 2774 2802 vellet
2839 2749 3093 2819 Apostoli
3176 2749 3430 2802 dictum:
3503 2749 3580 2803 Nc
3638 2746 3906 2813 teligeritis,

2255 2854 2423 2906 neque
2493 2840 2865 2905 gustaveritis,
2938 2854 3108 2905 neque
3177 2839 3582 2901 tractaveritis;
3641 2851 3750 2903 qua
3809 2836 3909 2887 sunt

457 2923 640 2977 dicat:
675 2923 834 2986 Quod
867 2923 1195 2992 eloquentia
1223 2924 1439 2976 inculta
1486 2924 1559 2977 sit
1586 2941 1763 2989 sacra,
1795 2929 1849 2978 et
1879 2941 1993 2978 non
2047 2943 2148 2995 per
2184 2952 2223 3008 ρ
2257 2929 2436 2982 omnia
2483 2929 2539 2980 in
2586 2927 2874 2981 interitum
2917 2928 3036 2994 ipso
3083 2941 3184 2980 usu
3227 2926 3518 2980 secundum
3578 2926 3826 2993 praecepta
3872 2924 3911 2972 et

458 3019 510 3066 te
546 3012 750 3066 Donati
793 3014 818 3054 ιι
866 3012 1076 3065 cultata
1111 3011 1150 3064 ί.
1205 3013 1347 3065 Item
1397 3012 1550 3082 ipse:
1604 3013 1926 3067 Fastidiosis
1976 3020 2146 3085 atque

459 3101 792 3172 loquacibus
836 3101 1144 3170 Scriptura!
1191 3106 1402 3154 sanctm
1433 3102 1626 3156 minus
1654 3110 1894 3172 propter
1927 3120 2148 3157 sermo—

457 3206 588 3242 nem
648 3188 967 3258 simpliccm
1030 3189 1292 3258 placent:
1346 3190 1548 3260 gentili
1601 3191 1751 3244 enim
1809 3192 2149 3261 eloquentia:

458 3281 786 3347 comparata
827 3276 1054 3330 videtur
1080 3276 1336 3346 indigna.
1378 3277 1476 3330 Hic
1523 3277 1691 3330 etiam
1723 3278 1968 3348 qualiter
1998 3277 2150 3331 Scri-

457 3371 642 3436 pturze
702 3370 906 3418 sanctae
957 3381 1279 3417 sermonem
1337 3364 1655 3433 simplicem
1708 3366 1877 3433 dicat,
1935 3382 2148 3436 quaeso,

457 3453 767 3524 perpende.
812 3454 952 3506 Item
996 3452 1154 3521 ipse:
1189 3453 1643 3521 Simplicioribus
1690 3453 1893 3506 litteris
1920 3469 2035 3507 non
2069 3458 2154 3506 est

457 3541 882 3611 praeponendus
910 3542 1072 3594 fucus
1102 3540 1492 3610 grammaticae
1516 3541 1668 3594 artis.
1704 3542 1983 3612 Prospicis
2013 3542 2147 3595 sim-

459 3630 771 3698 plicitatem
803 3629 990 3683 verbis
1021 3629 1314 3698 prmlatam
1348 3629 1439 3682 hic
1470 3647 1588 3683 esse
1622 3631 1728 3683 arti
1761 3631 1980 3684 Donati.
2023 3701 2032 3706 η

528 3719 617 3771 22.
668 3716 936 3770 Absculta
1002 3717 1138 3786 quid
1199 3719 1438 3772 Damaso
1505 3718 1888 3789 Hieronymus
1961 3719 2147 3774 dicat:

463 3829 490 3856 (ι
523 3808 861 3861 Πωαιοιιιιῑιι
911 3807 1070 3860 cibus
1115 3812 1200 3861 est
1247 3809 1500 3861 carmina
1547 3813 1870 3876 poetarum,
1917 3805 2150 3862 sam-ula-

461 3897 535 3949 ris
574 3895 876 3965 sapientia,
925 3896 1342 3950 rhetoricorum
1385 3913 1596 3965 pompa
1644 3897 1975 3951 verborum.
2027 3900 2154 3952 Haec

461 4002 564 4038 sua
592 4000 793 4038 omnes
841 3985 1119 4037 suavitate
1167 3985 1469 4049 delectant,
1519 3990 1573 4036 et
1618 3985 1755 4038 dum
1807 4001 1973 4040 aures
2019 4003 2150 4039 ver-

461 4075 618 4127 sibus
664 4073 814 4127 dulci
861 4073 1253 4127 modulatione
1284 4073 1680 4126 currentibusi
1741 4073 1994 4143 capiunt,
2029 4075 2151 4128 ani-

461 4179 614 4216 mam
660 4178 888 4232 quoque
937 4166 1257 4230 penetrant,
1293 4167 1350 4214 et
1391 4163 1637 4230 pectoris
1683 4162 1910 4215 interna
1953 4163 2148 4216 devin-

2257 3018 2532 3070 doctrinas
2578 3016 2870 3082 hominum,
2923 3031 3042 3082 quae
3089 3020 3214 3068 sunt
3256 3016 3519 3068 rationem
3576 3013 3783 3083 quidem
3831 3011 3910 3063 ha-

2260 3106 2439 3158 bentia
2481 3106 2762 3173 sapientia?
2792 3104 2993 3172 (Colos.
3046 3121 3104 3170 ιι,
3137 3108 3247 3168 21),
3281 3104 3392 3156 ait:
3430 3123 3457 3153 «
3491 3105 3611 3156 Hoc
3657 3101 3772 3154 loco
3814 3101 3913 3167 qui-

2259 3194 2377 3247 dem
2431 3193 2758 3261 conjunctio
2820 3192 3110 3262 superﬂua
3173 3198 3289 3246 est:
3343 3192 3491 3261 quod
3548 3190 3610 3244 in
3665 3189 3914 3260 plerisque

2257 3283 2396 3336 locis
2438 3287 2670 3350 propter
2715 3281 3065 3351 imperitiam
3101 3280 3240 3334 artis
3289 3280 3681 3349 grammatieze
3723 3281 3913 3347 aposto-

2259 3372 2443 3425 lorum
2490 3370 2670 3440 egisse
2707 3368 3048 3439 repcrimus.
3088 3370 3282 3439 Neque
3314 3369 3471 3422 enim
3500 3367 3756 3438 sequitur
3781 3379 3800 3408 ι’
3821 3363 3914 3426 sed,

2259 3461 2347 3512 vel
2377 3460 2490 3512 alia
2535 3458 2859 3528 conjunctio
2901 3475 3030 3530 quas
3062 3460 3205 3512 solet
3251 3458 3302 3511 ei
3347 3456 3756 3528 prtepositioni,
3796 3454 3877 3507 ubi
3903 3459 3916 3482 ⁵

2261 3553 2550 3618 repertum
2592 3547 2784 3612 fuerit,
2819 3548 3184 3616 respondere.
3229 3569 3256 3595 »
3290 3547 3472 3599 Habes
3513 3562 3587 3598 ne
3638 3545 3793 3609 ultra,
3823 3556 3916 3611 quo

2261 3652 2463 3690 nervos
2487 3641 2602 3688 tuae
2636 3635 2988 3706 loquacitatis
3017 3635 3328 3689 extendas?
3361 3637 3501 3690 Ecce
3532 3633 3744 3704 apertis
3785 3629 3915 3683 voci-

2259 3726 2385 3790 bus,
2415 3730 2470 3777 et
2511 3741 2654 3795 pene
2694 3723 3077 3793 palpabilibus
3121 3724 3304 3789 rebus,
3336 3723 3582 3777 inscium
3616 3719 3917 3792 Apostolum

2260 3819 2373 3867 tua:
2403 3812 2792 3883 grammatica:
2821 3813 2984 3883 legis,
3021 3819 3078 3866 et
3108 3818 3259 3867 certe
3291 3812 3701 3882 sapientiorem
3733 3806 3918 3863 caeteris

2261 3902 2532 3972 apostolis
2566 3918 2698 3955 eum
2727 3917 2937 3971 negare
2969 3917 3082 3954 non
3114 3901 3283 3954 vales.

2331 3993 2418 4044 23.
2461 3991 2620 4053 Quod
2687 3989 2735 4043 si
2792 3995 3120 4044 nostrorum
3175 3991 3474 4044 doctorum
3528 3986 3820 4042 sententiis
3863 3983 3918 4036 de

2262 4079 2470 4131 sanctis
2516 4079 2890 4148 scriptoribus
2940 4096 3058 4132 non
3111 4078 3450 4149 acquiescis,
3510 4077 3760 4146 ipsorum
3814 4070 3919 4143 phi-

2263 4167 2635 4236 losophorum
2703 4183 2950 4237 quorum
3013 4168 3307 4222 institutus
3363 4184 3422 4220 es
3480 4163 3794 4235 disciplinis
3846 4175 3918 4211 ac-

461 4251 638 4303 ciunt.
681 4271 702 4298 ι
741 4251 808 4302 Ut
855 4265 1004 4315 reor,
1038 4249 1278 4318 probata
1325 4255 1410 4303 est
1440 4251 1726 4304 smenlaris
1767 4251 2005 4306 scientia
2035 4254 2148 4306 daa-
2195 4249 2236 4300 Ι)
2268 4256 2493 4326 quiesce
2547 4255 2773 4310 eviratis
2847 4256 3074 4310 veribus
3142 4256 3328 4310 verbis
3383 4260 3438 4308 et
3494 4253 3742 4308 clivosis.
3803 4247 3920 4303 Dicit

463 4353 700 4390 monum
727 4353 848 4391 esse
883 4337 1210 4391 eufrasiam.
1246 4339 1382 4390 Item
1415 4338 1476 4391 in
1507 4340 1988 4410 consequentibus
2019 4342 2156 4413 quid

464 4431 691 4496 promat
715 4426 834 4496 jam
865 4427 1003 4481 dicti
1033 4427 1286 4480 absculta
1311 4427 1625 4498 em'periam
1653 4426 1699 4480 ι.
1739 4451 1760 4478 α
1793 4431 2020 4498 Verum,
2053 4432 2151 4498 ait,

534 4594 558 4617 δ
598 4584 678 4656 Ita
709 4589 765 4636 et
793 4583 1002 4656 passim
1034 4584 1185 4653 apud
1218 4585 1377 4647 alios,
1410 4601 1512 4656 pro
1546 4586 1885 4642 idololatria.

535 4657 560 4696 ι)
599 4655 1018 4722 Congruentius
1049 4656 1300 4708 hominis.

535 4735 554 4758 ε
595 4726 654 4777 Id
684 4733 769 4778 est
798 4727 1086 4780 tendimus.

533 4798 559 4838 ά
597 4797 792 4849 Melius
818 4797 1044 4851 directa.

534 4880 557 4903 ο
595 4869 652 4920 L.
687 4870 1008 4935 eloquentia.

535 4937 553 4971 τ
590 4939 720 5004 Ms.,
774 4943 1074 4994 erterior..‘.
1146 4945 1381 4993 maneat.
1459 4942 1620 5010 Apud
1683 4939 1965 4995 Isidorum
2020 4959 2152 4997 vero

463 5009 562 5062 lib.
597 5026 675 5062 ιιι.
709 5010 862 5081 sent.
891 5027 1010 5081 cap.
1046 5015 1128 5076 13,
1161 5016 1225 5064 ut
1255 5011 1313 5063 in
1344 5009 1518 5065 textu.

535 5093 564 5135 ς
601 5080 767 5148 Apud
801 5081 929 5135 Isid.
965 5080 1082 5136 ibi:
1141 5084 1490 5149 Eloquentia;
1546 5087 1598 5135 et
1638 5082 1713 5136 ita
1758 5083 1997 5137 Alvarus
2040 5083 2153 5140 im-

464 5151 712 5204 mediate
737 5153 996 5206 resumit.

535 5225 560 5264 h
602 5222 660 5274 L.
689 5238 788 5290 per
817 5229 985 5278 artem
1016 5227 1238 5278 Donati.

591 5293 816 5372 gutture
846 5311 948 5372 pro
994 5297 1178 5358 colere,
1213 5293 1382 5347 etiam
1416 5294 1567 5364 apud
1599 5294 1737 5348 alios
1783 5296 1997 5350 inﬁmae
2026 5297 2150 5351 lati-

465 5365 658 5415 nitatis
689 5365 1015 5432 scriptores.

534 5433 560 5503 ³7
610 5433 706 5485 Ms.
726 5472 740 5494 ,
798 5437 1025 5490 auribus
1042 5479 1055 5503 ,

1128 5436 1225 5488 ubi
1299 5435 1637 5490 currentibus
1700 5438 1852 5507 apud
1919 5438 2148 5492 Ilieron.

469 5502 640 5570 Epist.
680 5505 796 5556 146.

2265 4345 2417 4398 enim
2451 4344 2781 4414 Porpbirius
2812 4361 2914 4398 nos
2959 4345 3189 4398 intuens
3219 4345 3279 4398 in
3310 4344 3784 4398 contumeliarum
3815 4353 3919 4391 sua-

2264 4449 2393 4486 rum
2448 4438 2646 4487 contra
2708 4433 3014 4487 Ecclesium
3068 4433 3276 4487 libris:
3332 4433 3672 4495 Adlwerent,
3741 4425 3919 4498 inquit,

2331 4587 2356 4624 ιι
2397 4589 2530 4643 Vide
2562 4606 2733 4658 supra
2763 4605 2818 4642 ιι.
2859 4593 2906 4657 1,
2937 4589 3108 4660 hujus
3139 4589 3302 4658 epist.

2338 4662 2349 4694 ¹
2394 4661 2448 4713 F.
2491 4663 2578 4713 vir
2620 4662 2728 4722 ille,
2786 4677 2993 4729 nempe
3041 4661 3438 4730 Hieronymus,
3493 4660 3653 4729 cujus
3710 4669 3918 4726 sequen-

2263 4732 2361 4794 tia,
2398 4730 2542 4803 si_cut
2567 4736 2622 4783 et
2648 4731 3047 4798 praecedentia,
3079 4737 3214 4803 sunt
3243 4735 3430 4803 verba.
3548 4802 3558 4803 ί
3860 4793 3868 4803 ι

2335 4811 2374 4836 ιιι
2413 4801 2682 4869 Replicat,
2736 4817 2850 4854 non
2899 4803 3130 4869 replicus
3163 4802 3491 4870 legendum.
3546 4801 3917 4870 Textusenim

2262 4872 2381 4936 ille,
2413 4868 2527 4924 non
2558 4889 2731 4939 supra
2762 4873 2822 4924 in
2846 4868 3078 4925 Joannis
3109 4868 3459 4940 Hispalensis
3482 4877 3660 4926 exstat
3684 4868 3916 4939 Epistula,

2262 4943 2357 4996 sed
2389 4943 2444 4995 in
2481 4943 2709 4995 laudata
2742 4943 3076 5012 Hieronymi
3101 4943 3169 4996 ad
3209 4946 3535 4997 Damasum.

2332 5028 2358 5056 ιι
2401 5015 2520 5080 Ait,
2551 5029 2758 5083 nempe
2794 5014 3047 5078 Hieron.,
3083 5014 3256 5082 Epist.
3299 5016 3416 5067 146.

2333 5093 2355 5118 °
2395 5085 2558 5152 Apud
2591 5084 2818 5138 Hieron.
2852 5085 2952 5147 ibi,
2995 5101 3109 5138 non
3136 5085 3330 5152 dicere,
3365 5085 3463 5138 sed
3494 5087 3684 5153 legere.

2335 5171 2358 5210 ιι
2399 5156 2457 5208 1..
2490 5157 2803 5224 voluptatis.
2839 5156 2926 5208 Sic
2958 5156 3107 5223 apud
3144 5157 3295 5209 Hier.

2333 5235 2355 5267 τι
2400 5226 2457 5278 L.
2489 5228 2797 5292 Algasiam.
2838 5226 2971 5280 Vide
3005 5227 3178 5296 Epist.
3213 5245 3248 5289 1,
3279 5245 3332 5280 n.
3366 5231 3420 5281 2.

2331 5301 2352 5327 τ
2391 5297 2510 5360 Ms.,
2547 5300 2842 5366 sequimur.

2334 5375 2352 5399 ⁸
2391 5368 2569 5440 Adde,
2612 5364 2724 5421 ubi
2774 5367 3007 5436 quidem.
3061 5369 3134 5440 Ex
3185 5369 3530 5440 Hieronymo
3592 5366 3758 5436 Epist.
3822 5364 3920 5416 151.

2264 5437 2333 5490 ad
2368 5438 2675 5507 Algasiam,
2712 5443 2914 5508 qmest.
2951 5442 3034 5506 10,
3070 5439 3216 5492 circa
3250 5442 3347 5494 tin.
