4086 6182
237 277 319 330 441
1766 273 2138 329 EPISTOLA‘J.

3595 273 3698 326 H2
3743 255 3747 262 ’

236 406 446 476 ineptiis
490 403 847 458 Judaicarum
900 403 1343 474 Scripturarum,
1395 403 1454 457 in
1503 403 1713 474 quibus
1761 419 1890 458 cum
1931 408 1975 460 A
2007 423 2190 461 nasse.
2225 407 2387 472 Quod
2421 412 2612 461 autem
2644 407 2798 476 dicit,
2832 405 2969 478 quia
3001 408 3150 460 Deus
3179 405 3469 460 hominem
3505 421 3696 459 susce-

234 493 494 550 absolutio
535 494 619 547 vel
663 493 985 563 explanatio
1027 493 1185 546 nulla
1231 491 1324 556 sit,
1357 493 1426 546 ad
1461 492 1736 563 quasdam
1770 509 1901 547 nar-

233 584 466 638 rationes
515 582 858 651 incongruas
903 581 1486 652 inconvenientesque
1537 587 1896 647 convertunt,

232 689 346 743 qua:
387 687 496 724 non
535 676 647 723 tam
694 671 1125 740 explanationes
1170 675 1300 723 sunt
1350 671 1438 724 his
1482 686 1609 741 quae
1662 671 1900 724 obscura

230 767 366 825 sunt,
411 775 579 830 quam
626 760 796 812 laude
846 760 1228 830 plausumque
1260 759 1668 814 disserentibus
1701 762 1900 814 confe-

231 855 322 902 rat.
363 850 496 902 Nam
539 865 603 901 ea
643 865 769 918 quae
815 849 1028 917 Moyses
1076 848 1340 918 agrestici
1385 853 1441 900 et
1483 847 1729 918 simplici
1777 865 1897 902 ser-

231 955 380 991 mone
409 937 762 1007 conscripsit,
797 937 1068 990 divinitus
1109 937 1324 990 sancita
1374 942 1432 989 et
1479 937 1680 1008 figuris
1727 942 1899 1007 atque

229 1026 610 1094 enigmatibus
659 1026 880 1078 obtecta
923 1024 1292 1090 conﬁrmant,
1346 1029 1517 1095 atque
1569 1025 1897 1095 ingentibus

229 1116 438 1186 oppleta
465 1114 749 1183 mysteriis
780 1114 961 1167 inﬁati
997 1119 1189 1167 mente
1222 1131 1285 1167 ac
1316 1115 1546 1179 tumidi,
1581 1115 1806 1168 turbato
1838 1115 1897 1167 in

229 1203 527 1272 semetipsis
557 1203 798 1256 rationis
830 1204 1099 1256 humana:
1127 1203 1369 1272 judicio,
1403 1209 1757 1256 sacramenta
1787 1220 1900 1274 pu-

228 1298 357 1359 tant,
402 1291 457 1344 in
507 1291 716 1360 quibus
763 1308 820 1343 se
871 1292 1110 1361 agrestis
1160 1292 1401 1362 scriptor
1447 1293 1732 1362 explicare
1781 1308 1898 1351 non

227 1383 373 1433 valet.
429 1382 562 1433 Ecce
614 1380 990 1450 philosophus
1037 1381 1186 1433 inter
1237 1397 1367 1434 suos
1422 1381 1665 1445 nobiles,
1725 1386 1780 1434 et
1833 1397 1898 1434 ex

227 1475 465 1538 tempore
493 1469 847 1521 declamator
877 1469 1138 1537 insignis,
1174 1469 1421 1539 Moysem
1453 1469 1808 1539 imperitum,
1843 1475 1900 1522 et

228 1563 489 1625 agrestem
549 1557 885 1626 scriptorem
945 1557 1223 1626 explicare
1283 1573 1399 1610 non
1447 1560 1732 1611 valentem
1781 1558 1898 1610 suis

227 1645 574 1714 prosequitur
619 1645 782 1698 orsis.
820 1647 883 1699 Et
913 1646 1112 1716 utique
1143 1645 1189 1698 si
1221 1646 1343 1715 ejus
1381 1645 1530 1699 dicta
1570 1662 1673 1715 per
1718 1652 1896 1700 artem

229 1733 443 1786 decursa
490 1733 728 1797 videret,
777 1738 874 1785 aut
921 1735 1255 1803 eloquenter
1302 1734 1482 1804 perite
1520 1749 1625 1804 per
1663 1735 1896 1787 saecula-

230 1838 332 1874 rem
363 1821 700 1890 sapientiam
741 1822 943 1876 diffusa
985 1822 1269 1892 probaret,
1307 1839 1424 1876 non
1468 1839 1599 1876 eum
1651 1824 1747 1875 tali
1792 1840 1896 1876 no-

229 1910 365 1963 mine
392 1910 708 1964 notandum
743 1915 970 1980 putaret
1007 1925 1020 1960 :
1053 1911 1147 1964 sed
1199 1912 1334 1982 quia
1384 1918 1444 1964 ut
1489 1928 1618 1964 vere
1667 1912 1898 1980 gentilis

229 1998 278 2051 in
307 1999 466 2052 verba
510 2000 652 2052 foris
683 2006 950 2052 ornatum
996 2016 1110 2054 non
1145 2000 1302 2062 vidit,
1341 2000 1622 2068 fulgorem
1658 2000 1896 2053 interio-

229 2104 333 2140 rem
374 2088 581 2140 rimare
630 2088 886 2141 nescivit.
940 2093 1023 2143 An
1063 2089 1241 2141 sancti
1274 2089 1525 2157 Apostoli
1557 2091 1704 2143 dicta
1734 2089 1897 2158 igno-

229 2176 379 2228 randa
411 2177 692 2241 transivit,
730 2176 828 2246 qui
869 2177 1134 2230 Habemus
1176 2178 1487 2230 thesaurum
1527 2177 1898 2230 absconditum

228 2267 275 2318 in
299 2269 434 2318 vasis
450 2267 720 2334 ﬁctilibus
751 2267 828 2335 (ΙΙ
857 2268 974 2322 Cor.
1008 2282 1080 2330 IV,
1114 2268 1162 2334 7)
1191 2266 1344 2319 dicit.

287 2355 366 2407 2i.
426 2355 550 2408 Dies
604 2355 766 2420 mihi,
824 2355 1162 2424 priusquam
1222 2355 1518 2408 sententiae
1579 2355 1895 2419 doctorum,

230 2442 488 2509 deﬁcient,
535 2444 584 2496 si
637 2443 895 2496 omnium
940 2443 1239 2497 doctorum
1287 2443 1597 2497 sententias
1640 2446 1897 2497 maluero

228 2544 510 2598 congerere
561 2531 697 2584 huic
739 2535 946 2584 nostra:
987 2532 1287 2585 assertioni
1327 2532 1679 2586 coherentes
1719 2539 1773 2585 et
1809 2550 1900 2587 va-

229 2617 343 2672 lide.
375 2621 506 2684 Quae
539 2620 676 2690 quia
711 2622 905 2674 multae
937 2625 1086 2687 sunt,
1123 2625 1176 2673 et
1218 2637 1363 2691 pene
1405 2638 1436 2673 a
1473 2622 1632 2674 nullo
1672 2621 1899 2691 penitus

229 2708 626 2778 sapientissimo
671 2709 1038 2778 explicandae,
1079 2715 1381 2762 contentus
1431 2726 1528 2762 ero
1573 2710 1692 2762 istis
1734 2712 1897 2763 testi-

230 2797 412 2849 moniis
441 2804 556 2850 tam
590 2807 615 2830 ιι
645 2797 914 2867 praefixis,
948 2803 1004 2850 et
1033 2798 1101 2850 ad
1131 2798 1442 2850 secundam
1473 2799 1897 2867 oppositionem

230 2900 307 2937 me
349 2887 657 2940 identidem
700 2893 927 2956 patrum
978 2887 1373 2940 decedentium
1415 2890 1438 2929 ὃ
1477 2894 1698 2941 armato
1748 2889 1894 2940 telis.

230 2973 387 3042 Igitur
413 2976 721 3028 sententias
754 2977 1050 3029 doctorum
1095 2992 1127 3028 a
1159 2976 1322 3028 nobis
1367 2992 1469 3045 pro
1514 2976 1726 3030 unione
1772 2977 1896 3030 Filii

231 3063 315 3114 Dei
358 3063 602 3132 digestas
646 3064 714 3117 de
766 3068 1104 3117 naturarum
1157 3063 1521 3118 distinctione
1567 3065 1638 3118 ab
1685 3065 1897 3118 eisdem

228 3149 571 3222 depromptae
621 3169 788 3205 conas
829 3163 848 3185 ο
891 3153 1189 3217 subruere,
1237 3169 1554 3224 eorumque
1601 3155 1749 3206 dicta
1793 3154 1899 3206 sibi

229 3239 604 3308 impugnantia
649 3257 766 3294 non
814 3257 1015 3294 verens
1063 3242 1386 3309 ostendere,
1439 3259 1542 3295 nec
1586 3242 1735 3295 beati
1788 3244 1902 3296 An-

227 3327 416 3395 gustini
443 3328 674 3398 eloquia
714 3329 978 3393 destruis,
1029 3329 1127 3382 sed
1177 3331 1354 3382 sancti
1394 3330 1723 3399 Hieronymi
1771 3346 1902 3383 con-

228 3420 301 3467 tra
333 3431 455 3469 eum
509 3418 662 3471 dicta
713 3417 978 3487 opponis,
1032 3423 1412 3488 utrorumque
1454 3419 1796 3472 sententiam
1844 3420 1900 3471 in

231 3500 385 3555 rixam
422 3504 674 3570 mittens,
709 3509 766 3556 et
813 3503 872 3555 in
922 3502 1140 3573 seipsos
1189 3504 1496 3557 surrexisse
1545 3511 1716 3574 atque
1769 3522 1901 3559 con-

231 3590 303 3640 tra
351 3606 405 3642 se
460 3591 683 3643 locutos
734 3589 907 3644 fuisse
958 3591 1282 3644 ostendens.
1336 3590 1444 3644 Sed
1497 3593 1641 3645 absit
1685 3596 1747 3644 ut
1796 3593 1904 3646 hoc

231 3678 550 3732 credendum
587 3679 755 3732 alicui
785 3680 869 3732 vel
901 3680 1202 3749 paululum
1235 3680 1583 3748 intelligenti
1614 3681 1902 3747 videatur;

229 3767 365 3818 tanto
392 3768 578 3835 magis
618 3767 716 3820 tibi
753 3773 910 3820 tanto
951 3773 1006 3819 et
1051 3767 1149 3819 tali
1181 3767 1302 3819 viro
1333 3768 1572 3820 scientia
1604 3773 1660 3820 et
1691 3769 1903 3820 libera-

230 3852 357 3907 libus
387 3857 604 3910 artibus
647 3856 967 3910 inlustrato.
1007 3857 1118 3910 Nos
1158 3856 1312 3909 enim
1354 3873 1484 3927 quae
1519 3856 1768 3910 diximus
1801 3873 1901 3926 pro

231 3943 419 3998 unione
450 3962 715 4014 personae.
748 3944 1087 3998 certavimus
1120 3960 1133 3997 :
1177 3961 1476 4015 unumque
1522 3946 1808 3999 Christum
1844 3947 1901 3998 in

231 4031 426 4086 duabus
489 4034 713 4087 naturis
779 4033 1239 4102 intelligentibus
1302 4034 1449 4087 bene
1506 4034 1898 4103 probavimus.

231 4119 351 4172 Nam
380 4122 532 4191 quod
580 4121 808 4175 beatum
854 4123 1258 4190 Hieronymum
1302 4123 1544 4176 sensisse
1577 4123 1898 4186 contendis,

231 4207 288 4260 de
315 4210 656 4279 prOprietate
689 4215 1026 4262 naturarum
1057 4209 1166 4263 hoc
1197 4209 1358 4262 illum
1398 4210 1654 4279 proferre
1689 4211 1902 4264 sentire

231 4295 403 4362 debes,
451 4314 566 4351 non
621 4314 726 4368 pro
781 4297 998 4351 unione
1047 4315 1308 4368 personas
1357 4315 1368 4352 :
1421 4299 1556 4368 quia
1602 4315 1902 4380 nunquam

232 4384 356 4438 duos
406 4387 656 4440 Christos
710 4386 768 4439 in
830 4386 1256 4458 quaviscunque
1304 4388 1585 4456 scriptura
1629 4387 1904 4441 discretos

232 4475 472 4545 perlegis.
507 4477 661 4530 Sicut
693 4475 836 4530 dixit
867 4492 879 4529 :
925 4477 1047 4529 Non
1089 4492 1226 4545 ergo
1266 4481 1470 4529 natura
1505 4477 1788 4545 unigeniti
1821 4481 1905 4530 est

232 4563 649 4633 primogenitus,
687 4566 784 4618 sed
826 4571 1063 4635 propter
1106 4565 1430 4619 societatem
1475 4566 1761 4636 unigeniti
1805 4567 1903 4619 Dei

235 4652 544 4722 unigenitus
599 4659 700 4707 est.
760 4654 925 4708 Vides
983 4654 1119 4724 quia
1174 4659 1509 4707 naturarum
1567 4655 1905 4724 explicuerit

234 4743 643 4810 proprietatem,
703 4761 820 4797 non
885 4760 1141 4814 persona:
1202 4744 1530 4798 distinxerit
1596 4746 1898 4798 unitatem.

235 4827 357 4883 Nam
399 4833 596 4902 utique
641 4835 952 4886 secundum
989 4833 1340 4886 divinitatem
1383 4839 1463 4886 est
1507 4836 1675 4898 Deus,
1719 4839 1775 4886 et
1814 4850 1902 4886 se-

235 4919 461 4974 cundum
507 4921 926 4975 humanitatem
971 4923 1145 4975 homo
1190 4927 1274 4975 est
1316 4939 1500 4976 verus.
1549 4923 1655 4977 Sed
1692 4923 1900 4976 iterum

234 5003 389 5062 libere
420 5016 475 5062 et
499 5016 828 5064 constanter
849 5011 1126 5080 proﬁteor
1148 5011 1207 5064 in
1232 5016 1469 5082 utraque
1492 5018 1696 5065 natura
1721 5028 1900 5065 unum

235 5093 498 5152 Christum
538 5099 801 5164 existere,
836 5104 892 5152 et
931 5114 1109 5152 unum
1152 5099 1357 5153 Filium
1401 5101 1700 5169 proprium
1747 5117 1902 5167 esse;

237 5196 336 5237 non
375 5187 531 5255 duos,
581 5193 645 5242 ut
687 5189 839 5242 visus
887 5193 972 5242 est
1022 5189 1335 5260 Elipaudus
1375 5189 1680 5243 haereticus
1720 5191 1902 5243 nomi-

295 5348 317 5371 ⁸
349 5343 402 5395 Ρ.
427 5345 563 5410 jam.

296 5412 318 5450 ιν
349 5412 402 5467 F.
435 5415 852 5480 defendentium.

297 5488 314 5512 τ
345 5482 492 5537 Idem
523 5502 585 5538 ac
615 5490 844 5541 conaris.

301 5549 466 5616 “515.,
527 5558 670 5625 quod
728 5559 1012 5614 nascendo.
1074 5559 1293 5614 Nedum
1356 5564 1545 5613 autem
1601 5560 1750 5630 apud
1812 5560 1897 5615 Li-

2011 500 2190 564 perat,
2219 502 2274 548 et
2305 511 2406 565 per
2436 502 2680 549 mortem
2712 495 2895 549 crucis
2926 495 3338 564 relinquendus
3369 500 3488 547 erat
3519 510 3549 546 a
3585 494 3698 547 Deo

2009 601 2189 655 usque
2226 585 2293 638 ad
2336 584 2832 651 resurrectionem,
2875 600 2987 637 non
3039 585 3146 636 hoc
3190 583 3316 636 ideo
3361 583 3497 636 dicit
3545 583 3698 652 quod

2010 673 2347 727 derelictum
2383 689 2513 727 eum
2547 673 2813 737 afﬁrmet,
2851 672 3003 742 quod
3035 673 3206 741 longe
3249 674 3333 722 est
3367 686 3397 722 a
3441 669 3700 724 sensibus

2009 763 2240 816 nostris.
2287 762 2390 815 Sed
2442 768 2502 815 ut
2550 764 2752 816 Beatus
2797 760 3123 814 Libanensis
3164 760 3460 829 presbyter
3501 759 3641 812 dixit
3681 776 3694 812 :

2013 853 2137 906 Non
2185 852 2339 922 quod
2401 851 2675 904 Divinitas
2732 850 3032 920 reliquerit
3081 865 3308 902 carnem
3369 864 3548 912 suam,
3601 848 3699 900 sed

2009 941 2161 1012 quod
2210 957 2323 995 non
2372 941 2789 994 commoritura
2835 945 2957 992 erat
2995 955 3122 992 cum
3170 953 3336 990 carne
3375 953 3521 989 sua:
3565 937 3700 1006 quia

2008 1031 2087 1083 sic
2118 1030 2177 1083 in
2217 1031 2476 1100 sepulcro
2521 1047 2746 1083 carnem
2782 1046 2943 1082 suam
2977 1027 3394 1082 commanendo
3437 1042 3547 1078 non
3594 1025 3696 1076 de-

2010 1120 2206 1185 seruit,
2243 1120 2388 1172 sicut
2431 1119 2486 1171 in
2524 1125 2685 1172 utero
2730 1119 2976 1188 Virginis
3014 1115 3404 1170 connascendo
3435 1116 3459 1155 ἀ
3504 1115 3696 1168 ﬁrma-

2008 1208 2104 1260 vit.
2145 1207 2300 1261 Fidei
2340 1224 2476 1277 ergo
2517 1213 2724 1260 nostra:
2767 1208 2845 1260 sic
2890 1207 3174 1270 convenit,
3231 1211 3289 1256 ut
3334 1205 3501 1256 homo
3548 1203 3698 1256 ﬁlius

2009 1298 2156 1351 dicat
2201 1318 2213 1350 :
2259 1297 2435 1362 Quare
2473 1313 2554 1350 me
2593 1297 2972 1365 dereliquisti?
3017 1296 3239 1364 (Matth.
3288 1309 3460 1355 xxvii,
3505 1293 3596 1359 46)
3645 1296 3701 1344 et

2008 1386 2156 1438 Deus
2188 1385 2357 1448 ﬁlius,
2393 1386 2492 1454 qui
2522 1401 2650 1438 cum
2696 1387 2858 1439 Patre
2899 1385 3136 1455 wqualis
3184 1389 3287 1446 est,
3341 1382 3489 1434 dicat
3535 1397 3547 1433 :
3599 1382 3704 1448 Qui

2007 1489 2088 1526 me
2121 1476 2272 1527 misit
2304 1490 2503 1527 mecum
2536 1479 2634 1540 est,
2666 1489 2757 1527 nec
2795 1490 2873 1526 me
2902 1474 3192 1539 dereliquit
3233 1473 3406 1538 (Joan.
3442 1485 3556 1529 VIII,
3587 1470 3698 1532 49).

2009 1563 2074 1615 Et
2117 1578 2244 1614 cum
2296 1579 2358 1614 ex
2408 1568 2654 1632 utroque
2699 1578 2847 1614 unus
2892 1562 2965 1614 sit
3010 1561 3206 1624 Filius,
3250 1559 3564 1612 cavendum
3598 1561 3698 1621 est,

2011 1666 2080 1703 ne
2117 1651 2325 1722 aliquis
2370 1652 2518 1704 dicat
2563 1668 2575 1704 :
2626 1653 2805 1705 Homo
2847 1656 2931 1704 est
2971 1655 3247 1711 mortuus,
3281 1654 3335 1700 et
3378 1649 3524 1701 Deus
3569 1661 3700 1699 eum

2009 1741 2291 1794 excitavit.
2354 1741 2467 1792 Hoc
2531 1740 2616 1793 illi
2683 1741 2879 1794 dicunt
2938 1738 3036 1809 qui
3102 1737 3412 1790 secundum
3468 1751 3699 1788 carnem

2006 1831 2320 1902 pra-dicant
2351 1830 2702 1900 adoptivum,
2737 1835 2792 1882 et
2826 1827 3140 1882 secundum
3179 1826 3534 1879 divinitatem
3567 1839 3702 1892 pro-

2004 1920 2217 1992 prium.

2077 2099 2164 2149 25.
2202 2095 2425 2150 Dictum
2459 2109 2587 2147 vero
2626 2094 2679 2148 S.
2732 2091 3065 2162 Hieronymi
3109 2107 3141 2144 a
3181 2097 3258 2154 te,
3305 2089 3504 2142 dilecte
3543 2087 3701 2159 posi—

2007 2188 2153 2251 tum,
2200 2183 2277 2236 ita
2324 2181 2717 2252 accipiendum
2766 2182 2966 2250 procul
3012 2179 3184 2232 dubio
3231 2178 3516 2248 congruit,
3567 2175 3702 2247 quia

2006 2271 2336 2324 humanitas
2381 2270 2650 2323 derelicta
2695 2274 2776 2322 est
2826 2285 2858 2321 a
2909 2267 3202 2320 divinitate
3255 2283 3356 2320 sua
3409 2282 3538 2320 cum
3591 2283 3703 2336 qua

2007 2359 2129 2429 ipsa
2162 2360 2332 2413 tertia
2370 2363 2453 2412 est
2495 2359 2555 2412 in
2601 2359 2880 2412 Trimtate
2923 2372 3189 2426 persona.
3231 2355 3337 2408 Sed
3381 2355 3516 2425 quia
3559 2353 3700 2408 divi-

2007 2447 2152 2500 nitas
2183 2447 2330 2500 mori
2361 2463 2476 2498 non
2510 2450 2756 2516 poterat,
2789 2445 2916 2498 ideo
2953 2443 3116 2514 quasi
3162 2444 3219 2496 in
3264 2460 3322 2494 se
3373 2442 3488 2494 sola
3537 2448 3700 2494 natu-

2007 2535 2202 2589 raliter
2249 2536 2578 2589 humauitas
2627 2533 2951 2604 passionem
3008 2533 3243 2586 ferebat.
3296 2531 3464 2585 Miror
3510 2537 3702 2582 tamen

2009 2626 2300 2695 quomodo
2333 2640 2463 2677 eum
2506 2623 2597 2676 hic
2641 2623 2973 2676 derelictum
3024 2640 3055 2675 a
3103 2623 3216 2675 Deo
3264 2637 3436 2674 ausus
3483 2624 3567 2672 est
3611 2618 3701 2671 di-

2007 2728 2156 2777 cere,
2194 2728 2323 2764 cum
2358 2711 2415 2763 in
2445 2716 2543 2763 tua
2576 2710 2839 2780 epistola,
2889 2710 3026 2762 dum
3073 2708 3227 2762 aliud
3263 2707 3362 2772 ais,
3405 2721 3701 2776 nunquam

2009 2801 2341 2855 derelictum
2402 2801 2551 2852 visus
2606 2803 2690 2851 est
2748 2799 3084 2864 afﬁrmasse,
3145 2797 3244 2850 ubi
3302 2813 3368 2849 ex
3427 2795 3702 2866 praeclaro

2009 2889 2282 2959 Gregorio
2328 2896 2519 2942 nostra
2553 2889 2817 2941 ﬁrmatur
2847 2887 3105 2940 assertio.
3144 2885 3352 2938 Dixisse
3384 2885 3537 2937 enim
3572 2883 3654 2936 ais
3686 2899 3698 2936 :

2008 2975 2071 3027 In
2115 2975 2328 3027 cunctis
2376 2990 2624 3044 namque
2677 2972 2942 3026 ﬁdelibus
2989 2971 3224 3042 spiritus
3271 2971 3448 3035 venit,
3497 2968 3593 3021 sed
3645 2969 3702 3020 in

2009 3063 2130 3116 solo
2194 3063 2500 3117 Mediatore
2560 3068 2874 3130 permanet,
2931 3061 3030 3130 qui
3095 3060 3218 3129 ejus
3285 3057 3700 3112 humanitatem

2010 3167 2304 3220 nunquam
2349 3150 2620 3202 deseruit.
2673 3149 2729 3202 Si
2772 3165 2888 3201 non
2941 3155 3025 3201 est
3069 3149 3310 3210 deserta,
3358 3163 3461 3200 nec
3506 3145 3701 3215 utique

2009 3239 2300 3291 derelicta.
2353 3239 2490 3300 Quae
2545 3254 2677 3291 vero
2737 3254 2803 3290 ex
2866 3242 3058 3289 sancto
3125 3233 3443 3304 Augustino
3505 3237 3704 3284 contra

2012 3328 2394 3381 Priscillianos
2448 3327 2652 3379 dixisse
2707 3326 2976 3392 intendis,
3034 3341 3136 3377 nec
3193 3321 3558 3377 mutabilitati
3614 3321 3701 3372 vel

2009 3413 2368 3467 conversioni
2435 3413 2796 3467 divinitatem
2864 3412 3154 3482 subjacere
3221 3408 3490 3475 causaris,
3551 3411 3700 3460 certe

2010 3504 2132 3556 haec
2165 3518 2294 3555 vere
2325 3502 2642 3569 contendis,
2677 3503 2770 3556 sed
2805 3507 3003 3554 contra
3027 3515 3199 3571 quem
3222 3499 3341 3569 ipse
3367 3514 3480 3551 non
3502 3495 3694 3550 habes.

2011 3593 2204 3660 Neque
2238 3591 2390 3644 enim
2425 3590 2686 3655 dicimus,
2730 3596 2828 3643 aut
2874 3589 3291 3642 humanitatem
3333 3587 3393 3642 in
3434 3585 3701 3640 divinita-

2011 3684 2125 3734 tem
2177 3685 2476 3745 mutatam,
2531 3686 2628 3732 aut
2671 3680 3025 3732 divinitatem
3081 3679 3141 3730 in
3184 3692 3414 3730 carnem
3461 3691 3703 3729 conver-

2010 3785 2154 3835 sam,
2186 3785 2290 3821 nec
2329 3775 2707 3838 augmentum
2757 3768 2944 3821 eidem
2978 3765 3414 3836 simplicissima:
3462 3770 3701 3830 naturae,

2011 3874 2114 3911 nec
2147 3858 2214 3910 de
2245 3856 2453 3910 talibus
2484 3856 2854 3925 blasphemiis
2892 3871 3023 3908 cum
3055 3870 3348 3925 quoquam
3393 3853 3703 3922 aliquando

2009 3946 2438 4013 contendimus;
2509 3947 2602 3998 sed
2673 3944 2858 3998 veraci
2917 3943 3311 4014 persecutione
3384 3943 3699 4007 ﬁrmamus,

2014 4038 2189 4090 Deum
2220 4036 2514 4088 hominem
2549 4034 2758 4086 factum
2790 4032 3073 4086 Christum
3109 4031 3544 4098 Redemptorem
3580 4044 3702 4081 om-

2013 4124 2193 4189 nium,
2231 4139 2430 4192 unum,
2465 4139 2580 4176 non
2615 4123 2760 4176 duos
2803 4121 2948 4174 ﬁlios
2994 4120 3303 4189 disjunctos
3334 4123 3390 4172 et
3422 4135 3453 4171 a
3484 4134 3541 4171 se
3573 4132 3702 4186 per-

2012 4229 2283 4266 sonarum
2317 4212 2641 4266 diversitate
2674 4212 2967 4274 discretos,
3000 4209 3095 4262 sed
3118 4224 3320 4273 unum,
3349 4213 3404 4261 et
3425 4223 3526 4278 per
3547 4205 3706 4258 unio-

1943 4306 1985 4360 D
2011 4317 2143 4354 nem
2183 4316 2441 4370 personas
2488 4300 2808 4368 proprium,
2842 4314 2958 4352 non
2989 4297 3337 4367 adeptivum.
3377 4295 3530 4348 Beati
3565 4296 3704 4348 Leo-

2014 4389 2103 4443 nis
2140 4389 2330 4454 verba,
2379 4394 2434 4441 et
2480 4389 2536 4442 S.
2589 4388 2918 4457 Hieronymi
2960 4387 3281 4440 veneranda
3319 4385 3564 4454 eloquia,
3606 4399 3707 4437 seu

2013 4477 2308 4531 Athanasii
2357 4477 2618 4546 przrclari
2667 4477 3008 4530 sententiam
3060 4476 3159 4529 diu
3199 4491 3261 4527 ac
3299 4475 3443 4528 bene
3484 4473 3703 4538 rimavi,

2013 4573 2071 4619 et
2116 4572 2230 4619 tota
2280 4565 2421 4618 mihi
2470 4581 2582 4618 non
2631 4565 2944 4628 adversata,
2999 4565 3091 4617 sed
3142 4567 3522 4616 consentanea
3568 4562 3703 4616 vidi.

2014 4656 2155 4720 Quia
2194 4671 2310 4708 non
2349 4671 2452 4722 pro
2484 4671 2728 4723 persona
2761 4653 2984 4708 Christi.
3022 4670 3150 4722 qum
3187 4668 3318 4718 una,
3353 4657 3431 4705 est
3465 4651 3703 4714 dictum,

2013 4745 2107 4799 sed
2151 4761 2252 4814 pro
2292 4749 2627 4796 naturarum
2660 4747 2684 4773 °
2732 4742 3100 4812 proprietate,
3154 4758 3282 4811 qute
3331 4739 3390 4793 in
3443 4758 3510 4792 eo
3554 4740 3706 4792 bina:

2013 4840 2164 4901 sunt,
2195 4834 2434 4901 cognovi
2467 4831 2775 4900 digestum.
2825 4831 3052 4882 Beatum
3093 4831 3452 4883 Ambrosium
3495 4828 3703 4881 identi-

2011 4922 2138 4976 dem
2173 4922 2310 4974 talia
2340 4923 2701 4990 prosecutum
2739 4919 3024 4988 producis,
3055 4925 3110 4970 et
3139 4924 3334 4972 contra
3366 4916 3704 4986 Appollina-

2012 5013 2177 5065 ristas
2221 5011 2606 5064 decertantem
2652 5007 2928 5077 injungis,
2973 5007 3134 5075 quasi
3179 5023 3286 5076 ego
3323 5005 3700 5070 divinitatem,

2011 5107 2068 5156 et
2116 5115 2342 5153 carnem
2393 5098 2563 5151 unius
2611 5095 2942 5150 substantia}
2976 5095 3183 5161 dicam,
3220 5101 3277 5148 et
3308 5093 3520 5164 apertis
3554 5091 3705 5145 voci-

2008 5189 2116 5244 bus
2157 5190 2296 5243 duas
2341 5188 2399 5241 iu
2450 5203 2516 5240 eo
2561 5191 2795 5241 naturas
2843 5185 3192 5255 distinguam
3235 5183 3269 5239 ί.
3325 5182 3502 5237 Diluis
3551 5181 3706 5252 quod

2008 5346 2346 5412 banensem,
2392 5345 2488 5400 sed
2528 5361 2701 5416 supra
2745 5345 2914 5414 Epist.
2954 5361 2989 5410 ι,
3023 5359 3080 5397 n.
3131 5349 3179 5409 5,
3213 5341 3460 5414 legimus
3503 5355 3700 5397 canna-

2008 5418 2219 5472 scendo.

2081 5494 2104 5520 °
2134 5489 2253 5548 Ms.,
2287 5504 2386 5557 pro
2417 5504 2513 5552 per
2541 5494 2887 5542 naturarum.

2083 5557 2098 5593 τ
2135 5560 2265 5630 Leg.
2302 5564 2532 5613 naturas
2563 5575 2676 5612 non
2709 5558 3068 5623 distinguam.
