4098 6180
323 238 426 292 443

1685 237 1940 292 ALVARI
1978 236 2454 293 CORDUBENSIS

3729 236 3833 289 444

330 372 523 426 nullus
553 372 766 441 objicit,
799 376 854 422 et
892 369 963 421 ad
1004 384 1068 420 ea
1111 368 1180 422 de
1225 368 1433 439 quibus
1477 368 1846 438 conquereris
1877 367 2018 423 nihil
2059 371 2103 422 A
2132 373 2388 437 generat.
2437 368 2502 420 Et
2536 366 2627 420 hic
2658 366 2787 438 quis
2825 367 2999 420 homo
3043 368 3207 421 Pater
3250 383 3381 420 caro
3420 383 3674 433 carnem,
3719 383 3835 421 non

334 460 725 515 conlirmative
752 457 1081 527 respondes.

404 553 490 603 26.
533 549 691 613 Quod
736 563 865 599 vero
917 544 1180 616 Ephesini
1225 544 1424 615 synodi
1472 545 1619 598 dicta
1668 546 1889 599 conaris
1937 546 2021 600 in-

333 638 604 708 fringere,
638 637 816 689 miror
845 642 896 689 te
941 636 1045 689 hoc
1098 641 1287 688 mente
1339 636 1423 688 vel
1475 635 1717 687 voluisse
1762 638 2021 700 tractare,

333 730 543 797 quanto
588 724 768 795 magis
817 723 1039 793 scriptis
1086 722 1493 794 prolixioribus
1538 723 1831 776 ventilare.
1878 721 2026 774 Dicis

332 814 485 867 enim
522 830 533 866 :
569 814 628 868 Si
658 812 867 867 dixeris
899 812 1050 882 quod
1088 811 1319 882 propria
1361 817 1447 865 est
1488 812 1587 864 Dei
1624 813 1803 864 Patris
1834 809 2023 873 Verbi,

331 904 483 973 quod
535 901 714 955 sancti
765 903 958 955 Patres
1004 900 1241 954 minime
1292 900 1462 953 credo
1513 906 1573 953 ut
1625 900 1702 953 ita
1748 899 2023 965 dixerint;

330 1006 465 1061 ergo
504 990 873 1043 Sabelliniam
923 988 1190 1041 haeresim
1235 997 1259 1020 α
1304 994 1529 1040 secutus
1578 987 1881 1054 videberis,
1927 986 2028 1057 qui

331 1079 469 1132 dicis
502 1079 655 1150 quod
688 1077 918 1149 propria
961 1083 1045 1129 est
1077 1076 1243 1130 Verbi
1274 1077 1372 1130 Dei
1413 1093 1542 1129 caro
1576 1076 1777 1140 Patris,
1812 1082 1868 1129 et
1896 1092 2027 1145 pro-

331 1168 457 1238 pria
486 1173 571 1221 est
601 1168 784 1231 Verbi,
816 1166 966 1237 quod
998 1169 1188 1218 sancta
1217 1165 1465 1235 synodus
1490 1165 1768 1235 Ephesina
1791 1164 2028 1218 minime

332 1256 542 1310 docuit.
597 1257 757 1309 Certe
805 1254 1098 1325 cognoscis
1142 1270 1259 1306 non
1300 1270 1483 1306 meam
1527 1254 1892 1319 sententiam,
1929 1253 2027 1305 sed

333 1344 603 1415 Ephesini
637 1344 859 1398 concilii
892 1343 1215 1413 protulisse,
1253 1348 1314 1396 ut
1358 1350 1420 1395 tu
1471 1343 1625 1395 testis
1673 1359 1730 1393 es
1768 1342 1931 1395 mihi.
1966 1343 2030 1394 Et

331 1450 445 1503 quo
475 1439 635 1503 pacto
666 1449 835 1485 ausus
868 1450 926 1484 es
955 1432 1142 1484 dicere
1174 1432 1323 1501 quod
1360 1431 1535 1483 sancti
1568 1432 1763 1483 Patres
1792 1431 2028 1483 minime

329 1524 496 1575 credo
546 1527 605 1574 ut
645 1521 933 1575 dixerint?
977 1519 1244 1589 Nunquid
1282 1519 1373 1572 isti
1414 1519 1591 1572 sancti
1639 1536 1749 1571 non
1796 1518 2030 1571 fuerunt

330 1612 542 1677 Patres,
578 1609 675 1680 qui
710 1610 995 1679 Ephesino
1027 1608 1268 1661 concilio
1300 1608 1653 1677 praefuerunt
1680 1608 2026 1678 praesentes?

332 1698 480 1752 Dicis
527 1715 663 1769 ergo
722 1714 734 1751 ξ
792 1698 1172 1751 Sabellianam
1219 1697 1477 1750 haeresim
1531 1703 1755 1750 secutus
1805 1696 2027 1750 videbe-

328 1788 405 1841 ris
442 1804 455 1841 :
489 1804 590 1841 cur
619 1786 727 1840 hoc
761 1787 901 1839 mihi
932 1787 1185 1840 attitulas
1219 1789 1261 1853 ιι,
1305 1792 1361 1839 et
1401 1787 1469 1839 de
1511 1787 1755 1839 aliorum
1794 1791 2025 1839 senten-

328 1876 406 1929 tia
435 1893 527 1929 me
558 1877 804 1945 plectere
835 1876 1109 1929 festinas?
1148 1876 1417 1945 Nunquid
1467 1876 1767 1946 proprium
1810 1875 2023 1945 aliquid

329 1965 484 2018 dixi?
526 1967 733 2019 Eorum
780 1966 930 2018 dicta
979 1981 1106 2017 mea
1150 1966 1360 2033 scripta
1407 1965 1647 2018 sonavit.
1703 1964 1799 2017 Dic
1839 1980 1973 2033 ergo
2011 1981 2022 2018 :

326 2054 707 2109 Sabellianam
760 2053 1021 2107 haeresim
1066 2053 1247 2107 secuti
1294 2058 1426 2106 sunt
1480 2053 1753 2123 Ephesini
1803 2052 2026 2106 concilii

328 2141 671 2196 sanctissimi
729 2144 939 2207 Patres,
991 2143 1089 2212 qui
1141 2142 1411 2195 dixerunt
1457 2143 1607 2211 quod
1655 2143 1891 2211 propria
1941 2146 2026 2195 est

328 2247 458 2284 caro
500 2230 680 2301 ipsius
730 2229 893 2283 Verbi
939 2230 1035 2282 Dei
1088 2230 1286 2295 Patris,
1332 2234 1387 2282 et
1434 2229 1666 2298 propria
1697 2234 1782 2282 est
1819 2229 2023 2282 Verbi?

329 2320 435 2373 Sed
479 2320 634 2383 audi,
686 2336 718 2371 o
767 2324 1094 2372 nostrorum
1142 2324 1498 2387 temporum'
1522 2317 1866 2380 Aristarche,
1910 2335 2023 2388 quo

329 2408 521 2461 animo
568 2408 675 2460 hoc
719 2407 984 2460 dixerunt
1035 2423 1046 2459 :
1102 2406 1334 2476 propria
1374 2412 1459 2459 est
1492 2423 1608 2459 non
1639 2407 1823 2459 solum
1860 2406 2022 2459 Verbi

329 2497 428 2550 Dei
470 2497 671 2559 Patris,
714 2496 810 2549 sed
853 2497 1023 2548 etiam
1067 2496 1239 2561 Patri,
1295 2494 1429 2565 quia
1488 2496 1717 2549 Verbum
1760 2512 1884 2550 caro
1930 2499 2021 2562 fu-

327 2594 469 2640 ctum
515 2590 611 2651 est,
665 2590 713 2639 et
757 2585 1026 2637 habitavit
1058 2587 1115 2637 in
1145 2584 1316 2651 nobis,
1354 2600 1467 2636 nou
1498 2582 1557 2636 in
1588 2600 1755 2636 carne
1790 2600 2020 2636 conver-

327 2691 474 2740 sum,
510 2675 593 2727 vel
632 2678 695 2726 ut
723 2673 861 2727 dicis
907 2678 1211 2738 mutatum,
1257 2672 1354 2726 sed
1403 2672 1461 2725 in
1505 2688 1675 2725 carne
1717 2689 1899 2725 unum
1932 2673 2019 2725 Fi-

324 2764 465 2816 lium
514 2763 815 2833 proprium
861 2762 1093 2815 factum.
1150 2762 1385 2830 Propria
1433 2766 1517 2813 est
1555 2777 1681 2814 caro
1724 2762 1877 2814 Patri
1918 2778 2023 2831 per

321 2852 731 2922 proprietatem
766 2851 887 2921 ejus
920 2850 1104 2904 Verbi.
1142 2851 1284 2915 Non,
1320 2850 1471 2919 quod
1504 2849 1669 2916 absit,
1704 2854 1765 2903 ut
1795 2866 1925 2903 caro
1957 2866 2021 2902 ex

322 2940 615 2995 divinitate
647 2940 827 2994 Patris
860 2940 931 2993 sit
962 2946 1211 3009 sumpta,
1254 2956 1286 2991 a
1323 2939 1495 2992 Maria
1534 2938 1756 3009 virgine
1795 2955 2022 3009 semper

323 3034 604 3100 suscepta,
656 3029 752 3082 sed
800 3045 915 3082 una
960 3044 1091 3082 cum
1140 3028 1435 3082 divinitate
1482 3044 1603 3094 sua,
1649 3027 1819 3082 tertia
1853 3029 1924 3081 sit
1960 3029 2020 3081 in

322 3118 597 3173 'l‘rinitate
628 3133 895 3187 persona.

395 3210 482 3261 27.
518 3206 677 3270 Quod
713 3205 759 3258 si
792 3205 1107 3259 secundum
1152 3205 1397 3259 Verbum
1428 3206 1583 3259 Patri
1616 3210 1699 3260 est
1730 3206 2019 3275 proprius,

325 3302 377 3350 et
417 3294 731 3349 secundum
778 3310 1005 3347 carnem
1056 3299 1142 3347 est
1187 3293 1506 3363 adoptivus,
1546 3293 1666 3362 jam
1716 3310 1851 3364 ergo
1897 3312 2020 3348 sur-

328 3384 476 3439 rexit
507 3385 566 3436 in
599 3389 757 3452 parte
802 3386 985 3435 vestra
1032 3382 1172 3435 olim
1220 3387 1484 3435 mortuus
1530 3382 1858 3452 Elipandus.
1913 3384 2020 3437 Nos

328 3489 444 3526 non
472 3471 851 3526 Sabellianam
878 3470 1253 3541 praedicamus
1276 3476 1387 3523 tres
1408 3487 1680 3539 personas
1704 3472 2015 3537 credentes,

326 3577 433 3614 nec
462 3560 790 3628 adoptivam
834 3574 1064 3612 carnem
1107 3559 1319 3613 Christi
1361 3559 1686 3627 asserimus,
1720 3576 1898 3613 unum
1932 3561 2019 3615 Fi-

326 3647 469 3701 lium
494 3646 791 3718 proprium
823 3663 941 3701 non
972 3647 1115 3701 duos
1144 3648 1414 3702 veraciter
1434 3648 1830 3719 praedicantes.
1857 3650 2021 3713 Quod

328 3736 375 3789 si
412 3736 707 3807 propriam
754 3752 869 3789 non
917 3736 1057 3789 dicis
1100 3736 1274 3804 Patri,
1319 3737 1643 3807 adoptivam
1691 3755 1827 3809 ergo
1870 3740 2020 3793 Patri

327 3824 609 3880 videberis
650 3825 955 3879 afﬁrmare.
990 3826 1096 3880 Sed
1134 3826 1265 3880 audi
1306 3828 1551 3896 qualiter
1598 3832 1652 3881 te
1699 3833 1796 3882 tuo
1847 3830 2021 3883 truci-

328 3914 427 3968 des
470 3931 620 3969 ense.
663 3915 740 3967 Eo
784 3920 1045 3984 tempore
1085 3932 1198 3985 quo
1246 3916 1507 3986 Elipandi
1546 3919 1666 3970 lues
1696 3933 1903 3972 vesano
1932 3918 2018 3971 fu-

324 4020 455 4058 rore
509 4009 763 4057 nostram
817 4004 1073 4057 vastabat
1128 4004 1504 4074 provinciam,
1566 4010 1621 4057 et
1673 4006 1960 4059 crudelior
2000 4016 2019 4041 ο

325 4091 623 4146 barbarico
673 4092 866 4161 gladio
920 4091 1117 4145 lethali
1164 4097 1394 4161 pectora
1442 4092 1752 4161 dissipabat
1797 4094 2020 4148 fortiter

326 4181 549 4234 rumfea
596 4179 651 4244 d;
703 4185 889 4234 vester
947 4196 1101 4233 nunc
1157 4181 1464 4250 requisitus
1524 4181 1826 4251 episcopus
1878 4184 2019 4236 Teu-

2133 456 2432 526 Spiritum,
2485 460 2738 525 generat.
2789 454 2871 507 lbi
2928 455 3074 507 Deus
3127 456 3295 508 Pater
3348 461 3404 507 et
3457 458 3725 508 naturam
3778 460 3837 509 et

2133 561 2457 615 personam,
2502 544 2593 598 hic
2638 544 2807 596 homo
2857 544 3022 596 Pater
3064 547 3287 595 tantum
3337 547 3601 596 naturam
3650 560 3664 597 ε
3717 560 3831 596 non

2132 650 2455 704 personam.
2488 633 2570 687 lbi
2612 638 2921 702 antequam
2962 636 3228 685 naturam
3271 631 3525 684 hominis
3573 632 3832 697 suscipe-

2131 727 2238 785 ret,
2272 722 2583 775 subsistens
2615 720 2805 774 diviua
2846 736 3086 790 persona
3133 719 3379 790 amplius
3424 720 3721 788 augmenti
3771 724 3834 772 ut

2134 812 2233 866 Dei
2279 811 2451 865 Filius
2484 812 2730 864 fateatur
2762 810 2797 875 τ,
2831 810 3025 864 divina
3068 809 3366 879 generatio
3410 808 3675 863 obtinuit.
3732 809 3831 863 llic

2134 906 2197 953 ut
2227 899 2355 970 quis
2387 900 2539 952 filius
2579 898 2829 952 hominis
2868 898 3132 962 fateatur,
3167 897 3345 949 multo
3382 896 3572 949 minus
3607 897 3829 962 habuit,

2134 988 2234 1059 qui
2286 988 2409 1041 sine
2463 1004 2705 1057 persona
2755 992 2979 1039 tantum
3034 1005 3064 1038 a
3112 988 3277 1040 Patre
3330 991 3593 1038 naturam
3643 986 3833 1040 carnis

2136 1083 2404 1147 suscepit.
2442 1078 2599 1131 Unde
2644 1077 2881 1130 omnino
2924 1076 3049 1145 quis
3092 1084 3185 1129 aut
3221 1075 3434 1129 dividat
3464 1091 3693 1128 omnem
3727 1076 3831 1128 ho-

2135 1166 2308 1220 minis
2368 1166 2574 1229 iilium,
2641 1171 2737 1217 aut
2797 1164 3085 1217 Christum
3144 1180 3205 1216 ex
3264 1170 3507 1233 utroque
3565 1164 3833 1233 praedicet

2138 1270 2335 1308 unum.
2367 1253 2565 1308 Omnis
2609 1253 2763 1305 enim
2810 1252 2874 1305 ad
2926 1252 3022 1305 Dei
3063 1251 3374 1321 imaginem
3416 1252 3697 1317 conditus,
3732 1268 3837 1321 per

2137 1359 2310 1413 quem
2365 1342 2554 1412 imago
2610 1341 2709 1394 Dei
2766 1340 3077 1407 descendit,
3142 1356 3257 1393 non
3313 1340 3424 1392 nisi
3480 1339 3838 1393 dissimiliter

2136 1432 2364 1500 genitus
2412 1447 2475 1483 ex
2532 1435 2772 1500 utroque
2819 1436 3058 1500 parente
3112 1429 3317 1482 existit.
3362 1430 3552 1482 Primo
3594 1434 3762 1482 natus
3802 1447 3835 1482 a

2136 1520 2319 1585 Patre,
2354 1519 2678 1590 incognitus
2710 1526 2903 1572 manet
2928 1534 3028 1588 pro
3061 1524 3339 1588 tempore.
3373 1520 3614 1572 Demum
3647 1519 3833 1571 nasci-

2138 1614 2231 1662 tur
2260 1626 2293 1661 a
2320 1614 2517 1672 matre,
2551 1614 2605 1662 et
2637 1608 2860 1662 videtur
2888 1608 2943 1661 in
2978 1608 3230 1662 homine.
3266 1610 3434 1662 Pater
3465 1613 3687 1662 tantum
3710 1609 3833 1662 sine

2134 1715 2379 1769 persona
2424 1702 2710 1765 naturam,
2758 1704 2943 1751 mater
2991 1714 3122 1751 vero
3165 1702 3228 1751 ut
3272 1703 3531 1751 naturam
3569 1702 3831 1768 generat,

2135 1794 2189 1842 et
2236 1804 2563 1856 personam.
2616 1787 2723 1841 Sed
2773 1787 2830 1839 in
2882 1804 2997 1840 una
3047 1803 3287 1856 persona
3334 1792 3634 1857 utramque
3689 1787 3831 1840 sub-

2134 1876 2402 1930 stantiam
2449 1896 2459 1930 ;
2516 1892 2687 1929 unam
2735 1894 2765 1928 e
2817 1875 3122 1929 visceribus
3163 1874 3406 1946 propriis
3447 1874 3737 1944 gignendo
3768 1874 3831 1927 in

2132 1966 2374 2020 fratrum
2407 1965 2743 2024 transmisit,
2777 1964 2948 2018 aliam
2982 1982 3096 2018 non
3128 1982 3159 2017 a
3199 1964 3509 2017 visceribus
3540 1963 3829 2033 proditam

2132 2071 2262 2109 cum
2320 2054 2514 2124 genita
2568 2054 2893 2124 parturivit.
2954 2054 3112 2108 Unde
3158 2053 3216 2106 in
3265 2052 3640 2123 gignentibus
3698 2068 3831 2105 caro

2132 2149 2359 2197 tantum
2398 2143 2466 2196 de
2510 2158 2679 2196 carne
2721 2149 2872 2208 nata,
2918 2142 3110 2196 anima
3152 2158 3286 2195 vero
3337 2159 3368 2194 a
3422 2143 3533 2195 Deo
3575 2140 3834 2195 noscitur

2130 2237 2461 2301 propagata.
2497 2232 2879 2300 Quapropter,
2913 2231 2958 2283 si
2994 2237 3229 2301 uterque
3261 2246 3469 2300 parens
3517 2245 3545 2282 e
3596 2230 3833 2299 proprio

2131 2320 2189 2373 in
2244 2320 2380 2374 Filio
2431 2320 2681 2373 animam
2731 2336 2847 2373 non
2890 2320 3117 2389 genuit;
3154 2336 3290 2389 ergo
3323 2318 3623 2388 adoptivus
3653 2319 3737 2371 illi
3771 2319 3834 2372 in

2132 2408 2324 2462 anima
2356 2408 2585 2463 exstitit.
2624 2408 3012 2472 Quamobrem
3044 2408 3090 2461 si
3122 2408 3214 2461 cui
3261 2408 3447 2477 placet
3493 2412 3834 2460 naturarum

2132 2498 2559 2551 distinctionem
2612 2498 2671 2550 in
2719 2497 2954 2567 proprio
3001 2502 3055 2550 et
3102 2496 3367 2566 adoptivo
3416 2496 3536 2550 ﬁlio
3578 2495 3835 2549 dividere

2131 2585 2438 2651 Christum,
2490 2587 2705 2640 dividat
2750 2586 3045 2639 hominem
3095 2600 3124 2640 ς
3175 2585 3411 2638 omnino
3461 2584 3713 2637 hominis
3770 2585 3834 2637 ti-

2131 2675 2293 2728 lium.
2340 2674 2443 2728 Sed
2497 2675 2630 2743 quia
2671 2676 2817 2728 ratio
2857 2674 3108 2727 veritatis
3152 2679 3453 2744 repugnat,
3487 2690 3549 2726 ex
3582 2677 3833 2742 utroque

2131 2764 2246 2816 Deo
2282 2762 2452 2828 Patri,
2488 2779 2553 2816 ex
2599 2768 2840 2833 utroque
2887 2763 2945 2815 in
2988 2768 3232 2833 utroque
3278 2762 3522 2833 parenti,
3560 2761 3833 2831 proprius

2130 2852 2303 2904 Filius
2339 2855 2724 2920 agnoscatur:
2775 2851 2911 2921 quia
2958 2852 3017 2905 in
3064 2857 3307 2921 utroque
3358 2867 3469 2904 non
3522 2850 3633 2904 nisi
3681 2866 3831 2902 unus

2059 2940 2505 3027 Cpersonaliter
2545 2944 2643 2994 aut
2689 2940 2823 3009 Dei,
2874 2946 2974 2994 aut
3018 2940 3271 2993 hominis
3340 2940 3515 2993 Filius
3585 2939 3827 2993 demon-

2131 3034 2363 3082 stratur.

2202 3121 2290 3172 29.
2346 3118 2489 3171 Illud
2542 3134 2674 3171 vero
2722 3117 3004 3172 Vincentii
3053 3117 3231 3170 nostri
3279 3117 3494 3171 dictum
3539 3117 3691 3186 quod
3736 3118 3827 3169 in-

2130 3207 2355 3276 fringis,
2391 3223 2503 3277 quo
2533 3206 2726 3261 animo
2762 3207 2977 3260 dictum
3009 3206 3114 3259 fuit
3149 3206 3441 3259 advertere
3472 3206 3663 3259 debes.
3702 3206 3831 3259 Non

2131 3294 2284 3348 enim
2318 3295 2426 3348 hoc
2458 3294 2695 3365 protulit
2728 3301 2790 3348 ut
2831 3311 3058 3347 carnem
3101 3294 3307 3348 Christi
3356 3294 3643 3348 conditam
3695 3299 3831 3346 ante

2132 3384 2338 3437 saecula
2370 3384 2704 3451 afﬁrmaret,
2742 3384 2840 3437 sed
2887 3390 2946 3437 ut
2988 3400 3157 3437 unam
3205 3399 3511 3453 personam
3559 3383 3727 3436 Verbi
3775 3389 3837 3437 et

2130 3473 2315 3526 carnis
2365 3474 2708 3527 ostenderet.
2763 3472 2909 3526 Dicis
2959 3474 3109 3526 enim
3164 3490 3177 3526 :
3235 3495 3261 3521 ‹‹
3305 3472 3407 3525 Illa
3446 3472 3616 3525 facies
3654 3488 3834 3541 quam

2131 3563 2369 3616 colonus
2417 3562 2665 3632 paradisi
2715 3562 2905 3631 fugiit,
2951 3561 3202 3631 subjecta
3249 3566 3511 3614 creatura
3554 3560 3681 3624 fuit,
3730 3560 3832 3613 sed

2131 3666 2247 3704 non
2281 3650 2350 3704 de
2390 3650 2606 3704 semine
2641 3650 2813 3703 David
2862 3656 3010 3716 nata,
3045 3650 3142 3703 sed
3176 3649 3432 3703 nondum
3463 3649 3730 3703 divinitas
3759 3665 3833 3702 ex

2131 3739 2307 3808 stirpe
2366 3739 2543 3792 David
2601 3743 2924 3807 corporata,
2983 3738 3080 3791 sed
3134 3738 3391 3791 nondum
3450 3738 3511 3790 in
3565 3742 3831 3805 tempore

2129 3832 2279 3881 nata.
2335 3848 2361 3875 ››
2414 3828 2549 3881 Ecce
2603 3843 2729 3896 quae
2780 3827 2952 3895 paulo
3004 3831 3137 3879 ante
3191 3826 3478 3879 refutabas
3526 3825 3832 3879 manifeste

2127 3916 2347 3986 profers
2380 3922 2549 3986 atque
2574 3915 2940 3981 confirmans,
2976 3914 3114 3968 dum
3146 3915 3282 3968 dicis
3315 3931 3327 3968 :
3363 3934 3391 3965 (ι
3422 3914 3528 3969 Sed
3562 3914 3827 3968 nondum

2130 4003 2397 4057 divinitas
2440 4020 2507 4055 ex
2547 4002 2720 4072 stirpe
2764 4003 2935 4056 David
2968 4009 3285 4073 corporata.
3322 4025 3348 4051 »
3388 4004 3524 4067 Quae
3555 4003 3828 4057 divinitas

2128 4108 2193 4146 ex
2249 4091 2423 4161 stirpe
2483 4091 2658 4144 David
2712 4092 2929 4145 exstitit
2980 4092 3319 4161 corporata?
3376 4093 3433 4147 Si
3495 4093 3637 4155 Filii,
3681 4108 3824 4162 ergo

2126 4180 2360 4250 propria
2405 4180 2555 4233 Patri
2595 4186 2679 4233 est
2717 4180 2880 4233 facta.
2916 4180 3307 4250 Reprehendis
3339 4181 3719 4245 Vincentium,
3752 4180 3827 4234 de

326 4269 479 4335 dula,
513 4275 643 4339 post
670 4269 848 4322 multa
878 4273 934 4321 et
960 4268 1115 4321 varia
1145 4268 1214 4322 de
1244 4269 1596 4339 proprietate
1623 4269 1827 4325 Christi
1850 4288 2015 4325 vene-
2059 4271 2101 4325 D
2128 4269 2478 4339 proprietate
2518 4285 2775 4338 personae
2818 4270 2945 4322 Filii
2985 4270 3201 4339 optime
3235 4269 3591 4334 sentientem,
3627 4273 3682 4321 et
3712 4284 3827 4321 non

327 4358 504 4412 randa
536 4358 786 4428 eloquia,
820 4356 920 4411 tali
954 4357 1067 4410 ﬁne
1108 4358 1285 4411 totius
1315 4374 1432 4411 suae
1463 4358 1854 4430 dispositionis
1884 4376 2015 4413 con-

326 4446 492 4499 clusit
535 4447 811 4515 epitoma,
861 4451 923 4499 ut
969 4445 1181 4499 diceret
1232 4463 1244 4500 :
1298 4446 1354 4501 Si
1394 4447 1522 4515 quis
1552 4463 1781 4502 carnem
1813 4449 2020 4503 Christi

325 4533 648 4603 adoptivam
680 4534 886 4587 dixerit
915 4534 1089 4599 Patri,
1124 4536 1433 4589 anathema
1462 4536 1551 4588 sit.
1584 4540 1785 4590 Amen.

397 4623 483 4674 28.
520 4620 667 4674 Audi
712 4620 849 4689 quid
888 4621 1185 4675 Basiliscus
1235 4621 1507 4693 Elipando
1550 4624 1699 4677 dicat
1749 4665 1762 4678 .
1814 4624 2017 4687 Adicit,

324 4707 532 4778 inquit,
564 4708 691 4778 quis
728 4726 739 4762 :
778 4710 920 4762 Deus
953 4710 1120 4763 Pater
1148 4727 1378 4764 carnem
1414 4728 1532 4765 non
1564 4711 1783 4781 genuit.
1819 4713 2022 4766 Fateor

325 4797 447 4868 ipse
493 4797 628 4868 quia
675 4813 903 4850 carnem
951 4815 1065 4852 non
1119 4800 1337 4869 genuit,
1396 4802 1492 4854 sed
1545 4801 1749 4854 Filium
1792 4806 1816 4832 θ
1860 4802 2021 4872 cujus

326 4902 454 4941 caro
498 4891 583 4940 est
625 4887 844 4957 genuit.
890 4888 999 4941 Nec
1039 4890 1170 4959 quis
1200 4889 1375 4943 homo
1421 4891 1482 4943 in
1528 4888 1735 4944 Filium
1766 4890 2021 4945 animam

324 4980 578 5047 generat,
632 4976 731 5029 sed
773 4992 1004 5030 carnem
1056 4978 1217 5048 cujus
1250 4984 1335 5033 est
1363 4980 1617 5032 animam
1650 4984 1903 5049 generat.
1940 4979 2023 5033 lbi

326 5064 483 5120 enim
541 5066 687 5118 Deus
741 5066 908 5119 Pater
956 5065 1201 5135 Spiritus
1249 5066 1551 5137 Spiritum,
1602 5083 1717 5121 non
1768 5084 2018 5133 carnem,

397 5234 431 5293 a_
454 5220 660 5274 Vocem
710 5223 953 5275 haeresim
1005 5222 1369 5292 praetermisit
1423 5222 1597 5293 hujus
1636 5220 1884 5293 scriptor
1939 5238 2023 5274 co-

327 5290 484 5413 1dicis.
530 5293 719 5346 Exstat
758 5309 932 5363 supra
973 5290 1141 5363 epist.
1191 5296 1242 5360 3,
1287 5310 1346 5347 n.
1393 5297 1446 5360 7,
1492 5290 1551 5347 et
1589 5292 1680 5347 hic
1719 5290 1909 5346 statim
1939 5293 2021 5347 in-

353 5377 431 5413 ra.

398 5402 431 5473 i1.
455 5431 575 5498 Ms,
609 5434 682 5486 ad
712 5436 890 5488 tilula.

400 5502 646 5577 cAliter,
697 5506 1004 5559 crudeliter.
1057 5505 1221 5576 Apud
1275 5508 1450 5561 Bravo
1506 5505 1567 5559 in
1618 5506 1793 5562 Catal.
1844 5506 2014 5577 episc.

328 5572 600 5635 Cordub.,
634 5591 760 5645 pag.
801 5578 916 5629 107.

2129 4356 2374 4411 advertis
2417 4358 2785 4427 Evangelium
2832 4358 2938 4411 hoc
2983 4359 3135 4413 idem
3181 4359 3432 4428 apertius
3475 4358 3828 4411 conﬁrman-

2128 4450 2241 4498 tem
2282 4448 2486 4501 :Nemo
2517 4446 2760 4500 ascendit
2794 4449 2852 4499 in
2896 4447 3099 4512 caelum,
3142 4450 3252 4500 nisi
3296 4449 3393 4514 qui
3443 4443 3715 4499 descendit
3758 4443 3830 4495 de

2129 4535 2273 4599 cwlo,
2327 4533 2477 4600 ﬁlius
2522 4535 2754 4588 hominis
2805 4537 2901 4603 qui
2957 4540 3033 4588 est
3076 4538 3135 4587 in
3181 4536 3304 4588 ccelo
3354 4536 3529 4603 (Joan.
3587 4550 3667 4598 ιιι,
3715 4534 3824 4598 13).

2129 4624 2358 4677 Necnon
2409 4629 2463 4676 et
2510 4623 2652 4677 illud
2702 4640 2713 4676 :
2766 4625 2896 4680 Cum
2942 4624 3191 4678 videritis
3240 4625 3414 4690 ﬁlium
3463 4624 3690 4676 hominis
3738 4636 3830 4675 as-

2127 4712 2429 4765 cendentem
2476 4712 2570 4766 ubi
2608 4718 2724 4765 erat
2768 4716 2925 4780 prius
2973 4711 3155 4779 (Joan.
3206 4729 3280 4779 vi,
3335 4712 3444 4781 63).
3506 4711 3605 4764 Dic
3654 4710 3823 4776 mihi,

2128 4800 2227 4854 ubi
2276 4805 2397 4854 erat
2441 4801 2592 4853 titius
2641 4801 2893 4853 hominis
2942 4801 3275 4871 priusquam
3325 4815 3554 4853 carnem
3596 4798 3829 4867 accipe-

2128 4891 2254 4942 ret?
2298 4889 2354 4944 Si
2398 4889 2457 4942 in
2499 4890 2660 4954 coelo,
2707 4905 2809 4942 cur
2853 4905 2988 4960 ergo
3035 4889 3255 4958 accepit
3292 4903 3543 4954 carnem,
3580 4887 3827 4957 quijam

2128 4994 2360 5031 carnem
2416 4977 2683 5043 habebat,
2739 4978 2877 5048 quia
2930 4977 3067 5032 dicit
3118 4980 3295 5046 ﬁlium
3350 4978 3603 5041 hominis,
3659 4980 3722 5028 ut
3767 4980 3833 5029 et

2128 5082 2259 5120 eum
2306 5066 2629 5121 ostenderet
2674 5083 2773 5137 per
2825 5066 3098 5121 unionem
3152 5082 3411 5136 personas
3464 5082 3496 5120 a
3543 5064 3834 5135 principio

2197 5221 2225 5259 τι
2257 5223 2318 5277 Id
2346 5228 2449 5287 est,
2481 5225 2774 5294 romphaea,
2802 5223 3042 5294 gladius.

2199 5300 2221 5326 ο
2254 5297 2375 5362 Ms.,
2401 5297 2566 5363 ﬁlius.

2201 5363 2221 5401 ί
2250 5366 2308 5418 Id
2342 5373 2427 5419 est
2455 5367 2692 5420 dicatur.

2200 5450 2229 5491 ε
2263 5438 2424 5490 Forte
2455 5454 2678 5503 omnem,
2717 5442 2779 5491 ut
2813 5437 2986 5508 paulo
3022 5442 3152 5491 ante
3187 5435 3460 5506 scriptum
3488 5438 3587 5495 est,
3619 5449 3831 5489 omnem

2128 5507 2357 5563 hominis
2388 5509 2580 5577 ﬁlium.
