4086 6182
244 279 344 332 445

1942 278 1986 333 Ε
1997 276 2315 333 ΡΙΞΤΟΙΛΕ.

3643 279 3745 333 446

239 426 382 474 esse,
415 414 474 463 et
489 425 624 462 eum
658 408 952 462 hominem
984 406 1345 462 nominatum
1375 406 1562 461 fuisse.
1617 408 1759 462 Nam
1794 408 1931 461 dum
1972 409 2019 462 A
2047 412 2105 462 et
2134 408 2238 461 hoc
2268 407 2480 479 incipio
2512 408 2750 478 perdere
2773 406 2927 477 quod
2949 406 3140 460 credo.
3179 428 3206 458 ι)
3239 410 3383 462 Ante
3408 409 3564 463 enim
3596 426 3741 480 prte-

238 499 374 551 dicit
403 498 585 568 ﬁlium
612 499 865 564 hominis,
899 496 1146 550 ostendit
1194 512 1325 549 eum
1356 496 1541 550 tilium
1573 513 1693 550 esse
1726 495 1932 551 Mariae.

235 588 349 641 Ista
402 604 532 658 qua!
582 588 878 640 Vincentio
914 586 1305 639 eruditissimo
1357 586 1581 656 objicis,
1634 586 1936 655 Evangelio

236 678 600 729 sanctissimo
656 676 847 745 injice,
891 679 944 729 et
994 675 1135 728 illud
1192 675 1403 728 iterum
1464 676 1586 745 ejus
1637 676 1934 746 eloquium

233 762 380 817 vide.
415 765 705 817 Abraham
753 766 1053 817 exsultavit
1106 770 1169 818 ut
1214 764 1422 818 videret
1450 765 1590 818 diem
1643 781 1853 829 meum;
1887 769 1935 817 et

231 854 375 908 vidit
398 860 449 909 et
479 858 703 921 gavisus
725 860 801 909 est
823 854 993 925 (Joan.
1036 872 1155 921 vni,
1189 855 1271 921 56)
1308 871 1319 908 :
1356 860 1412 909 et
1441 871 1714 925 cognosce
1756 856 1934 909 Abra-

230 944 367 996 ham
422 946 734 1008 subiectam
779 950 1119 1011 creaturam,
1154 960 1268 997 non
1297 944 1541 998 formam
1580 945 1935 998 incarnatam

231 1032 468 1086 vidisse.
510 1034 574 1086 Et
614 1032 751 1085 scito
786 1032 921 1102 quia
953 1032 1073 1085 haec
1124 1042 1147 1064 ³
1180 1048 1294 1084 non
1327 1033 1639 1087 secundum
1672 1038 1933 1087 naturam

230 1119 423 1173 carnis
470 1120 777 1189 profertur,
836 1121 929 1173 sed
980 1121 1295 1174 secundum
1344 1120 1623 1174 unitatem
1672 1137 1935 1192 persona:

228 1208 521 1262 ﬁrmatur.
557 1209 714 1262 Absit
755 1209 910 1262 enim
942 1226 969 1262 a
1014 1209 1176 1263 nobis
1204 1213 1265 1262 ut
1299 1208 1661 1263 incarnatum
1728 1211 1934 1264 Filium

227 1302 367 1350 ante
420 1302 682 1366 tempora
739 1298 1030 1351 saecularia
1084 1297 1336 1365 aliunde,
1389 1303 1445 1351 et
1496 1315 1609 1352 non
1662 1298 1731 1352 de
1763 1300 1936 1353 Maria

228 1401 468 1455 semper
502 1386 749 1456 virgine,
782 1387 1161 1456 proferamus.
1190 1386 1351 1439 Absit
1380 1386 1612 1452 iterum,
1647 1393 1703 1440 et
1734 1388 1935 1457 procul

227 1475 300 1528 sit
328 1492 363 1527 a
406 1476 671 1528 sensibus
702 1475 934 1544 nostris,
966 1479 1029 1527 ut
1060 1491 1162 1544 per
1202 1474 1473 1528 unionem
1502 1492 1762 1546 personae
1793 1476 1875 1529 illi
1905 1493 1935 1529 a

228 1564 408 1619 Maria
436 1564 668 1618 initium
703 1566 922 1619 demus.

298 1655 393 1707 30.
435 1653 615 1706 Velim
662 1654 754 1707 hic
795 1653 1139 1722 respondeas
1185 1652 1347 1718 mihi,
1398 1657 1589 1707 utrum
1649 1654 1931 1708 Christum

226 1741 289 1795 in
321 1746 572 1811 utraque
625 1747 827 1794 natura
854 1757 1052 1795 verum
1101 1745 1157 1794 et
1200 1757 1379 1794 unum
1428 1742 1683 1811 proferas
1728 1744 1933 1796 Filium

230 1832 445 1893 Deum,
479 1847 548 1883 an
583 1831 640 1882 in
675 1848 787 1883 una
818 1832 1016 1896 Deum,
1050 1830 1105 1882 in
1144 1829 1255 1883 alia
1301 1830 1607 1898 separatim
1640 1831 1931 1885 hominem

228 1919 423 1972 solum
458 1925 516 1972 et
560 1935 792 1988 purum.
833 1919 1030 1973 Utrum
1068 1934 1297 1972 carnem
1348 1918 1556 1973 Christi
1602 1921 1933 1973 creatricem

230 2008 501 2061 omnium
538 2007 851 2061 secundum
884 2007 1159 2059 unionem
1190 2023 1451 2075 personae
1481 2006 1640 2074 dicis,
1673 2024 1745 2060 an
1778 2025 1932 2061 crea-

226 2100 425 2149 turam
458 2102 658 2165 aperta
690 2112 821 2148 voce
844 2095 1140 2148 defendis?
1178 2096 1339 2158 Quod
1371 2096 1416 2148 si
1449 2112 1581 2149 eum
1613 2103 1935 2151 creaturam

226 2191 483 2249 tantum,
535 2190 589 2238 et
628 2201 738 2237 non
765 2184 1012 2237 adstruis
1043 2189 1378 2250 creatorem,
1432 2190 1485 2238 te
1542 2185 1730 2255 ipsum
1785 2203 1936 2239 com-

228 2274 445 2343 probas
506 2279 1003 2343 transgressorem,
1053 2274 1152 2343 qui
1216 2274 1603 2343 praetermisso
1672 2276 1936 2329 Creatore

229 2362 379 2415 colla
413 2362 656 2414 inclinas
706 2367 1001 2415 creaturae.
1038 2361 1123 2415 Dii
1165 2362 1342 2427 enim,
1377 2362 1475 2432 qui
1518 2379 1632 2416 non
1679 2364 1938 2417 fecerunt

228 2452 443 2505 coelum
477 2456 536 2504 et
564 2455 797 2516 terram,
831 2455 1068 2521 pereant
1102 2451 1177 2504 de
1203 2452 1307 2504 sub
1337 2452 1496 2505 ccelo.
1556 2453 1621 2506 Et
1673 2453 1771 2506 ubi
1831 2454 1939 2506 erit

228 2540 375 2593 illud
415 2540 569 2609 quod
618 2539 909 2610 legimus:
965 2541 1204 2605 Quorum
1240 2546 1446 2609 patres,
1500 2545 1549 2594 et
1604 2558 1671 2595 ea:
1741 2544 1937 2611 quibus

229 2631 486 2684 Christus
546 2631 642 2696 qui
694 2634 772 2682 est
813 2629 1103 2682 secundum
1150 2646 1387 2701 carnem,
1437 2632 1575 2684 Deus
1633 2631 1938 2685 benedictus

229 2723 290 2774 in
338 2721 564 2774 secula.
603 2722 779 2773 Amen
825 2719 1003 2789 (Rom.
1055 2736 1128 2785 ix,
1172 2721 1243 2789 ὅ).
1308 2721 1372 2773 Et
1406 2719 1545 2773 illud
1578 2720 1729 2774 beati
1770 2722 1940 2775 Joan-

230 2810 319 2863 nis
355 2824 368 2861 :
421 2809 636 2863 Scimus
675 2811 808 2877 quia
838 2810 1009 2862 Filius
1064 2811 1155 2862 Dei
1196 2810 1359 2873 venit,
1401 2811 1456 2861 et
1486 2825 1715 2862 carnem
1756 2809 1939 2864 induit

231 2896 423 2951 nostri
476 2914 668 2962 causa,
721 2902 775 2950 et
826 2913 1024 2966 passus
1070 2902 1173 2963 est,
1223 2902 1279 2950 et
1324 2898 1678 2964 resurrexit;
1729 2898 1815 2950 hic
1864 2903 1939 2951 est

2048 496 2321 550 miserat:
2387 518 2409 545 ι
2477 498 2589 568 Ego
2630 513 2743 549 non
2793 495 3053 565 intelligo
3111 497 3264 551 aliud
3322 498 3636 562 sedentem,
3686 505 3742 555 et

2046 586 2201 639 aliud
2233 586 2563 651 scabellum,
2597 586 2691 639 sed
2727 590 2907 639 totum
2969 586 3025 638 in
3075 586 3297 640 Christo
3346 589 3587 641 thronus
3631 594 3737 643 est.

2045 674 2258 737 Quaerit
2287 681 2339 727 et
2378 674 2534 739 dicit,
2569 690 2745 745 quare
2796 675 2882 727 vel
2923 691 3120 744 quare,
3179 677 3468 746 quomodo
3517 680 3589 731 sit
3648 694 3741 731 ne-

2046 762 2158 816 scio
2197 779 2208 817 :
2242 769 2298 816 et
2327 768 2521 817 tamen
2549 764 2717 817 credo
2766 763 2922 833 quod
2966 763 3056 816 sit.
3091 785 3116 811 »
3151 765 3473 833 Quomodo,
3526 766 3736 837 inquis,

2044 850 2297 904 dicemus
2330 867 2495 905 verus
2528 852 2673 905 Deus
2705 855 2759 904 et
2791 867 2956 904 verus
2990 852 3200 905 homo?
3230 852 3375 906 Audi
3409 853 3733 921 quomodo:

2046 940 2366 995 Secundum
2401 956 2631 993 carnem
2662 940 2856 1007 homo,
2891 942 3206 995 secundum
3230 942 3464 995 verbum
3505 942 3734 995 Deusd:

2045 1030 2141 1083 sed
2172 1046 2303 1083 caro
2337 1034 2392 1083 et
2438 1030 2686 1083 Verbum
2730 1046 2879 1082 unus
2912 1030 3106 1094 Filius,
3151 1032 3297 1083 Deus
3326 1046 3491 1083 verus
3522 1036 3574 1083 et
3618 1046 3738 1083 cer-

2043 1123 2154 1173 tus.
2189 1124 2233 1172 Α
2266 1125 2445 1172 matre
2475 1124 2641 1171 natus
2669 1122 2731 1172 ut
2764 1119 2902 1173 dicis
2952 1124 3236 1189 tempore,
3289 1119 3385 1172 sed
3433 1119 3736 1188 sempiter-

2043 1225 2151 1262 nus
2182 1225 2213 1262 a
2243 1210 2425 1262 Patre.
2460 1208 2568 1262 Sed
2605 1225 2843 1279 sequere
2877 1210 3191 1261 clausulum
3231 1213 3409 1262 totam
3445 1224 3457 1260 :
3520 1207 3739 1261 duabus

2043 1297 2103 1351 in
2133 1297 2461 1351 substantiis
2510 1314 2752 1363 persona
2800 1298 2917 1351 sola
2951 1304 3034 1351 est
3065 1297 3339 1351 numinis.
3393 1296 3556 1360 Quod
3604 1312 3737 1348 vero

2045 1404 2162 1440 non
2195 1387 2497 1441 derelictus
2526 1387 2633 1441 fuit
2669 1404 2699 1440 a
2733 1386 3058 1453 Divinitate,
3106 1388 3223 1456 jam
3255 1390 3532 1455 quantum
3586 1385 3739 1437 valui

2043 1476 2100 1530 in
2132 1476 2322 1547 priore
2354 1475 2594 1545 epistola
2626 1474 2875 1529 dilucide
2905 1475 3201 1527 doctorum
3234 1474 3450 1526 tlueuta
3480 1473 3735 1539 tirmavi;

2046 1572 2103 1619 et
2133 1570 2314 1618 totum
2364 1565 2471 1618 hoc
2515 1564 2806 1626 recensiri,
2856 1578 3163 1615 onerosum
3215 1562 3538 1632 legentibus
3572 1562 3687 1615 vidi
3722 1578 3736 1616 :

2047 1654 2363 1723 praesertim
2394 1669 2521 1706 cum
2564 1669 2596 1705 a
2628 1657 2683 1706 te
2727 1652 2929 1705 dilecte
2968 1668 3080 1705 non
3112 1651 3286 1704 fuerit
3342 1656 3734 1717 extenuatum,

2043 1760 2149 1796 nec
2171 1743 2230 1796 in
2261 1743 2455 1812 aliqua
2484 1747 2642 1811 parte
2674 1748 2887 1794 temere
2918 1740 3211 1794 violatum.
3269 1740 3457 1793 Sancti
3490 1740 3736 1809 Fulgen-

2040 1831 2122 1897 tii,
2157 1832 2243 1884 vel
2287 1831 2435 1884 beati
2471 1830 2817 1900 Hieronymi,
2852 1846 2947 1882 seu
2982 1828 3244 1899 praeclari
3277 1828 3603 1897 Augustini,
3649 1829 3737 1881 vel

2040 1919 2535 1988 aliorum‘yalidas
2586 1935 2751 1971 voces
2810 1919 3047 1983 intexui,
3100 1934 3241 1987 quas
3302 1933 3405 1970 nec
3454 1916 3737 1986 ‘infrigere

2041 2009 2292 2073 voluisti,
2326 2024 2430 2061 nec
2458 2008 2726 2073 debuisti,
2759 2007 2999 2061 forsitan
3029 2023 3131 2060 nec
3167 2005 3409 2060 valuisti.
3462 2007 3589 2059 Haec
3633 2022 3737 2076 pro

2041 2104 2211 2169 captu
2241 2097 2450 2150 virium
2483 2113 2741 2150 mearum
2792 2096 3020 2167 digessi,
3052 2100 3107 2148 et
3138 2111 3251 2148 non
3297 2101 3575 2165 quantum
3633 2094 3735 2148 de-

2042 2188 2161 2254 bui,
2193 2187 2277 2240 vel
2310 2191 2591 2255 quantum
2639 2187 2887 2256 dignitas
2931 2184 3183 2238 materia:
3235 2184 3581 2253 postulabat,
3642 2185 3737 2238 sed

2043 2282 2320 2347 quantum
2356 2291 2520 2345 posse
2546 2275 2689 2328 mihi
2720 2274 2951 2339 exstitit,
2977 2273 3158 2344 posui.
3217 2273 3537 2326 Praesertim
3581 2273 3736 2343 quia,

2044 2373 2105 2419 ut
2132 2383 2221 2419 me
2251 2364 2497 2434 amplius
2528 2363 2697 2427 nosti,
2721 2364 3068 2417 hebetudine
3109 2361 3391 2415 detineort
3424 2362 3658 2431 linguae,
3686 2366 3740 2414 et

2045 2454 2367 2525 prmpedior
2418 2453 2635 2523 ingenii
2685 2452 2969 2505 tarditate.
2998 2452 3181 2504 Tuum
3231 2455 3333 2516 est,
3393 2448 3743 2519 reverendis-

2045 2544 2207 2610 sime,
2263 2543 2504 2613 probare
2546 2541 2699 2611 quod
2735 2540 2869 2607 dixi,
2921 2547 2977 2593 et
3010 2540 3278 2609 deinceps
3338 2555 3453 2592 non
3509 2554 3741 2608 progre-

2046 2635 2177 2687 dere
2206 2634 2265 2685 iu
2298 2631 2453 2685 aliud
2483 2630 2634 2701 quod
2667 2646 2781 2683 non
2812 2629 2987 2699 possit
3013 2628 3261 2683 defendi.

2119 2722 2205 2775 32.
2238 2719 2498 2789 Illudque
2528 2719 2739 2771 iterum
2768 2717 3008 2771 .lunnilii
3050 2717 3307 2771 reducito
3364 2717 3544 2770 menti
3582 2733 3595 2769 :
3651 2715 3743 2768 Di-

2046 2810 2294 2875 stinctio,
2334 2808 2541 2875 unitio,
2567 2807 2887 2861 alternatio.
2930 2806 3226 2860 Distinctio
3259 2811 3344 2860 est
3389 2806 3564 2873 enim,
3615 2821 3746 2875 qua:

2047 2898 2360 2951 secundum
2420 2902 2651 2949 naturas
2709 2895 2982 2966 loquitur,
3046 2901 3110 2948 ut
3170 2894 3493 2947 inconfusus
3543 2909 3743 2946 earum

229 3001 394 3038 verus
430 2984 596 3049 Deus,
626 2990 675 3037 et
706 2987 823 3037 vita
862 2990 1063 3039 eterna
1096 2987 1145 3052 (Ι
1170 2988 1325 3039 Joan.
1373 3002 1421 3051 v,
1456 2986 1569 3055 20).
1608 2987 1672 3038 Et
1736 2987 1941 3039 Paulus
1981 3013 2019 3066 ε
2054 2986 2424 3056 proprietates
2472 2985 2747 3038 ostendat.
2817 2983 3007 3037 Unitio
3055 3000 3184 3053 quae
3247 2983 3305 3036 in
3338 3000 3453 3037 una
3500 2998 3746 3052 persona

229 3073 450 3127 iterum
489 3089 502 3125 :
550 3074 747 3128 Notum
786 3073 937 3126 vobis
976 3075 1068 3139 sit,
1119 3076 1345 3139 fratres,
1383 3076 1514 3141 quia
1563 3075 1937 3141 Evangelium,

228 3163 382 3230 quod
409 3161 808 3229 evangelizavi,
853 3178 959 3216 non
991 3166 1068 3215 est
1097 3162 1389 3216 secundum
1423 3163 1706 3228 hominem,
1770 3178 1939 3230 neque

228 3253 296 3304 ab
329 3252 552 3303 homine
581 3252 764 3317 accepi
792 3250 959 3316 illud;
1010 3266 1180 3319 neque
1232 3250 1427 3316 didici,
1461 3251 1556 3304 sed
1595 3266 1694 3319 per
1732 3252 1935 3304 revela-

226 3343 435 3394 tionem
482 3340 623 3393 Jesu
659 3339 863 3393 Christi
896 3340 1037 3405 (Gal.
1078 3356 1116 3403 1,
1171 3340 1278 3407 11).
1310 3340 1469 3403 Quod
1510 3340 1557 3392 si
1610 3342 1935 3393 Creatorem

228 3444 365 3482 eum
406 3443 472 3481 ex
527 3428 685 3481 omni
733 3433 891 3497 parte
952 3427 1155 3495 credis,
1206 3444 1323 3481 non
1385 3430 1567 3481 solum
1612 3444 1743 3483 eum
1803 3432 1935 3481 ante

226 3517 416 3571 Adam
456 3516 596 3569 velis
639 3516 782 3569 nolis
840 3516 1126 3585 probabis,
1187 3533 1385 3570 verum
1444 3517 1615 3571 etiam
1649 3518 1720 3572 ab
1771 3517 1936 3571 initio

232 3607 357 3661 sine
396 3604 562 3658 initio
588 3604 762 3660 fuisse
792 3605 1082 3659 defendes.

302 3697 368 3749 31
432 3695 512 3747 De
569 3693 763 3746 anima
809 3709 940 3747 vero
994 3693 1200 3748 Christi
1253 3695 1531 3765 disputas,
1591 3700 1647 3750 et
1691 3712 1817 3749 eam
1867 3699 1936 3751 de

229 3782 461 3837 semine
492 3782 669 3835 David
700 3797 817 3834 non
849 3797 967 3834 esse
1001 3781 1277 3850 deeertas,
1314 3783 1474 3853 quasi
1494 3800 1594 3837 nos
1623 3785 1692 3838 de
1720 3786 1937 3839 semine

230 3887 364 3925 eam
401 3871 575 3925 David
607 3871 919 3925 dixerimus
957 3872 1321 3940 descendere,
1372 3878 1470 3925 aut
1500 3873 1569 3926 de
1616 3874 1939 3943 proprieta-

230 3960 302 4014 tis
366 3966 595 4013 naturm
668 3959 1040 4012 humanitatis
1099 3961 1320 4014 diversa
1390 3962 1622 4015 sentire.
1690 3963 1937 4017 Dicimus

232 4049 394 4102 enim
429 4064 547 4101 non
579 4048 730 4118 quod
779 4047 1131 4115 humanitas,
1183 4049 1235 4103 id
1274 4055 1359 4103 est
1410 4068 1613 4121 corpus
1644 4056 1698 4105 et
1749 4053 1939 4107 anima

230 4136 300 4189 ab
354 4136 524 4189 initio
564 4135 738 4189 fuerit
766 4142 1087 4205 corporata,
1144 4138 1239 4191 sed
1276 4138 1411 4208 quia
1441 4155 1543 4208 per
1568 4140 1937 4195 indissolubi-

229 4225 345 4279 lem
382 4224 542 4278 verbi
601 4224 699 4278 Dei
728 4226 1184 4295 conjunctionem
1217 4228 1409 4281 uniter
1454 4228 1512 4280 in
1545 4228 1669 4297 ipso
1726 4230 1936 4299 princi-

227 4314 325 4383 pio
359 4312 581 4366 exstitit
610 4318 860 4383 operata.
893 4314 1208 4380 Quomodo,
1243 4316 1434 4369 nescio

228 4408 321 4456 ctu
361 4401 593 4473 assequi
620 4418 736 4456 non
766 4406 792 4446 b
822 4404 1002 4469 valeo,
1036 4406 1346 4459 secundum
1380 4407 1534 4475 quod
1566 4406 1763 4461 beatus
1795 4425 1933 4477 pro-

226 4491 339 4546 fert
397 4492 809 4561 Augustinus:
868 4513 895 4541 «
955 4494 1085 4558 Hoc,
1133 4494 1407 4564 ait,:ﬁdes
1465 4496 1676 4563 credat,
1731 4497 1934 4550 intelli-

225 4580 493 4651 gentiam
528 4596 643 4634 non
677 4580 935 4652 requirat
970 4597 982 4634 :
1022 4598 1091 4635 ne
1146 4588 1244 4636 aut
1274 4599 1391 4636 non
1434 4584 1730 4639 inventum
1772 4590 1934 4655 putet

224 4669 590 4731 incredibile,
657 4674 752 4722 aut
805 4674 1098 4739 repertum
1158 4687 1274 4725 non
1322 4673 1514 4727 credat
1558 4674 1929 4741 singulare.»

222 4759 443 4812 Taliter
483 4764 539 4811 et
591 4758 644 4812 S.
682 4758 1062 4828 Hieronymus
1095 4760 1369 4829 eloquens
1425 4762 1562 4815 dicit
1594 4778 1606 4815 :
1638 4782 1663 4813 ‹‹
1716 4763 1931 4816 Miraris

222 4848 271 4899 si
302 4847 571 4917 ignorem
597 4847 666 4899 de
687 4856 707 4881 ο
727 4847 1039 4901 divinitatis
1072 4849 1429 4919 mysterium,
1460 4866 1588 4903 cum
1612 4866 1701 4904 me
1742 4851 1928 4916 ipsum

222 4936 504 4988 nesciam.
540 4934 863 5004 Interrogas
894 4950 983 4989 me
1016 4936 1306 5005 quomodo
1339 4936 1607 4990 divinitas
1647 4942 1702 4990 et
1747 4939 1928 4992 incar-

221 5023 384 5077 natio
418 5038 602 5076 unum
654 5023 746 5088 sit,
781 5039 908 5076 cum
955 5040 1060 5093 ego
1094 5024 1345 5078 nesciam
1387 5027 1680 5095 quomodo
1720 5027 1923 5081 vivam.

223 5111 410 5165 Deum
480 5111 849 5178 intellexisse,
917 5112 1228 5167 credidisse
1301 5118 1430 5167 est:
1506 5115 1682 5168 Deum
1740 5131 1927 5184 nosse,

221 5200 465 5254 adorare
498 5205 600 5253 est.
656 5199 877 5254 Sufﬁcit
908 5201 1049 5255 mihi
1085 5202 1227 5255 scire
1258 5202 1410 5272 quod
1442 5204 1611 5256 credo
1662 5204 1790 5273 plus
1830 5221 1926 5256 au-

219 5296 342 5343 tem
372 5306 480 5342 nec
512 5290 660 5355 volo,
698 5306 799 5343 nec
840 5290 1031 5360 cupio.
1080 5290 1135 5345 Si
1184 5290 1433 5361 amplius
1483 5291 1625 5345 scire
1670 5293 1919 5360 voluero,

296 5441 322 5465 ⁸
362 5433 525 5486 Forte
559 5433 685 5485 hoc.

296 5506 324 5546 ιι
365 5505 531 5557 Deest
562 5519 668 5557 non
712 5502 771 5556 in
802 5519 907 5556 ms.
949 5504 1021 5557 Ex
1059 5504 1542 5574 consequentibus
1583 5508 1774 5559 autem
1829 5522 1927 5575 pa-

222 5578 309 5627 tet
342 5575 727 5629 adhibendam
755 5591 875 5628 esse
908 5575 1295 5646 negationem.

2047 3075 2325 3128 unitatem
2355 3074 2597 3127 duarum
2628 3073 2824 3125 asserit
2857 3077 3210 3125 naturarum.
3243 3072 3584 3137 Alternatio,
3612 3086 3741 3140 quae

2045 3162 2106 3216 in
2137 3190 2158 3216 θ
2213 3164 2466 3216 humana
2496 3161 2725 3226 divinis,
2757 3166 2813 3214 et
2853 3159 3044 3214 divina
3076 3160 3343 3214 humanis
3373 3175 3385 3212 :
3422 3166 3738 3230 utrumque

2045 3252 2103 3305 in
2139 3268 2253 3305 uno
2302 3251 2459 3318 Filio,
2515 3256 2577 3303 ut
2631 3249 3019 3313 inconfusum,
3076 3249 3154 3302 ita
3199 3248 3534 3312 indivisum,
3600 3248 3735 3299 assi-

2044 3346 2226 3411 gnat:
2287 3340 2434 3394 hanc
2484 3338 2947 3402 alternationem,
2996 3338 3129 3391 dum
3184 3337 3304 3407 ipse
3350 3352 3469 3391 non
3500 3336 3735 3405 nescias,

2048 3431 2295 3501 qualiter
2342 3427 2716 3498 praetergredi
2761 3443 2934 3480 causa
2966 3427 3228 3481 vincendi
3271 3426 3585 3497 procuras?
3634 3426 3737 3480 Se-

2043 3519 2291 3573 cundum
2347 3519 2492 3571 hanc
2524 3516 2965 3570 alternationem
3023 3515 3304 3568 Vincentii
3354 3514 3536 3569 nostri
3591 3514 3741 3568 dicta

2043 3608 2321 3677 intellige,
2359 3612 2415 3660 et
2447 3607 2617 3675 plane
2657 3622 2788 3659 eum
2836 3622 2954 3659 non
3002 3604 3212 3658 dicebis
3264 3620 3501 3658 errasse.
3540 3604 3739 3668 Quzero

2042 3698 2237 3767 igitur,
2271 3702 2327 3750 et
2352 3696 2561 3749 iterum
2593 3710 2811 3764 qurere,
2866 3700 2926 3747 ut
2968 3711 2999 3747 a
3029 3698 3128 3747 tuo
3160 3694 3489 3763 hujusmodi
3526 3696 3742 3746 asserta

2045 3788 2241 3841 demas
2276 3784 2609 3855 perenniter
2638 3784 2853 3847 animo,
2906 3798 3010 3835 nec
3057 3783 3124 3836 de
3174 3788 3290 3834 tam
3319 3782 3738 3836 difficilioribus

2045 3874 2464 3947 quaestionibus
2519 3873 2758 3942 abrupte
2816 3876 2871 3924 et
2919 3871 3129 3924 leuiter
3177 3871 3449 3939 disputet,
3502 3871 3571 3923 de
3601 3886 3734 3941 quo,

2044 3964 2208 4029 absit,
2240 3978 2449 4015 nomen
2480 3960 2745 4014 catholici
2776 3959 2998 4029 perdas,
3033 3964 3090 4012 et
3123 3958 3537 4011 infirmioribus
3573 3974 3737 4010 scau-

2045 4054 2238 4108 dalum
2286 4052 2386 4104 has
2425 4066 2437 4103 :
2473 4050 2609 4121 quia
2645 4050 2764 4102 haec
2797 4049 2958 4101 malae
2989 4047 3318 4101 assertionis
3364 4047 3594 4099 inventa
3636 4063 3736 4098 au-

2047 4143 2225 4204 dacia,
2274 4139 2533 4211 perfidia
2582 4144 2637 4192 et
2669 4138 2981 4208 impietatis
3015 4142 3099 4190 est
3141 4152 3356 4201 massa;
3391 4140 3446 4189 et
3474 4136 3594 4205 jam
3644 4152 3738 4188 an-

2045 4232 2278 4302 tiquitas
2335 4247 2367 4283 a
2439 4227 2767 4283 doctoribus
2824 4226 3161 4280 inlustribus
3216 4224 3487 4280 radicitus
3535 4241 3736 4295 ampu-

1472 4332 1485 4369 :
1523 4318 1657 4387 quia
1703 4319 1929 4372 intelle-
1977 4317 2018 4369 D
2046 4326 2179 4373 tata.

2116 4410 2200 4461 33.
2257 4405 2597 4468 Nestoriani,
2649 4409 2709 4457 ut
2759 4403 2838 4456 ait
2886 4408 3079 4456 noster
3136 4404 3331 4456 lumen
3379 4402 3651 4462 Isidorus,
3708 4418 3742 4455 a

2044 4494 2302 4550 Nestorio
2368 4491 2998 4562 Constantinopolitano
3062 4492 3327 4562 episcopo
3398 4492 3737 4561 nuncupati,

2044 4583 2140 4653 qui
2177 4584 2239 4636 Β.
2281 4582 2513 4635 Mariam
2548 4580 2838 4651 Virginem
2868 4596 2983 4633 non
3017 4581 3137 4645 Dei,
3170 4581 3265 4633 sed
3298 4580 3551 4633 hominis
3583 4596 3735 4632 asse-

2041 4671 2158 4725 ruit
2195 4670 2566 4739 genetricem,
2616 4674 2678 4721 ut
2723 4668 2895 4721 aliam
2946 4686 3249 4738 personam
3304 4671 3513 4734 carnis,
3566 4670 3736 4722 aliam

2038 4760 2251 4814 faceret
2292 4758 2537 4813 deitatis.
2591 4760 2700 4811 Nec
2750 4773 2926 4810 unum
2984 4758 3270 4811 Christum
3304 4759 3473 4811 verbo
3534 4758 3633 4811 Dei
3681 4763 3738 4811 et

2038 4865 2208 4903 carne
2256 4847 2514 4909 credidit,
2560 4847 2652 4899 sed
2712 4846 3039 4915 separatim,
3073 4853 3245 4916 atque
3287 4846 3621 4916 sejunctim;
3657 4847 3736 4898 al-

2036 4943 2227 4993 terum
2267 4936 2388 5003 Dei,
2448 4936 2688 4988 alterum
2748 4934 2999 4987 hominis
3050 4935 3395 5004 praedicavit.
3453 4935 3736 4987 Memento

2038 5026 2180 5081 illud
2223 5025 2440 5097 egregii
2469 5023 2776 5093 Augustini
2817 5023 3206 5093 responsionis
3248 5024 3541 5093 eloquium
3578 5039 3590 5076 :
3634 5024 3735 5076 Illa

2037 5132 2283 5187 persona
2322 5130 2494 5186 quam
2526 5113 2723 5183 genuit
2753 5114 2920 5166 Pater
2952 5118 3083 5165 ante
3129 5114 3355 5177 saecula,
3403 5112 3588 5181 ipsam
3634 5128 3732 5182 ge-

2038 5204 2167 5259 nuit
2222 5205 2391 5274 Virgo
2422 5218 2553 5256 cum
2606 5218 2795 5255 carne.
2844 5205 3027 5271 Atque
3076 5201 3217 5254 illud
3276 5201 3331 5254 S.
3364 5200 3599 5254 Joannis
3631 5201 3731 5254 ad-

2038 5298 2242 5347 verte:
2289 5296 2401 5359 Ego
2431 5307 2549 5346 sum
2607 5311 2639 5342 α
2670 5296 2727 5345 et
2764 5311 2825 5356 ω,
2881 5292 3091 5359 primus
3143 5293 3193 5343 et
3239 5291 3586 5354 novissimus,
3639 5292 3735 5360 qui

2108 5444 2128 5469 ε
2170 5436 2250 5488 De
2276 5433 2594 5488 redundare
2628 5432 2868 5486 videtur.

2107 5507 2133 5549 d
2173 5507 2294 5569 Ms.,
2328 5509 2559 5559 Deum...
2584 5520 2865 5559 carnem...
2897 5518 3085 5566 unum,
3112 5506 3217 5556 etc.

2105 5586 2126 5613 °
2172 5578 2302 5647 Leg.
2342 5582 2396 5631 et
2418 5578 2675 5631 humana.
