4098 6180
318 229 420 282 447

1699 227 1956 284 ALVARI
1994 227 2474 284 CORDUBENSIS

3715 228 3817 284 448

319 368 696 434 fuimcrtuus,
727 373 776 422 et
823 384 934 421 ecce
961 382 1079 420 sum
1120 368 1303 420 vivens
1352 369 1409 420 in
1437 367 1633 420 saecula
1673 368 2002 421 saeculorum.
2045 368 2089 419 Α
2120 365 2223 418 bus
2249 365 2457 419 dictam
2499 364 2848 435 perlegimus
2895 365 3095 432 (Eccli.
3147 383 3275 425 xxu.
3329 367 3405 436 6).
3464 368 3576 421 Hoc
3630 368 3818 421 solum

321 457 495 510 Amen
544 457 730 525 (Apoc.
783 473 815 508 1.
876 457 979 524 17).
1033 455 1097 507 Et
1146 455 1466 524 propheta:
1522 457 1583 510 Si
1628 458 1817 522 afﬁget
1865 457 2016 508 homo

323 547 488 598 Deum
533 561 706 610 suum,
759 546 1021 611 quoniam
1071 559 1162 596 vos
1207 546 1473 612 ofﬂa-istis
1508 545 1626 596 me?
1664 544 1880 613 (Malae.
1933 559 2012 608 111,

322 634 393 693 8).
466 633 619 685 Unde
670 640 725 685 et
773 633 1081 685 Dominum
1131 633 1328 702 gloria:
1387 633 1714 685 crucilixum
1769 633 2016 700 legimus

323 723 375 789 (Ι
398 721 514 774 Cor.
543 737 599 785 11,
641 722 713 787 8),
747 737 878 773 cum
911 720 967 772 in
998 721 1104 774 hoc
1134 721 1288 790 quod
1337 721 1611 773 Dominus
1661 720 1857 789 gloria:
1908 726 2010 787 est,

320 808 500 860 crucis
533 825 643 861 non
674 809 916 862 sensisse
949 809 1315 878 dispendium
1350 810 1422 861 sit
1453 817 1690 861 certum.

389 897 474 950 3Y1.
521 897 758 951 Concilii
809 898 1076 968 Ephesini
1107 914 1374 967 percurre
1408 899 1737 958 sententias,
1784 902 1840 951 et
1881 898 2013 952 Hie-

320 987 546 1056 ronymi
574 987 854 1056 praeclari,
890 1005 984 1040 seu
1050 987 1349 1058 Fulgentii,
1407 989 1490 1038 vel
1533 987 1794 1049 aliorum,
1831 987 2012 1039 maxi-

321 1091 526 1144 meque
556 1091 703 1144 pene
748 1076 1022 1145 temporis
1076 1075 1250 1128 nostri
1304 1076 1457 1128 Beati
1504 1075 1835 1128 Libancnsis
1882 1091 2010 1144 pre-

317 1163 552 1233 sbyteri,
590 1169 644 1216 et
674 1164 842 1233 plane
892 1180 1189 1234 nunquam
1229 1169 1463 1232 propter
1508 1169 1894 1216 assumentem
1927 1181 2017 1216 ve-

319 1251 546 1306 nerahis
578 1258 956 1322 assumptum,
990 1269 1094 1306 nec
1118 1257 1353 1322 propter
1383 1253 1726 1306 invisibilem
1753 1252 2015 1306 adorabis

317 1339 620 1401 visibilem,
652 1341 748 1392 sed
780 1347 1136 1409 assumptum
1189 1347 1245 1394 et
1278 1348 1684 1406 assumentcm,
1745 1341 2014 1394 invisibi-

317 1429 428 1482 lem
485 1434 540 1480 et
589 1429 890 1494 visibilem,
952 1446 1130 1482 unum
1190 1445 1312 1482 mox
1360 1436 1520 1482 tuum
1582 1430 1877 1483 venerabis
1924 1431 2012 1483 vel

318 1517 579 1570 omnium
616 1518 1074 1586 Redemptorem.
1115 1517 1245 1572 llaec
1269 1519 1407 1571 tides
1440 1525 1524 1572 est
1556 1519 1822 1588 Ephesini
1878 1535 2009 1572 con-

318 1605 450 1670 cilii,
489 1606 610 1658 haec
640 1611 694 1658 et
725 1611 920 1658 nostra
952 1606 1250 1675 professio.
1285 1608 1394 1659 Pro
1440 1607 1544 1660 hac
1574 1608 1766 1672 etiam,
1819 1607 1865 1661 si
1922 1623 2012 1662 res

319 1695 585 1763 exegerit,
637 1694 824 1762 gladio
871 1695 1149 1748 cervicem
1205 1695 1492 1764 prazbebo.
1552 1697 1736 1749 Unum
1786 1702 2008 1749 tantum

317 1783 378 1835 in
407 1783 583 1837 linem
618 1784 789 1853 hujus
818 1784 1071 1853 epistolae
1103 1784 1351 1836 fraterno
1391 1799 1634 1852 suggero
1685 1801 1841 1836 more
1883 1801 1894 1837 :
1952 1790 2013 1837 ut

317 1888 560 1942 quaeque
593 1873 812 1942 digesta
842 1877 995 1938 sunt,
1040 1888 1158 1925 non
1211 1879 1440 1942 accepta
1491 1873 1604 1926 sint
1645 1873 1824 1926 dure:
1876 1874 2012 1943 quia

319 1976 434 2012 non
459 1960 777 2013 intentione
808 1961 1081 2024 victoriae,
1124 1961 1219 2014 sed
1252 1961 1508 2014 veritatis
1563 1962 1884 2015 intentione
1951 1963 2010 2015 in

318 2048 439 2102 haec
489 2049 659 2102 verba
709 2049 992 2102 descendi.
1051 2051 1310 2102 Vestrum
1369 2056 1565 2120 estque
1623 2050 1771 2103 dicta
1820 2051 2011 2105 minus

319 2139 435 2191 sale
468 2137 700 2191 condire
735 2155 748 2190 :
783 2155 811 2191 e
865 2137 1198 2191 verbositati
1249 2140 1331 2192 vel
1367 2139 1671 2209 imperitiae
1723 2157 1863 2193 mea:
1910 2157 2007 2194 ve-

322 2225 474 2278 niam
514 2226 828 2296 impertire.
879 2226 1062 2280 Semel
1110 2227 1264 2280 enim
1316 2228 1498 2280 fassus
1542 2245 1688 2293 sum,
1744 2245 1859 2282 non
1911 2246 2013 2298 per

319 2319 497 2367 artem
557 2315 764 2368 Donati
813 2315 1096 2381 incedere,
1155 2317 1251 2369 sed
1310 2316 1625 2370 inscientiae
1672 2333 1816 2370 meae
1869 2318 2010 2370 mihi

320 2403 638 2472 congenitte
678 2404 944 2459 innitere.
989 2406 1097 2458 Nec
1126 2406 1210 2456 fas
1243 2410 1344 2470 est,
1396 2410 1454 2458 ut
1483 2408 1644 2474 cujus
1677 2410 1873 2458 contra
1922 2421 2012 2458 re-

319 2492 510 2560 gulam
541 2508 733 2559 surgo,
775 2508 786 2556 ;
823 2492 1002 2561 ipsius
1035 2495 1245 2560 regulae
1277 2509 1448 2562 quam
1495 2494 1723 2546 destruo
1752 2493 2010 2546 incedam

321 2584 509 2648 tropo.
557 2580 726 2632 Miror
779 2586 972 2633 tamen
1014 2598 1115 2634 cur
1147 2582 1454 2633 Varronem
1503 2586 1750 2648 secutus,
1803 2582 1884 2633 lac
1924 2581 2009 2634 di-

319 2684 444 2722 cere
493 2669 783 2722 volueris:
843 2686 969 2722 cum
1030 2672 1213 2723 Cmsar
1260 2669 1452 2723 dicat:
1519 2671 1746 2724 Nullum
1802 2687 2012 2723 nomen

318 2756 539 2810 duabus
571 2757 878 2810 terminare
911 2758 1114 2810 litteris
1170 2758 1364 2811 mntis.
1423 2759 1527 2813 Sed
1586 2759 1706 2812 haec
1764 2764 1818 2812 et
1851 2760 2006 2811 alias.

535 2845 693 2897 Nunc
747 2846 814 2898 ad
861 2845 1218 2914 propositum
1274 2853 1642 2913 revertamus,
1707 2854 1762 2900 et
1819 2847 2011 2900 omnia

2125 455 2183 507 in
2218 454 2515 524 procinctu
2571 457 2596 496 ι)
2652 454 3072 524 respondimus,
3134 456 3268 525 quia
3316 455 3361 508 si
3410 473 3541 510 caro
3599 455 3811 509 Christi

2126 544 2252 598 ideo
2286 561 2399 598 non
2427 549 2512 597 est
2543 545 2694 597 Patri
2737 544 2990 614 propria,
3025 545 3159 614 quia
3202 560 3316 597 non
3349 545 3456 598 fuit
3500 545 3570 598 ab
3605 545 3811 598 eodem

2125 637 2408 701 suscepta;
2446 648 2580 699 ergo
2612 649 2715 685 nec
2753 633 2924 686 Filius
2956 633 3009 684 in
3045 631 3339 685 divinitate
3385 639 3538 686 totus
3570 638 3653 685 est
3681 649 3816 702 pro-

2124 719 2302 788 prius,
2335 719 2465 790 quia
2498 737 2611 772 non
2645 725 2727 772 est
2758 736 2882 772 cum
2919 721 3081 772 Patre
3112 736 3224 772 una
3253 737 3520 790 persona,
3562 737 3666 773 nec
3713 737 3817 790 pa-

2124 809 2261 861 riter
2311 810 2622 861 humanam
2674 808 2910 861 induit°
2960 810 3222 861 formam.
3285 813 3356 862 At
3407 809 3456 862 si
3514 808 3818 878 proprium

2125 898 2287 950 Patre
2319 897 2458 949 dicis
2487 896 2544 948 iu
2573 903 2688 948 toto
2724 895 2949 958 Filium,
2986 901 3043 948 et
3091 912 3205 948 non
3235 912 3298 948 ex
3335 897 3499 950 Patre
3533 898 3810 966 praedicas

2123 984 2484 1054 adoptivum;
2508 985 2802 1053 propriam
2833 1001 3084 1051 carnem,
3113 984 3250 1038 velis
3272 985 3435 1051 nolis,
3472 988 3634 1039 Patre
3667 986 3816 1038 dice-

2123 1073 2225 1140 bis,
2261 1072 2382 1126 sine
2420 1090 2530 1143 qua
2579 1074 2801 1126 tertiam
2834 1073 3065 1125 credere
3110 1073 3169 1124 in
3201 1073 3475 1126 Trinitate
3514 1088 3817 1142 personam

2123 1178 2238 1215 non
2264 1164 2433 1216 vales.
2484 1163 2610 1232 Ipsa
2642 1162 2794 1214 enim
2832 1167 2916 1215 est
2953 1163 3096 1213 Deus
3147 1167 3203 1214 et
3250 1161 3422 1214 homo
3456 1162 3622 1215 tertia
3681 1178 3819 1231 per—

2123 1267 2262 1304 sona
2291 1251 2534 1320 perfecta
2567 1257 2620 1303 et
2652 1252 2840 1320 plena,
2877 1256 2952 1317 et,
2984 1255 3048 1302 ut
3093 1249 3283 1314 credo,
3318 1267 3350 1302 a
3390 1251 3553 1302 Patre
3585 1255 3640 1303 et
3687 1250 3815 1319 Spi-

2120 1340 2231 1392 ritu
2267 1346 2459 1392 sancto
2488 1340 2545 1392 in
2580 1339 2760 1391 nihilo
2801 1340 3086 1391 minorata
3118 1355 3130 1392 :
3166 1339 3275 1391 nisi
3325 1338 3563 1391 forsitan
3605 1339 3815 1392 Filium

2121 1429 2421 1499 proprium
2450 1428 2692 1481 Verbum
2743 1430 3142 1480 tantummodo
3186 1428 3390 1491 credis,
3424 1432 3478 1480 et
3508 1444 3713 1497 corpus
3744 1428 3817 1479 ab

2121 1519 2322 1571 eodem
2354 1522 2681 1586 susceptum
2713 1516 2859 1569 sicut
2887 1517 3290 1570 indumentum
3323 1515 3651 1585 deposuisse
3710 1516 3818 1568 ite-

2121 1623 2247 1660 rum
2279 1608 2432 1660 unde
2473 1611 2762 1676 sumptum
2817 1606 3004 1658 fuerat
3045 1605 3204 1658 dicis.
3255 1607 3366 1657 Aut
3396 1611 3660 1674 quartam
3692 1621 3821 1674 per-

2119 1713 2320 1749 sonam
2354 1702 2619 1749 naturam
2645 1695 2958 1748 humanam
2989 1694 3196 1747 asseris
3226 1709 3364 1756 esse,
3393 1700 3448 1746 et
3474 1710 3591 1748 non
3622 1693 3821 1747 Trini—

2119 1790 2315 1851 tatem,
2349 1786 2446 1838 sed
2479 1786 2919 1854 quaternitatem
2947 1783 3130 1836 libera
3162 1797 3294 1834 voce
3324 1782 3598 1836 defendis.

2190 1874 2466 1938 37.011011
2527 1889 2659 1926 vero
2701 1873 3036 1941 scriptorem
3090 1876 3342 1924 erratum
3393 1871 3662 1932 causaris,
3724 1887 3822 1924 ne-

2119 1964 2232 2017 scio
2259 1980 2360 2016 cur
2390 1963 2494 2016 hoc
2520 1962 2778 2015 indidere
2820 1962 3087 2014 volueris.
3125 1961 3233 2014 Nos
3275 1959 3426 2014 enim
3473 1960 3819 2013 sententiam

2117 2051 2388 2122 Ephesini
2437 2051 2662 2104 consilii
2721 2051 3006 2120 integram
3063 2051 3379 2120 posuimus,
3429 2050 3688 2120 nihilque
3744 2050 3818 2104 de

2118 2142 2349 2210 proprio
2383 2140 2442 2193 in
2463 2140 2662 2193 eadem
2695 2139 3118 2207 augmentando
3154 2139 3521 2203 confecimus,
3568 2154 3673 2191 nec
3717 2138 3818 2191 de-

2120 2231 2329 2282 mendo
2359 2228 2724 2282 detraximus.
2761 2227 2921 2290 Quod
2955 2227 3003 2279 si
3031 2227 3307 2297 syllabam
3377 2227 3668 2295 demptam
3719 2230 3821 2280 aut

2119 2325 2344 2371 auctam
2375 2317 2662 2370 inveneris
2693 2317 2761 2370 de
2790 2317 2913 2385 ipsa
2958 2316 3242 2369 sententia
3290 2315 3558 2385 Ephesini
3615 2315 3819 2385 synodi

2121 2424 2291 2478 quam
2325 2407 2606 2475 inl‘ringis,
2644 2406 2786 2459 scire
2818 2405 2990 2458 debes
3023 2405 3178 2474 quod
3208 2404 3474 2456 velocitas
3498 2404 3604 2457 hoc
3633 2409 3821 2472 patra-

2119 2496 2263 2549 verit
2291 2495 2604 2564 scriptoris,
2649 2510 2766 2547 non
2814 2493 3057 2546 intentio
3097 2493 3283 2546 aliena
3331 2492 3626 2545 dictantis:
3682 2491 3822 2561 quia

2119 2584 2496 2650 incongruum
2530 2590 2633 2647 est,
2677 2590 2733 2636 et
2777 2601 2919 2653 pene
2972 2581 3130 2635 stulti
3184 2581 3434 2634 hominis
3480 2585 3535 2633 et
3599 2581 3816 2646 vesani,

2117 2673 2444 2725 testimonia
2484 2673 2780 2724 doctorum
2811 2672 2870 2725 in
2915 2670 3186 2739 suffragio
3218 2671 3452 2740 proprio
3488 2670 3590 2736 uti,
3639 2675 3696 2723 et
3749 2671 3822 2723 de

2120 2761 2352 2830 proprio
2407 2762 2550 2813 hanc
2617 2760 2960 2812 sententiam
3014 2760 3308 2828 polluere;
3380 2776 3444 2811 ac
3502 2759 3821 2828 disputanti

2120 2855 2316 2902 contra
2348 2865 2405 2902 se
2451 2849 2840 2918 responsionis
2887 2849 3140 2918 linguam
3183 2864 3288 2917 per
3335 2847 3632 2900 stultitiam
3682 2863 3819 2915 pro-

319 2949 449 3002 quae
506 2933 716 3002 scripta
769 2940 919 2999 sunt,
975 2935 1187 2988 amoris
1245 2951 1414 2988 causa
1473 2937 1622 2990 dicta
1677 2937 2003 3006 probemus.
2045 2947 2084 3000 C
2119 2937 2303 3006 priam
2332 2937 2518 2990 acrius
2548 2953 2770 2990 acuere.
2807 2937 2950 3004 Noli,
2984 2937 3474 3001 reverendissime,
3511 2937 3563 2988 in
3595 2940 3822 2989 tantum

321 3023 444 3075 Non
473 3021 628 3074 enim
660 3021 977 3075 inimicanti
1009 3023 1219 3089 studio,
1253 3023 1354 3077 sed
1384 3025 1600 3078 amanti
1634 3029 1760 3078 voto
1819 3030 2013 3079 sancta

320 3109 550 3180 digessi,
575 3110 631 3163 in
665 3127 732 3163 ea
761 3127 888 3182 quae
923 3117 976 3165 te
1017 3112 1363 3177 crudelibus,
1397 3118 1460 3166 ut
1499 3113 1704 3178 dicitis,
1756 3114 2012 3168 trabibus

318 3199 655 3264 demulcavi,
681 3204 738 3252 et
768 3205 831 3253 ut
849 3204 989 3269 puto
1013 3201 1461 3270 profectuosum,
1496 3218 1630 3254 nam
1662 3219 1778 3254 non
1810 3202 2011 3256 inutile

317 3287 443 3354 fuit,
487 3293 550 3340 ut
580 3294 709 3358 pote
732 3289 828 3358 qui
850 3305 1187 3358 responsum
1212 3289 1378 3342 multi
1396 3292 1512 3359 jam
1542 3291 1821 3360 temporis
1853 3291 2011 3346 debi-

317 3379 442 3430 tum
473 3377 771 3429 severitate
817 3392 939 3442 sua,
981 3375 1096 3428 imo
1138 3377 1468 3442 rusticitate,
1501 3378 1780 3444 exhibuit,
1826 3383 1882 3432 et
1917 3384 2009 3432 ta-

319 3468 540 3517 centem
573 3469 629 3518 et
658 3465 759 3517 diu
804 3464 1034 3518 silentio
1067 3465 1410 3530 studentem,
1453 3465 1514 3519 in
1557 3467 1786 3537 eloquio
1817 3483 2010 3520 erum-

318 3568 456 3621 pere
485 3552 635 3604 fecit.
665 3552 935 3606 Praestitit
961 3553 1116 3622 quod
1158 3552 1658 3624 blandiloquacida
1687 3565 1711 3589 α
1759 3572 1876 3609 non
1917 3573 2010 3610 va-

320 3639 448 3707 luit,
496 3644 552 3692 et
601 3639 984 3694 desideratum
1045 3641 1208 3694 nobis
1248 3642 1412 3695 amici
1467 3641 1782 3697 indiculum
1835 3644 2008 3698 misit.

322 3729 436 3781 Nec
464 3743 556 3782 me
581 3728 976 3782 Antisthenem
1011 3729 1438 3800 philosophum,
1474 3736 1645 3802 teque
1673 3732 2008 3803 Diogenem,

319 3832 536 3871 asseras
575 3834 724 3884 esse;
769 3834 893 3871 cum
939 3835 1053 3872 non
1112 3819 1474 3889 discipulum,
1525 3822 1622 3875 sed
1670 3822 2010 3891 magistrum

321 3905 380 3958 in
401 3907 668 3960 omnibus
690 3907 974 3976 approbas
1003 3907 1149 3975 fore,
1180 3909 1313 3978 quia
1336 3925 1452 3962 non
1481 3911 1699 3980 przebes
1730 3917 1901 3980 caput
1928 3912 2008 3964 fe-

318 3995 486 4048 rienti
543 4001 600 4049 et
653 3995 963 4062 submittis,
1014 3997 1114 4050 sed
1176 3997 1487 4050 accerrimo
1520 3989 1871 4068 'crudelique
1917 4015 2008 4052 me

320 4083 454 4136 satis
506 4100 777 4137 mucrone
823 4085 987 4153 petis.
1037 4086 1135 4138 Hic
1181 4091 1333 4139 certe
1375 4092 1461 4138 est
1505 4086 1870 4139 Antisthenes
1911 4087 2010 4156 qui

319 4188 448 4224 cum
479 4172 725 4242 gloriose
756 4173 1040 4226 docuisset
1067 4173 1446 4241 :rhetoricam,
1500 4175 1857 4244 audissetque
1909 4176 2008 4229 So-

319 4264 553 4326 cratem,
588 4260 788 4312 dixisse
822 4262 1001 4314 fertur
1048 4262 1114 4315 ad
1146 4262 1450 4332 discipulos
1484 4278 1496 4314 :
1537 4261 1721 4328 Abite,
1782 4268 1836 4316 et
1882 4279 2006 4316 ma-
2045 4248 2088 4300 Ῐ)

321 4347 564 4417 gistrum
597 4349 880 4418 quaerite:
928 4366 1032 4418 ego
1065 4349 1221 4403 enim
1265 4350 1382 4419 jam
1437 4350 1643 4419 reperi.
1689 4351 1796 4405 Sed
1845 4352 2005 4422 quid,

321 4453 536 4506 quaeso,
571 4438 894 4492 amantibus
945 4438 1193 4492 durum?
1232 4439 1368 4508 quid
1418 4440 1617 4494 amicis
1646 4441 1860 4510 poterit
1889 4458 2010 4495 esse

321 4539 602 4591 severum,
635 4542 764 4578 cum
811 4543 909 4579 nec
955 4527 1079 4596 ipsa
1122 4543 1276 4580 mors
1307 4533 1494 4597 potest
1541 4528 1810 4583 divellere
1868 4547 2008 4600 quos

320 4612 562 4665 charitas
594 4614 1004 4669 indissolubilis
1032 4617 1289 4686 junxerit
1315 4617 1558 4671 Christi?

391 4705 476 4757 36.
511 4703 828 4757 Secundam
863 4704 1162 4773 epistolam
1209 4711 1456 4760 vestram
1510 4706 1702 4760 tristes
1749 4712 1804 4760 et
1859 4723 2007 4775 pene

321 4794 390 4847 ad
420 4793 672 4846 infernos
697 4808 874 4863 usque
898 4791 1178 4847 dimersos
1209 4794 1551 4864 accepimus,
1577 4800 1632 4848 et
1661 4796 2011 4865 velquantu-

319 4881 670 4951 lnmcunque
710 4880 769 4933 in
813 4880 1107 4934 doloribus
1156 4882 1414 4936 solamen
1464 4897 1532 4936 ex
1589 4882 1755 4935 amici
1802 4883 2011 4953 scripta

320 4986 423 5024 nos
458 4969 721 5023 habuisse
753 4969 1144 5036 cognovimus.
1177 4970 1260 5024 Ad
1293 4987 1465 5042 quam
1515 4971 1862 5041 respondere
1928 4973 2009 5026 nil

321 5076 440 5129 prae
485 5057 748 5128 lacrymis
779 5058 1091 5128 potuimus,
1117 5059 1251 5129 quia
1282 5065 1336 5113 et
1377 5059 1591 5113 musica
1623 5059 1684 5113 in
1725 5061 1880 5114 luctu
1910 5060 2012 5114 im-

322 5154 633 5218 portunam
665 5148 751 5202 vel
781 5149 1245 5219 intempestivam
1275 5148 1662 5203 narrationem
1695 5167 1728 5202 a
1776 5150 2012 5220 majori-

391 5301 415 5324 ⁸
453 5291 517 5345 Id
547 5297 631 5344 est
662 5291 1148 5361 blandiloquentia.

391 5365 416 5404 b
444 5363 564 5429 Ms.,
601 5365 890 5429 procincte.

393 5441 413 5465 ο
450 5433 562 5498 Ms,
595 5433 796 5487 induti.

393 5501 419 5538 ἀ
456 5503 575 5570 Ms.,
617 5508 881 5558 minuure.

2124 3043 2226 3079 nos
2257 3027 2461 3080 stultos
2490 3031 2712 3096 putare,
2744 3031 2810 3079 ut
2835 3026 3083 3079 mtismes
3114 3041 3217 3078 nos
3249 3025 3309 3078 in
3341 3025 3526 3077 aliena
3561 3024 3816 3077 editione

2123 3114 2315 3184 aliqua
2345 3114 2605 3167 minuere
2636 3115 2682 3179 d,
2716 3118 2814 3167 aut
2844 3130 3004 3167 secus
3039 3130 3210 3184 quam
3243 3113 3492 3182 positum
3528 3116 3629 3178 est,
3664 3112 3823 3166 dicta

2122 3205 2406 3273 majorum
2451 3201 2760 3255 temeritati
2817 3202 3100 3273 petulanti
3151 3218 3446 3270 usurpare.
3504 3203 3616 3253 Hoc
3662 3201 3820 3254 enim

2121 3291 2348 3360 profani
2390 3296 2494 3355 est,
2532 3297 2589 3343 et
2641 3290 2930 3358 sacrilegae
2977 3289 3205 3357 mentis,
3253 3305 3372 3342 non
3417 3289 3678 3341 catholici
3729 3289 3822 3340 vel

2123 3381 2693 3450 quantulumcunque
2747 3374 2950 3432 ﬁdelis.
3009 3378 3164 3442 Quod
3235 3377 3282 3429 si
3339 3377 3531 3446 aliqua
3587 3377 3824 3446 dempta

2120 3469 2387 3523 invenisti
2417 3469 2503 3521 vel
2537 3472 2718 3528 aucta,
2752 3467 2810 3519 in
2834 3467 3038 3537 synodi
3071 3466 3248 3520 sancti
3280 3484 3308 3517 a
3342 3465 3506 3518 nobis
3538 3465 3822 3534 excerptis

2121 3558 2382 3625 decretis,
2415 3557 2658 3610 membri
2692 3557 2904 3625 deputa
2937 3557 3122 3625 culpae
3153 3555 3403 3608 exterius
3443 3554 3744 3607 servientis
3774 3560 3817 3619 ⁸,

2121 3665 2238 3703 non
2282 3646 2461 3700 menti
2493 3645 2733 3698 interius
2784 3645 3136 3713 praesidenti.
3173 3644 3325 3710 Vale,
3361 3644 3440 3697 mi
3475 3643 3728 3709 domine,
3765 3651 3823 3697 et

2122 3752 2351 3806 semper
2418 3735 2478 3788 in
2549 3735 2825 3788 fructibus
2891 3734 3312 3804 Scripturarum
3376 3733 3507 3785 laeta
3555 3731 3823 3801 gramina

2121 3841 2310 3895 carpe.

2938 3929 2997 3980 V.

2458 4068 2580 4105 ITEM
2622 4069 2744 4105 ALIA
2785 4068 2947 4106 EIDEM
2987 4063 3176 4104 ΙΟΑΝΝὶ
3221 4067 3458 4104 DIRECTA.

2361 4158 2588 4210 Aurelio
2622 4158 2809 4211 Flavio
2841 4158 3036 4212 JOANNI
3065 4157 3272 4210 Paulus
3298 4161 3570 4210 ALVARUS.

2195 4270 2240 4318 l.
2276 4266 2406 4318 Post
2435 4264 2880 4334 disputationem
2913 4263 3226 4317 inscientiae
3260 4268 3467 4316 nostrm
3490 4263 3558 4315 de
3591 4262 3819 4315 duabus

2119 4353 2532 4425 quaestionibus
2557 4369 2674 4406 non
2708 4353 3077 4419 sufﬁcienter,
3098 4358 3162 4405 ut
3192 4356 3323 4421 pote
3352 4356 3522 4404 tantae
3554 4350 3817 4403 materiae

2117 4447 2551 4513 congruentem,
2569 4442 2665 4495 sed
2690 4442 3081 4494 mediocritate
3104 4440 3323 4509 ingenii
3338 4440 3515 4492 nostri
3533 4439 3815 4509 undique,

2119 4548 2236 4584 non
2261 4531 2468 4595 medie,
2498 4535 2904 4599 temperatt'm;
2931 4531 3205 4582 hactenus
3228 4529 3375 4588 silui,
3409 4535 3467 4581 et
3497 4529 3556 4581 in
3587 4533 3777 4598 coepto
3804 4528 3821 4562 τ

2118 4619 2346 4673 silentio
2380 4619 2741 4672 decreveram
2789 4634 3146 4686 permanere,
3199 4627 3500 4686 quodsque
3535 4617 3822 4686 rescripto

2118 4707 2461 4778 eloquentiae
2487 4711 2687 4759 vestra:
2721 4711 2817 4758 aut
2850 4705 3204 4766 retunderer,
3235 4704 3624 4771 autprobarer
3653 4721 3665 4757 ε
3715 4705 3822 4758 sed

2118 4797 2252 4867 quia
2279 4812 2439 4849 amor
2469 4796 2751 4856 internus,
2783 4800 2882 4846 aut
2913 4793 2960 4845 si
2988 4792 3409 4846 commodatius
3434 4791 3641 4845 dicitur
3671 4793 3821 4846 dile-

2118 4885 2251 4949 ctio,
2286 4899 2413 4954 quin
2446 4882 2691 4936 charitas
2718 4883 2907 4951 aptius
2939 4882 2998 4934 in
3019 4881 3228 4934 divinis
3245 4881 3633 4934 voluminibus
3665 4897 3822 4934 nun-

2119 4978 2382 5042 cupatur,
2408 4972 2635 5024 interna
2663 4970 2928 5024 obtinens
2959 4974 3170 5035 cxtuat,
3195 4974 3248 5022 et
3271 4970 3554 5023 extuando
3579 4970 3826 5024 modum

2120 5078 2236 5116 non
2269 5064 2482 5124 servat;
2535 5059 2665 5112 inde
2697 5058 2959 5112 ordinem
2993 5057 3339 5111 litterizandi
3389 5074 3504 5111 non
3566 5073 3823 5120 servans,

2121 5155 2289 5219 atque
2323 5147 2772 5201 extraordinario
2807 5163 2968 5201 more
2999 5163 3090 5200 me
3139 5151 3320 5200 totum
3367 5147 3488 5217 ipse
3524 5151 3825 5200 comatum

2191 5299 2212 5324 °
2242 5289 2363 5353 Ms.,
2395 5306 2462 5344 ea:
2490 5295 2703 5358 scerpta
2731 5289 2947 5346 decreta
2980 5305 2992 5343 :
3018 5289 3243 5344 membri
3281 5290 3482 5358 deputo
3504 5287 3668 5358 culpa
3713 5305 3824 5342 ear:-

2125 5364 2292 5414 terius
2321 5361 2595 5414 serbienti.

2197 5431 2214 5465 ί
2252 5432 2609 5501 Ms.,incepto.
