4086 6182
245 309 340 362 449
1806 303 1928 360 EPI:

2058 303 2180 361 με.
3641 309 3743 366 4ῢῦ

239 458 350 497 non
383 442 663 506 nesciens,
699 447 756 492 et
802 439 1042 510 primus,
1093 443 1148 492 et
1192 438 1438 503 medius,
1490 444 1542 490 et
1599 437 1939 491 novissimus
1977 442 2021 493 A
2051 443 2172 492 tum
2218 438 2701 494 delectamentum
2735 444 2820 493 est
2859 440 3136 494 secuturis
3175 458 3186 496 :

239 530 484 598 scriptor
513 529 718 581 accedo
747 529 1018 581 verbosus
1045 543 1057 582 :
1092 532 1153 580 ut
1191 527 1289 597 qui
1319 525 1377 579 in
1409 526 1575 580 initio
1614 527 1837 596 impuli,
1879 531 1936 580 et

238 619 296 670 in
328 617 522 671 medio
554 621 738 686 coepta
777 615 1041 679 disserui,
1099 616 1432 669 concludam
1475 616 1533 668 in
1585 617 1778 668 tinem.
1825 617 1935 668 l-loc

237 707 429 776 itaque
477 706 718 759 faciliter
767 705 1083 769 crederem,
1135 705 1181 757 si
1234 720 1364 757 cum
1415 710 1646 774 pectore
1696 705 1875 758 inscio
1911 713 1935 737 ⁸

234 796 611 864 disputarem.
655 797 724 848 At
751 809 879 846 cum
923 797 1142 846 constet
1177 793 1360 846 Latini
1401 794 1612 863 eloquii
1673 793 1933 859 ﬂuvium,

233 885 344 937 imo
379 884 654 936 torrentis
703 885 984 952 impetum
1019 883 1293 934 fluentem
1344 881 1632 951 impetisse
1688 884 1934 936 vitreum

233 974 588 1025 elementum
616 989 628 1036 ;
656 988 770 1042 quo
802 975 966 1040 pacto
999 970 1268 1023 cludendi
1301 971 1444 1022 milii
1478 971 1586 1023 erit
1617 971 1749 1024 data
1797 971 1935 1023 faci-

233 1062 382 1126 litas,
422 1061 516 1113 cui
547 1066 602 1112 et
623 1061 852 1130 copiosa
883 1062 908 1101 b
933 1059 1230 1112 assertoris
1265 1056 1601 1124 fecunditas,
1633 1065 1686 1113 et
1717 1059 1936 1129 proprii

233 1149 459 1217 ingenii
484 1149 738 1213 tarditas,
771 1154 826 1201 et
855 1147 1055 1199 talenti
1085 1147 1283 1199 crediti
1327 1147 1516 1199 obviat
1546 1149 1791 1216 parvitas
1814 1148 1840 1199 2’
1875 1149 1937 1201 Et

233 1237 362 1290 licet
403 1238 581 1290 insita
637 1236 993 1288 naturalibus
1025 1235 1166 1288 locis
1207 1234 1408 1287 existat
1441 1236 1701 1288 voluntas
1737 1235 1834 1288 Dei
1867 1245 1884 1266 ο
1918 1277 1932 1300 ,

232 1332 425 1379 tamen
458 1325 710 1378 demitur
749 1324 1101 1395 opplementi
1134 1324 1392 1388 facultas,
1440 1324 1492 1377 ei
1541 1331 1688 1377 certe
1719 1325 1810 1377 cui
1868 1341 1935 1378 ex

231 1417 390 1468 omni
422 1421 586 1484 parte
616 1415 889 1467 indicitur
923 1413 1322 1466 remorationis
1369 1414 1654 1466 debilitas.
1698 1415 1936 1466 Inclioa-

230 1505 305 1556 tio
363 1505 523 1556 enim
566 1518 639 1556 ex
673 1509 869 1555 nostro
901 1507 983 1554 est
1039 1519 1216 1572 pensa
1249 1502 1517 1567 arbitrio;
1552 1503 1839 1554 conclusio
1871 1501 1933 1556 in

230 1601 610 1662 utrorumque
647 1592 1097 1660 manetjudicio.
1150 1592 1451 1660 Nunquam
1502 1591 1655 1644 enim
1706 1592 1934 1644 sedatur

229 1681 554 1750 responsio,
585 1679 693 1730 nisi
737 1679 894 1747 prius
934 1685 1331 1730 converscatnr
1381 1676 1404 1710 δ
1464 1678 1722 1730 invectio.
1779 1681 1838 1731 Et
1871 1682 1933 1733 tit

229 1772 488 1821 flexuosa
519 1768 802 1828 catennla,
835 1773 891 1818 et
947 1766 1248 1818 catenatim
1299 1766 1590 1818 contentio
1667 1769 1933 1832 flexuosa,

229 1875 354 1928 qua:
391 1875 497 1909 nec
531 1855 948 1908 invectionibns
981 1855 1226 1908 cluditur
1257 1864 1298 1918 ⁸³,
1332 1871 1432 1907 nec.
1472 1856 1936 1924 responsionibus

229 1945 596 1998 terminatur.
651 1946 780 1997 llaec
824 1943 976 1995 inter
1028 1943 1332 2012 praecipuae
1392 1944 1735 2012 eloquentia!
1789 1946 1936 1996 viros

230 2052 378 2104 saepe
415 2034 754 2099 intenditur,
788 2033 981 2084 crebre
1006 2032 1336 2101 inquiritur,
1371 2032 1699 2102 frequenter
1733 2039 1933 2101 praete-

230 2126 401 2176 xitur.
445 2123 624 2176 llabet
653 2122 1102 2173 emolumentum
1149 2121 1637 2188 mquiperatiouis,
1687 2122 1731 2172 si
1783 2121 1936 2174 inter

230 2230 396 2282 pares
433 2213 556 2264 inec
586 2212 784 2262 eadem
813 2209 1170 2262 distendatur
1200 2210 1369 2262 funis.
1407 2215 1471 2262 At
1516 2210 1560 2261 si
1605 2209 1756 2262 inter
1803 2210 1936 2262 inm-

230 2303 436 2372 quales
469 2299 827 2369 protrahitur
877 2298 1064 2361 restis,
1115 2297 1380 2367 dejicitur
1426 2298 1628 2366 impos,
1697 2298 1937 2366 erigitur

231 2391 412 2451 fortis,
441 2391 592 2440 vires
625 2387 960 2455 tripudiant,
986 2385 1247 2439 debilitas
1274 2385 1472 2455 gemit.
1499 2387 1590 2440 Est
1623 2391 1677 2437 et
1700 2387 1932 2440 tertium

231 2494 344 2530 non
408 2475 858 2544 exspectandum
908 2473 944 2538 ί,
1009 2475 1103 2526 sed
1150 2474 1572 2538 detestandum,
1629 2475 1932 2527 calumnia:

223 2567 512 2634 jurgium,
564 2564 719 2632 quod
780 2562 1010 2614 solitum
1054 2562 1199 2614 inter
1232 2562 1600 2615 insolentium
1655 2563 1794 2616 oriri
1850 2568 1934 2616 tu-

229 2658 778 2720 lnnltnosorumque
837 2656 1198 2702 conventum.
1260 2651 1416 2712 Quod
1467 2657 1523 2703 et
1583 2651 1931 2705 fecunditate

227 2742 575 2808 eloquentia).
608 2745 776 2805 caret,
822 2744 875 2792 et
917 2739 1287 2792 verbositates
1333 2739 1694 2791 dicacitatnin
1721 2753 1750 2792 ε
1785 2742 1931 2793 male

227 2833 458 2885 fortiter
481 2835 639 2882 tenet
671 2829 804 2898 :qui
837 2833 890 2880 et
925 2827 1082 2897 loqui
1106 2827 1334 2896 penitus
1365 2829 1564 2894 nescit,
1596 2834 1650 2881 et
1690 2835 1931 2898 perstre-

227 2937 366 2990 pens
427 2919 779 2988 importune,
865 2933 1161 2986 nunquam
1221 2918 1386 2969 silere
1447 2917 1622 2983 novit,
1695 2918 1929 2971 verbose

3236 440 3568 497 divaricatio
3606 446 3741 499 stul-

2047 533 2238 580 torum
2280 527 2486 580 horror
2525 537 2607 582 est
2654 530 3028 597 persistentis.
3074 531 3447 585 Prudentium
3500 533 3618 587 rixa
3657 535 3740 588 fa-

2045 632 2178 668 vum
2212 616 2493 685 impendit
2521 633 2533 670 :
2559 618 2861 672 stultorum
2893 619 3042 672 lucta
3065 621 3275 673 calcem
3307 621 3592 690 implodit.
3630 623 3740 676 Ista

2043 704 2280 758 scientia
2305 705 2555 758 fontibus
2586 707 2611 738 κ
2642 708 2879 760 crescit:
2925 707 3020 760 illa
3055 708 3234 778 alapis
3272 710 3600 779 pugnisque
3641 728 3736 764 ca-

2045 794 2222 846 lescit.
2259 793 2477 847 Habent
2525 801 2781 864 utrmque
2817 796 3028 849 limites
3065 813 3218 861 suos,
3277 804 3334 850 et
3366 803 3738 869 utrarumque

2045 881 2296 934 diversos
2327 887 2494 934 aestus
2528 884 2569 946 ';
2603 899 2705 952 pro
2757 884 3027 953 qualitate
3077 885 3307 954 prepria
3363 892 3599 955 generat
3655 888 3738 940 fe-

2044 974 2148 1022 tos.
2207 971 2556 1023 Generemus
2618 987 2776 1039 ergo,
2843 973 3340 1039 reverendissime,
3399 974 3621 1028 adultos
3685 980 3741 1029 et

2044 1059 2322 1111 verilitate
2353 1065 2642 1127 vegetatos
2692 1060 2837 1113 filios
2862 1062 3197 1129 juventutis,
3247 1062 3346 1132 qui
3391 1063 3610 1132 possint
3640 1081 3740 1134 pa-

2044 1150 2231 1197 rentes
2270 1146 2452 1198 ditare
2484 1148 2738 1214 prasiniis
2769 1149 3121 1218 indisruptis.
3179 1151 3244 1203 Et
3281 1167 3407 1203 cum
3455 1152 3742 1222 Propheta

2046 1233 2115 1286 de
2178 1239 2366 1286 nostro
2420 1235 2723 1288 dicamus:
2773 1242 2819 1289 Α
2864 1237 3067 1290 timore
3117 1245 3214 1291 tuo
3247 1240 3634 1308 concepimus,
3684 1248 3742 1294 et

2045 1323 2452 1391 parturivimus
2501 1341 2660 1392 spem
2711 1327 2924 1378 salutis.
2973 1327 3268 1379 Imitemur
3299 1330 3623 1396 sapientum
3679 1330 3740 1382 in

2044 1413 2472 1464 conversatione
2506 1420 2696 1466 nostra
2757 1415 3105 1485 exemplum,
3159 1423 3215 1469 et
3259 1417 3736 1488 philosophorum

2046 1499 2473 1554 verissimorum
2505 1504 2847 1555 aemulemur
2875 1504 2933 1555 in
2978 1505 3242 1556 omnibus
3301 1510 3524 1572 gestum
3561 1522 3572 1558 :
3626 1523 3740 1559 non

2043 1590 2407 1642 aemulatione
2456 1590 2714 1643 vincendi
2747 1597 3003 1644 nostrum
3039 1599 3259 1646 accuset
3291 1602 3327 1626 ω
3361 1595 3737 1661 intellectum,

2047 1679 2142 1730 sed
2173 1679 2511 1746 proficiendi
2541 1680 2727 1732 studio
2769 1686 2928 1750 regat
2975 1681 3148 1733 totius
3183 1683 3360 1735 nostri
3412 1683 3602 1753 operis
3641 1702 3739 1754 ge-

2047 1773 2217 1821 stum.
2256 1768 2338 1820 Sit
2367 1769 2668 1821 concordia
2709 1786 2866 1822 mera
2905 1776 2961 1822 et
3007 1770 3234 1823 castitas
3282 1771 3543 1839 indivisa,
3579 1789 3738 1826 mox-

2047 1873 2157 1926 que
2189 1858 2489 1909 verborum
2519 1857 2757 1910 ducetur
2784 1875 2888 1927 pro
2912 1859 3090 1911 nihilo
3124 1875 3335 1929 pugna.
3370 1861 3546 1914 Crede
3574 1863 3734 1927 mihi,

2043 1946 2240 2008 frater,
2275 1948 2388 1999 imo
2421 1952 2583 2000 (etate
2623 1949 2802 2010 Pater,
2839 1948 2990 2017 quod
3039 1948 3344 2001 dilectione
3389 1949 3528 2013 fudi,
3580 1967 3734 2018 qure-

2045 2048 2156 2101 que
2187 2032 2244 2084 in
2296 2036 2473 2084 tractu
2529 2032 2651 2100 ipso
2687 2030 2931 2084 confeci:
2978 2049 3079 2084 nec
3120 2033 3296 2085 livore
3331 2033 3546 2102 aliquo,
3582 2034 3737 2104 quod

2044 2121 2208 2176 absit.
2235 2121 2330 2172 sed
2361 2120 2633 2173 cliaritate
2664 2137 2793 2190 quin
2826 2121 2990 2173 nobis
3015 2122 3347 2188 perenniter
3375 2122 3543 2175 adsit.
3583 2122 3737 2176 Unde

2043 2225 2171 2278 quae
2203 2209 2419 2262 duriori
2477 2208 2706 2278 eloquio
2753 2226 2952 2278 aspera
2994 2212 3246 2274 fuerunt,
3302 2210 3594 2263 refellendi
3648 2227 3738 2262 ne-

2043 2297 2303 2349 cessitate
2355 2298 2680 2366 cognoscite
2738 2314 2896 2350 more
2950 2298 3300 2351 defensionis
3364 2299 3575 2365 elicita,
3623 2315 3735 2351 non

2042 2386 2428 2438 contentionis
2462 2387 2582 2438 zelo
2615 2388 2868 2440 confecta
2899 2401 2945 2439 η.
2983 2389 3119 2440 Nam
3156 2394 3544 2442 atramentum
3595 2389 3733 2441 mihi

2041 2489 2204 2524 amor
2263 2473 2522 2527 infudit°
2562 2480 2617 2527 et
2665 2475 2841 2543 stylus
2888 2475 3324 2545 conscriptionis
3369 2492 3483 2530 non
3537 2476 3733 2546 pinna,

2043 2577 2154 2613 non
2214 2562 2483 2626 calamus,
2545 2564 2643 2615 sed
2701 2564 2924 2616 dilectio
2984 2565 3108 2617 fuit.
3161 2566 3283 2618 Jam
3339 2581 3472 2617 vero
3534 2565 3736 2618 litterae

2041 2666 2158 2703 non
2184 2654 2408 2704 tantum
2437 2669 2631 2717 manu,
2675 2659 2953 2722 quantum
3002 2659 3191 2706 mente
3221 2654 3577 2722 conscriptae,
3610 2653 3736 2706 uni-

2039 2755 2215 2791 versae
2264 2739 2540 2792 charitate
2590 2743 2824 2794 fuerunt
2869 2743 3160 2795 confectae.
3210 2743 3386 2794 Verba
3438 2749 3624 2796 tamen
3684 2748 3739 2795 et

2040 2828 2339 2881 locutionis
2372 2829 2551 2898 ipsius
2584 2830 2808 2894 cdictio,
2840 2832 2922 2882 vel
2960 2830 3392 2899 signiﬁcationis
3424 2829 3737 2883 sententia-

2041 2933 2168 2969 rum
2208 2916 2268 2969 in
2299 2919 2527 2970 cumulo
2559 2919 2638 2970 nil
2670 2918 2822 2971 aliud
2851 2934 3023 2988 quam
3061 2935 3125 2970 ex
3171 2918 3361 2986 jecore
3395 2923 3583 2970 rorata
3633 2918 3739 2970 fuit

226 3011 508 3071 clamans,
557 3012 609 3058 et
660 3006 908 3058 clamose
942 3006 1312 3058 verbositans.
1353 3005 1585 3058 tiracnle
1617 3009 1642 3047 ιι
1676 3008 1926 3075 garrula,
1970 3012 2009 3065 C
2040 3005 2282 3058 affectio.
2307 3006 2463 3068 Quod
2500 3022 2642 3076 rogo
2673 3005 2776 3059 etsi
2801 3005 3064 3075 imperite
3097 3005 3335 3075 digesta,
3360 3011 3480 3058 tota
3522 3005 3738 3058 offensa

226 3103 281 3150 et
344 3098 607 3150 ferarum
682 3095 830 3147 rictu
877 3095 889 3128 ί
934 3095 1268 3164 barrituque
1337 3095 1624 3148 enormi...
1685 3097 1933 3149 scatibus

227 3187 491 3255 undique
544 3184 752 3237 liiulca.
800 3185 936 3247 Quae
995 3183 1143 3237 inter
1187 3184 1662 3237 obstinatissimas
1711 3191 1932 3238 mentes

226 3276 402 3328 fuerit
435 3275 637 3327 oborta
677 3291 706 3325 a
763 3273 1052 3326 simultate
1085 3274 1296 3342 lingua:
1330 3273 1389 3325 in
1423 3273 1658 3325 verbera
1689 3274 1933 3328 vertitur

228 3365 426 3418 funde.
459 3365 525 3416 Lt
555 3379 641 3414 res
681 3379 807 3432 quae
839 3378 1098 3414 sermone
1133 3361 1436 3414 terminata
1475 3363 1776 3430 gratiticat,
1817 3379 1934 3416 ma-

228 3455 405 3506 nibus
435 3468 501 3504 ac
525 3451 817 3519 stirpibus,
842 3451 1233 3520 rastribusque
1266 3450 1495 3502 nodosis
1546 3451 1709 3503 finita
1756 3467 1934 3505 mace-

228 3543 414 3595 rando
449 3540 710 3593 membra
743 3539 1080 3592 mmstiticat.
1507 3605 1514 3614 .

297 3635 348 3683 ‘2.
391 3629 576 3683 Habet
627 3629 774 3680 inter
812 3627 1095 3696 sapientes
1145 3643 1206 3679 ac
1249 3626 1568 3693 morigeros
1620 3627 1931 3697 disputatio

226 3719 453 3790 saporis
497 3718 793 3770 dulcorem
830 3733 843 3769 :
887 3717 1040 3769 inter
1086 3717 1286 3769 stultos
1319 3733 1378 3767 ac
1411 3717 1731 3770 inconditos
1779 3733 1933 3770 ama-

225 3808 530 3861 rissimum
566 3804 950 3873 acerbumque
1001 3803 1276 3856 dolorem.
1313 3804 1410 3857 llic
1455 3804 1735 3873 sapientia
1767 3805 1932 3858 dulce

226 3896 340 3950 mei
365 3895 622 3948 sumitur
655 3909 666 3945 :
706 3893 818 3945 illic
851 3891 1114 3944 vecordia
1138 3892 1528 3945 tumultuante
1561 3892 1630 3945 fel
1666 3892 1928 3946 volvitur.

225 3983 394 4048 Quod
439 3984 591 4036 inter
637 3981 922 4050 sapientes
961 3981 1179 4047 geritur
1209 3981 1454 4033 conlatio
1484 3981 1693 4034 dicitur
1725 3996 1740 4036 :
1779 3981 1930 4050 quod

227 4074 381 4126 inter
427 4071 719 4132 vecordes,
751 4069 1128 4122 tumultuatio
1162 4069 1349 4122 verius
1399 4075 1786 4138 nuncupatur.
1839 4071 1934 4124 Sa-

225 4162 518 4232 pientium
564 4159 824 4228 jurginm
884 4157 1186 4211 dilectione
1239 4157 1484 4210 finitur:
1532 4158 1931 4228 insipientium

225 4267 395 4304 amor
435 4248 667 4320 pinguis
694 4252 748 4300 et
780 4247 1040 4300 dulcibus
1091 4252 1104 4293 J'
1161 4246 1521 4300 terminatur.
1564 4247 1663 4300 Isti
1698 4253 1932 4300 conten-

224 4341 421 4394 dendo
455 4339 527 4392 ad
558 4338 799 4391 meliora
851 4335 1187 4406 proficiunt;
1232 4335 1315 4388 illi
1364 4335 1598 4389 rixando
1634 4335 1704 4389 ad
1737 4337 1933 4406 pejora

225 4429 530 4482 deﬁciunt.
566 4426 691 4478 Istis
720 4425 965 4478 charitas
985 4424 1277 4478 ministrat
1304 4425 1598 4494 eloquium
1630 4442 1642 4478 :
1676 4424 1788 4479 illis
1812 4425 1933 4478 rixa

225 4517 440 4570 fustem
473 4513 661 4568 defert
692 4514 995 4567 nodosum.
1021 4513 1105 4565 Ab
1133 4512 1252 4565 istis
1284 4529 1390 4582 pax
1411 4517 1467 4566 et
1502 4514 1642 4567 odor
1665 4518 1930 4568 emanat:

222 4605 293 4658 ab
327 4605 446 4657 illis
479 4602 679 4656 odium
727 4607 783 4654 et
835 4601 982 4654 fetor
1011 4601 1253 4654 exhalat.
1285 4601 1621 4670 Sapientum
1654 4602 1934 4655 memoria

223 4693 478 4764 posteris
509 4691 737 4760 prolicit
769 4706 782 4744 :
816 4690 1127 4744 stultorum
1159 4706 1321 4743 error
1342 4707 1473 4744 cum
1518 4691 1660 4760 ipsis
1717 4691 1926 4744 deﬁcit.

225 4782 470 4836 Moritur
523 4780 770 4848 sapiens,
822 4784 876 4833 et
923 4783 1054 4849 post
1083 4784 1329 4832 mortem
1359 4780 1629 4832 virescit:
1690 4780 1932 4833 moritur

225 4871 462 4933 stultus,
496 4874 551 4921 et
577 4871 706 4937 post
736 4873 979 4920 mortem
1010 4867 1306 4937 putrescit.
1353 4869 1660 4922 tlontentio
1702 4868 1928 4938 sapien-

296 5039 319 5065 ³
363 5029 486 5089 Ms,
528 5043 648 5082 cum
673 5032 859 5096 pectus
891 5029 1138 5082 inscium.

296 5102 326 5142 Β
365 5100 489 5165 Ms.,
531 5101 707 5166 copia.

306 5183 328 5205 ε
369 5171 490 5235 Ms.,
524 5173 701 5222 evitat
729 5171 997 5223 voluntas.
1035 5172 1136 5224 Dei
1157 5174 1354 5230 (amem
1386 5173 1491 5222 etc.

298 5244 327 5283 ἀ
371 5241 798 5294 Nic.Antonius
828 5241 868 5293 Ι.
919 5256 971 5292 v1
1006 5241 1149 5294 Bibl.
1212 5242 1355 5308 Vet.,
1407 5255 1565 5293 num.
1629 5241 1750 5308 181,
1807 5254 1929 5292 con-

225 5317 504 5366 vincatur.
541 5312 597 5364 Ρ.
623 5325 803 5364 conum
817 5316 980 5364 satur.

299 5393 321 5417 ε
365 5384 520 5437 Idem
555 5382 787 5447 ibidem,
823 5382 1078 5447 eluditur,
1133 5381 1231 5435 sed
1262 5381 1503 5435 cluditur
1541 5381 1926 5436 retinendum.

302 5453 320 5488 ί
366 5455 422 5508 L.
455 5452 827 5521 expetendum.

303 5539 334 5577 Β
377 5525 494 5590 Ms,
531 5524 900 5577 decacitatem.

302 5597 330 5638 Ιι
372 5595 492 5655 ΜΞ..
537 5595 781 5660 Gragule

2043 3094 2184 3146 mihi
2213 3093 2413 3146 existat
2441 3093 2646 3146 omissa
2685 3110 2696 3146 :
2732 3095 2810 3145 sic
2866 3098 3051 3146 vestra
3085 3109 3196 3144 non
3232 3093 3597 3162 requirantur
3633 3093 3737 3145 ad-

2043 3183 2214 3234 missa
2243 3199 2284 3238 p.
2329 3183 2404 3235 De
2450 3186 2672 3245 caetero,
2711 3182 2789 3234 mi
2843 3182 3068 3245 dilecto,
3107 3186 3270 3233 erant
3313 3181 3493 3233 multa
3524 3185 3738 3234 secreta

2043 3277 2098 3325 et
2122 3271 2378 3340 mystica,
2413 3287 2542 3340 quas
2573 3286 2702 3323 cum
2735 3275 2919 3324 vestra
2951 3271 3116 3322 bona!
3173 3269 3513 3322 valetudinis
3556 3270 3736 3338 parti-

2041 3376 2162 3412 rem
2198 3361 2517 3424 clementia,
2553 3359 2596 3411 si
2648 3358 2993 3428 prosperitas
3031 3358 3172 3410 mibi
3209 3357 3490 3411 arrideret
3521 3357 3732 3422 saeculi,

2041 3455 2141 3503 aut
2173 3449 2488 3502 terminum
2517 3449 2792 3502 sentirem
2824 3448 3056 3517 flagelli.

2113 3542 2163 3593 3.
2213 3539 2321 3592 Sed
2369 3539 2504 3609 quia
2558 3537 2750 3592 divina
2790 3537 2948 3607 justa
2992 3553 3232 3590 censura
3284 3551 3397 3588 non
3454 3540 3736 3606 quantum

2041 3643 2332 3680 meremur
2372 3627 2578 3679 leniter
2610 3632 2804 3679 nostra
2843 3625 3096 3695 undique
3147 3629 3351 3677 atteret
3394 3625 3563 3684 mala,
3623 3640 3737 3677 non

2042 3716 2286 3768 sinimur
2316 3715 2597 3785 respirare
2628 3715 2716 3767 vel
2763 3714 3061 3784 paululum
3091 3713 3151 3766 in
3201 3713 3314 3765 illis
3342 3722 3365 3756 ει
3402 3729 3530 3782 qua:
3574 3712 3739 3766 nobis

2042 3808 2205 3856 erant
2263 3803 2443 3855 animi
2508 3804 2574 3856 ad
2641 3803 2981 3872 profectum.
3040 3801 3109 3854 Ut
3169 3801 3463 3870 sapientiae
3524 3805 3740 3854 secreta

2041 3893 2336 3957 rimemus,
2368 3897 2423 3944 et
2453 3892 2510 3944 in
2548 3890 2847 3944 altioribus
2874 3889 3287 3959 quaestionibus
3336 3889 3451 3941 alas
3481 3890 3737 3958 disputa-

2043 3980 2210 4034 tionis
2242 3987 2446 4034 nostrze
2475 3997 2507 4032 a
2550 3987 2702 4032 terra
2736 3980 2905 4032 altius
2953 3979 3096 4032 ccelo
3127 3983 3295 4031 tenus
3330 3979 3732 4042 extendamus;

2042 4077 2324 4140 quatenus
2363 4075 2590 4122 terrena
2641 4069 3049 4138 relinquentes,
3099 4072 3154 4119 et
3201 4067 3389 4120 cibum
3455 4066 3737 4136 serpentis

2040 4160 2333 4229 pulverem
2391 4162 2837 4224 contemnentes,
2893 4173 3186 4210 sumamus
3243 4156 3522 4210 columbas
3580 4155 3734 4208 illius

2041 4265 2168 4318 quas
2207 4247 2623 4300 manifestiores
2646 4246 2790 4299 visui
2836 4247 2950 4300 alas
2996 4246 3398 4315 deargentatas
3438 4245 3608 4297 liabet
3636 4260 3738 4296 ex—

2044 4337 2256 4407 positas
2288 4337 2457 4402 (Psal.
2492 4337 2651 4404 Lvn),
2713 4341 2768 4388 et
2805 4336 2952 4388 velut
3015 4335 3283 4388 omnibus
3333 4333 3738 4403 aspicientibus

2043 4424 2205 4493 quasi
2254 4423 2544 4476 invitando
2607 4423 2715 4476 sibi
2768 4424 3014 4477 candore
3066 4423 3330 4494 puritatis
3387 4421 3734 4475 innocentiae

2040 4528 2294 4582 pansos:
2338 4511 2707 4564 occultiorem
2767 4529 2897 4564 vero
2949 4527 3175 4564 sensum
3241 4512 3299 4564 in
3349 4511 3472 4564 auri
3517 4511 3736 4580 pallore

2041 4600 2203 4670 quasi
2241 4599 2586 4652 intrinsecus
2618 4615 2737 4652 non
2769 4600 3054 4664 omnibus,
3077 4600 3175 4652 sed
3204 4600 3516 4652 introrsum
3548 4599 3736 4670 respi-

2039 4689 2333 4753 cientibus,
2366 4688 2582 4757 pandit.
2619 4688 2700 4742 0b
2731 4689 2881 4757 quod
2938 4694 2995 4740 et
3027 4688 3180 4742 dorsi
3211 4689 3531 4757 posteriora
3562 4705 3736 4742 aurea

2039 4778 2206 4849 gerit.
2253 4777 2398 4840 Quid
2448 4776 2601 4829 enim
2647 4777 2910 4830 columba
2955 4777 3064 4830 nisi
3110 4777 3357 4846 Spiritus
3403 4777 3734 4830 omnimode

2039 4872 2267 4920 sanctus
2292 4866 2353 4919 in
2385 4866 2545 4934 cujus
2577 4865 2762 4934 specie
2809 4865 3078 4934 apparuit
3110 4866 3293 4919 visus?
3328 4867 3390 4918 Et
3419 4865 3549 4918 ideo
3597 4865 3732 4935 quia

2111 5028 2123 5062 ί
2161 5025 2259 5078 Ms.
2290 5028 2404 5078 ritu
2435 5025 2752 5093 barrituque
2780 5026 2977 5078 inormi
3005 5067 3018 5090 ,
3059 5025 3265 5078 iatibus
3303 5025 3544 5092 undique
3568 5025 3730 5078 iulca.

2119 5097 2213 5150 ιι.
2247 5098 2446 5164 pugnis
2485 5101 2532 5148 et
2567 5096 2822 5148 calcibus.

2111 5167 2136 5200 κ
2175 5172 2281 5233 An,
2305 5183 2374 5220 ex
2403 5166 2901 5236 consequentibus,
2930 5166 3201 5226 frontibus
3232 5165 3540 5236 legendum
3562 5165 3590 5217 ‘2

2116 5239 2126 5270 ¹
2169 5239 2292 5303 Ms.,
2325 5243 2481 5290 cstas.

2111 5316 2151 5342 ιιι
2191 5309 2316 5375 Ms,
2351 5314 2590 5361 accusat.

2110 5393 2135 5420 η
2177 5380 2269 5444 M.,
2303 5395 2497 5447 aspera
2522 5380 2700 5444 fuit...
2730 5381 3032 5434 elicitum...
3067 5379 3385 5444 confectum.

2111 5458 2133 5483 °
2173 5450 2270 5504 Ms.
2285 5491 2298 5514 ,
2330 5452 2551 5514 iri/usit.

2110 5537 2134 5577 ι)
2172 5521 2458 5579 Admisso.
2489 5521 2542 5573 id
2578 5525 2661 5574 est
2692 5521 2950 5575 crimina.

2110 5600 2133 5634 π
2175 5592 2292 5657 Ms.,
2326 5595 2382 5645 in
2413 5593 2527 5645 illa.
