4086 6182
350 295 443 348 451

1698 282 1956 339 ALVARI
1992 278 2491 341 CORDUBENSIS.

354 430 645 500 Scriptura
674 443 830 481 sacra
873 424 1089 495 Spiritu
1146 422 1246 477 Dei
1277 422 1480 475 existat
1536 422 1765 491 scripta,
1817 420 1947 475 inde
1989 424 2044 474 et
2082 422 2123 475 A

354 535 526 586 super
549 508 749 571 faciem
787 518 1135 583 argenteam,
1172 516 1228 566 et
1260 511 1537 564 interiora
1574 510 1802 580 gestitat
1846 526 2036 576 aurea,

352 608 512 676 cujus
543 604 743 658 merito
770 602 1006 656 dixerim
1039 602 1157 654 alas
1198 600 1475 670 quidquid
1502 599 1870 653 historialiter
1901 616 2040 653 con-

351 695 493 747 tinet
541 691 815 763 quidquid
847 691 1142 744 moraliter
1171 690 1353 753 ducet,
1412 688 1693 758 quidquid
1737 688 1915 741 active
1961 689 2043 740 in-

349 782 600 836 format:
652 781 883 834 dorsum
920 795 1052 832 vero
1106 795 1221 831 non
1253 778 1488 847 indigne
1546 777 1821 846 accipitur
1872 793 2041 830 omne

349 872 497 941 quod
525 870 845 940 mysticum,
874 868 1023 938 quod
1054 867 1332 937 spiritale,
1368 866 1636 937 quodque
1658 866 1806 936 gerit
1834 867 2038 934 allego-

348 960 447 1013 riae
476 960 624 1012 unbe
658 959 904 1011 levatum
937 966 979 1009 τι.
1031 959 1109 1010 Ac
1148 972 1251 1026 per
1288 957 1395 1009 hoc
1431 955 1731 1026 Scriptura:
1771 971 1942 1008 sacra:
1975 971 2041 1008 ex

349 1063 587 1117 corpore
620 1051 676 1099 et
706 1045 961 1116 spiritale
997 1044 1189 1111 vigore
1218 1043 1535 1096 consistunt
1569 1060 1581 1095 :
1613 1048 1665 1096 et
1693 1043 1838 1096 sicut
1861 1058 2041 1095 mem-

350 1135 559 1189 bratim
607 1134 741 1187 foris
791 1133 1181 1187 hebetioribus
1232 1132 1537 1185 lectoribus
1583 1136 1899 1200 patescunt,
1935 1131 2044 1184 ista

350 1222 817 1294 prudentioribus
870 1220 1252 1275 invisibilibus
1306 1220 1558 1289 spiritale
1612 1219 1803 1289 vigore
1862 1219 2043 1273 clare-

353 1317 535 1365 scunt.

422 1401 473 1454 4.
510 1418 535 1449 ‹‹
586 1400 754 1453 Recte
808 1399 999 1469 itaque
1047 1401 1411 1468 procuratum
1444 1404 1547 1461 est,
1596 1400 1655 1449 ut
1700 1396 1779 1449 ait
1819 1396 2042 1465 beatus,

353 1489 517 1543 laude
576 1488 803 1558 egregia
852 1487 1267 1557 praedicandus,
1326 1486 1651 1550 Eucherius,
1686 1490 1748 1538 ut
1793 1484 1893 1538 illa
1923 1485 2039 1538 elo-

352 1578 620 1648 quiorum
652 1578 875 1629 castitas
904 1593 936 1628 a
969 1575 1310 1646 promiscuis
1336 1579 1671 1627 cunctorum
1720 1573 1897 1627 oculis
1937 1574 2043 1627 ab-

352 1668 470 1721 dito
498 1669 522 1709 b
551 1683 652 1718 suo
687 1666 851 1735 quasi
880 1665 1131 1735 quodam
1185 1663 1467 1717 velamine
1510 1662 1798 1732 pudicitiae
1842 1668 2043 1715 conte—

352 1760 627 1824 geretur:
684 1758 740 1805 at
787 1752 977 1805 divina
1022 1752 1237 1819 optime
1276 1751 1705 1821 dispensatione
1750 1751 2041 1820 provisum

350 1846 436 1895 est
468 1847 529 1893 ut
558 1841 768 1910 scripta
798 1840 874 1893 ita
926 1844 1277 1909 tegerentur,
1333 1839 1655 1893 coelestibus
1705 1839 2044 1893 obumbrata

352 1930 654 1999 mysteriis,
721 1934 783 1981 ut
841 1934 1056 1981 secreto
1106 1944 1209 1981 suo
1258 1928 1382 1997 ipsa
1426 1928 1694 1981 divinitas
1745 1928 2041 1998 operieba-

348 2023 443 2071 tur
472 2028 507 2071 ε.
546 2040 573 2065 ι›
618 2018 795 2086 Hujus
828 2022 1115 2087 argenteae
1152 2031 1453 2085 auremque
1480 2016 1763 2070 columbas
1796 2016 2041 2085 speciem

350 2106 647 2159 saecularcs
678 2104 939 2157 nesciunt
971 2104 1191 2170 litterae,
1241 2104 1509 2173 ignorant
1547 2104 1892 2173 philosophi,
1941 2120 2043 2157 nec

348 2193 519 2247 vestri
550 2198 863 2262 potuerunt
893 2193 1033 2245 scire
1072 2192 1450 2262 grammatici,
1505 2193 1601 2246 sed
1628 2197 1849 2246 tantum
1882 2192 1909 2227 ἀ
1939 2209 2042 2246 no-

350 2283 450 2336 stri
479 2282 692 2345 idiota),
727 2286 782 2335 et
814 2282 1026 2345 rustici,
1068 2288 1123 2334 et
1161 2297 1365 2334 manus
1412 2281 1647 2334 callosas
1669 2284 1931 2351 gerentes
1974 2298 2042 2334 ex

350 2387 541 2441 opere.
580 2372 735 2425 Unde
779 2376 835 2423 et
864 2376 1061 2423 noster
1088 2370 1331 2422 rusticus
1373 2386 1501 2423 cum
1541 2370 1709 2423 ticum
1744 2371 2040 2433 insereret,

349 2458 568 2510 invenit
615 2458 765 2527 quod
812 2457 1107 2525 sophistici
1140 2456 1487 2510 nescierunt.
1533 2460 1591 2511 In
1620 2460 1895 2526 principio
1926 2462 2045 2511 erat

362 2546 618 2612 Verbum,
652 2550 701 2597 et
740 2546 976 2599 Verbum
1024 2550 1140 2598 erat
1198 2545 1349 2613 apud
1404 2548 1588 2611 Deum,
1648 2550 1696 2598 et
1741 2548 1876 2599 Βίας
1926 2550 2043 2599 erat

356 2635 608 2689 Verbum.
642 2634 766 2686 Hoc
796 2636 995 2686 eratin
1046 2636 1320 2701 principio
1365 2634 1514 2702 apud
1563 2636 1729 2688 Deum
1755 2636 1930 2703 (Joan.
1984 2640 2040 2699 1).

353 2724 463 2777 Hor.
498 2723 652 2775 Plato
682 2721 885 2774 doctus
909 2721 1164 2783 nescivit,
1198 2722 1307 2774 hoc
1338 2723 1555 2775 Tullius
1587 2724 1858 2793 eloquens
1880 2724 2042 2792 igno-

348 2811 516 2876 ravit,
562 2810 669 2864 hoc
716 2810 939 2863 fervens
997 2811 1403 2863 Demosthenes
1456 2827 1751 2880 nunquam
1814 2811 2043 2881 penitus

348 2900 654 2971 indagavit.
686 2899 1045 2953 Aristotelica
1074 2900 1181 2953 hoc
1222 2917 1338 2953 non
1370 2900 1621 2955 continet
1650 2902 1883 2969 pineta'
1913 2917 2045 2954 con-

2086 1722 2124 1776 Β

350 2994 515 3055 torta,
550 2988 853 3059 Chrysippi
887 2988 989 3041 hoc
1022 3004 1139 3041 non
1185 2989 1437 3042 retinent
1467 2988 1731 3042 acumina
1764 2991 2037 3043 flexuosa.
2082 3023 2120 3077 ρ

348 3080 470 3132 Νοη
513 3078 719 3132 Donati
772 3094 862 3131 ars
921 3077 1058 3130 artis
1106 3078 1319 3147 regulis
1368 3077 1658 3145 indagata,
1719 3095 1821 3131 nec
1870 3080 2042 3133 totius

346 3168 850 3238 grammaticorum
920 3167 1064 3219 oliva
1140 3166 1459 3237 disciplina.
1530 3167 1894 3231 Geumetrici,
1975 3185 2041 3221 ex

346 3261 497 3309 terra
552 3256 755 3321 vocati,
811 3262 1040 3308 terrena
1088 3261 1142 3308 et
1199 3256 1470 3325 pulverea
1519 3256 1804 3325 prosecuti
1860 3264 2037 3310 sunt:

344 3344 615 3398 rhetorici
647 3344 867 3397 verbosi
916 3343 1192 3413 superﬂui
1234 3360 1425 3396 aerem
1463 3350 1632 3397 vento
1681 3345 2044 3413 repleverunt

344 3433 537 3486 inani:
574 3432 857 3486 dialectici
905 3431 1083 3484 stricti
1116 3432 1349 3500 regulis,
1383 3436 1439 3484 et
1486 3432 1738 3501 undique
1787 3434 2043 3503 syllogis-

344 3518 451 3571 mis
481 3518 757 3588 perplexi,
791 3518 973 3571 dolosi
1021 3523 1078 3570 et
1125 3519 1331 3583 callidi,
1390 3519 1681 3572 delusores
1735 3522 2039 3575 verborum

346 3612 479 3659 sunt
516 3606 706 3659 verius
735 3621 907 3676 quam
964 3610 1271 3659 structores
1308 3622 1501 3660 rerum
1548 3608 1797 3662 dicendi.
1848 3609 2039 3663 Arith-

344 3692 535 3745 metici
597 3709 972 3747 numerorum
1022 3710 1219 3747 causas
1250 3695 1520 3765 indagare
1566 3701 1700 3749 sunt
1754 3697 1885 3763 nisi,
1942 3698 2039 3751 sed

344 3796 543 3833 eorum
578 3782 891 3835 medullam
927 3799 1041 3837 non
1063 3788 1375 3854 potuerunt
1407 3784 1638 3852 sentire,
1672 3791 1886 3856 quanto
1920 3804 2037 3839 ma-

344 3868 428 3937 gis
450 3870 634 3925 dicere
666 3870 700 3924 τ.
753 3872 945 3925 Musici
986 3872 1276 3926 iuﬂatores
1316 3874 1447 3927 vani
1488 3878 1790 3929 ventorum
1824 3876 2039 3929 ﬂaviles

342 3958 629 4027 prosecuti
670 3964 804 4012 sunt
833 3976 1023 4024 auras,
1072 3963 1128 4013 et
1179 3960 1248 4014 ad
1280 3962 1574 4015 veritatem
1624 3961 1779 4015 illius
1810 3964 2039 4017 musica:

342 4046 479 4100 artis
515 4063 813 4117 nunquam
844 4053 1159 4117 potuerunt
1203 4048 1497 4118 subrigere
1540 4050 1676 4102 alas.
1727 4050 1850 4103 Jam
1904 4067 2038 4105 vero

340 4134 611 4205 astrologi
649 4136 961 4189 coelotenus
1008 4137 1312 4189 voluerunt
1353 4138 1557 4207 pennis
1594 4138 1805 4203 volare,
1836 4140 1932 4192 sed
1982 4140 2039 4193 in

341 4227 566 4276 tantum
602 4240 715 4276 non
737 4228 1051 4293 potuerunt
1083 4225 1217 4277 illuc
1248 4226 1515 4279 fanorum
1550 4226 1725 4280 ductu
1771 4243 2039 4281 conscen-

340 4310 498 4375 dere,
536 4316 598 4363 ut
643 4311 825 4381 magis
860 4316 1148 4364 terrenam
1179 4312 1237 4365 in
1278 4314 1419 4367 caelo
1461 4329 1633 4384 quam
1665 4315 1947 4369 caelestem
1980 4317 2038 4369 in

340 4400 496 4450 terra
533 4396 864 4451 indiderent
894 4398 1199 4452 rationem.
1234 4401 1371 4454 Nam
1403 4400 1539 4454 dum
1576 4401 1781 4457 arietes
1818 4408 1875 4457 et
1907 4408 2038 4457 tau—

340 4500 456 4551 ros,
492 4486 743 4555 scorpios
788 4491 840 4540 et
881 4486 1141 4550 kancros,
1204 4488 1398 4541 leones
1438 4494 1493 4543 et
1526 4506 1702 4557 ursos,
1755 4508 1951 4561 capras
1984 4496 2040 4546 et

342 4573 522 4643 pisces
552 4573 612 4627 in
643 4573 770 4627 coeli
815 4575 1042 4629 climate
1086 4576 1435 4643 locaverunt,
1488 4578 1623 4649 quid
1675 4580 1831 4634 aliud
1866 4597 2037 4651 quam

342 4667 568 4715 terrena
606 4661 668 4715 in
718 4663 966 4716 coelestia
1022 4663 1443 4720 sublimarunt?
1494 4669 1815 4723 nescientes
1884 4670 2037 4723 enim

342 4755 603 4805 naturam
635 4750 779 4817 coeli,
811 4756 865 4804 ct
896 4751 964 4806 de
996 4768 1062 4806 eo
1086 4753 1239 4823 quod
1269 4755 1595 4810 nesciebant
1614 4761 1828 4811 temere
1850 4757 2040 4827 dispu-

344 4842 464 4892 tare
497 4839 805 4893 tenderunt
839 4841 904 4894 ad
937 4841 1131 4895 inclita
1167 4859 1404 4897 ausum:
1445 4845 1542 4899 sed
1576 4845 1717 4898 nihil
1749 4846 2036 4915 produxe-

345 4932 481 4981 runt
510 4929 610 4983 tali
642 4929 894 4984 materia:
936 4930 1196 5000 dignum,
1239 4933 1372 5002 quia
1403 4934 1665 5003 spiritum
1698 4951 1798 5004 per
1827 4934 2037 4989 huma-

341 5034 503 5085 num,
541 5034 653 5072 non
690 5018 809 5074 haec
841 5036 941 5089 per
969 5020 1235 5090 spiritum
1260 5022 1547 5077 rimarunt
1576 5023 1853 5077 divinum.

417 5187 438 5212 "
481 5177 536 5231 Ρ.
567 5178 821 5231 relatum.

410 5248 607 5321 b_Ms.,
656 5248 875 5321 additu.
913 5248 1117 5321 Verum
1176 5250 1363 5321 abdito
1419 5251 1722 5321 legendum
1788 5269 1854 5308 ex
1906 5253 2035 5308 divo

342 5318 619 5441 {iuclherio
678 5319 740 5371 in
808 5319 1148 5388 praefatione
1212 5320 1341 5374 libri
1408 5318 1801 5377 Formularum
1862 5326 2035 5395 spiri-

367 5404 606 5442 uarum.

410 5466 435 5533 °_
468 5458 559 5533 Sic
588 5458 741 5527 apud
773 5460 1011 5516 Eucher.
1048 5460 1127 5514 ibi
1154 5477 1167 5514 :
1198 5466 1253 5516 at
1287 5478 1417 5527 ms.,
1454 5463 1801 5533 operabatur.

409 5526 436 5563 ἀ
476 5528 595 5595 Ms.,
624 5526 793 5583 tante.

410 5610 432 5635 ο
474 5599 531 5652 F.
570 5598 797 5667 melius,
824 5603 1056 5668 spineta.

3745 284 3841 339 452

2230 424 2279 473 5.
2314 420 2473 484 Quod
2525 419 2571 472 si
2613 419 2820 475 horum
2866 418 3164 473 hominum
3200 419 3419 473 litteras
3466 420 3713 489 spiritali
3765 422 3841 474 vi-

2149 524 2289 579 gore
2322 509 2447 579 quis
2479 508 2614 562 dicit
2665 524 2784 561 esse
2835 508 3137 567 confectas,
3189 510 3384 578 procul
3417 509 3591 562 dubio
3625 514 3845 563 contra-

2150 598 2232 650 ria
2266 598 2397 651 fidei
2448 598 2649 651 asserit
2699 602 2931 663 nostrae,
2983 603 3039 651 et
3081 598 3259 651 hostis
3304 614 3367 650 ac
3410 598 3718 651 infamator
3767 604 3846 653 est

2150 688 2458 756 Scripturae
2493 687 2697 741 divina:
2742 702 2755 740 :
2810 686 2948 740 dum
2984 692 3041 740 et
3088 686 3346 757 linguam
3392 686 3740 749 Leviatham,
3786 688 3845 741 li-

2148 782 2337 847 gatam
2380 776 2584 830 Christi
2618 776 2735 845 jam
2768 775 2959 840 hamo,
2994 780 3051 828 et
3085 774 3257 828 maris
3308 776 3532 845 [Ἑωρῐί
3566 776 3839 845 linguam,

2150 864 2549 935 Redemptoris
2590 863 2840 916 desolata
2870 863 3137 929 adventu,
3170 879 3323 916 nunc
3355 864 3557 916 asserit
3601 880 3847 933 quocun-

2150 971 2259 1025 que
2298 955 2488 1025 vigere
2533 953 2705 1005 nisu:
2754 956 2810 1005 et
2854 952 2957 1005 tali
3006 952 3225 1005 divinas
3276 952 3476 1006 asserit
3531 952 3846 1023 Scripturas

2149 1045 2294 1113 style
2337 1043 2639 1107 confectas,
2682 1041 2838 1111 quali
2876 1042 3111 1094 fuerunt
3140 1042 3617 1110 philosophorum
3651 1042 3846 1096 inanes

2152 1132 2425 1186 doctrina:
2458 1137 2511 1185 ct
2554 1131 2732 1185 falsas.
2788 1132 2849 1185 Et
2881 1131 2977 1183 ubi
3014 1130 3123 1184 erit
3172 1130 3312 1184 illud
3362 1132 3541 1183 nostri
3594 1132 3845 1185 Psalmo-

2150 1222 2354 1291 graphi
2393 1220 2607 1274 dictum
2643 1237 2655 1273 :
2708 1222 2943 1288 Etoquia
2984 1222 3222 1285 Domini,
3277 1221 3490 1288 eloquia
3535 1226 3719 1285 casta;
3767 1238 3847 1273 ar-

2148 1316 2365 1377 gentum
2401 1312 2525 1375 igne
2566 1311 2983 1374 examinatum,
3016 1309 3302 1377 probatum
3334 1315 3505 1370 terrae,
3550 1315 3846 1377 purgatum

2148 1400 2457 1468 septuplum
2506 1400 2610 1467 (Ps.
2660 1414 2731 1452 x1.
2765 1399 2838 1450 De
2879 1414 2992 1468 qua
3044 1403 3098 1450 et
3142 1398 3407 1467 superior
3454 1398 3659 1450 doctor
3712 1398 3848 1452 dicit

2150 1486 2445 1557 egregius:
2482 1507 2503 1534 ι
2537 1487 2647 1539 Nec
2669 1485 2995 1539 mirandum
3026 1485 3177 1555 quod
3211 1502 3397 1538 sermo
3426 1485 3675 1550 divinus,
3726 1503 3847 1555 pro-

2152 1577 2450 1646 phetarum
2500 1576 3009 1645 apostolorumque
3063 1590 3161 1627 ore
3222 1576 3468 1643 prolatu,
3510 1574 3578 1626 ab
3637 1576 3845 1627 usitato

2154 1667 2249 1718 illo
2281 1665 2607 1719 hominibus
2659 1664 2941 1717 scribendi
3002 1664 3170 1717 modo
3228 1664 3477 1716 multum
3526 1664 3844 1730 recesserit,

2152 1754 2337 1808 facilia
2394 1754 2453 1807 in
2484 1759 2757 1823 promptu
2805 1753 3037 1817 habens,
3089 1768 3296 1822 magna
3348 1753 3408 1805 in
3476 1752 3848 1807 interioribus

2154 1844 2273 1897 suis
2320 1842 2649 1908 continens;
2694 1842 2829 1913 quia
2882 1846 2939 1895 et
2989 1856 3184 1895 revera
3237 1840 3345 1893 fuit
3390 1855 3741 1909 congruum,
3793 1845 3848 1893 ut

2154 1949 2311 1985 sacra
2339 1931 2487 1984 dicta
2516 1948 2549 1984 a
2578 1930 2798 1984 caeteris
2830 1930 3055 2000 scriptis
3112 1942 3162 1991 Β,
3197 1930 3346 1981 sicut
3400 1930 3627 1993 merito,
3663 1930 3747 1981 ita
3799 1935 3849 1983 et

2154 2020 2339 2091 specie
2375 2021 2851 2080 discernerentur,
2894 2020 3081 2072 ncilla
3131 2017 3448 2071 caelestium
3507 2034 3849 2071 arcanorum

2155 2109 2400 2177 dignitas
2456 2108 2664 2178 passim
2728 2114 2900 2177 atque
2959 2107 3263 2160 indiscrete
3330 2106 3544 2158 cunctis
3599 2111 3848 2175 pateret,

2153 2204 2524 2267 sanctumque
2583 2196 2839 2259 canibus,
2896 2199 2951 2248 et
3017 2193 3357 2263 margaritas
3421 2194 3608 2263 porcis
3674 2209 3848 2263 expo-

2153 2291 2330 2338 neret.
2365 2307 2383 2332 ι
2421 2287 2481 2338 Et
2511 2285 2647 2355 quia
2678 2284 2966 2337 sazcularis
2996 2283 3232 2336 scientia
3263 2282 3390 2335 ideo
3419 2298 3523 2335 nec
3564 2283 3853 2352 aenigma-

2153 2374 2263 2427 tice
2304 2373 2681 2443 prophetizat,
2713 2372 3012 2427 Psalmista
3048 2371 3185 2425 dicit
3220 2387 3233 2423 ε
3272 2373 3347 2425 Tu
3376 2370 3648 2439 ἀέναρὶεεί
3672 2374 3853 2437 fontes

2152 2468 2200 2516 et
2235 2467 2511 2528 torrentes,
2543 2467 2603 2515 tu
2645 2462 2935 2514 exsiccasti
2963 2461 3188 2527 ﬂumina
3219 2461 3401 2512 Ethan
3443 2459 3608 2527 (Psal.
3636 2460 3848 2527 Lxxm).

2156 2552 2359 2604 Fontes
2399 2555 2454 2603 et
2492 2554 2774 2603 torrentes
2821 2548 3068 2617 disrupit
3102 2547 3393 2614 Dominus,
3438 2546 3576 2600 dum
3633 2547 3853 2600 ﬂuenta

2152 2639 2403 2691 veritatis
2453 2639 2510 2692 in
2560 2638 2950 2707 apostolorum
2997 2652 3233 2689 suorum
3280 2636 3506 2705 aperuit
3556 2636 3849 2689 cordibus.

2152 2729 2233 2781 Ad
2292 2743 2539 2798 quorum
2575 2726 2889 2780 doctrinam
2921 2725 3178 2777 sitientes
3224 2724 3484 2778 videlicet
3528 2726 3849 2794 pergimus,

2151 2832 2216 2870 ac
2247 2832 2371 2869 mox
2415 2815 2649 2868 veritate
2693 2815 2888 2885 plenas
2937 2819 3157 2867 nostras
3201 2814 3540 2882 lagungulas
3581 2815 3608 2853 h
3659 2829 3855 2882 repor-

2152 2911 2357 2958 tamus.
2390 2904 2501 2958 Sed
2556 2905 2762 2956 horum
2796 2902 3093 2973 apertione
3139 2902 3386 2955 fontium
3435 2901 3593 2954 ﬂuvii
3648 2903 3855 2955 Etham

2152 2994 2408 3047 exsiccati
2439 2993 2710 3055 existunt,
2744 2993 2880 3061 quia
2904 2996 2965 3044 ut
2994 2990 3268 3044 doctrina:
3290 2989 3496 3043 veritas
3526 3005 3630 3059 per
3676 2991 3849 3043 tidem

2152 3083 2438 3153 apparuit,
2471 3081 2773 3151 gentilium
2803 3082 2941 3133 falsa
2973 3080 3213 3133 scientia
3241 3096 3339 3132 ora
3372 3080 3669 3132 conclusit.

2223 3176 2275 3224 6.
2313 3171 2418 3225 Sed
2450 3170 2516 3223 ad
2568 3170 2863 3240 probanda
2900 3173 3109 3221 nostrae
3140 3167 3578 3222 Christianitatis
3618 3167 3853 3237 eloquia

2152 3260 2496 3324 veneranda,
2530 3265 2585 3311 et
2627 3258 2929 3328 gentilium
2963 3257 3367 3310 exsecrabilem
3414 3258 3525 3310 Deo
3575 3260 3633 3309 et
3662 3256 3854 3309 homi-

2153 3350 2320 3402 nibus
2351 3347 2799 3417 comprobanda,
2835 3346 3150 3398 multorum
3200 3346 3499 3398 doctorum
3548 3344 3607 3397 in
3667 3360 3851 3397 unum

2152 3454 2249 3491 cor
2303 3437 2578 3490 vertimus
2621 3435 2681 3489 i:
2734 3440 2789 3488 et
2829 3434 3160 3488 testimonia
3216 3449 3346 3503 qua:
3392 3449 3567 3504 penes
3615 3449 3708 3486 me
3756 3435 3853 3487 ha-

2150 3525 2359 3578 bentur
2388 3524 2660 3577 hactenus
2707 3528 3070 3592 congregata,
3119 3523 3204 3574 vel
3251 3522 3320 3575 de
3379 3522 3476 3575 illa
3525 3521 3851 3591 quaestione

2152 3614 2419 3677 secunda,
2458 3612 2555 3665 ubi
2614 3611 2683 3665 de
2745 3612 3044 3664 divinitate
3102 3610 3312 3665 Christi
3369 3616 3427 3663 et
3485 3610 3853 3664 humanitate

2151 3708 2339 3755 nostra
2384 3701 2494 3755 fuit
2542 3700 2699 3754 vobis
2756 3700 3048 3769 responsio
3113 3703 3453 3769 temperata,
3519 3700 3688 3768 plura
3758 3699 3856 3752 do-

2150 3796 2368 3845 ctorum
2400 3790 2644 3860 legimus
2676 3790 2926 3854 ﬂoscula,
2950 3805 3077 3859 quas
3107 3788 3270 3842 nobis
3304 3792 3473 3841 erunt
3504 3787 3853 3858 quandoque

2149 3879 2449 3947 mittenda,
2490 3879 2534 3931 si
2566 3877 2859 3948 responsio
2907 3876 3062 3930 ﬂuvii
3094 3876 3267 3929 vestri
3316 3876 3478 3929 nobis
3527 3875 3852 3929 identidem

2148 3965 2401 4019 existerit
2429 3963 2611 4017 obvia.
2660 3963 2867 4017 Verum
2906 3963 3029 4015 haac
3061 3967 3118 4015 et
3144 3962 3257 4015 alia
3287 3977 3540 4031 congruo
3582 3966 3852 4031 tempore

2150 4059 2457 4120 servantes,
2532 4057 2587 4106 et
2640 4052 2698 4105 iu
2766 4051 3071 4105 omnibust
3132 4050 3530 4121 temperantiae
3605 4050 3853 4103 modum

2148 4147 2430 4208 tenentes,
2456 4141 2520 4194 ad
2554 4140 2714 4193 illum
2746 4140 2973 4193 ﬂectere
3013 4138 3321 4191 articulum
3352 4137 3638 4207 congruit,
3687 4137 3851 4205 quod

2150 4234 2403 4282 mentem
2458 4233 2725 4294 macerat,
2778 4233 2834 4281 et
2880 4228 3131 4281 animam
3170 4226 3304 4280 urit.
3350 4226 3509 4290 Quod
3544 4241 3646 4278 nec
3684 4226 3851 4295 cogi-

2079 4320 2121 4372 D
2147 4320 2267 4370 tare
2300 4318 2478 4382 valeo,
2513 4332 2615 4369 nec
2648 4316 2835 4370 dicere
2867 4331 3033 4385 queo.
3071 4316 3155 4369 Ob
3176 4315 3331 4384 quod
3361 4319 3415 4368 et
3442 4314 3614 4381 hujus
3646 4314 3852 4384 inqui-

2148 4405 2371 4459 sitionis
2400 4410 2646 4476 emptum
2671 4419 2824 4457 nunc
2852 4408 3035 4457 exstat
3063 4404 3377 4457 inuectum.

2216 4498 2273 4549 7.
2300 4495 2459 4547 Unde
2490 4509 2649 4563 rogo,
2673 4496 2806 4562 peto
2836 4496 2890 4545 et
2917 4492 3133 4562 ﬂagito,
3165 4496 3226 4544 ut
3260 4507 3357 4544 cor
3380 4494 3544 4543 tuum
3574 4488 3629 4542 in
3677 4505 3854 4543 men-

2148 4590 2262 4639 tem
2302 4582 2625 4636 mirabilem
2675 4580 2817 4635 mihi
2860 4585 3039 4634 totam
3085 4596 3116 4632 a
3161 4580 3312 4633 curis
3338 4578 3532 4632 seaculi
3599 4578 3852 4633 liberam

2145 4688 2456 4743 praapares,
2484 4676 2540 4724 et
2577 4671 2645 4725 ad
2679 4686 2744 4723 ea
2773 4685 2902 4740 quae
2932 4669 3163 4740 inquiro
3198 4669 3462 4722 rimanda
3492 4668 3850 4721 enucleatius

2146 4761 2346 4831 vigiles
2380 4777 2392 4814 :
2455 4760 2695 4814 forsitan
2726 4759 3018 4830 aperietur
3054 4757 3196 4812 mihi
3229 4774 3331 4828 per
3359 4757 3664 4811 fraternale
3695 4758 3853 4810 sola-

2146 4849 2315 4914 tium,
2350 4848 2502 4919 quod
2525 4848 2798 4901 hactenus
2827 4850 3024 4901 manet
3053 4846 3433 4901 occultatione
3472 4862 3573 4898 sua
3594 4844 3853 4915 quadam

2148 4940 2454 5009 sepultum.
2508 4936 2763 5007 Denique
2794 4935 3141 5007 quaestiones
3172 4935 3241 4989 de
3280 4934 3530 4988 hominis
3583 4936 3779 4987 anima
3822 4949 3852 4985 a

2146 5026 2342 5081 multis
2372 5026 2614 5096 agitatas
2653 5025 2916 5096 cognovi,
2950 5024 3101 5079 inter
3146 5024 3354 5078 multos
3405 5023 3684 5077 discursas
3714 5038 3853 5092 per-

2217 5183 2234 5216 ῖ
2273 5184 2363 5237 Μ..
2396 5184 2526 5237 dici.

2217 5266 2247 5308 ι’
2287 5224 2405 5322 Μελ,
2436 5257 2577 5309 veris
2608 5255 2851 5323 scriptis.
2889 5252 3202 5307 Eucherius
3224 5266 3379 5317 vero,
3420 5249 3520 5304 ubi
3573 5265 3771 5320 supra,
3815 5268 3850 5304 α

2143 5328 2369 5380 caeteris.

2215 5398 2243 5439 ιι
2285 5398 2340 5451 L.
2393 5397 2733 5465 lagunculas,
2784 5396 2934 5450 idem
2966 5411 3029 5449 ac
3057 5410 3231 5465 parva
3289 5395 3501 5459 lagena.
3536 5392 3848 5462 Hispanice

2147 5468 2340 5521 Jarro.

2222 5539 2232 5571 ¹
2275 5539 2395 5604 Ms,
2424 5554 2514 5593 cor
2542 5539 2815 5592 certimus.

2290 5610 2384 5661 Ms.
2396 5649 2410 5673 ,
2444 5609 2768 5662 hominibus.
