4086 6182
221 294 324 347 453

220 428 334 496 legi
372 444 385 480 :

220 522 439 574 iuveni.
473 522 578 575 Sed
618 522 758 592 quid
813 522 1146 592 repererim,
1196 523 1401 592 quidve
1443 524 1595 593 apud
1647 525 1794 579 viros
1837 526 1924 578 in-

221 611 434 664 lustres
465 612 821 681 disputatum
867 611 1254 681 cognoverim,
1289 618 1409 666 tota
1455 614 1545 667 hic
1592 631 1706 667 non
1754 615 1923 667 verba

223 701 555 765 retexenda,
593 701 691 754 sed
743 702 954 753 sensim
989 701 1300 755 breviando
1354 703 1645 756 narrabo:
1691 708 1747 755 et
1797 720 1925 774 qua:

223 790 353 855 sint,
388 790 477 842 vel
531 790 723 859 qualia
770 806 896 859 qua:
930 789 997 842 de
1040 789 1139 842 illa
1189 807 1277 844 me
1330 791 1643 845 identidem
1697 798 1927 845 moveut

224 878 355 931 licet
418 880 624 932 rustice
683 879 1012 948 indagabo:
1072 884 1133 932 ut
1190 881 1435 949 qualiter
1490 895 1512 923 α
1566 881 1925 935 inscientiam

225 985 416 1021 meam
462 968 682 1033 doceas,
724 970 807 1021 vel
849 968 1208 1022 documentis
1249 986 1340 1023 me
1374 970 1619 1023 instruas
1651 972 1921 1041 apertius.

225 1056 379 1110 Scias
428 1058 497 1111 de
547 1057 751 1111 animas
799 1057 1231 1110 immortalitate
1290 1058 1431 1111 duos
1489 1059 1923 1129 soliloquiorum

222 1146 592 1200 beatissimus
630 1147 982 1216 Augustinus
1012 1147 1347 1217 conscripsit
1394 1148 1634 1213 libellos,
1672 1150 1925 1203 doctrina

220 1235 499 1305 proﬂuos.
537 1241 591 1289 et
622 1235 1071 1289 evidentioribus
1122 1236 1347 1289 indiciis
1380 1237 1601 1290 abunde
1640 1238 1919 1306 perfusos.

220 1326 280 1376 In
336 1323 551 1394 quibus
597 1324 1087 1377 immortalitatem
1130 1324 1251 1393 ejus
1310 1325 1602 1379 verissime
1635 1332 1691 1379 et
1739 1327 1925 1396 cepio-

220 1413 464 1477 sissime,
524 1412 731 1482 quibus
783 1412 959 1465 valuit
1004 1413 1430 1478 assertionibus,
1489 1415 1920 1485 comprobavit:

218 1502 315 1555 sed
376 1507 432 1555 et
482 1502 540 1554 in
589 1502 747 1554 libris
794 1518 936 1571 quos
998 1505 1069 1555 De
1111 1503 1340 1557 Civi/ale
1386 1505 1484 1556 Det
1526 1504 1679 1557 idem
1725 1505 1925 1557 doctor

221 1592 424 1643 beatus
476 1590 817 1653 adtitulavit,
870 1592 1037 1660 plura
1095 1608 1157 1643 ac
1222 1592 1389 1644 fortia
1437 1594 1922 1662 compugnatione

218 1679 433 1731 animae
469 1683 525 1731 et
565 1679 751 1731 carnis
782 1679 1021 1731 inseruit
1053 1696 1065 1731 :
1096 1685 1150 1731 et
1183 1680 1334 1749 quod
1366 1680 1435 1733 de
1495 1689 1723 1749 peccato
1773 1698 1921 1751 pree-

219 1766 591 1818 varicationis
623 1766 744 1833 ipsa
796 1766 1159 1835 impugnatio
1203 1768 1353 1819 inter
1384 1784 1610 1821 carnem
1646 1774 1700 1821 et
1748 1770 1920 1839 spiri-

217 1861 338 1907 tum
375 1861 503 1907 orta
554 1856 645 1917 sit,
698 1854 1012 1907 certissime
1072 1856 1482 1925 comprobavit.
1536 1858 1641 1911 Sed
1695 1859 1763 1911 de
1824 1859 1923 1911 illo

218 1943 375 2013 quod
410 1958 519 2009 ego
550 1942 719 2011 cupio
752 1942 828 1994 nil
860 1942 1086 2011 penitus
1120 1944 1326 2013 tetigit.
1360 1946 1502 1998 Item
1550 1946 1745 1999 beatus
1797 1947 1923 2000 Hie-

220 2048 502 2099 ronymus
536 2030 605 2083 de
650 2031 861 2083 Natura
898 2031 1118 2083 Auimm
1180 2033 1430 2085 libellum
1480 2051 1716 2103 parvum
1761 2052 1922 2089 com-

215 2120 431 2189 posuit,
467 2124 523 2172 et
553 2124 749 2172 contra
797 2136 891 2172 eos
941 2121 1036 2190 qui
1082 2136 1204 2173 eam
1240 2138 1301 2173 ex
1355 2123 1586 2175 traduce
1621 2128 1802 2177 ortam
1841 2142 1925 2177 as-

219 2215 441 2273 serunt,
496 2214 553 2261 et
592 2208 879 2277 quomodo
928 2225 1134 2278 corpus
1186 2226 1253 2262 ex
1309 2227 1549 2281 corpore
1603 2212 1679 2265 sic
1729 2214 1924 2266 anima

219 2298 373 2349 nasci
407 2314 476 2349 ex
510 2297 731 2361 anima;
766 2297 917 2349 varie
961 2314 1023 2349 ac
1052 2298 1359 2351 fortissime
1394 2300 1681 2354 dimicavit
1715 2319 1726 2354 :
1768 2318 1923 2355 eam-

217 2403 328 2456 que
379 2402 589 2439 novam
642 2385 764 2438 fieri
795 2386 1055 2455 quotidie
1113 2388 1477 2441 nascentibus
1527 2391 1720 2443 multis
1784 2391 1927 2444 Scri-

216 2482 530 2544 pturarnm
612 2474 955 2527 testimoniis
1001 2476 1309 2529 afﬁrmavit
1389 2482 1443 2529 et
1497 2479 1565 2531 ad
1607 2485 1921 2534 extremum

216 2564 506 2633 originem
557 2562 682 2631 ejus
742 2564 958 2616 nescire
1009 2580 1067 2615 se
1130 2564 1289 2616 dixit.
1344 2565 1449 2618 Sed
1492 2571 1549 2619 et
1603 2566 1661 2618 in
1716 2567 1925 2636 dogma

216 2658 549 2704 sanctorum
607 2653 835 2704 Patrum
896 2652 1044 2704 idem
1108 2653 1499 2705 sanctissimus
1555 2655 1743 2708 dixit:
1803 2658 1922 2709 Non

215 2742 490 2810 spiritum
544 2740 642 2793 Dei
696 2741 946 2793 animam
1011 2757 1151 2805 esse,
1209 2741 1302 2793 sed
1366 2743 1565 2795 flatum
1621 2745 1923 2797 creationis

214 2836 431 2895 actum,
469 2845 588 2881 non
618 2829 1005 2897 generationis
1028 2836 1426 2899 expromptum
1460 2847 1472 2883 :
1502 2832 1595 2883 ubi
1627 2838 1683 2885 et
1705 2834 1922 2886 animas

217 2935 389 2970 novas
444 2934 676 2984 semper
723 2917 1085 2970 nascentibus
1133 2918 1312 2971 creari
1345 2920 1501 2972 dixit.
1550 2922 1660 2975 Nec
1704 2938 1797 2974 eas
1861 2923 1919 2975 in

214 3006 391 3058 semel
435 3010 653 3057 creatas
699 3004 755 3057 in
802 3005 1105 3075 principio,
1162 3010 1223 3059 ut
1270 3007 1539 3076 Origenes
1588 3009 1772 3078 fingit,
1818 3026 1919 3064 nec

214 3111 315 3165 per
338 3096 564 3147 coitum
595 3094 888 3157 seminari,
922 3094 1067 3146 sicut
1090 3094 1266 3164 aliqui
1301 3095 1625 3151 Latinorum
1650 3114 1920 3167 praesum-

216 3189 410 3253 ptores
442 3181 808 3247 contendere,
845 3182 1149 3235 afﬁrmavit
1202 3185 1338 3236 Nam
1401 3190 1455 3237 et
1485 3187 1749 3255 egregius
1804 3190 1918 3240 Au-

214 3272 503 3339 gustinus,
541 3270 736 3338 injam
770 3269 921 3323 dicto
953 3270 1207 3324 Civitatis
1244 3273 1340 3326 Dei
1371 3290 1562 3341 opere,
1600 3275 1915 3329 identidem

213 3364 415 3413 tlatum
455 3359 554 3412 Dei
591 3358 837 3411 animam
883 3376 993 3411 non
1034 3377 1100 3413 ex
1150 3360 1470 3415 substantia
1523 3364 1620 3415 Dei
1669 3365 1919 3434 eleganti

213 3448 597 3502 similitudine
665 3448 1075 3517 comprobavit.
1157 3451 1219 3502 Et
1285 3450 1495 3503 iterum
1570 3453 1918 3507 Claudianus

211 3544 413 3591 contra
440 3537 716 3607 opuscula
759 3553 1062 3606 suppresso
1111 3538 1343 3592 nomine
1390 3539 1640 3593 Cassiani
1686 3547 1799 3595 tres
1847 3543 1916 3596 li-

215 3628 346 3680 bros
380 3628 453 3679 de
486 3625 693 3678 animas
726 3625 1117 3678 invisibilitate
1150 3628 1235 3679 vel
1280 3627 1746 3697 incorporalitate
1781 3647 1918 3684 con-

212 3716 364 3780 fecit,
400 3714 463 3767 in
514 3714 721 3783 quibus
760 3714 992 3767 beatum
1044 3714 1321 3769 Hilarium
1362 3718 1539 3786 probe
1579 3718 1919 3773 sentientem

212 3820 385 3857 ausus
420 3802 847 3872 reprehendere
888 3802 1014 3855 fuit.
1064 3804 1128 3855 In
1173 3804 1381 3873 quibus
1434 3805 1628 3858 subtili
1672 3807 1805 3859 satis
1865 3811 1921 3860 et

213 3907 362 3961 pene
422 3890 1329 3959 incomprehensibliassertione,
1383 3892 1675 3945 dialectica
1714 3899 1833 3947 arte
1864 3900 1919 3948 et

214 3980 454 4050 ingenio
496 3978 808 4044 elaborata,
842 3978 898 4031 id
935 3979 1129 4031 multis
1161 3986 1217 4033 et
1244 3996 1395 4049 pene
1423 3982 1727 4052 supertluis
1749 3999 1917 4035 cona-

214 4069 372 4123 tibus
395 4086 504 4139 per
535 4068 912 4137 geometricas
942 4068 1213 4121 formulas
1251 4074 1334 4121 est
1382 4069 1536 4123 nisus
1569 4071 1867 4123 ostendere
1900 4086 1913 4123 :

212 4159 371 4229 quod
408 4159 601 4210 nullus
630 4156 1042 4211 catholicorum
1086 4174 1217 4211 eum
1268 4158 1465 4212 fecisse
1525 4160 1735 4229 poterit
1780 4175 1916 4212 con-

212 4246 476 4299 laudare.
512 4245 657 4298 Illud
716 4244 977 4297 videlicet
1024 4246 1175 4314 quod
1223 4248 1427 4297 natura
1474 4244 1681 4297 animae
1729 4244 1914 4297 incor-

1788 296 2161 357 EPISTOLAE.

439 427 538 481 sed
592 425 808 496 liquide
856 426 986 480 inde
1027 427 1314 497 apertiora
1366 428 1573 482 iudicia
1631 446 1926 501 nunquam
1967 431 2424 489 Aanimautibus
2482 432 2813 487 conditione
2866 435 3156 503 consistat,
3219 442 3279 492 ut
3331 439 3729 513 Tertullianus,

3637 314 3739 367 454

2036 520 2402 588 Apollinaris,
2438 526 2494 574 et
2524 522 2770 575 maxima
2801 540 2931 593 pars
2961 526 3397 581 occidentalium
3445 536 3725 587 autumat.

2035 608 2267 673 Quinta,
2310 626 2437 679 quae
2496 617 2687 665 nostra
2735 617 2790 665 et
2827 613 3015 667 verior
3065 620 3167 677 est,
3231 619 3485 686 quotidie
3528 637 3557 673 a
3612 622 3728 675 Deo

2034 703 2321 765 creantur,
2384 699 2689 752 mittuntur
2744 702 2800 754 in
2864 718 3119 772 corpore,
3175 707 3485 759 secundum
3549 710 3725 763 Evan-

2035 785 2246 853 gelium
2288 803 2299 838 :
2360 788 2520 840 Pater
2571 804 2716 842 meus
2768 806 2938 859 usque
2989 792 3142 845 modo
3195 800 3469 862 operatur,
3517 802 3567 851 et
3634 814 3727 864 ego

2034 890 2223 942 Operor
2260 875 2437 945 (Joan.
2471 878 2544 945 v).
2584 897 2609 926 ι)

2104 966 2153 1015 8.
2198 964 2333 1017 Item
2367 965 2727 1019 beatissimus
2755 968 3107 1037 Augustinus
3142 970 3199 1023 in
3230 971 3389 1025 libris
3421 974 3489 1027 de
3523 974 3725 1029 Libero

2033 1052 2284 1105 Arbitrio
2318 1059 2566 1123 quatuor
2595 1057 2804 1125 posuit,
2867 1058 2962 1110 sed
2997 1059 3213 1111 nullam
3269 1077 3331 1113 ex
3364 1062 3501 1131 ipsis
3531 1064 3725 1118 ﬁrma-

2034 1142 2132 1205 vit,
2166 1142 2260 1194 sed
2296 1146 2722 1197 consentionem
2758 1162 2915 1198 suam
2948 1147 3016 1199 ab
3048 1149 3315 1202 omnibus
3363 1151 3617 1214 abstulit,
3672 1158 3728 1206 et

2035 1245 2161 1299 quas
2205 1230 2393 1283 verior
2434 1236 2602 1298 esset,
2670 1234 2765 1285 Dei
2800 1234 3049 1288 scientiae
3080 1236 3405 1307 dereliquit.
3457 1239 3725 1303 Quintam

2031 1319 2492 1374 Priscillanorum
2529 1322 2762 1389 dimisit,
2811 1341 2983 1394 quam
3017 1343 3083 1379 eo
3144 1332 3398 1398 tempore
3434 1329 3725 1400 ignorasse

2032 1407 2091 1459 in
2123 1408 2366 1476 epistola
2386 1410 2453 1462 ad
2489 1411 2713 1464 beatum
2752 1412 3161 1483 Hieronymum
3194 1433 3295 1485 per
3326 1416 3589 1472 Orosium
3638 1419 3723 1473 di-

2033 1501 2185 1550 recta
2216 1498 2501 1551 confessus
2536 1504 2637 1553 est.
2677 1502 2825 1553 Hanc
2875 1519 3009 1572 ergo
3059 1504 3388 1573 opinionem
3440 1523 3553 1577 qua
3602 1508 3725 1561 ani-

2033 1602 2141 1638 mae
2184 1602 2339 1639 novae
2372 1588 2641 1641 dicuntur
2672 1590 2727 1641 in
2760 1607 2995 1661 corpore
3026 1594 3282 1663 quotidie
3314 1612 3346 1647 a
3381 1597 3493 1648 Deo
3522 1597 3723 1662 creari,

2034 1673 2181 1726 idem
2218 1674 2271 1727 S.
2306 1676 2660 1743 Augustinus
2706 1678 2855 1731 beati
2888 1680 3219 1750 Hieronymi
3277 1683 3414 1735 dicit
3462 1684 3723 1751 existere,

2034 1767 2227 1815 contra
2260 1778 2427 1832 quem
2462 1764 2520 1815 in
2556 1766 2755 1818 eadem
2788 1767 3027 1836 epistola
3081 1786 3185 1838 per
3238 1772 3497 1824 Orosium
3555 1774 3726 1827 missa

2033 1852 2214 1904 multo
2267 1852 2506 1906 viriliter
2561 1854 2891 1921 decertavit,
2949 1858 3024 1910 ait
3080 1859 3279 1912 enim:
3334 1880 3360 1909 (ι
3414 1861 3510 1913 Dic
3559 1863 3719 1927 mihi,

2033 1938 2078 1991 si
2113 1939 2318 1992 anima!
2342 1940 2677 2010 singillatim
2696 1944 2935 2013 singulis
2957 1945 3126 1999 hodie
3151 1948 3512 2001 nascentibus
3546 1950 3719 2015 fiunt;

2033 2028 2130 2080 ubi
2160 2029 2217 2080 in
2258 2029 2508 2099 parvulis
2552 2037 2808 2099 peccant,
2847 2037 2909 2085 ut
2945 2034 3236 2103 indigeant
3274 2036 3333 2089 in
3369 2045 3721 2091 sacramento

2032 2116 2239 2169 Christi
2288 2118 2623 2171 remissione
2672 2120 2908 2187 peccati,
2957 2130 3254 2191 peccantes
3307 2124 3364 2177 in
3405 2126 3607 2193 Adam,
3658 2144 3720 2180 ex

2032 2222 2143 2276 quo
2174 2222 2302 2259 caro
2338 2212 2421 2259 est
2448 2214 2762 2277 propagata
2794 2211 3007 2278 peccati
3042 2228 3054 2263 :
3089 2218 3185 2265 aut
3230 2213 3275 2265 si
3318 2230 3429 2267 non
3466 2221 3719 2284 peccant,

2032 2296 2166 2364 quia
2190 2296 2412 2365 justitia
2444 2296 2723 2349 Creatoris
2756 2298 2835 2350 ita
2870 2306 3099 2368 peccato
3139 2301 3469 2371 obligantur
3513 2304 3720 2369 alieno,

2031 2399 2160 2435 cum
2193 2383 2397 2436 exinde
2430 2386 2757 2454 propagatis
2786 2388 3059 2440 membris
3095 2391 3431 2443 mortalibus
3460 2392 3725 2446 inserun-

2032 2476 2143 2537 tur,
2203 2476 2265 2523 ut
2320 2488 2413 2524 eas
2466 2472 2573 2525 nisi
2628 2490 2730 2542 per
2776 2475 3079 2529 Ecclesiam
3132 2479 3471 2533 subventum
3530 2481 3724 2549 fuerit,

2032 2560 2321 2613 damnatio
2352 2570 2762 2631 consequatur;
2798 2580 2925 2617 cum
2972 2566 3029 2617 in
3063 2583 3257 2620 earum
3291 2573 3569 2637 potestate
3610 2587 3725 2623 non

2032 2650 2122 2713 sit,
2153 2658 2217 2704 ut
2260 2650 2340 2704 eis
2390 2652 2563 2721 possit
2600 2653 2782 2721 gratia
2825 2653 3094 2723 baptismi
3132 2656 3440 2710 subveniri.
3474 2659 3577 2712 Tot
3618 2660 3726 2729 igi-

2030 2744 2125 2792 tur
2153 2740 2476 2793 animarum
2508 2741 2708 2805 millia,
2743 2759 2870 2811 qua!
2917 2744 2977 2795 in
3006 2745 3286 2797 mortibus
3352 2748 3725 2815 parvulorum

2031 2828 2153 2880 sine
2181 2827 2541 2897 indulgentia
2572 2829 2873 2883 Christiani
2906 2833 3243 2885 sacramenti
3276 2834 3343 2887 de
3393 2836 3729 2906 corporibus

2028 2920 2256 2977 exeunt,
2318 2933 2430 2985 qua
2478 2918 2744 2985 mquitate
2779 2921 2802 2961 b
2850 2920 3216 2987 damnantur,
3262 2923 3307 2975 si
3367 2940 3527 2977 nova!
3573 2941 3728 2979 crea-

2029 3010 2192 3069 turas,
2230 3005 2388 3057 nullo
2422 3022 2522 3057 suo
2581 3008 2935 3076 przecedente
2994 3015 3247 3077 peccato,
3299 3012 3393 3065 sed
3436 3013 3728 3067 voluntate

2031 3093 2312 3146 Creatoris
2356 3094 2597 3163 singula:
2645 3095 2883 3163 singulis
2927 3098 3291 3151 nascentibus
3343 3101 3725 3167 adhasserunt,

2030 3181 2240 3251 quibus
2271 3198 2363 3233 eas
2392 3182 2713 3235 animandis
2760 3182 2855 3236 ille
2884 3184 3093 3238 creavit
3123 3190 3177 3237 et
3226 3186 3403 3253 dedit,
3467 3189 3567 3257 qui
3615 3191 3725 3243 uti-

2026 3286 2135 3339 que
2166 3276 2418 3333 noverat,
2462 3272 2612 3341 quod
2644 3288 3007 3343 unaquaeque
3042 3274 3199 3326 nulla
3227 3291 3328 3328 sua
3380 3277 3551 3346 culpa
3596 3278 3719 3330 sine

2026 3357 2309 3427 baptismo
2358 3359 2563 3411 Christi
2621 3359 2688 3412 de
2731 3376 2971 3429 corpore
3029 3361 3213 3414 fuerat
3270 3362 3527 3417 exitura?
3570 3365 3720 3428 Quo-

2026 3446 2181 3499 niam
2210 3446 2386 3516 igitur
2433 3464 2618 3517 neque
2653 3448 2722 3501 de
2776 3449 2888 3502 Deo
2939 3466 3244 3519 possumus
3299 3451 3508 3517 dicere,
3567 3454 3720 3524 quod

2026 3534 2113 3587 vel
2144 3539 2309 3604 cogat
2341 3535 2559 3588 animas
2593 3536 2717 3588 ﬁeri
2764 3537 3128 3605 peccatrices,
3158 3539 3242 3591 vel
3294 3539 3495 3609 puniat
3544 3540 3720 3594 iuno-

2024 3629 2242 3689 centes;
2279 3640 2466 3694 neque
2498 3625 2579 3678 fas
2615 3625 2780 3679 nobis
2812 3632 2916 3695 est,
2966 3634 3031 3680 ut
3063 3644 3155 3680 eas
3188 3644 3316 3698 qum
3358 3629 3479 3682 sine
3511 3629 3720 3683 Christi

2024 3719 2379 3767 sacramento
2412 3714 2480 3767 de
2538 3715 2871 3785 corporibus
2911 3716 3173 3779 exierint,
3225 3719 3396 3771 etiam
3449 3720 3719 3788 parvulo-

2024 3817 2175 3865 rum,
2210 3818 2320 3854 non
2367 3802 2475 3855 nisi
2524 3801 2583 3854 in
2642 3803 3063 3857 damnationem
3112 3806 3291 3869 trahi;
3346 3807 3583 3861 obsecro
3640 3812 3715 3875 te,

2026 3890 2310 3959 quomodo
2333 3890 2453 3943 haec
2477 3890 2673 3960 opinio
2707 3891 3206 3962 defendatur,'qua
3238 3894 3550 3949 creduntur
3594 3896 3716 3949 ani-

2024 3994 2133 4031 mas
2163 3995 2278 4031 non
2307 3995 2370 4031 ex
2416 3978 2512 4031 illa
2562 3996 2673 4031 una
2703 3979 2871 4048 primi
2925 3980 3049 4033 fieri
3099 3981 3369 4046 hominis,
3426 3984 3523 4037 sed
3573 3984 3717 4040 sicut

2024 4066 2119 4119 ille
2148 4066 2332 4136 prima
2363 4066 2458 4119 uni
2489 4076 2527 4131 ε,
2558 4067 2634 4120 ita
2656 4068 2896 4135 singulis
2929 4068 3191 4138 singulae.
3229 4091 3255 4117 ››
3284 4072 3347 4123 Et
3378 4075 3508 4140 post
3538 4074 3717 4127 multa

2024 4156 2095 4208 ad
2133 4155 2325 4209 locum
2366 4156 2443 4209 sic
2474 4155 2608 4209 dicit
2640 4173 2651 4209 :
2687 4178 2708 4203 ε
2740 4156 2845 4210 Sed
2880 4173 3009 4211 cum
3042 4158 3111 4211 ad
3144 4175 3340 4229 poenas
3367 4165 3599 4214 ventum
3634 4167 3717 4217 est

2024 4245 2416 4314 parvulorum,
2478 4246 2725 4315 magnis,
2787 4246 2926 4299 mihi
2982 4248 3167 4313 crede,
3229 4254 3483 4302 coarctor
3533 4266 3714 4321 angu-

210 4350 392 4405 porea
434 4338 493 4387 et
540 4332 808 4386 invisibili
858 4333 1027 4385 etiam
1058 4349 1090 4385 a
1138 4334 1249 4386 Deo
1294 4333 1534 4387 asseruit
1572 4350 1712 4386 esse.
1775 4335 1912 4386 Item
1953 4346 1997 4400 1)
2028 4333 2172 4399 stiis,
2222 4349 2327 4386 nec
2358 4333 2496 4403 quid
2557 4334 2933 4403 respondeam
2990 4352 3225 4405 prorsus
3278 4338 3531 4392 invenio.
3592 4342 3715 4395 Non

202 4423 328 4492 jam
366 4422 553 4476 dictus
590 4422 898 4490 praeclarus
943 4437 1007 4474 ac
1054 4421 1421 4475 beatissimus
1472 4422 1669 4475 doctor
1726 4421 1913 4474 Hiero-

208 4527 424 4581 nymus
473 4510 796 4564 Marcellino
844 4510 1073 4563 cuidam
1120 4526 1187 4562 ex
1218 4510 1406 4564 Africa
1453 4510 1815 4579 percontanti
1847 4510 1915 4565 de

208 4600 442 4669 origine
466 4599 671 4652 animae
691 4600 771 4651 ita
800 4598 1127 4668 rescripsit:
1168 4618 1194 4648 ‹‹
1233 4599 1496 4669 Quinque
1524 4604 1672 4664 sunt,
1704 4600 1910 4670 inquit,

207 4688 520 4759 opiniones
552 4688 620 4740 de
658 4686 851 4740 anima
884 4703 895 4739 ε
926 4687 1114 4757 prima
1143 4687 1361 4757 lapsam
1393 4688 1462 4741 de
1515 4689 1673 4755 caelo,
1718 4692 1779 4741 ut
1809 4689 1912 4757 Py-

206 4778 483 4847 thagoras
532 4776 927 4845 philosophus,
980 4792 1295 4846 omnesque
1342 4776 1637 4843 Platonii-i,
1692 4781 1748 4831 et
1795 4776 1913 4831 Ori-

205 4883 388 4937 genes
418 4870 613 4935 putat;
640 4865 815 4919 altera
847 4866 914 4919 de
947 4866 1265 4918 substantia
1315 4866 1435 4933 Dei,
1476 4872 1537 4920 ut
1574 4866 1767 4933 Stoici,
1798 4868 1912 4919 Ma-

203 4954 416 5008 uichaei
472 4958 527 5007 et
600 4953 788 5024 Spana
856 4953 1211 5007 Priscilliana
1280 4955 1512 5008 haeresis
1567 4955 1909 5025 suspicatur.

202 5042 418 5108 Tertia,
467 5042 527 5094 in
575 5042 844 5095 thesauro
898 5041 1218 5094 habeantur
1247 5042 1383 5095 olim
1422 5042 1664 5095 conditas
1695 5046 1757 5096 ut
1784 5042 1911 5113 qui-

203 5132 342 5185 dam
425 5128 787 5183 ecclesiastici
860 5130 1031 5183 stulta
1105 5131 1475 5199 persuasione
1534 5130 1905 5185 contendunt.

201 5221 441 5285 Quarta,
470 5236 537 5273 ex
582 5219 835 5285 traduce,
869 5224 929 5272 ut
975 5219 1265 5289 quomodo
1311 5235 1516 5289 corpus
1552 5235 1615 5273 ex
1647 5235 1911 5290 corpore,

202 5305 284 5355 sic
336 5303 528 5357 anima
550 5310 839 5359 «nascatur
868 5322 931 5360 ex
982 5306 1194 5373 anima,
1231 5311 1289 5359 et
1316 5305 1501 5359 simile
1543 5323 1672 5361 cum
1726 5307 1909 5361 brutis

278 5469 305 5494 ³
344 5460 607 5527 Qualiter,
641 5460 694 5513 id
720 5466 805 5516 est
834 5478 1067 5533 quoquo
1091 5461 1284 5517 modo.

278 5534 305 5573 ι)
342 5533 462 5595 Ms,
541 5534 823 5604 qualitate.
902 5534 1257 5603 Augustinus
1312 5550 1466 5595 vero,
1535 5534 1702 5604 epist.

206 5618 331 5672 cap.
365 5604 419 5667 4,
440 5603 718 5669 equitate.

1786 5537 1904 5601 166,

2026 4422 2213 4474 solum
2247 4438 2366 4474 esse
2397 4438 2595 4490 poenas
2639 4423 2784 4490 dico,
2820 4440 2961 4494 quas
2999 4424 3173 4478 habet
3202 4432 3330 4496 post
3360 4428 3506 4481 hanc
3538 4428 3713 4483 vitam

2024 4509 2121 4562 illa
2174 4509 2486 4574 damnatio,
2523 4511 2692 4579 quod
2738 4527 2966 4565 necesse
3024 4519 3110 4566 est
3164 4515 3483 4583 trahantur,
3546 4516 3592 4570 si
3644 4518 3714 4572 de

2022 4613 2261 4667 corpore
2293 4597 2537 4651 exierint
2567 4598 2687 4651 sine
2719 4600 3055 4654 Christianae
3088 4606 3284 4671 gratia:
3335 4611 3710 4669 sacramento,

2024 4686 2121 4739 sed
2154 4702 2248 4739 eas
2295 4686 2445 4755 ipsas
2476 4702 2604 4756 quae
2635 4687 2692 4739 in
2726 4686 2830 4740 hac
2859 4688 2971 4741 vita
3003 4689 3329 4745 dolentibus
3376 4693 3539 4747 nobis
3584 4711 3711 4749 ver-

2022 4778 2220 4827 santur
2251 4778 2380 4827 ante
2407 4774 2615 4828 oculos.
2656 4775 2803 4838 Quas
2852 4793 3190 4832 enumerare
3238 4780 3283 4833 si
3331 4782 3520 4850 velim,
3555 4783 3712 4852 prius

2020 4867 2281 4932 tempora
2351 4879 2522 4933 quam
2605 4864 2864 4933 exempla
2951 4865 3241 4921 deficiunt.
3314 4870 3711 4939 Languescuut

2020 4951 2475 5022 egritudinibus,
2538 4955 2880 5022 torquentur
2938 4953 3254 5021 doloribus,
3312 4957 3462 5010 fame
3515 4963 3571 5012 et
3618 4959 3709 5013 siti

2019 5040 2368 5107 cruciantur,
2419 5040 2794 5094 debilitantur
2842 5042 3130 5105 membris,
3185 5045 3485 5113 privantur
3527 5047 3709 5101 sensi—

2018 5127 2143 5191 bus,
2176 5132 2455 5183 vexantur
2492 5130 2561 5183 ab
2596 5129 2911 5184 immundis
2942 5130 3257 5202 spiritibus.
3302 5135 3709 5191 Demonstran-

2022 5217 2159 5271 dum
2207 5222 2289 5271 est
2320 5218 2520 5289 utique
2551 5220 2835 5290 quomodo
2889 5220 2994 5274 ista
3051 5222 3173 5275 sine
3230 5223 3347 5276 ulla
3405 5240 3507 5277 sua
3560 5227 3711 5280 mala

2019 5322 2188 5360 causa
2210 5309 2363 5375 juste
2396 5307 2687 5378 patiantur
2710 5313 2751 5363 ε.
2788 5311 2911 5363 Non
2954 5309 3106 5365 enim
3156 5310 3267 5364 dici
3318 5312 3401 5365 fas
3457 5316 3559 5380 est,
3612 5320 3709 5370 aut

2086 5472 2109 5497 ε
2146 5462 2309 5584 ,ἧροό
2342 5464 2485 5533 Aug.
2521 5462 2620 5527 ibi,
2648 5480 2764 5521 una
2796 5466 2913 5545 uni.

2086 5530 2112 5567 ι¹
2203 5550 2269 5584 s..
2300 5550 2427 5584 aua.
2470 5536 2633 5584 Anud
2664 5540 2805 5584 Aug.
2840 5536 2913 5584 ibi

2086 5530 2112 5567 ι¹
2150 5530 2269 5599 Ms,
2300 5530 2633 5603 quaprud
2664 5540 2805 5604 Aug.
2840 5535 3073 5604 ibidem,
3100 5552 3223 5606 cap.
3259 5540 3309 5603 6,
3346 5554 3467 5606 quo.

2085 5615 2106 5639 ε
2148 5605 2267 5669 Ms.,
2292 5606 2617 5673 puniantur.
