4086 6182
219 279 307 330 457
1742 271 2096 329 ΕΡΙΞΤΟΙΑΕ
2118 316 2119 319 η

277 413 351 467 lt).
382 412 474 467 Sin
502 411 686 475 aliter,
710 409 845 481 quid
869 408 1097 479 cupiam
1137 409 1450 463 edisserere
1478 425 1591 463 non
1618 410 1877 463 moreris.
1921 414 1965 463 A

212 504 475 570 Interrogo
506 500 681 565 enim,
727 505 783 553 et
832 500 964 551 satis
1012 498 1302 568 desquiro,
1353 500 1480 569 quis
1510 514 1575 552 ex
1634 504 1876 569 utroque

209 590 418 644 homine
447 597 471 621 ⁸
496 588 802 641 mandatur
824 588 1125 657 baptismo,
1161 592 1354 640 utrum
1385 602 1612 657 corpus,
1647 587 1745 656 qui
1774 602 1877 640 ex-

208 678 365 731 terior
394 678 460 730 ab
488 677 757 746 Apostolo
786 678 871 728 est
908 676 1091 729 dictus
1124 676 1307 744 (Rom.
1354 678 1471 742 vn),
1505 692 1578 729 an
1610 675 1871 740 interior,

208 767 292 836 qui
327 764 571 835 spiritus,
601 764 689 817 vel
729 763 918 817 anima
950 767 1034 816 est
1072 763 1429 833 appellatus?
1464 764 1531 817 Et
1560 764 1605 816 si
1665 778 1877 833 corpus

208 860 408 907 tantum
440 858 495 906 et
524 869 634 906 non
667 852 878 919 anima,
911 867 1037 905 cum
1071 868 1325 922 corpore,
1368 851 1631 920 superius
1661 852 1875 906 dictum

206 955 505 994 recenseam
531 939 857 1009 Augustini.
893 940 1004 993 Cur
1043 954 1162 992 non
1205 938 1569 1008 baptizantur
1610 944 1666 992 et
1712 955 1872 992 mor-

206 1029 322 1083 tui?
363 1028 501 1081 Etsi
540 1028 755 1095 anima,
796 1027 933 1098 quid
972 1027 1210 1081 diluitur
1258 1027 1317 1080 in
1360 1027 1480 1095 illa,
1520 1043 1649 1098 qum
1694 1044 1807 1081 non
1844 1045 1874 1080 a

207 1117 370 1188 primo
398 1116 627 1170 homine
655 1115 891 1169 existitit
923 1119 1253 1185 propagata,
1307 1116 1405 1169 sed
1438 1116 1658 1169 noviter
1697 1133 1725 1169 a
1759 1117 1873 1170 Deo

206 1205 514 1274 singillatim
556 1203 869 1274 unicuique
918 1204 1149 1256 creata?
1185 1204 1293 1256 Hac
1324 1203 1709 1272 disputatione
1740 1218 1872 1272 pro-

205 1294 325 1347 clive
352 1293 691 1358 ostenditur,
741 1308 946 1362 corpus
976 1298 1202 1345 tantum
1237 1307 1302 1345 ex
1337 1291 1601 1361 originali
1659 1308 1873 1362 propa-

204 1388 377 1451 gatum
410 1380 639 1447 delicto,
664 1381 817 1451 quod
844 1396 909 1433 ex
936 1380 1072 1434 Adae
1116 1378 1433 1449 propagine
1463 1395 1565 1449 per
1612 1379 1873 1433 traduces

202 1471 401 1540 liquore
434 1470 687 1539 quodam
721 1469 904 1523 oritur
974 1468 1178 1522 saecqu
1212 1484 1225 1519 :
1268 1467 1460 1521 anima
1497 1473 1691 1522 tamen
1741 1484 1869 1538 quae

201 1574 326 1611 nova
356 1563 407 1611 et
452 1558 670 1628 absque
716 1559 907 1627 aliqua
937 1556 1166 1625 corpori
1198 1556 1522 1609 infunditur
1553 1557 1739 1623 culpa,
1773 1573 1874 1609 cur

200 1646 443 1715 baptismi
475 1647 785 1700 mundetur
832 1645 901 1698 ab
930 1647 1097 1705 unda,
1131 1661 1259 1714 quae
1302 1660 1403 1697 nec
1433 1645 1492 1697 in
1559 1644 1872 1714 primordio
1915 1684 1953 1736 Β

201 1736 391 1788 exstitit
446 1734 917 1805 transgressionis
944 1733 1215 1803 praecepti
1267 1733 1325 1785 in
1383 1733 1719 1803 protoplasti
1767 1734 1872 1788 de-

200 1823 314 1876 licto
342 1825 689 1877 comestione
730 1822 1020 1877 interdicti
1069 1821 1289 1874 arboris
1320 1822 1589 1887 sauciata,
1650 1838 1754 1875 nec
1810 1822 1871 1875 in

199 1903 390 1956 mundo
420 1904 656 1958 veniens
696 1905 755 1956 in
794 1919 1027 1973 corpore
1080 1903 1214 1956 vitio
1253 1902 1632 1956 concretionis
1689 1903 1871 1957 sative

200 1997 465 2061 compacto
490 1996 676 2047 exstat
705 1992 943 2045 inclusa.
976 1992 1301 2046 Absurdum
1344 1993 1498 2045 enim
1530 1996 1634 2057 est,
1672 1992 1808 2045 satis
1839 2008 1872 2045 a

199 2080 427 2133 veritatis
449 2080 602 2133 linea
622 2081 871 2146 devium,
897 2086 952 2133 et
980 2080 1245 2134 omnibus
1269 2081 1451 2134 modis
1482 2086 1565 2134 est
1594 2081 1866 2147 alienum,

199 2172 281 2220 aut
322 2168 509 2222 eluere
568 2186 681 2222 non
730 2169 958 2239 penitus
1005 2168 1394 2239 inquinatum,
1446 2173 1544 2222 aut
1592 2168 1869 2223 mundare

199 2256 489 2326 cujuspiam
543 2257 878 2311 insensibile
934 2257 1277 2311 membrum.
1334 2257 1390 2311 Si
1453 2258 1607 2311 enim
1665 2273 1869 2327 corpus

199 2348 395 2397 tantum
426 2345 761 2411 mandatur,
804 2343 957 2414 quod
989 2343 1347 2398 immobilem
1375 2344 1522 2414 gerit
1551 2349 1780 2413 statum,
1815 2349 1871 2399 et

198 2430 288 2483 nisi
314 2432 480 2485 fuerit
530 2432 734 2502 spiritu
786 2431 1102 2485 viviﬁcante
1144 2433 1488 2501 animarum,
1538 2433 1868 2487 insensibile

198 2521 356 2589 magis
387 2521 710 2586 metallum,
744 2537 916 2591 quam
937 2521 1178 2591 alicujus
1211 2522 1291 2575 rei
1320 2521 1651 2575 invenietur
1680 2538 1868 2576 neces-

199 2609 325 2662 sario
350 2616 549 2679 aptum
579 2627 591 2663 :
626 2626 762 2680 ergo
797 2610 1092 2664 fatendum
1124 2615 1229 2677 est,
1258 2626 1373 2663 non
1405 2611 1473 2665 ad
1504 2610 1867 2665 redimendas

198 2699 389 2751 animas
420 2700 713 2753 Christum
746 2700 1053 2752 Dominum
1085 2699 1440 2752 descendisse
1461 2700 1529 2753 de
1552 2700 1713 2766 coelo,
1739 2716 1867 2771 qua:

197 2802 294 2840 non
323 2793 448 2841 sunt
479 2789 620 2842 Adze
653 2789 885 2841 infectas
921 2788 1188 2857 originali
1222 2788 1443 2854 delicto,
1495 2789 1589 2841 sed
1634 2794 1696 2841 ut
1742 2805 1865 2841 cor-

195 2889 317 2943 pora
362 2880 590 2929 tantum
632 2875 962 2943 redimeret,
1002 2892 1129 2946 quae
1181 2892 1249 2928 ex
1299 2877 1528 2929 traduce
1579 2876 1866 2946 peccantis

3582 279 3687 334 458

2798 408 2884 461 Vl.

2076 512 2191 550 ITEM
2234 513 2475 549 EPISTOLA
2514 512 2736 549 JOANNIS
2777 514 3051 551 SI‘ALENSIS
3099 516 3307 555 ALVARO
3349 519 3590 558 DIRECTA.

2057 584 2309 649 Inlustri,
2360 583 2570 637 eximio
2618 585 2883 655 celsoque
2934 588 3153 640 ALVAuo
3194 589 3459 655 Joaxxas,
3512 592 3678 657 mini-

1985 686 2113 724 mus
2144 672 2430 737 omnibus,
2464 672 2523 725 in
2553 673 2773 725 cunctis
2801 677 3114 728 extremus.

2059 763 2105 813 1.
2139 760 2279 813 Cum
2307 760 2508 814 diebus
2538 761 2808 814 omnibus
2844 767 2899 815 et
2932 764 3237 816 momentis
3282 764 3536 819 studium
3589 785 3681 821 sa-

1984 847 2217 916 pientiae
2244 853 2445 901 vestrae
2467 854 2523 902 et
2568 849 3010 904 sollicitudinem
3040 851 3374 922 pervigilem
3403 854 3551 907 circa
3572 856 3681 908 uti-

1985 935 2200 991 litatem
2258 937 2390 990 ﬁdei
2448 938 2741 991 catholicae
2785 940 3309 1009 comprobaremus,
3350 947 3537 1011 grates
3569 944 3682 997 Deo

1983 1024 2207 1094 egimus
2240 1025 2375 1095 quia
2424 1026 2618 1079 lumen
2658 1032 2904 1080 vestrum
2938 1027 3037 1081 diu
3072 1028 3287 1081 redolet
3328 1029 3386 1082 in
3425 1031 3678 1097 occultis,

1983 1115 2265 1183 perpetim
2300 1115 2450 1168 lucet
2498 1119 2552 1168 et
2596 1114 2656 1167 in
2702 1116 2965 1186 publicis,
3018 1117 3362 1187 plerumque
3408 1119 3568 1173 radio
3594 1121 3681 1173 sui

1982 1202 2223 1272 fulgoris
2275 1204 2335 1256 in
2390 1204 2603 1257 ﬁnibus
2660 1205 2985 1274 resplendet
3032 1205 3331 1270 universis,
3394 1207 3680 1262 interdum

1981 1292 2291 1344 concrescit
2324 1296 2385 1345 ut
2415 1292 2608 1362 pluvia
2656 1292 2714 1345 in
2742 1293 2985 1363 eloquiis
3039 1294 3372 1363 cunctisque
3422 1295 3628 1349 divinis
3663 1313 3675 1349 :

1981 1379 2179 1433 crebro
2221 1380 2384 1450 quasi
2434 1380 2618 1433 imber
2670 1396 2842 1451 super
2884 1382 3146 1451 gramina
3194 1384 3425 1453 eloquia
3478 1384 3677 1450 mittis,

1982 1472 2037 1521 et
2065 1468 2211 1521 sicut
2258 1468 2423 1521 stilla:
2473 1484 2644 1537 super
2686 1468 2888 1523 herbas
2932 1470 3247 1523 doctrinam
3292 1472 3556 1526 eximiam
3589 1472 3679 1526 in-

1982 1555 2187 1607 fundis.
2222 1557 2283 1608 Et
2325 1556 2459 1624 quia
2491 1556 2547 1607 in
2596 1556 2684 1608 liis
2708 1556 2975 1609 omnibus
3004 1559 3214 1625 prmsul
3265 1559 3477 1624 existis,
3510 1560 3678 1612 faciat

1983 1647 2037 1696 te
2071 1643 2345 1696 Dominus
2374 1643 2786 1713 longitudinem
2816 1644 3039 1698 dierum
3080 1645 3320 1715 implere
3368 1646 3424 1699 in
3487 1648 3673 1713 annis,

1982 1734 2039 1783 et
2070 1731 2400 1798 :ostendere
2436 1747 2606 1800 super
2642 1736 2695 1784 te
2743 1733 2964 1785 vultum
2991 1750 3107 1786 sum
3152 1733 3397 1803 pietatis,
3430 1738 3495 1788 ut
3528 1751 3561 1788 a
3591 1741 3675 1789 te-

1978 1818 2079 1871 tris
2132 1821 2326 1871 erutus
2357 1818 2695 1888 caliginibus
2747 1833 2791 1883 0,
2852 1820 3144 1874 sodalibus
3202 1820 3263 1874 in
3324 1822 3458 1875 locis
3518 1823 3673 1877 ocius

1978 1906 2359 1960 conscendere
2388 1908 2679 1961 merearis.
2714 1910 2917 1961 Amen.

2049 1997 2101 2048 2.
2134 1996 2428 2048 Postremo
2460 1995 2739 2065 quidquid
2766 1996 3045 2066 sapientia
3072 2002 3257 2051 vestra
3298 1999 3365 2052 de
3415 1999 3669 2070 quinque

1977 2100 2277 2138 causarum
2355 2084 2680 2137 animarum
2748 2086 3106 2139 connexione
3180 2087 3536 2157 multiplicat,
3616 2093 3671 2142 et

1978 2171 2324 2242 quaestiones
2348 2172 2571 2225 diversa
2606 2172 2623 2206 ί
2645 2173 2795 2225 inter
2827 2190 2883 2226 se
2914 2174 3308 2240 defendentes,
3344 2180 3400 2227 et
3427 2175 3487 2229 in
3523 2177 3671 2230 mul-

1975 2258 2046 2312 tis
2092 2259 2315 2313 diversa
2342 2259 2674 2324 sentientes,
2714 2268 3005 2330 utcunque
3058 2260 3350 2330 potuimus
3418 2263 3673 2317 animad-

1975 2346 2268 2413 vertimus,
2307 2352 2361 2400 et
2388 2362 2631 2417 quasque
2666 2364 2731 2400 ex
2763 2347 2896 2401 inde
2925 2348 3158 2417 majoris
3190 2349 3371 2401 nostri
3393 2351 3675 2405 senserint

1975 2434 2382 2489 intelleximus.
2438 2435 2609 2489 Addit
2656 2441 2848 2489 tamen
2902 2437 3206 2505 prudentia
3252 2441 3457 2504 vestra,
3514 2443 3579 2492 ut
3626 2440 3672 2493 si

1976 2524 2185 2578 alicubi
2216 2524 2650 2594 responsionem
2696 2523 2847 2577 beati
2898 2525 3231 2595 Hieronymi
3280 2526 3511 2596 egregio
3556 2530 3671 2582 Au-

1975 2613 2205 2682 gustino
2254 2612 2626 2683 perlegimus,
2681 2613 2967 2687 dulcedini
3027 2618 3227 2667 vestras
3283 2615 3671 2670 transmittere

1975 2716 2090 2753 non
2121 2700 2432 2754 tardemus.
2477 2701 2625 2754 Vivit
2683 2701 2982 2763 Dominus,
3032 2706 3088 2755 et
3130 2702 3282 2754 vivat
3328 2702 3521 2756 anima
3549 2708 3671 2771 tua,
3746 2694 3769 2707 ί

1976 2789 2108 2858 quia
2138 2788 2278 2842 nihil
2312 2789 2515 2843 exinde
2544 2789 2784 2859 legerim
2818 2789 3155 2860 rescriptum
3198 2804 3246 2855 ς,
3283 2790 3392 2843 nisi
3447 2796 3671 2847 tantum
3742 2812 3749 2813 ί

1975 2877 2125 2931 beati
2173 2878 2459 2931 Ambrosii
2503 2878 2740 2947 legerim
2791 2879 2999 2947 dogma
3058 2879 3362 2932 adversum
3428 2895 3524 2933 eos
3572 2881 3671 2951 qui

198 2968 301 3015 orta
327 2970 632 3018 manerent
672 2967 718 3017 Ι).
752 2966 817 3018 Et
847 2966 973 3035 quis
1012 2966 1119 3018 hoc
1166 2964 1442 3034 insipiens
1481 2967 1565 3019 vel
1613 2966 1863 3036 cogitare
1905 2981 1944 3035 (ς
1974 2965 2226 3018 animam
2258 2982 2374 3018 non
2424 2965 2766 3018 conﬁtemur
2814 2966 2909 3019 Dei
2948 2982 3065 3019 esse
3116 2966 3416 3031 facturam,
3458 2973 3557 3022 aut
3604 2986 3669 3022 ex

197 3051 367 3105 leviter
396 3054 644 3107 audeat?
674 3053 835 3117 Quod
867 3054 913 3105 si
946 3053 1268 3107 animarum
1303 3055 1491 3124 potius
1522 3071 1693 3125 quam
1733 3070 1863 3107 cor-

195 3155 374 3207 porum
404 3145 589 3196 exstat
633 3142 985 3212 redemptor,
1033 3142 1327 3196 reddenda
1377 3148 1462 3196 est
1508 3159 1675 3196 causa
1701 3159 1862 3196 crea-

194 3225 345 3281 tionis
369 3229 553 3299 ipsius
582 3241 624 3296 ο,
655 3246 729 3283 ne
761 3230 819 3282 in
851 3230 1088 3283 dubium
1123 3231 1311 3285 veniat
1347 3230 1757 3301 redemptionis
1787 3231 1864 3284 i1-

194 3314 303 3368 lius.
332 3318 385 3371 Si
416 3318 648 3386 cecidit,
679 3318 953 3389 erigitur;
981 3318 1028 3371 si
1057 3336 1215 3372 coeno
1238 3319 1445 3372 infecta
1486 3324 1587 3385 est,
1623 3319 1861 3383 eluitur;

194 3403 232 3456 si
254 3407 523 3475 captivata
562 3412 646 3460 est
691 3424 722 3461 a
752 3411 1035 3478 serpente,
1069 3407 1389 3461 redimitur.
1419 3407 1477 3461 Si
1517 3412 1707 3460 autem
1762 3422 1866 3459 nec

194 3494 361 3548 cecidit
388 3496 449 3549 in
480 3501 742 3567 parente,
774 3513 879 3549 nec
909 3512 1069 3549 caeno
1095 3496 1303 3549 infecta
1334 3500 1419 3549 est
1442 3495 1731 3565 originali,
1761 3511 1865 3550 nec

194 3579 398 3653 decepta
431 3591 517 3638 est
570 3584 629 3638 in
673 3584 876 3655 primis
915 3585 1246 3638 hominibus
1277 3601 1311 3637 a
1349 3589 1633 3654 serpente,
1676 3600 1777 3638 cur
1817 3585 1864 3638 si

191 3685 287 3723 non
308 3672 748 3743 tingitnraquis,
768 3673 1053 3743 mergitur
1071 3672 1359 3728 ﬂammis?
1383 3673 1652 3743 Nunquid
1676 3673 1862 3727 alieno

186 3765 387 3827 peccato
419 3762 755 3828 damnatur,
790 3767 846 3815 et
874 3778 978 3831 pro
1024 3778 1263 3831 corpore
1298 3762 1395 3831 qui
1428 3761 1499 3815 ab
1530 3762 1861 3815 eorumdem

185 3855 460 3915 parentum
521 3851 799 3904 hactenus
848 3850 1091 3920 origitur
1127 3852 1174 3916 d,
1225 3850 1343 3919 igni
1392 3855 1669 3920 perpetuo
1718 3866 1864 3903 mer-

185 3935 356 4003 gitur?
382 3944 439 3992 et
468 3955 576 3993 cur
590 3944 818 3993 tenetur
838 3938 1045 4005 alieno,
1066 3955 1192 4009 quae
1223 3938 1402 3992 libera
1433 3944 1518 3992 est
1543 3939 1679 3991 suo?
1706 3938 1861 3991 Unde

182 4029 292 4091 peto
319 4032 382 4080 ut
410 4027 459 4080 si
495 4029 646 4081 hanc
680 4027 1054 4097 quaestionem
1088 4027 1417 4096 ubicunque
1456 4025 1535 4079 ita
1565 4030 1663 4079 aut
1691 4042 1723 4078 a
1768 4042 1861 4079 me

186 4116 502 4183 proponitur
555 4117 853 4169 enodatam
899 4115 1134 4185 legistis,
1182 4131 1273 4168 me
1317 4115 1665 4185 reciprocare
1696 4114 1861 4167 citius

183 4206 279 4245 non
307 4196 554 4249 moreris
583 4211 597 4248 :
628 4195 707 4249 sic
729 4212 955 4265 semper
975 4200 1249 4266 perpetuo
1286 4196 1556 4248 ﬁoreatis.
1593 4196 1687 4247 Vel
1721 4195 1859 4264 quid

1973 3052 2204 3105 traduce
2232 3052 2430 3105 dicunt
2470 3068 2591 3105 esse
2623 3056 2897 3118 exortam,
2929 3058 3027 3105 aut
3072 3052 3395 3123 portionem
3439 3054 3535 3108 Dei
3574 3072 3669 3110 as-

1974 3143 2172 3192 serunt
2202 3155 2323 3192 esse
2353 3139 2742 3208 praedicatam.
2769 3139 2911 3202 Quid
2944 3140 3077 3193 inde
3107 3143 3431 3210 suprafatus
3472 3142 3669 3196 doctor

1974 3227 2240 3297 egregius
2294 3226 2554 3291 senserit,
2601 3226 2811 3296 quidve
2860 3227 3129 3281 institerit
3177 3229 3312 3298 quid
3352 3230 3664 3284 tenendum

1974 3332 2095 3369 esse
2139 3315 2414 3380 docuerit,
2461 3315 2707 3368 breviter
2757 3316 3205 3387 summatimque
3257 3318 3417 3372 vobis
3473 3323 3665 3372 trans-

1972 3403 2253 3469 misimus,
2308 3403 2442 3474 quia
2478 3403 2719 3472 sapienti
2779 3421 2843 3458 ex
2886 3404 3085 3458 multis
3117 3405 3442 3476 sapientum
3500 3406 3664 3461 dictis

1973 3492 2233 3546 sufficere
2265 3492 2552 3546 credimus
2584 3508 2777 3561 parva.

2046 3584 2097 3635 3.
2132 3581 2222 3635 Sic
2251 3580 2404 3634 enim
2455 3581 2511 3634 in
2557 3580 2724 3634 initio
2780 3579 3045 3635 dictionis
3099 3597 3217 3635 suae
3270 3582 3471 3636 affatus
3532 3589 3660 3639 est:

1974 3691 2001 3717 «
2035 3672 2078 3722 A
2110 3685 2199 3722 me
2226 3668 2376 3723 exiet
2406 3669 2659 3739 spiritus,
2687 3669 2821 3722 dicit
2864 3669 3161 3735 Dominus,
3188 3674 3245 3723 et
3292 3687 3523 3726 omnem
3554 3672 3663 3726 fla-

1970 3762 2093 3811 tum
2128 3773 2235 3827 ego
2260 3772 2411 3811 creo.
2447 3758 2644 3810 Nonne
2674 3758 2780 3811 iste
2823 3763 2907 3811 est
2951 3759 3121 3825 Deus,
3162 3758 3262 3828 qui
3309 3764 3473 3813 vocat
3520 3777 3665 3831 pue-

1972 3861 2100 3899 rum
2132 3861 2300 3898 suum
2328 3845 2499 3899 Iacob
2548 3851 2605 3899 et
2634 3846 2805 3899 Israel
2856 3862 3081 3899 servum
3136 3862 3325 3913 suum,
3365 3849 3462 3918 qui
3497 3850 3665 3903 ﬁnxit

1972 3949 2103 3987 eum
2138 3934 2196 3985 in
2242 3934 2443 3986 utero?
2492 3934 2690 3987 Nonne
2730 3933 2821 3986 hic
2865 3939 2949 3986 est
2997 3934 3172 3986 factor
3204 3933 3548 4003 animarum,
3591 3937 3661 3991 de

1973 4037 2086 4091 quo
2117 4021 2333 4075 dictum
2372 4026 2495 4075 est:
2528 4020 2630 4085 Qui
2674 4023 2832 4088 ﬁngit
2889 4021 3213 4086 singillatim
3243 4021 3408 4074 corda
3445 4024 3661 4077 eorum?

1971 4110 2137 4177 (Psal.
2172 4126 2365 4177 χχχιιι,
2400 4108 2515 4178 15.)
2559 4110 2626 4162 Et
2671 4109 2971 4179 Apostolus
3018 4108 3139 4161 ait:
3194 4108 3299 4174 Qui
3342 4125 3425 4162 me
3481 4125 3657 4177 segre-

1972 4201 2124 4266 gavit
2153 4198 2218 4252 de
2246 4203 2395 4252 utero
2424 4200 2617 4251 matris
2646 4213 2777 4251 mea?
2816 4197 2952 4265 (Gal.
2992 4213 3031 4265 ι,
3080 4197 3184 4267 l5).
3218 4196 3326 4260 Qui
3356 4197 3526 4252 habet
3561 4214 3661 4268 po-

183 4277 296 4333 inde
324 4284 645 4338 tenendum
677 4284 767 4349 sit,
800 4284 887 4337 vel
918 4283 1285 4343 credendum,
1328 4283 1413 4336 vel
1445 4283 1693 4352 qualiter
1736 4284 1856 4352 jus-
1897 4278 1940 4331 D
1966 4290 2226 4340 testatem
2261 4285 2625 4356 segregandi,
2658 4285 2829 4338 habet
2873 4289 2930 4338 et
2960 4287 3018 4337 in
3065 4291 3227 4338 utero
3255 4285 3528 4356 ﬁngendi.
3565 4287 3659 4341 Vi-

183 4364 288 4420 titia
316 4369 413 4423 Dei
464 4371 527 4424 in
580 4370 1059 4424 condemnatione
1094 4369 1490 4423 innocentium
1532 4370 1857 4423 animarum

184 4454 242 4506 sit
267 4456 642 4524 defendenda,
674 4460 817 4529 stylo
845 4459 1205 4525 evidentiori,
1239 4463 1297 4513 et
1334 4458 1678 4512 documento
1713 4459 1856 4511 veri-

182 4540 273 4597 ﬁco
316 4545 602 4615 indicetis,
655 4552 826 4618 atque
870 4546 1233 4601 luminositer
1279 4549 1483 4600 cuncta
1534 4546 1697 4600 nobis
1744 4547 1858 4601 oris

187 4633 331 4685 vestri
362 4641 567 4704 aperta
589 4635 874 4688 sententia
895 4634 1106 4688 revelet
1125 4634 1474 4688 serenitatim
1493 4634 1854 4704 deprompta.

186 4716 260 4771 Sic
290 4723 615 4777 cmlestibus
654 4722 990 4776 mereamini
1021 4722 1112 4775 hic
1141 4728 1197 4776 et
1233 4723 1292 4776 in
1350 4722 1538 4776 futuro
1567 4721 1859 4776 munerari

185 4804 241 4859 de
266 4812 502 4877 praemio
538 4810 733 4880 vigore
764 4811 1032 4877 aathereo,
1068 4815 1124 4865 et
1152 4810 1422 4864 felicitate
1465 4810 1708 4865 caelestis
1757 4826 1858 4879 pa-

185 4894 290 4949 tria:
308 4896 655 4969 indisrupta.
688 4901 891 4953 Amen.
920 4899 1085 4953 Finit.

243 5077 265 5102 ⁸
298 5072 417 5139 Ms,
441 5090 513 5128 θέε
533 5078 759 5143 utroque
790 5076 1051 5129 homines.

242 5142 265 5183 ι)
300 5142 357 5195 F.
390 5142 713 5199 manarunt.

243 5214 351 5286 {Id
380 5221 465 5268 est
498 5216 727 5282 animm,
761 5232 826 5270 ne
852 5215 1080 5270 dubium
1117 5218 1321 5281 veniat,
1369 5218 1499 5281 etc.,
1552 5230 1859 5286 suppresso

280 5283 373 5337 Vel
403 5287 533 5357 lege
563 5288 753 5341 statim
791 5288 1107 5356 redemptio,
1144 5287 1241 5341 ubi
1283 5282 1681 5355 redemptionis
1717 5286 1861 5339 scri-

218 5368 234 5404 ι
261 5370 340 5404 ω’.

218 5358 340 5407 itur.

244 5421 269 5457 ’ί
306 5425 361 5478 F.
395 5430 595 5496 oritur,
626 5428 737 5496 vel,
768 5428 813 5483 si
844 5428 1046 5497 mavis,
1066 5430 1394 5496 originalur.

492 5610 782 5673 PATROL.
828 5612 1053 5673 CXXI.

1966 4375 2066 4428 des
2097 4390 2233 4444 ergo
2270 4376 2446 4427 Deum
2483 4379 2539 4427 et
2568 4374 2940 4426 formatorem
2980 4389 3099 4425 esse
3128 4372 3189 4425 in
3221 4377 3401 4437 utero,
3433 4378 3488 4428 et
3518 4373 3657 4427 ﬁnc-

1966 4466 2143 4515 torem
2178 4462 2524 4527 animarum,
2574 4462 2709 4531 quia
2754 4461 2873 4531 ipse
2924 4459 3201 4515 Dominus
3244 4461 3322 4515 sic
3356 4463 3655 4532 loquitur:

1965 4552 2126 4604 Pater
2173 4565 2319 4604 meus
2374 4565 2542 4616 usque
2582 4548 2737 4602 modo
2776 4552 3056 4617 operatur,
3101 4554 3151 4601 et
3179 4564 3272 4615 ego
3311 4565 3502 4617 operor
3542 4550 3659 4621 (Job

1965 4653 2017 4703 v,
2063 4637 2172 4706 t7).
2208 4638 2272 4690 Et
2306 4638 2520 4705 Moyses
2568 4637 2712 4689 lator
2744 4635 2884 4704 legis
2914 4652 2927 4689 :
2963 4636 3066 4700 Qui
3108 4640 3433 4704 percusserit
3476 4639 3663 4691 mulie-

1965 4741 2078 4780 rem
2124 4727 2283 4791 calce,
2335 4730 2387 4778 et
2436 4725 2742 4778 abortivum
2770 4724 3102 4793 hprojeceril
3146 4727 3463 4793 ﬁguratum,
3497 4726 3655 4782 dabit

1967 4816 2149 4869 omnia
2177 4813 2464 4868 muliebria
2488 4812 2779 4867 secundum
2825 4814 3158 4866 voluntatem
3192 4816 3304 4867 viri
3331 4817 3437 4868 sui.
3470 4816 3531 4868 Si
3561 4830 3659 4867 au-

1968 4908 2071 4959 tem
2132 4902 2421 4971 projecerit
2480 4902 2601 4970 jam
2680 4903 2996 4969 ﬁguratum,
3076 4900 3230 4954 dabit
3294 4902 3503 4955 oculum
3562 4916 3661 4969 pro

2040 5084 2061 5110 °
2103 5074 2224 5141 Ms.,
2259 5074 2534 5141 caliginis.

2039 5144 2060 5181 ε
2098 5146 2219 5211 Ms.,
2254 5147 2607 5213 quaestionum
2631 5143 2991 5199 diversarum.

2041 5228 2070 5271 Β
2110 5217 2204 5269 Ms.
2218 5257 2231 5282 ,
2271 5220 2555 5284 rescripta.

2040 5288 2065 5328 ιι
2107 5287 2163 5339 F.
2230 5288 2370 5341 calce
2400 5291 2449 5340 et
2507 5286 2831 5353 abortivum,
2908 5286 2993 5339 vel
3064 5286 3302 5340 nondum
3356 5285 3665 5355 projecerit

1966 5359 2303 5425 ﬁguratum:
2357 5358 2619 5428 sequitur
2664 5358 2857 5413 enim:
2899 5358 2961 5413 Si
2990 5363 3165 5411 autem
3213 5358 3501 5427 praecari:
3541 5356 3665 5427 jam

1965 5431 2290 5495 ﬁguratum.

3274 5614 3351 5671 15
