4086 6182
441 241 543 294 459

1806 235 2061 290 ALVARI
2099 231 2581 290 CORDUBENSIS
3811 241 3896 291 460

440 377 608 442 oculo,
664 377 884 430 livorem
931 389 1030 442 pro
1071 374 1238 426 livore
1286 374 1524 425 animam
1575 386 1674 440 pro
1715 373 1900 425 anima
1933 371 2130 442 (Exod.
2173 371 2220 423 A
2250 370 2460 424 riorem
2489 386 2609 424 esse
2651 369 2808 438 dicit,
2846 385 3019 440 quam
3050 374 3106 423 et
3152 374 3350 425 noster
3408 371 3726 425 Bracharius
3762 374 3899 427 altir-

439 481 548 526 xxr,
599 464 712 533 22).
768 462 930 516 Vides
983 476 1118 530 ergo
1168 461 1478 530 ﬁguratum
1539 460 1598 512 in
1660 463 1822 512 utero
1884 460 2134 512 animam
2243 459 2419 512 mavit
2449 476 2461 512 :
2496 457 2848 528 Augustinus
2883 475 3012 510 vero
3043 459 3304 528 quintam
3326 459 3660 513 Priscilliani
3696 461 3901 514 dimittit

440 554 712 623 accipere.
2244 545 2411 599 simul
2464 551 2521 599 et
2553 551 2798 616 quatuor
2825 546 3092 599 omnibus
3130 545 3382 599 favorem
3416 563 3578 600 suum
3611 547 3820 610 ademit,
3857 553 3899 601 et

510 643 559 694 4.
593 642 731 693 Nam
785 645 840 692 et
881 643 1062 691 mater
1093 642 1311 708 septem
1371 637 1624 690 ﬁliorum
1684 637 1808 690 ait:
1864 637 1972 690 Nec
2027 652 2133 706 ego
2243 636 2347 689 soli
2385 636 2486 689 Dei
2516 635 2764 688 scientiae
2820 635 3081 704 reliquit:
3116 635 3219 688 hoc
3260 635 3497 705 pulchre
3547 636 3898 704 singulariter,

439 729 574 798 quid
604 738 627 760 ⁸
659 727 814 780 vobis
856 727 914 779 in
967 732 1127 779 utero
1167 725 1422 779 membra
1468 725 1753 794 compegi,
1817 726 1911 778 sed
1965 727 2130 778 Deus.
2242 731 2301 778 ut
2334 741 2484 790 reor,
2505 723 2599 778 ille
2632 724 2882 789 sentivit,

437 819 503 870 Et
534 817 736 870 iterum
769 816 889 886 ipsa
915 816 1168 884 loquitur
1202 831 1212 865 :
1253 814 1360 867 Nec
1388 829 1494 883 ego
1521 814 1774 866 animam
1811 813 1964 866 vobis
1981 813 2132 879 dedi,
2314 811 2365 862 6.
2401 812 2539 864 Nam
2576 811 2913 881 ambiguum
2942 810 3168 864 videtur
3220 827 3604 882 nequaquam,
3653 819 3709 866 ut
3748 814 3902 881 parvi-

435 905 529 958 sed
565 906 712 958 Deus
762 903 1199 971 compaginator
1247 903 1527 972 corporis,
1586 907 1640 955 et
1697 902 1929 954 liniator
1977 902 2135 955 omni
2241 901 2328 951 tas
2357 899 2467 952 mei
2516 916 2714 953 sensus
2753 900 3003 969 attingit,
3041 905 3101 952 ut
3150 906 3523 970 regenerettir
3570 917 3764 970 corpus
3809 918 3900 953 mc-

435 1009 603 1045 carne
635 997 692 1044 et
723 992 1018 1060 ﬁguratur,
1051 989 1304 1042 animam
1344 989 1500 1042 vobis
1543 990 1699 1043 dedit
1754 992 1825 1058 (Il
1861 992 1999 1044 Mac.
2037 1007 2131 1055 vn,
2241 987 2444 1041 tallum
2494 988 2875 1054 insensatum,
2920 989 3028 1041 nisi
3083 1005 3211 1042 cum
3272 1007 3374 1042 sua
3416 990 3628 1056 anima,
3683 1005 3799 1042 cum
3845 992 3901 1042 sit

431 1083 544 1144 2'2).
604 1083 666 1133 Et
714 1080 866 1148 apud
921 1080 1119 1132 Isaiam
1169 1079 1246 1130 sic
1305 1079 1483 1132 dicit:
1541 1082 1800 1132 Dominus
1858 1083 1998 1132 Deus
2040 1082 2138 1147 qui
2242 1075 2310 1128 de
2369 1077 2565 1140 Adam,
2624 1076 2802 1129 factus
2858 1083 2944 1129 est
2996 1076 3053 1129 in
3114 1076 3369 1130 animam
3435 1077 3638 1140 vivam,
3688 1083 3740 1129 et
3795 1083 3899 1147 post

432 1172 673 1237 ﬁrmavit
707 1171 910 1232 cadum,
943 1174 990 1220 et
1018 1167 1273 1220 solidairit
1303 1174 1523 1232 terram,
1553 1174 1600 1221 et
1632 1185 1749 1236 quer
1791 1171 1847 1220 in
1889 1184 1950 1220 ea
1985 1174 2130 1232 sunt,
2240 1168 2623 1234 transgressor
2675 1165 2960 1235 apparuit,
3041 1169 3093 1218 et
3171 1171 3301 1235 post
3359 1171 3652 1236 peccatum
3733 1166 3901 1236 genuit

433 1258 530 1310 dat
571 1260 759 1324 ﬂatum
800 1257 1102 1309 hominibus
1140 1259 1236 1323 qui
1273 1271 1434 1324 super
1472 1273 1589 1309 eum
1629 1261 1775 1319 sunt,
1809 1260 1857 1308 et
1904 1258 2132 1324 spiritus
2242 1252 2426 1305 Kaim.

431 1346 767 1398 calcantibus
799 1361 913 1398 eam
941 1347 1072 1410 (lsa.
1103 1361 1232 1410 XLII,
1280 1348 1351 1413 ὃ).
1403 1345 1504 1397 Job
1537 1349 1559 1387 ι)
1591 1345 1720 1397 item
1759 1361 1771 1397 :
1825 1346 1985 1410 Quem
2043 1345 2133 1397 do-
2309 1345 2362 1394 7.
2419 1342 2517 1394 Per
2543 1356 2710 1394 unum
2760 1338 3105 1411 [hominem]
3157 1340 3348 1409 inquit
3381 1341 3671 1410 apostolus
3705 1342 3898 1401 Paulus,

433 1450 546 1486 cere
575 1435 797 1486 voluisti
815 1432 841 1485 ?
871 1449 1042 1486 nonne
1068 1450 1186 1486 eum
1235 1437 1328 1500 qui
1353 1436 1484 1498 fecit
1513 1437 1904 1501 spiramentum
1941 1432 2132 1486 tuum?
2240 1431 2487 1482 introivit
2515 1434 2791 1497 peccatum
2820 1431 2876 1481 in
2927 1429 3210 1489 mundum,
3255 1434 3304 1482 et
3329 1445 3429 1497 per
3454 1435 3727 1497 peccatum
3763 1446 3896 1482 mors.

434 1522 546 1586 (Job
595 1538 740 1585 xxvi,
793 1523 866 1589 4).
943 1523 1006 1574 Et
1061 1522 1271 1573 Isaias:
1340 1523 1594 1574 Dominus
1647 1524 1780 1574 Deus
1840 1528 1982 1587 tuus,
2035 1524 2132 1590 qui
2242 1519 2315 1569 Ex
2348 1533 2461 1570 uno
2495 1517 2761 1587 equitem
2814 1517 2989 1571 Adam
3016 1516 3270 1586 coepitin
3311 1517 3417 1569 hoc
3454 1518 3668 1570 mundo
3694 1533 3901 1586 regnare

428 1613 592 1678 ﬁnxit
617 1616 663 1661 te
694 1626 906 1663 servum
932 1610 1040 1661 sibi
1071 1613 1125 1662 in
1167 1616 1314 1661 utero
1347 1610 1482 1677 (Isa.
1524 1626 1654 1674 xui,
1690 1612 1799 1675 Ξῖ).
1832 1612 1897 1664 lit
1933 1611 2130 1662 iisdras
2172 1670 2205 1678 __
2241 1613 2557 1674 peccatum,
2593 1612 2648 1659 et
2695 1610 2942 1672 regnavit
2975 1610 3030 1658 in
3053 1622 3136 1660 eos
3183 1611 3278 1673 qui
3315 1610 3482 1660 secuti
3511 1614 3636 1660 sunt
3670 1611 3902 1675 praetori-

431 1700 584 1753 Solus
617 1715 667 1750 es
693 1703 771 1763 tu,
825 1699 990 1761 Deus,
1042 1703 1091 1750 et
1138 1714 1247 1749 una
1282 1700 1574 1766 plasmatio
1615 1703 1729 1763 tua,
1799 1714 1891 1750 nos
1943 1714 2127 1752 sumus
2175 1695 2209 1720 ”
2240 1697 2468 1747 rationis
2526 1695 2662 1748 Adae
2713 1696 3145 1761 similitudinem,
3207 1699 3262 1748 et
3317 1702 3622 1764 propterea
3660 1695 3901 1763 judicium

430 1803 591 1854 opem
631 1802 886 1837 nui/mum
916 1792 1152 1850 tuarum,
1193 1789 1333 1838 sicut
1373 1788 1576 1839 locutus
1625 1801 1677 1839 es
1707 1789 1803 1854 qui
1833 1790 2028 1839 risitns
2074 1789 2130 1839 in
2239 1798 2306 1834 em
2339 1798 2439 1834 uno
2489 1786 2544 1834 in
2588 1783 3081 1836 conilenumticmem
3131 1786 3298 1839 (Rom.
3347 1800 3399 1850 γ,
3457 1787 3669 1851 12-16).
3706 1785 3760 1836 Et
3798 1801 3900 1837 rur-

428 1877 652 1927 matrice
703 1877 1030 1941 pias-mulum
1071 1890 1282 1942 corpus,
1333 1880 1558 1942 praestas
1600 1877 1856 1940 membra,
1918 1891 2124 1928 consc-r-
2238 1888 2363 1923 sum
2400 1887 2411 1924 :
2451 1873 2555 1923 Per
2581 1888 2755 1924 unum
2792 1889 2996 1924 novum
3031 1874 3206 1925 Adam
3241 1873 3424 1942 gratia
3469 1890 3709 1941 regnare
3739 1874 3900 1942 cmpit,

427 1969 583 2015 valor
610 1966 664 2015 in
709 1966 885 2027 ignem
916 1968 964 2014 et
1009 1980 1228 2030 aquam,
1263 1969 1356 2015 tua
1407 1966 1603 2015 creutio
1639 1980 1824 2016 novem
1861 1964 2128 2018 mensibus
2237 1975 2340 2027 per
2381 1959 2778 2030 justitiamque
2826 1962 3087 2030 regnavit
3140 1961 3198 2013 in
3253 1961 3536 2014 omnibus.
3595 1963 3746 2024 Quod
3791 1978 3900 2013 vero

423 2054 642 2118 patitur
671 2052 1083 2118 ptusmritionem
1141 2057 1401 2104 creatura?
1456 2057 1578 2115 tua),
1627 2068 1688 2103 ea
1733 2068 1850 2121 qua:
1905 2055 1962 2104 in
2010 2055 2126 2119 ipso
2235 2047 2591 2114 supradictus
2625 2048 3001 2118 Hieronymus
3020 2049 3261 2102 eximius
3291 2066 3466 2102 novas
3501 2051 3720 2102 animas
3749 2049 3901 2102 creari

430 2144 610 2191 creata
659 2143 756 2203 est,
792 2145 851 2190 ut
900 2145 1159 2190 servetur.
1186 2141 1256 2192 Et
1314 2139 1531 2207 quando
1575 2142 1769 2192 iterum
1824 2140 2127 2194 reddiderit
2236 2149 2364 2186 cum
2397 2135 2564 2188 sociis
2594 2136 2875 2204 prmdicat,
2933 2142 2989 2189 et
3039 2137 3278 2206 singulis
3325 2139 3663 2206 corporibus
3692 2138 3900 2206 singulm

2172 1670 2209 1720 Β

427 2227 662 2287 matrici,
699 2241 816 2292 quae
863 2227 920 2276 in
965 2241 1027 2276 ea
1059 2230 1235 2277 creata
1282 2229 1511 2291 fuerint,
1562 2228 1818 2294 imperas,
1869 2233 1927 2280 ut
1974 2233 2022 2280 et
2067 2231 2125 2281 in

427 2313 698 2377 membris,
748 2315 841 2365 hoc
885 2319 984 2380 est,
1033 2316 1314 2378 mamillis,
1366 2315 1672 2381 prwbeatur
1713 2316 1814 2380 lac,
1861 2319 2120 2382 fructum,

428 2403 820 2466 mamillarum,
889 2408 939 2454 et
988 2405 1273 2454 nutriatur
1331 2403 1474 2469 quod
1534 2405 1867 2471 plasmatum
1934 2411 2010 2458 est
2066 2407 2124 2458 in

426 2490 692 2555 uleroUV
715 2490 866 2541 Iisdr.
900 2505 1012 2554 νιιι,
1048 2494 1076 2541 7
1111 2491 1244 2557 seq.)

595 2579 781 2630 Cesset
812 2577 1044 2630 assertio
1081 2577 1419 2646 pravissima
1472 2578 1646 2630 nullis
1692 2579 2122 2632 auctoritatibus

426 2665 776 2717 conﬁrmata.
815 2669 1002 2717 Cesset
1047 2666 1225 2730 Plato,
1262 2665 1363 2734 qui
1391 2665 1528 2718 dicit
1575 2667 1790 2719 fontem
1838 2685 1958 2718 esse
2003 2670 2121 2720 ani-

427 2769 673 2805 marum.
721 2753 911 2806 Cesset
951 2753 1317 2821 lirniogenes,
1351 2755 1448 2822 qui
1480 2754 1616 2806 dicit
1650 2755 1786 2807 nihil
1821 2765 1944 2824 post
1977 2774 2122 2808 mor-

427 2847 542 2894 tein
575 2841 866 2894 hominem
898 2841 1178 2893 futurum.
1217 2843 1403 2894 Cesset
1434 2843 1727 2912 Epicurus,
1755 2844 1852 2912 qui
1888 2850 2123 2897 testatur

2235 2221 2432 2287 inseri,
2483 2229 2537 2276 et
2573 2241 2605 2276 a
2655 2225 2819 2277 beato
2848 2226 3170 2294 Augustino
3226 2225 3464 2279 dubium
3501 2227 3662 2294 poni,
3693 2225 3899 2295 quaestio

2235 2309 2378 2363 dura
2411 2317 2465 2364 et
2491 2312 2730 2365 obscura
2760 2325 2815 2365 et
2848 2315 3032 2366 nodus
3066 2330 3360 2383 operosus,
3393 2315 3607 2367 arduus
3634 2322 3689 2367 et
3730 2313 3898 2367 difﬁci-

2234 2397 2320 2461 lis,
2357 2405 2411 2451 ct
2434 2399 2864 2464 inextricabilis,
2895 2407 2950 2453 et
2981 2402 3086 2454 soli
3121 2403 3232 2455 Deo
3266 2403 3543 2456 solubilis.

2305 2489 2355 2539 8.
2393 2488 2709 2541 Direximu:
2751 2490 2910 2542 vobis
2942 2490 3096 2543 illam
3144 2491 3570 2544 adnotationem
3619 2491 3901 2545 Mammetis

2231 2575 2486 2629 lueretici
2521 2577 2577 2629 in
2613 2577 2786 2631 tinem
2821 2579 3076 2648 epistolae
3105 2580 3337 2648 hujusce
3363 2581 3620 2650 ascripti.
3653 2581 3818 2634 Simul
3857 2584 3901 2631 et

2232 2665 2460 2732 qualem
2496 2665 2819 2718 invenimus
2853 2668 3000 2734 apud
3052 2668 3294 2735 majores
3343 2673 3560 2737 partem
3620 2670 3769 2721 illam
3797 2685 3898 2721 ora-

2232 2751 2403 2803 tionis
2440 2756 2730 2820 maturius,
2790 2771 2960 2824 quam
3017 2755 3351 2825 inquiristis.
3404 2758 3697 2822 Maturius,
3745 2763 3801 2810 ut
3827 2757 3899 2810 Ci-

2230 2855 2356 2891 cero
2401 2840 2501 2906 ait,
2560 2841 2614 2894 id
2665 2849 2766 2903 est,
2828 2843 3090 2900 velocius.
3149 2844 3336 2909 Citius,
3406 2845 3688 2899 festinius.
3761 2845 3902 2898 Vides

426 2928 494 2981 ad
552 2929 791 2981 invicem
827 2946 1047 2981 eorum.
1106 2930 1296 2983 Cesset,
1330 2930 1734 2984 ucl‘andissima
1781 2937 1932 2984 secta
1990 2933 2121 2986 Sad-
2158 2959 2194 3012 ρ
2232 2928 2364 2997 quia
2395 2929 2727 2982 adverbium
2760 2935 2861 2995 est,
2899 2948 2930 2983 a
2961 2932 3132 2984 verbo
3175 2938 3435 2997 maturat,
3486 2934 3537 2987 id
3575 2941 3684 2998 est,
3719 2934 3900 2987 accele-

426 3019 780 3076 ducaeorum.
826 3018 1298 3071 resurrectionem
1366 3036 1601 3087 negans.
1656 3021 1846 3072 Cesset
1902 3020 2115 3074 Aristo—

424 3106 584 3170 teles,
616 3105 831 3174 pariter
873 3108 929 3156 et
961 3107 1165 3169 Manes,
1203 3106 1404 3158 similis
1436 3124 1653 3169 eorum,
1689 3107 1786 3177 qui
1819 3107 1953 3160 dicit
1995 3125 2118 3161 cor-

426 3210 529 3263 pus
561 3209 679 3245 esse
713 3195 1011 3245 l‘antasma.
1053 3196 1242 3247 Cesset
1285 3194 1691 3258 Prisi-illianus,
1723 3195 1823 3264 qui
1875 3213 1988 3248 non
2034 3198 2117 3250 fa-

424 3290 663 3345 cturam,
719 3282 814 3333 sed
864 3282 1188 3350 portionem
1243 3283 1340 3334 Dei
1385 3301 1504 3335 esse
1557 3285 1807 3336 animam
1867 3285 2117 3338 hominis

424 3373 751 3432 Conlitetur,
787 3371 984 3422 Nostra
1017 3370 1191 3438 igitur
1225 3371 1461 3422 assertio
1492 3373 1619 3423 talis
1655 3378 1756 3435 est,
1791 3390 1958 3441 quam
1999 3389 2116 3426 non

425 3459 657 3528 propria
705 3458 1018 3516 voluntate,
1071 3458 1168 3509 sed
1217 3457 1422 3509 divinis
1471 3457 1775 3526 Scripturis
1822 3461 2116 3513 credentes

425 3545 732 3614 loquimur.
769 3544 948 3596 Deum
984 3544 1220 3595 humani
1261 3545 1510 3611 corporis
1549 3562 1667 3596 esse
1700 3547 2004 3599 linctorum
2055 3547 2113 3600 in

425 3639 585 3685 utero
618 3631 925 3684 mulierum
960 3647 971 3683 :
1006 3631 1104 3699 qui
1151 3631 1313 3683 ﬁnxit
1349 3648 1591 3700 corpora
1639 3650 1865 3686 necesse
1911 3642 2012 3699 est,
2052 3641 2115 3689 ut

422 3723 672 3773 animam
708 3719 877 3773 faciat
904 3720 1238 3788 corporibus
1291 3737 1320 3771 a
1369 3737 1426 3773 se
1459 3721 1736 3791 ﬁguratis.
1796 3722 1900 3776 Sed
1951 3731 2003 3776 ct
2047 3742 2113 3778 ea

421 3823 549 3876 qua:
593 3808 924 3869 Bracharius
978 3808 1276 3877 episcopus
1325 3808 1385 3860 in
1442 3811 1558 3862 suis
1597 3811 1962 3886 dogmatibus
2011 3830 2112 3882 per

418 3913 646 3948 omnem
683 3912 840 3948 suam
877 3895 1174 3949 Ecclesium
1203 3897 1338 3949 dicit
1366 3899 1783 3966 agnoscendam
1815 3900 1966 3954 inter
1996 3919 2110 3956 cae-

418 3987 539 4036 tera
570 3985 641 4036 ita
675 3984 922 4036 instituit
957 4001 968 4037 :
1002 4005 1028 4032 ‹‹
1051 3985 1283 4037 Animas
1310 3986 1609 4039 hominum
1641 4004 1756 4040 non
1775 4005 1894 4040 esse
1917 3989 1985 4042 ab
2007 3990 2112 4042 ini-

417 4071 665 4124 tiointer
695 4078 925 4123 creteras
960 4071 1368 4125 intellectuales
1396 4083 1645 4139 naturas,
1683 4091 1781 4127 nec
1825 4077 1882 4128 in
1934 4079 2108 4130 semel

415 4167 630 4212 creatas
660 4161 804 4211 sicut
835 4159 1104 4225 Origenes
1141 4159 1306 4228 tingit
1341 4177 1352 4212 :
1389 4175 1577 4229 neque
1609 4178 1738 4214 cum
1773 4165 2106 4232 corporibus

2231 3024 2341 3082 rat,
2383 3017 2608 3070 festinat
2643 3035 2654 3070 :
2687 3018 2818 3072 inde
2851 3023 2905 3070 et
2934 3019 3266 3073 adverbium
3303 3022 3670 3091 compesitivi
3717 3022 3901 3092 gradus

2233 3106 2529 3170 maturius,
2565 3107 2730 3159 sicuti
2767 3112 2849 3160 est
2888 3108 3270 3178 iusipieutius,
3317 3111 3628 3179 Δδῐιιιῐὶίὶιις,
3687 3111 3895 3181 aptius:

2230 3193 2351 3245 hanc
2380 3194 2644 3246 adverbia
2692 3211 2802 3246 non
2863 3211 2894 3247 a
2945 3211 3003 3247 se
3044 3202 3186 3262 orta,
3243 3196 3340 3249 sed
3382 3198 3451 3251 ab
3483 3198 3616 3251 aliis
3673 3200 3900 3270 partibus

2227 3280 2501 3332 orationis
2533 3288 2864 3350 propagata.

2297 3371 2348 3421 9.
2409 3369 2711 3422 Adnotatio
2757 3371 3072 3424 Mammetis
3101 3372 3349 3426 Arabum
3402 3374 3696 3446 principis.
3751 3377 3898 3428 Ortus

2226 3463 2310 3508 est
2355 3457 2618 3510 Mammet
2671 3458 2992 3526 hazreticus,
3052 3460 3303 3514 Arabum
3366 3464 3895 3534 pseudo-propheta-

2224 3559 2352 3595 rum
2398 3544 2636 3613 sigillus,
2681 3547 3010 3601 Antichristi
3041 3565 3372 3617 praecessor,
3436 3557 3698 3622 tempore
3736 3555 3895 3622 impe-

2223 3633 2428 3684 ratoris
2460 3633 2660 3686 Eraclii
2711 3652 2858 3688 anno
2908 3637 3170 3706 septimo,
3206 3642 3469 3691 currente
3517 3656 3635 3694 mra
3691 3657 3896 3694 sexcen-

2224 3719 2425 3772 tesima
2477 3720 2956 3792 quinquagesima
3009 3741 3079 3777 v1.
3124 3727 3185 3778 In
3221 3726 3328 3779 hoc
3373 3733 3634 3796 tempore
3672 3730 3897 3783 Isidorus

2225 3808 2570 3877 Hispalensis
2625 3809 2681 3862 in
2722 3818 2914 3864 nostro
2965 3812 3232 3881 dogmate
3273 3815 3493 3881 claruit,
3531 3823 3590 3871 et
3624 3819 3897 3872 Sisebutus

2219 3897 2414 3950 Toleto
2470 3899 2680 3966 regulae
2734 3900 2958 3952 culmen
3013 3902 3281 3955 obtinuit.
3339 3904 3520 3966 Quem
3572 3908 3894 3975 praedictum

2221 3987 2524 4038 nefandum
2562 3987 2898 4056 prophetam
2934 3989 3107 4042 tantis
3144 3990 3434 4044 miraculis
3465 4009 3594 4046 cum
3647 4009 3896 4066 sequaces

2219 4073 2303 4125 sui
2333 4089 2654 4129 coruscasse
2707 4082 3028 4138 narrantur,
3083 4085 3145 4131 ut
3191 4081 3362 4134 etiam
3413 4082 3585 4136 adore
3629 4101 3744 4137 suae
3789 4083 3895 4135 libi-

2216 4160 2364 4211 dinis
2398 4178 2625 4215 uxorem
2661 4165 2892 4216 alterius
2925 4167 3206 4235 auferens,
3259 4168 3315 4221 in
3367 4171 3636 4240 conjugio
3685 4173 3896 4224 sibimet

415 4264 518 4316 per
563 4247 776 4300 coitum
819 4249 1192 4310 seminantur,
1230 4247 1376 4301 sicut
1417 4249 1775 4316 Luciferiani,
1824 4258 1880 4305 et
1927 4254 2104 4322 Cyril-
2145 4275 2187 4328 ι)
2216 4249 2544 4317 ρουυιᾶτίῐε
2588 4258 2642 4304 et
2674 4259 2734 4304 ut
2772 4255 2993 4307 nullum
3026 4256 3361 4326 prophetam
3413 4257 3606 4312 fecisse
3641 4261 3891 4329 legimus,

415 4336 520 4396 lus,
577 4342 633 4387 et
685 4335 849 4386 multi
920 4334 1250 4388 Latinorum
1301 4344 1744 4406 praesumptores
1793 4340 2098 4402 altirmant,
2217 4337 2793 4410 incamelumicujlls
2838 4342 3189 4397 illtPiieClum
3250 4345 3504 4414 gerebat,
3555 4348 3889 4416 pl'il'siderci-

413 4424 574 4494 quasi
626 4430 842 4476 natura:
892 4423 1299 4492 consequentia
1353 4425 1634 4478 serviente
1671 4443 1682 4478 :
1731 4427 1825 4480 sed
1859 4428 2102 4482 dicimus
2211 4426 2384 4479 Morte
2415 4444 2547 4480 vero
2579 4428 2993 4483 interveniente
3023 4448 3152 4485 cum
3197 4450 3253 4484 se
3285 4433 3376 4486 die
3437 4435 3608 4487 tertia
3659 4452 3890 4488 resurre-

409 4528 614 4580 corpus
647 4516 864 4562 tantum
901 4527 1002 4579 per
1033 4511 1284 4580 conjugii
1313 4514 1576 4581 copulam
1609 4515 1922 4584 germinari
1953 4535 1968 4568 :
2003 4517 2100 4570 Dei
2209 4521 2433 4568 cturum
2466 4517 2850 4586 polliceretur,
2885 4520 3326 4574 custodientium
3357 4523 3711 4592 negligentia
3737 4541 3765 4576 a
3815 4539 3890 4575 ca-

409 4598 774 4669 verojudieio
807 4599 1172 4668 coagulariin
1208 4600 1394 4665 vulva,
1421 4606 1475 4654 et
1505 4604 1734 4670 conligi,
1768 4610 1938 4674 atque
1986 4606 2096 4658 for-
2213 4603 2381 4655 nibus
2416 4611 2671 4672 repertus
2714 4611 2794 4658 est
2842 4607 3161 4661 devoratus.
3209 4609 3468 4663 Obtinuit
3518 4612 3890 4680 principatum

406 4691 674 4754 mari;et
705 4690 947 4741 formato
973 4689 1092 4757 jam
1127 4706 1364 4759 corpore
1400 4692 1648 4745 animam
1699 4694 1877 4747 creari
1925 4699 1981 4747 et
2008 4695 2096 4747 in-
2208 4693 2372 4744 annis
2394 4693 2587 4746 decem
2637 4695 2844 4764 quibus
2889 4697 3127 4765 expletis
3178 4699 3434 4767 sepultus
3481 4705 3566 4752 est
3618 4701 3677 4753 in
3737 4700 3889 4752 infer-

404 4777 590 4844 fundi,
619 4781 682 4829 ut
713 4775 862 4828 vivat
893 4775 952 4828 in
986 4783 1148 4829 utero
1208 4777 1382 4831 homo
1420 4795 1485 4832 ex
1523 4781 1716 4833 anima
1742 4789 2008 4835 constans
2041 4790 2097 4836 et
2208 4796 2367 4846 num,
2396 4783 2550 4833 ‘aera
2582 4798 2633 4833 ι).
2677 4800 2724 4835 (ῑ.
2769 4801 2814 4836 c.
2859 4801 2986 4838 xvu.
3027 4787 3316 4840 Venerunt
3373 4788 3546 4842 Mauri
3607 4789 3666 4841 in
3719 4790 3889 4856 Hispa-

403 4876 662 4931 corpo;e,
724 4865 780 4912 et
838 4860 1163 4929 egrediatur
1214 4862 1369 4915 vivus
1417 4879 1482 4915 ex
1533 4871 1692 4916 utero
1747 4866 1951 4933 plenus
1988 4866 2094 4919 hu-
2207 4866 2297 4918 nia
2332 4873 2587 4938 tempore
2635 4870 2893 4924 Roderici
2947 4873 3117 4942 regis,
3163 4891 3314 4928 anno
3342 4877 3593 4929 Arabum
3648 4889 3884 4942 nonage-

403 4965 573 5002 mana
607 4947 1006 5000 substantia.»
1040 4948 1199 5011 Quod
1228 4967 1355 5002 vero
1389 4951 1587 5004 beatus
1629 4953 2006 5022 Hieronymus
2038 4959 2095 5007 et
2205 4955 2350 5008 simo
2411 4957 2617 5026 primo,
2677 4976 2793 5012 mra
2839 4961 3144 5015 millesima
3206 4965 3515 5018 centesima
3570 4982 3690 5031 xui,
3747 4978 3885 5016 anno

399 5037 663 5106 egregius
693 5037 1044 5105 Augustinus
1073 5038 1141 5090 de
1184 5039 1559 5107 opinionibus
1593 5041 1799 5094 animae
1857 5042 2091 5095 diversa:
2203 5046 2452 5098 Arabum
2499 5063 2784 5101 CCCCLXVIII
2818 5050 2838 5068 ‘
2865 5059 2903 5100 ε.

399 5129 725 5190 sanxerunt,
777 5130 831 5177 et
878 5129 1076 5178 contra
1101 5142 1158 5178 se
1189 5126 1431 5180 invicem
1483 5129 1766 5181 contraria
1821 5135 2091 5184 tractave-
2277 5136 2358 5186 10.
2391 5135 2445 5188 Si
2477 5136 2637 5189 illum
2693 5137 2901 5190 librum
2951 5140 3011 5192 ι).
3048 5140 3268 5210 Eulogii
3302 5141 3549 5212 dirigere
3599 5158 3715 5195 non
3791 5157 3883 5210 po-

398 5219 548 5280 runt,
583 5220 638 5267 et
662 5214 884 5266 illuster
915 5213 1293 5283 Hieronymus
1324 5215 1585 5284 quintam
1615 5216 1949 5286 Opinionem
2003 5235 2089 5272 ve-
2199 5221 2379 5288 testis,
2413 5224 2498 5276 vel
2535 5224 2659 5278 illas
2709 5227 2951 5296 syllabas
3001 5245 3126 5299 qum
3168 5230 3226 5283 in
3280 5232 3479 5285 ordine
3511 5238 3662 5293 sunt.
3699 5232 3755 5285 id
3788 5235 3880 5290 est,

463 5366 485 5390 ³
528 5355 723 5408 Melius
748 5371 813 5408 ex
847 5355 1088 5424 Vulgata
1128 5372 1140 5408 :
1175 5359 1277 5411 Nec
1305 5371 1398 5422 ego
1428 5359 1568 5425 ipsa.

467 5427 491 5466 δ
532 5426 654 5490 Ms.,
679 5426 853 5478 Jacob
879 5442 979 5493 pro
1009 5427 1124 5479 Job.

463 5503 484 5527 ο
524 5497 822 5549 Asteriscis
850 5501 1066 5562 notata,
1091 5512 1207 5550 non
1237 5498 1425 5566 prima
1453 5498 1550 5552 sed
1582 5500 1827 5553 secunda
1883 5518 2082 5572 manu,

2197 5362 2435 5442 antiqua
2472 5369 2688 5429 tamen,
2721 5365 2952 5436 scripta,
2987 5368 3283 5424 intervallo
3326 5371 3574 5441 quodam
3614 5373 3767 5426 inter
3798 5386 3883 5442 pa-

2195 5433 2508 5503 ragraphos
2537 5442 2788 5490 vacante.
