4086 6182
232 283 306 336 itit
1744 267 2095 327 EPISTOLE

3575 272 3680 327 462

229 434 256 469 a
279 417 516 485 sequente
545 410 709 475 illud,
752 414 808 463 et
844 409 984 463 illud
1014 425 1047 462 a
1079 407 1412 478 producitur
1441 409 1538 460 aut
1571 405 1876 476 corripitur
1914 409 1955 462 Λ
1985 405 2164 469 ciunt,
2203 404 2565 474 Evangelium
2596 419 2653 457 se
2693 403 2980 474 suscipere
3012 404 3234 472 dicunt;
3267 412 3322 461 et
3343 407 3482 463 illud
3530 409 3677 479 quod

229 504 450 558 similiter
475 517 500 553 e
534 515 717 569 usque
751 499 820 551 ad
866 515 904 551 α
935 503 990 551 et
1020 498 1284 566 deinccps
1315 497 1402 558 ba,
1437 496 1516 559 be,
1560 496 1633 555 bi.
1668 495 1749 559 bo,
1785 495 1873 560 bu,

227 597 272 642 et
296 589 516 656 reliquas
541 603 724 656 usque
756 585 821 638 ad
854 585 1027 638 ﬁnem
1058 585 1228 654 hujus
1259 584 1475 653 operis;
1511 584 1557 636 si
1586 583 1748 636 illum
1788 582 1876 636 bi-

225 677 355 730 blum
386 675 623 744 dirigere
657 691 772 727 non
805 673 1061 743 potestis,
1085 672 1221 726 istas
1273 672 1514 741 syllabas
1545 671 1708 725 nobis
1744 671 1881 724 scri-

224 765 336 828 bite,
373 769 422 816 et
471 763 806 816 festinanter
847 762 1094 832 dirigere
1125 760 1417 831 praeeipite
1452 777 1464 814 :
1517 761 1592 812 sic
1625 760 1879 813 Christus

225 852 357 905 vobis
393 852 689 905 commoda
744 851 1016 916 conferat,
1051 854 1107 903 et
1159 850 1304 902 bona
1337 849 1536 902 crebro
1586 848 1875 902 concedat.

221 945 395 994 Amen.
426 940 615 993 Valeat
647 939 928 1009 sapientia
974 943 1160 992 vestra
1205 938 1338 992 felix
1382 938 1554 1007 longa
1585 953 1691 1006 per
1725 941 1878 989 tem-

221 1043 357 1096 pora.
388 1030 583 1079 Amen.
639 1027 695 1081 Si
741 1026 898 1080 vobis
948 1026 1088 1080 illud
1142 1026 1518 1095 pra’staverit,
1569 1040 1879 1078 numerum

222 1113 413 1166 dierum
454 1115 749 1183 notescite,
801 1115 1009 1185 quibus
1051 1130 1181 1168 eum
1213 1113 1417 1167 faciam
1473 1117 1776 1167 revertere.
1825 1112 1881 1165 Si

221 1217 393 1256 ausum
472 1203 636 1266 datis,
711 1205 1025 1257 salutamus
1084 1219 1315 1256 omnem
1396 1202 1882 1272 pulchritudinem

221 1292 395 1344 domus
423 1298 636 1346 vestras.
691 1293 907 1347 Merear
957 1292 1177 1345 vultum
1225 1295 1475 1345 vestrum
1526 1291 1766 1345 hilarem
1811 1291 1883 1344 ci—

220 1379 314 1432 tius
350 1380 585 1447 intuere,
641 1386 699 1434 et
753 1381 971 1452 pariter
1018 1379 1308 1433 vobiscum
1367 1380 1635 1450 gaudere.
1700 1383 1882 1433 Amen

225 1468 363 1521 Finit.

979 1540 1093 1592 VII.

220 1642 327 1680 ΠἘΜ
396 1643 643 1680 EPISTOLA
713 1643 907 1681 ALVARI
984 1644 1311 1681 SPERAINDEO
1375 1644 1564 1681 ABBATI
1642 1644 1880 1682 DIRECTA.

279 1735 478 1788 Domno
529 1734 896 1788 dilectissimo
955 1737 1010 1786 et
1060 1735 1118 1787 in
1153 1735 1373 1788 Christo
1420 1733 1569 1788 Patri
1621 1734 1883 1789 Ser-zann-

220 1837 304 1874 ιιι-ιο
331 1823 510 1876 abbati
539 1825 794 1877 ALV'ARUS
825 1822 1024 1876 cliens.

281 1914 320 1964 t.
348 1911 618 1964 Prasscius
657 1917 714 1964 et
744 1911 1108 1981 omnipotens
1149 1913 1294 1964 Deus
1327 1910 1448 1964 haec
1504 1910 1560 1963 in
1591 1927 1721 1981 quae
1789 1911 1886 1964 de-

219 1996 455 2050 venimus
484 2001 765 2068 tempora,
799 2003 853 2052 et
885 1999 1134 2052 esuriem
1169 1998 1327 2051 verbi
1381 1997 1483 2052 Dei
1520 2013 1694 2068 quam
1750 1998 1888 2068 pati-

220 2101 344 2146 mur,
379 2086 623 2140 validam
658 2103 753 2139 vos
796 2087 960 2141 nobis
995 2087 1265 2157 opposuit
1297 2087 1579 2140 destinam
1609 2095 1654 2153 ε,
1688 2087 1786 2156 qui
1835 2092 1893 2140 et

218 2179 442 2227 nostram
468 2175 685 2228 cibaret
715 2175 989 2244 inediam,
1024 2181 1078 2228 et
1116 2175 1357 2244 dapibus
1413 2174 1725 2241 alimoniae,
1757 2175 1892 2229 reﬁ—

219 2267 348 2315 ceret
374 2263 558 2316 corda.
612 2263 717 2317 Sed
765 2264 900 2334 quia
942 2280 1040 2317 vos
1072 2279 1224 2317 nunc
1277 2263 1392 2317 scio
1426 2263 1893 2317 tribulationibus

220 2351 473 2417 deditum,
525 2351 617 2404 vel
672 2352 1147 2406 amaritudinibus
1197 2368 1553 2422 oppressum,
1605 2368 1798 2422 quaeso
1832 2355 1894 2405 ut

219 2438 571 2508 apostolicum
603 2438 816 2492 dictum
858 2455 963 2508 pro
996 2440 1403 2492 consolationis
1433 2440 1735 2493 assumatis
1777 2440 1890 2493 elo-

220 2525 335 2595 quio
359 2527 406 2578 b.
438 2527 532 2579 Ait
564 2527 717 2579 enim
747 2544 811 2581 ex
841 2528 1278 2582 tribulationum
1308 2529 1578 2599 periculis
1609 2545 1732 2599 quae
1764 2545 1890 2581 sus-

218 2614 418 2668 tinuit:
468 2617 736 2669 Periculis
781 2619 840 2669 in
882 2619 1121 2682 civitate,
1166 2619 1423 2684 periculis
1471 2621 1529 2670 in
1579 2617 1894 2684 solitudine,

215 2705 445 2768 periculis
481 2707 543 2757 in
585 2705 747 2769 falsis
767 2705 1037 2770 fratribus
1080 2706 1149 2771 (ll
1197 2707 1314 2760 Cor.
1366 2721 1442 2770 ιιι,
1488 2705 1594 2772 26).
1659 2706 1722 2758 Et
1768 2709 1896 2774 post

219 2790 323 2843 haec
354 2792 459 2844 alio
493 2794 554 2845 in
595 2793 719 2845 loco
769 2792 911 2846 dixit
959 2794 1275 2846 Gloriamur
1318 2796 1378 2846 in
1429 2795 1892 2858 tribulationibus,

215 2882 416 2934 scientes
453 2881 605 2950 quod
653 2881 930 2934 tribulatio
956 2884 1284 2950 patientiam
1333 2887 1631 2950 operatur:
1677 2885 1892 2950 patiens

1987 493 2263 562 scriptum
2295 498 2378 545 est
2412 510 2424 546 :
2476 493 2718 546 Ascendo
2749 493 2822 545 ad
2873 496 3086 547 Patrem
3119 511 3312 560 malm,
3369 503 3418 550 et
3457 497 3530 550 ad
3564 499 3682 550 Pa-

1989 585 2121 634 trem
2168 587 2424 644 vestrum,
2476 581 2549 633 ad
2591 582 2763 633 Deum
2812 598 2981 634 meum
3019 589 3067 635 et
3125 583 3198 635 ad
3255 587 3418 636 Deum
3445 591 3681 638 vestrum

1988 670 2155 736 (Joan.
2221 685 2312 735 xx,
2385 672 2488 729 t7).
2555 670 2700 722 male
2763 670 2963 739 utique
3028 670 3316 736 sentiunt;
3389 671 3679 726 Christum

1987 758 2167 810 Deum
2200 773 2261 810 ac
2293 757 2600 810 Dominum
2637 762 2891 811 nostrum
2925 759 3220 812 hominem
3252 765 3474 813 tantum
3532 777 3680 813 asse-

1987 850 2143 911 runt,
2168 850 2404 916 propter
2429 846 2565 898 illud
2601 846 2752 916 quod
2806 847 2874 899 de
2907 863 2973 900 eo
3006 848 3062 900 in
3095 849 3398 918 Evangelio
3433 849 3632 918 legunt
3667 865 3678 901 :

1990 935 2061 986 De
2105 934 2194 986 die
2225 939 2402 987 autem
2433 934 2530 986 illa
2554 940 2604 986 et
2653 935 2784 988 hora
2815 951 2964 988 mmo
3008 939 3128 1000 scit,
3164 952 3330 1004 neque
3359 939 3538 1003 angeli
3578 952 3682 992 cm-

1990 1022 2182 1087 lorum,
2222 1038 2392 1090 neque
2439 1023 2638 1087 Filius,
2689 1026 2802 1075 nisi
2833 1026 2996 1077 Pater
3041 1025 3183 1078 solus
3233 1025 3450 1093 (Matth.
3498 1041 3679 1091 xxxxv,

1992 1111 2099 1179 36).
2145 1111 2369 1164 Cunctis
2413 1117 2605 1164 tamen
2664 1112 2882 1165 nisibus
2930 1129 3100 1182 posco
3137 1118 3198 1166 ut
3236 1114 3444 1166 horum
3494 1114 3683 1182 genti-

1990 1199 2133 1253 lium
2173 1201 2352 1253 aniles
2399 1200 2746 1270 quaestiones
2801 1211 2838 1268 ο,
2894 1202 3029 1272 quia
3078 1203 3399 1255 mortiferos
3459 1203 3687 1255 audien-

1991 1289 2135 1341 tium
2167 1296 2446 1358 generant
2477 1306 2658 1354 casus,
2683 1290 2753 1342 iis
2802 1291 3067 1344 videlicet
3094 1291 3190 1361 qui
3238 1296 3371 1343 sunt
3410 1291 3682 1361 imperiti,

1993 1381 2048 1431 et
2075 1368 2379 1448 Scriptura:
2414 1384 2626 1432 sancta:
2659 1395 2776 1431 non
2817 1379 3096 1433 ventilant
3125 1385 3327 1433 textus.
3362 1380 3510 1443 Quas
3547 1379 3688 1432 duas

1995 1465 2394 1533 responsiones
2428 1472 2488 1518 ut
2519 1466 2670 1519 soliti
2701 1467 2833 1520 estis
2866 1465 2927 1519 in
2963 1467 3088 1520 aliis
3119 1467 3303 1521 facere
3324 1467 3528 1531 causis,
3564 1483 3686 1520 am-

1994 1551 2142 1620 plius
2173 1553 2593 1623 Seripturarum
2625 1555 2872 1607 ﬂosculis
2915 1554 3224 1608 adornetis.
3260 1557 3326 1608 Et
3358 1573 3459 1626 per
3513 1571 3686 1608 unam

1995 1655 2227 1710 quoque
2270 1642 2583 1707 assertoris,
2629 1659 2800 1712 quam
2850 1642 3008 1696 vobis
3038 1643 3400 1713 protulimus,
3449 1643 3687 1696 locutio-

1997 1743 2150 1793 nem,
2207 1734 2398 1798 aptam
2457 1731 2838 1800 promulgetis
2898 1733 3350 1801 responsionem.
3412 1731 3501 1786 Sic
3557 1747 3688 1784 cum

1996 1816 2204 1869 sanctis
2229 1817 2286 1869 in
2321 1817 2582 1870 aathereis
2613 1819 2803 1888 regnis
2841 1819 3128 1889 accipiatis
3178 1837 3207 1874 a
3246 1820 3486 1874 Domino
3519 1820 3690 1890 fulgi-

1997 1903 2127 1957 dam
2162 1905 2542 1960 mansionem.
2575 1908 2775 1960 Amen.

2750 2032 2890 2085 VIII.

2201 2152 2320 2188 ITEM
2356 2153 2607 2191 EPISTULA
2647 2154 2962 2191 SPERAINDEI
3002 2155 3210 2193 ALVARO
3251 2155 3484 2193 DIRECIA.

2065 2257 2478 2314 Inlustrissimo
2569 2263 2708 2315 mihi
2793 2263 3024 2317 domino
3093 2281 3156 2316 ac
3205 2263 3515 2317 venerabili
3592 2281 3686 2317 seu

1999 2346 2153 2399 omni
2213 2347 2510 2402 affectione
2575 2350 2785 2405 Christi
2857 2353 2915 2405 in
2970 2353 3244 2405 charitale
3295 2353 3696 2423 amplectenda

2001 2433 2212 2505 inclyto
2242 2441 2460 2490 Amano
2494 2438 2855 2492 Srenamuao.

2069 2523 2122 2576 1.
2178 2525 2322 2578 Dum
2353 2542 2384 2578 a
2415 2527 2880 2582 tribulationibus
2941 2529 3323 2582 validissimus
3387 2546 3570 2583 essem
3617 2531 3698 2583 ni-

2003 2613 2185 2668 mium
2211 2621 2539 2684 occupatus,
2570 2622 2624 2670 et
2653 2633 2814 2670 mens
2846 2634 2969 2671 mea
3020 2623 3277 2672 extuaret
3305 2620 3392 2672 vel
3450 2621 3695 2687 animus,

2003 2718 2067 2754 ac
2097 2703 2309 2770 jaculis
2341 2706 2679 2758 aemulorum
2729 2705 3015 2771 inretitus,
3060 2707 3302 2776 telisque
3349 2708 3642 2762 confossus
3671 2707 3698 2742 ά

2003 2790 2259 2844 sederem
2312 2810 2346 2845 a
2403 2793 2735 2846 vulneribus
2784 2794 3086 2847 taediorum
3121 2796 3426 2860 sauciatus,
3483 2801 3537 2849 et
3595 2798 3700 2850 llu-

2003 2882 2221 2932 ctuaret
2273 2885 2338 2933 ut
2387 2881 2544 2934 navis
2602 2881 2750 2934 inter
2797 2881 2972 2934 maris
3020 2883 3280 2952 gurgites
3327 2883 3561 2952 spiritus
3631 2884 3698 2937 ab

219 2969 286 3020 tia
312 2974 481 3022 autem
526 2969 923 3038 probationem,
952 2971 1202 3038 probatio
1242 2986 1366 3024 vero
1409 2985 1580 3039 spem,
1621 2986 1741 3038 spes
1789 2986 1896 3022 au-
1936 2989 1976 3044 ο
2006 2967 2388 3022 amaritudine
2431 2969 2874 3040 circumseptus;
2906 2970 3094 3023 subito
3137 2972 3370 3040 gerulus
3401 2977 3587 3025 vester
3628 2973 3699 3026 ad

217 3059 306 3108 tem
337 3073 430 3110 nos
469 3073 584 3111 non
618 3059 902 3122 confundit
934 3059 1106 3126 (Rom.
1141 3076 1196 3125 v,
1239 3060 1311 3126 3).
1373 3060 1620 3129 Ideoque
1661 3073 1892 3112 venera-

215 3142 330 3196 bilis
371 3146 561 3210 Pater,
615 3150 672 3198 et
724 3147 983 3199 omnium
1045 3147 1403 3201 sacerdotum
1452 3147 1668 3217 optime
1718 3163 1893 3213 sacer,

217 3232 319 3284 noli
345 3232 415 3286 ob
462 3233 900 3287 tribulationem
933 3235 1265 3288 discrimina
1298 3236 1581 3305 postulata
1634 3235 1895 3301 reticere,

217 3320 303 3373 sed
333 3321 612 3375 clientulo
656 3322 893 3393 quaesita
923 3322 1150 3394 largire,
1185 3323 1320 3394 quia
1349 3339 1554 3377 manus
1583 3323 1714 3377 inde
1765 3323 1900 3377 dan-

215 3405 278 3461 do
329 3416 594 3480 augetur,
653 3415 709 3463 et
764 3412 1026 3480 negando
1104 3411 1404 3466 minuitur.
1466 3412 1738 3466 Instruxit
1806 3427 1900 3466 me

218 3496 413 3567 quippe
446 3499 972 3569 Moyseslegiferus,
1001 3500 1136 3553 dum
1160 3502 1280 3569 ejus
1301 3499 1525 3554 intonat
1565 3500 1858 3571 eloquium
1885 3516 1898 3553 :

217 3586 731 3658 lnterrogajpatrem
787 3593 957 3654 tuum,
1018 3593 1067 3642 et
1121 3590 1260 3642 dicet
1291 3589 1423 3656 tibi;
1475 3593 1708 3644 seniores
1762 3594 1900 3657 tuos,

216 3679 259 3726 et
310 3676 720 3730 annuntiubunt
796 3678 898 3730 tibi
962 3677 1136 3747 (Deut.
1198 3693 1369 3743 xxxn,
1452 3679 1550 3748 7):
1632 3682 1687 3731 et
1769 3678 1904 3748 quia

218 3763 520 3832 spiritalem
579 3769 632 3816 te
690 3764 874 3818 recolo
932 3766 1179 3831 Patrem,
1237 3765 1366 3818 ideo
1415 3765 1733 3835 spiritalem
1788 3767 1902 3818 im-

216 3855 364 3920 petro
403 3868 604 3924 apem.
661 3852 883 3907 Scilicet
931 3853 1065 3923 quia
1112 3853 1345 3907 haeresis
1392 3853 1489 3906 illa
1547 3869 1718 3924 quam
1779 3869 1906 3906 mea

217 3938 362 3993 vobis
423 3942 548 4012 jam
611 3941 830 3994 dudum
889 3941 1198 3995 insinuavit
1256 3941 1485 4008 inertia,
1545 3941 1643 3995 Dei
1695 3941 1908 3994 lacerat

216 4028 534 4097 Ecclesiam,
598 4034 654 4083 et
707 4045 812 4100 per
866 4029 1236 4083 assertionem
1290 4029 1564 4083 Itehalem
1623 4034 1902 4083 catervam

217 4123 335 4184 post
362 4134 421 4170 se
455 4118 638 4172 trahit
675 4119 743 4172 ad
795 4123 1038 4171 mortem
1075 4135 1086 4171 :
1137 4118 1289 4188 quia,
1319 4119 1483 4187 juxta
1523 4117 1781 4188 Apostoli
1821 4117 1905 4170 di-

216 4210 380 4270 ctum,
443 4206 650 4259 Sermo
703 4205 1102 4259 hmreticorum
1163 4211 1222 4258 ut
1281 4220 1470 4259 cancer
1521 4208 1690 4274 serpit
1739 4205 1908 4258 corda

2007 3071 2100 3108 me
2131 3055 2420 3125 ingressus
2469 3058 2785 3110 litterarum
2834 3057 2976 3110 mihi
3014 3058 3219 3111 detulit
3249 3075 3476 3112 munus.
3513 3061 3699 3128 Ipsam

2007 3159 2142 3196 vero
2170 3143 2438 3213 scriptam
2470 3145 2686 3198 concite
2726 3145 2962 3214 perlegi,
3012 3151 3068 3199 et
3098 3147 3326 3216 eloquia
3374 3148 3696 3201 serenitatis

2007 3238 2208 3285 vestrae
2237 3232 2388 3286 illico
2435 3233 2658 3302 agnovi,
2710 3233 2982 3287 continuo
3033 3239 3095 3288 ut
3132 3236 3255 3288 luce
3312 3236 3554 3289 clariora
3614 3252 3703 3289 re-

2009 3321 2380 3392 splenderunt
2403 3323 2523 3392 jam
2556 3337 2701 3392 pene
2748 3328 3000 3382 mortuo.
3055 3327 3110 3377 et
3143 3339 3276 3377 mox
3307 3324 3548 3378 interior
3606 3325 3701 3378 ille

2009 3409 2311 3464 suscitatus
2341 3415 2425 3463 est
2452 3411 2646 3463 homo.
2695 3411 2848 3482 Coepi
2879 3411 3006 3482 quis
3047 3427 3228 3466 essem
3281 3413 3704 3484 obstupefactus

2009 3495 2244 3563 intueri,
2284 3499 2382 3549 aut
2414 3495 2542 3566 quis
2574 3499 2718 3549 esset
2745 3512 2847 3566 per
2867 3513 3040 3567 quem
3069 3499 3197 3551 talis
3233 3503 3298 3553 ut
3327 3516 3483 3554 eram
3525 3516 3706 3555 mere-

2010 3599 2102 3637 rer
2159 3584 2438 3649 suscitari,
2494 3585 2580 3638 vel
2633 3601 2738 3654 pro
2791 3590 2906 3639 tam
2967 3586 3384 3641 difﬁcilioribus
3415 3605 3484 3642 ex
3537 3590 3708 3643 sacris

2011 3671 2317 3741 Scripturis
2383 3672 2796 3742 questionibus
2854 3673 3159 3739 sciscitari;
3236 3675 3369 3728 dum
3439 3693 3592 3730 nunc
3647 3678 3705 3730 in

2011 3764 2271 3828 tempore
2301 3775 2417 3812 non
2448 3761 2518 3812 ad
2559 3761 2668 3813 hoc
2716 3762 2996 3827 nonnulli,
3055 3763 3152 3815 sed
3207 3761 3267 3816 in
3322 3764 3708 3818 locationibus

2011 3846 2334 3916 vulgalibus
2378 3849 2600 3900 malunt
2671 3847 2987 3916 immorari,
3049 3866 3166 3903 non
3214 3852 3577 3906 attendentes
3636 3853 3705 3907 ad

2013 3935 2176 3989 illum
2210 3935 2438 3988 Domini
2470 3936 2683 3990 dictum
2711 3953 2722 3990 :
2760 3937 2943 4007 Omne,
2976 3939 3180 4008 inquit,
3213 3939 3432 3993 verbum
3480 3944 3706 3995 otiosum

2015 4023 2156 4092 quod
2185 4024 2349 4077 locuti
2389 4026 2596 4090 fuerint
2649 4025 2903 4093 homines,
2952 4026 3182 4080 reddent
3229 4027 3293 4080 de
3329 4043 3386 4081 eo
3445 4032 3709 4083 rationem

2015 4113 2074 4164 in
2103 4111 2190 4164 die
2212 4112 2418 4180 judicii
2450 4114 2668 4180 (Matth.
2705 4130 2840 4182 xxu,
2873 4115 2979 4182 36).
3009 4118 3118 4168 Aut
3158 4116 3216 4168 in
3247 4133 3481 4170 suorum
3541 4119 3708 4172 soda-

2018 4200 2161 4254 lium
2193 4202 2639 4255 detractionibus
2663 4202 2862 4256 volunt
2887 4203 3144 4274 linguam
3191 4205 3438 4270 extendi,
3466 4222 3580 4260 non
3629 4224 3712 4261 re-

218 4291 518 4348 humilium
551 4295 636 4362 (II
684 4297 822 4348 Tim.
879 4311 939 4360 ιι,
977 4294 1087 4362 17),
1117 4295 1460 4364 praesertim,
1492 4294 1627 4364 quia
1654 4309 1910 4347 venenum
1950 4287 1993 4340 D
2025 4289 2391 4343 miniscentes
2458 4291 2599 4344 illud
2648 4307 2871 4344 sacrum
2932 4293 3302 4361 Evangelium
3335 4311 3346 4348 :
3409 4295 3710 4362 Festucam,

218 4382 465 4450 aspidum
497 4383 600 4436 sub
648 4383 809 4436 labiis
856 4399 1037 4436 eorum
1087 4384 1254 4451 (Psal.
1307 4399 1424 4448 xm,
1477 4382 1549 4452 3).
1612 4382 1693 4437 Ob
1743 4381 1914 4451 hujus

219 4471 295 4522 rei
321 4487 559 4524 causam
593 4475 777 4524 vestra
825 4471 1151 4541 ﬂagitamus
1174 4471 1380 4524 auxilia
1430 4474 1486 4524 et
1540 4470 1776 4524 subsidii
1817 4471 1912 4524 ad-

219 4558 508 4627 minicula,
562 4561 812 4630 qualiter
857 4561 1090 4614 hazresis
1141 4576 1342 4614 eorum
1401 4559 1677 4613 nebulosa
1731 4563 1786 4612 et
1833 4559 1913 4611 in-

220 4645 398 4715 fanda,
457 4648 722 4718 potentia
775 4649 998 4703 caelitus
1054 4653 1271 4719 pereat,
1331 4654 1388 4702 et
1443 4664 1664 4718 sponsa
1712 4647 1917 4701 Christi

219 4734 534 4790 clarissima
568 4737 779 4806 dogma
837 4753 939 4806 per
990 4753 1084 4790 vos
1141 4737 1368 4806 fulgens
1413 4736 1646 4790 eniteat.
1704 4737 1916 4788 Eorum

221 4840 344 4877 vero
374 4825 774 4895 oppositiones
805 4825 920 4879 illae
953 4829 1105 4892 sunt,
1134 4841 1264 4895 quae
1297 4824 1456 4878 vobis
1488 4825 1610 4892 jam
1642 4840 1674 4877 a
1702 4839 1794 4877 me
1829 4823 1916 4876 in-

221 4911 432 4966 timatae
466 4918 627 4966 sunt.

285 5003 336 5054 2.
401 5003 594 5072 Caput
653 5005 842 5055 autem
915 5003 1173 5072 ipsorum
1224 4999 1707 5070 nequissimorum
1770 4999 1923 5070 quod

223 5087 358 5141 falce
390 5090 466 5142 sit
499 5089 758 5142 veritatis
807 5089 1202 5153 resecandum,
1241 5089 1380 5142 illud
1433 5094 1552 5142 est:
1602 5089 1753 5158 quod
1794 5088 1924 5142 Tri-

222 5192 357 5230 num
386 5177 450 5230 in
484 5177 707 5231 unitate
741 5183 797 5231 et
828 5193 1004 5231 unum
1035 5176 1096 5230 in
1146 5177 1420 5230 Trinitate
1453 5192 1569 5229 non
1633 5176 1877 5230 credunt
1909 5193 1923 5231 :

223 5263 648 5333 prophetarum
679 5264 829 5318 dicta
870 5269 1144 5330 renuunt,
1191 5265 1490 5319 doctorum
1539 5264 1749 5334 dogma
1794 5264 1930 5335 reji-

291 5397 315 5422 ³
355 5390 485 5453 Ms,
549 5389 805 5444 valida...
863 5391 1144 5445 destina...
1211 5391 1288 5443 De
1333 5404 1470 5443 voce
1528 5388 1744 5444 destina
1800 5387 1930 5443 vide

227 5473 399 5528 supra
419 5460 597 5530 epist.
629 5461 679 5514 4.
708 5477 866 5515 nam.
895 5466 948 5528 '7,
982 5461 1040 5515 in
1066 5460 1164 5515 tiu.

293 5532 319 5572 Β
359 5532 491 5595 Ms.,
525 5530 811 5599 eloquium.

2024 4378 2230 4448 inquit,
2264 4381 2323 4431 in
2361 4380 2507 4433 oculo
2538 4382 2739 4445 fratris
2797 4383 2877 4434 tui
2904 4381 3076 4446 vides,
3112 4387 3162 4436 et
3208 4383 3410 4437 trabem
3453 4391 3512 4438 in
3561 4385 3716 4438 corde

2027 4471 2116 4520 tuo
2147 4482 2250 4520 non
2279 4467 2586 4521 consideras
2636 4469 2850 4529 (Matth.
2886 4486 2981 4535 vn,
3030 4472 3107 4536 3).
3163 4473 3234 4524 Ea
3291 4489 3418 4525 vero
3456 4490 3580 4543 quae
3613 4489 3716 4526 no-

2027 4556 2146 4609 civa
2177 4559 2330 4620 sunt,
2383 4561 2438 4609 et
2488 4555 2706 4608 inimici
2758 4557 2832 4609 ob
2877 4558 3282 4613 detrimentum
3330 4561 3520 4614 fratris
3564 4562 3718 4632 iuge-

2027 4647 2178 4708 runt,
2223 4643 2484 4695 nonnulli
2510 4643 2662 4696 illico
2692 4645 2950 4712 credunt,
2995 4650 3049 4699 et
3079 4647 3391 4702 Psalmistas
3423 4650 3715 4720 eloquium

2029 4746 2147 4784 non
2206 4731 2498 4783 recolunt:
2578 4731 2752 4785 Verba
2832 4735 3044 4786 inimici
3099 4737 3366 4802 iniquitas
3431 4742 3479 4790 et
3564 4737 3718 4789 dolus

2031 4819 2147 4889 (Ps.
2193 4835 2352 4885 xxxv,
2381 4820 2456 4887 4).
2501 4821 2624 4888 Ipse
2675 4835 2809 4872 vero
2859 4819 3225 4875 inimicorum
3281 4824 3552 4893 ﬁgmenta
3587 4839 3716 4876 mox

2030 4906 2142 4976 ipsi
2171 4906 2447 4960 ventilant
2471 4907 2777 4975 auditores,
2809 4913 2866 4961 et
2921 4910 3048 4962 aliis
3081 4927 3143 4963 ea
3177 4912 3382 4965 iterum
3430 4912 3490 4964 in
3537 4912 3719 4965 detra—

2034 4996 2220 5050 ctione
2252 4995 2436 5049 fratris
2469 5000 2765 5066 exponunt
2813 4997 3171 5065 insultantes,
3223 5001 3505 5070 verbaque
3541 5001 3718 5052 sancti

2035 5083 2294 5154 Apostoli
2323 5090 2448 5154 post
2487 5089 2714 5154 tergum
2755 5085 3076 5154 rejicientes
3111 5103 3123 5139 :
3168 5090 3272 5154 Qui
3322 5089 3579 5156 detrahit,
3629 5089 3721 5140 in-

2037 5173 2180 5242 quit,
2212 5174 2405 5238 fratri,
2432 5178 2481 5227 et
2499 5172 2719 5242 jadicat
2748 5177 3000 5240 fratrem,
3036 5175 3273 5228 detrahit
3312 5177 3471 5243 legem
3543 5182 3592 5228 rt
3634 5175 3720 5245 ju-

2038 5261 2187 5316 dicat
2217 5263 2382 5329 legem
2409 5264 2546 5331 (Jac.
2583 5279 2652 5328 Iv,
2689 5266 2791 5316 ll).
2842 5265 2887 5316 Α
2916 5263 3122 5317 talibus
3157 5264 3305 5316 enim
3341 5264 3561 5317 casibus
3612 5283 3726 5318 non

2111 5396 2133 5459 ἦ
2170 5386 2406 5457 Supple,
2439 5403 2713 5456 oppugnes
2744 5390 2827 5442 vel
2859 5389 2994 5459 quid
3030 5389 3232 5442 simile.

2111 5455 2136 5492 δ
2176 5455 2654 5524 Μεζξὶηνρὰᾱὶῑαε,
2686 5455 2909 5527 telisque
2937 5465 3224 5526 ron/hssos.
