4098 6180
365 292 469 346 463

1736 284 1985 339 ALVARI
2022 278 2506 337 CORDUBENSIS
3762 274 3866 325 464

367 422 577 476 solerte
627 417 892 474 convenit
936 415 1285 470 abstrahere.
1329 430 1401 468 ne
1441 430 1638 468 vocem
1690 414 1917 469 Domini
1957 430 2058 485 per
2096 414 2137 469 A
2170 428 2262 466 me
2293 426 2441 481 pene
2485 408 2678 463 multis
2711 408 2896 462 modis
2943 406 3205 461 contrivit
3260 406 3452 461 smculi
3500 406 3673 476 hujus
3717 422 3866 460 acer-

368 509 671 563 Jeremiam
703 505 1042 577 prophetam
1069 503 1232 557 nobis
1262 503 1487 557 intonet
1529 504 1678 557 clare
1714 520 1726 556 :
1758 504 1988 557 Attendi
2013 507 2063 556 et

369 598 684 659 obscultavi,
718 594 850 647 dicit
885 595 1183 647 Dominus:
1228 608 1377 646 nemo
1424 593 1568 662 quod
1617 594 1810 645 bonum
1856 597 1933 647 est
1981 593 2065 646 lo-

371 689 575 754 quitur,
604 684 787 736 nullus
818 688 893 735 est
926 684 1023 751 qui
1048 686 1179 746 agat
1220 683 1591 749 pamitentiam
1641 696 1802 746 super
1848 685 2063 751 peccato

369 789 463 826 suo
497 772 627 840 (Jer.
657 788 771 833 vui,
818 772 892 837 6).
945 770 1099 823 Unde
1128 775 1389 822 nostrum
1447 769 1709 823 omnibus
1760 770 2065 823 momentis

370 860 826 929 contemplantes
864 858 1157 921 delictum,
1220 863 1277 911 et
1332 858 1727 927 praestolantes
1785 856 2066 909 universis

374 948 585 1016 prioris
616 948 746 1000 vitm
784 955 990 999 nostrm
1024 945 1356 1011 terminum,
1390 945 1787 1015 compassione
1809 944 2067 1015 piissime

366 1052 472 1105 pro
518 1035 712 1089 fratris
772 1037 927 1104 lapsu
966 1034 1212 1087 ﬂebilem
1247 1033 1521 1087 debemus
1567 1032 1830 1087 exhibere
1885 1032 2065 1103 gemi-

367 1129 513 1191 tum,
549 1129 605 1177 et
633 1124 771 1176 illud
810 1123 1049 1192 implere
1083 1138 1145 1175 ac
1198 1122 1452 1192 proferre
1485 1122 1855 1191 apostolicum
1885 1140 1899 1174 :
1936 1122 2066 1186 Quis

368 1213 700 1278 inﬁrmatur,
757 1217 810 1266 et
850 1226 943 1277 ego
986 1226 1090 1263 non
1134 1210 1422 1278 inﬁrmor?
1457 1212 1589 1275 Quis
1632 1210 2063 1263 scandalizatur.

368 1307 417 1355 et
447 1316 539 1367 ego
584 1316 688 1352 non
735 1301 911 1352 uror?
944 1300 1015 1368 (II
1057 1300 1176 1354 Cor.
1235 1315 1308 1363 x1,
1370 1301 1483 1364 29.)
1542 1299 1664 1351 Non
1723 1314 1859 1367 ergo
1903 1298 2067 1351 facile

371 1394 458 1442 est
478 1388 851 1453 credendum,
885 1388 1020 1440 dum
1053 1388 1180 1456 quis
1229 1403 1358 1440 cum
1392 1386 1577 1439 verbis
1627 1386 1921 1441 maledicis
1966 1403 2066 1440 au-

370 1477 528 1530 ribus
576 1476 897 1529 insonuerit
936 1475 1168 1543 nostris,
1201 1475 1309 1527 nisi
1362 1479 1492 1527 ante
1543 1475 1759 1527 utiliter
1802 1475 2070 1528 discussis

372 1570 428 1618 et
454 1564 701 1617 tideliter
742 1562 969 1631 agnitis,
1005 1563 1330 1631 exemplum
1385 1560 1661 1613 habentes
1702 1561 1762 1613 in
1807 1560 1896 1613 his
1941 1577 2069 1631 qum

374 1653 647 1707 Dominus
688 1653 911 1704 locutus
964 1656 1047 1703 est
1095 1650 1325 1703 verbis:
1362 1649 1579 1705 Clamor
1617 1649 1965 1703 Sodomorum
2019 1655 2069 1703 et

2170 500 2330 553 vitas.
2365 498 2471 553 Sed
2505 498 2639 569 quia
2672 497 2745 550 ad
2778 498 2882 551 hoc
2908 513 3051 567 opus
3108 511 3209 548 vos
3237 495 3399 549 valde
3460 494 3738 559 sufﬁcitis,
3799 500 3865 548 ut

2173 604 2302 642 reor
2326 604 2441 641 non
2471 588 2540 641 ab
2583 586 2736 639 aliud
2772 585 3055 655 expetitis,
3089 584 3200 638 nisi
3247 588 3311 638 ut
3339 583 3685 637 credulitatis
3719 599 3861 635 mem

2172 682 2392 731 textum
2439 691 2747 746 agnoscere
2784 675 3032 727 valeatis.
3098 675 3211 743 Ego
3267 688 3401 726 vero
3449 672 3745 725 humiliter
3798 688 3865 724 ea

2172 763 2457 834 proferam
2494 779 2622 833 qum
2670 762 2863 823 credo,
2895 766 3065 831 atque
3118 759 3456 829 simpliciter
3509 776 3769 813 enarrem
3803 760 3866 813 in

2174 851 2585 923 qumstionibus
2624 850 2923 904 sciscitatis
2954 866 3082 920 qum
3139 848 3340 902 sentio.
3387 847 3675 917 Quidquid
3708 847 3864 901 enim

2174 941 2387 1011 absque
2417 957 2620 994 norma
2652 939 2904 993 veritatis
2946 937 3256 1008 paternitas
3305 937 3515 990 ibidem
3570 952 3869 1007 prmsense-

2173 1030 2244 1083 rit
2294 1028 2491 1083 domni
2544 1028 2742 1093 nostri,
2797 1027 2966 1081 vestri
2999 1025 3294 1095 genitoris,
3329 1041 3456 1078 mox
3505 1025 3643 1078 illud
3677 1041 3869 1078 emen-

2176 1120 2269 1172 det
2294 1118 2558 1171 velocitas
2588 1116 2882 1187 scriptoris
2918 1132 2929 1169 :
2964 1121 3018 1169 et
3057 1131 3147 1168 me
3183 1116 3391 1168 iterum
3424 1114 3568 1166 clam
3601 1114 3866 1179 instruat,

2176 1213 2240 1260 ut
2269 1207 2404 1260 olim
2462 1206 2594 1260 fecit
2632 1206 2793 1271 alios,
2850 1204 3034 1274 gratia
3065 1203 3238 1257 vestri
3290 1202 3565 1256 honoris:
3622 1207 3678 1255 et
3726 1202 3874 1255 celet

2175 1296 2421 1349 inscium
2451 1300 2624 1366 atque
2653 1295 2919 1365 ignarum
2961 1298 3144 1347 vestra
3176 1291 3406 1345 solertia
3439 1291 3645 1354 cordis,
3693 1290 3773 1344 ila
3812 1295 3874 1343 ut

2176 1399 2432 1437 errorem
2461 1398 2633 1435 nemo
2684 1382 2889 1435 sentiat
2932 1380 3110 1435 foris:
3153 1380 3290 1450 quia
3319 1379 3388 1433 ad
3421 1379 3872 1445 emendandum,

2176 1473 2265 1525 vel
2291 1471 2659 1536 demendum,
2689 1474 2858 1540 atque
2886 1456 3245 1537 addendum,
3294 1467 3618 1521 celsitudini
3669 1472 3873 1520 vestrm

2179 1564 2263 1612 est
2289 1560 2658 1613 destinatum.
2696 1558 2833 1611 Ecce
2873 1562 2937 1610 ut
2968 1558 3038 1610 ab
3069 1556 3401 1610 excellentia
3422 1561 3605 1608 vestra
3657 1555 3877 1608 exstitit

2180 1648 2549 1718 imperatum,
2583 1653 2646 1701 ut
2692 1646 2845 1700 valui
2876 1646 3122 1716 persolvi
3153 1646 3455 1699 clientulus
3508 1644 3873 1698 famulatum.

374 1742 680 1796 Gomorrha?
719 1741 1141 1807 multiplicatum
1182 1745 1280 1805 est,
1319 1741 1370 1791 et
1417 1742 1692 1806 peccatum
1742 1753 1921 1791 eorum
1964 1752 2068 1803 ag-
2107 1713 2148 1766 Β
2181 1713 2292 1790 Sed
2325 1736 2713 1807 oppositiones
2745 1713 2891 1802 illm,
2916 1752 3042 1805 qum
3092 1740 3225 1787 sunt
3282 1733 3341 1786 in
3391 1733 3630 1803 epistola
3688 1737 3878 1785 vestra

373 1835 661 1897 gravatum
693 1834 769 1881 est
814 1830 994 1881 nimis.
1039 1827 1371 1881 DescenJam
1409 1830 1600 1893 igitur,
1649 1831 1697 1879 et
1734 1827 1924 1879 uidebo
1952 1828 2070 1880 cla-

373 1935 572 1971 morem
606 1922 701 1985 qui
738 1920 883 1969 venit
932 1917 1005 1968 ad
1045 1932 1145 1981 me,
1192 1932 1346 1983 opere
1392 1916 1811 1983 compleverith
1864 1930 1936 1967 an
1964 1929 2071 1967 non

374 2013 450 2061 est
478 2011 578 2071 ita,
610 2012 667 2059 ut
697 2008 865 2059 sciam
898 2006 1048 2073 (Gen.
1083 2021 1237 2071 xviii,
1280 2006 1391 2071 20).
1444 2005 1821 2073 Omnipotens
1877 2003 2073 2056 Domi-

376 2111 501 2158 nus,
538 2094 844 2162 omniaque
882 2093 1082 2157 sciens,
1136 2108 1236 2145 cur
1284 2098 1414 2144 ante
1476 2091 1873 2161 probationem
1907 2091 2070 2160 quasi

377 2182 620 2243 dubitat,
651 2181 761 2233 nisi
786 2186 843 2233 et
873 2181 1168 2250 gravitatis
1191 2179 1353 2233 nobis
1402 2181 1724 2249 exemplum
1761 2183 2066 2248 proponat,

376 2286 448 2323 ne
475 2271 622 2323 mala
658 2270 949 2323 hominem
993 2276 1120 2322 ante
1167 2284 1581 2338 praesumamus
1629 2268 1861 2322 credere
1896 2283 2069 2337 quam

376 2360 643 2428 probare.
678 2361 743 2412 Et
787 2359 913 2411 ideo
964 2360 1041 2411 ait
1082 2374 1095 2411 :
1155 2358 1477 2412 Descendam
1523 2364 1571 2411 et
1618 2357 1827 2423 videbo,
1887 2363 2070 2409 utrum

374 2450 655 2502 clamorem
687 2451 783 2515 qui
802 2448 945 2501 venit
988 2447 1061 2499 ad
1089 2460 1192 2515 me,
1220 2462 1375 2515 opere
1404 2446 1781 2515 compleverint
1808 2462 1821 2499 :
1864 2462 1935 2499 an
1964 2462 2069 2500 non

375 2542 453 2590 est
484 2540 581 2601 ita,
611 2540 670 2589 ut
698 2538 885 2588 sciam.

444 2628 495 2678 2.
529 2625 634 2677 Sed
666 2625 787 2677 hmc
812 2627 1015 2675 cuncta
1071 2638 1200 2693 qum
1250 2639 1354 2692 per
1411 2622 1815 2676 contritionem
1884 2622 2068 2676 cordis

374 2714 600 2767 locutus
633 2729 782 2779 sum,
816 2712 1076 2765 omittam
1113 2729 1124 2765 :
1179 2717 1234 2764 et
1268 2712 1335 2765 ad
1379 2728 1443 2765 ea
1500 2728 1629 2783 qum
1661 2717 1846 2765 vestra
1891 2713 2069 2764 excel-

374 2802 552 2855 lentia
586 2801 767 2872 poscit
815 2804 1116 2853 revertam.
1150 2800 1287 2862 Quis
1328 2800 1480 2853 enim
1518 2801 1576 2853 in
1620 2806 1732 2853 tam
1779 2800 2067 2854 ineffabile

374 2890 457 2943 rei
481 2890 770 2959 negotium
805 2888 1115 2957 quodpiam
1150 2888 1286 2958 quid
1312 2887 1418 2941 fari
1458 2889 1682 2956 audeat,
1708 2905 1834 2942 cum
1864 2889 2066 2942 beatus

374 2973 750 3041 Hieronymus
781 2971 930 3024 dicat
962 2987 974 3023 ε
1011 2972 1423 3025 lnenarrabilia
1470 2979 1603 3025 sunt
1637 2972 1944 3026 Dominicm
1975 2972 2064 3025 in-
2106 3012 2147 3067 C

374 3060 718 3114 caruationis
744 3060 1033 3130 mysteria,
1070 3065 1124 3112 et
1145 3060 1453 3115 nativitatis
1475 3062 1597 3131 ejus
1626 3064 2062 3115 sacramentum.

373 3150 439 3202 Et
469 3150 593 3203 ideo
622 3164 736 3201 non
771 3152 1049 3218 quantum
1082 3149 1206 3218 ipsa
1237 3150 1500 3203 nativitas
1532 3155 1614 3202 est
1648 3150 1914 3203 intimare
1971 3166 2066 3202 cu-

372 3254 586 3305 ramus,
622 3238 717 3290 sed
754 3243 1033 3307 quantum
1068 3253 1174 3307 per
1206 3254 1530 3292 sermonem
1563 3239 1879 3309 exprimere
1926 3240 2071 3292 vale-

373 3344 521 3380 mus.
554 3329 759 3380 Verum
784 3332 1061 3397 quantum
1095 3327 1217 3395 ipsa
1246 3328 1508 3380 nativitas
1558 3332 1660 3394 est,
1704 3344 1821 3381 non
1882 3329 2067 3382 solum

374 3416 656 3485 explicare
703 3432 817 3467 non
866 3432 1187 3484 possumus,
1236 3416 1333 3468 sed
1366 3432 1468 3469 nec
1514 3418 1622 3484 ipsi
1664 3417 1845 3469 sancti
1899 3433 2068 3470 evan-

373 3504 590 3571 gelistm
621 3503 787 3572 plene
814 3504 1001 3556 dicere
1035 3508 1362 3572 potuerunt.
1400 3505 1465 3557 Et
1503 3505 1549 3556 si
1580 3505 1759 3558 sancti
1818 3521 2067 3574 evange-

372 3591 538 3654 listm,
569 3591 667 3660 qui
698 3596 890 3644 sancto
930 3591 1127 3661 utique
1182 3591 1393 3661 Spiritu
1423 3592 1619 3659 afﬂati,
1664 3593 1851 3646 dicere
1898 3594 2068 3663 plene

373 3678 777 3747 nequiverunt,
822 3694 887 3731 ex
925 3679 1048 3748 ipso
1082 3679 1234 3748 quod
1268 3680 1371 3731 sub
1404 3679 1575 3749 pleno
1606 3680 1664 3733 in
1696 3680 1857 3733 libris
1884 3683 2069 3735 Evan-

373 3767 655 3836 geliorum
699 3766 1140 3833 adnotaverunt,
1202 3769 1405 3821 melius
1462 3774 1545 3822 est
1600 3769 1836 3823 reticere
1893 3786 2068 3840 quam

374 3872 646 3919 asserere,
680 3860 737 3909 et
767 3861 917 3909 recte
965 3861 1027 3910 ut
1064 3857 1214 3910 dicta
1264 3862 1397 3911 sunt
1442 3858 1691 3925 credere,
1741 3875 1913 3928 quam
1946 3875 2070 3929 per-

373 3945 677 3997 scrutanda
729 3944 934 3998 litteris
992 3945 1205 4016 aliquid
1272 3947 1695 4013 commendare,
1752 3948 2067 4000 secundum

373 4034 711 4086 sententiam
742 4033 986 4086 doctoris
1012 4050 1139 4103 qum
1170 4034 1359 4103 posita
1398 4039 1482 4087 est
1534 4050 1685 4087 vere.
1746 4034 2063 4103 Credimus,

374 4120 581 4191 inquit,
612 4123 831 4173 Patrem
865 4138 993 4174 cum
1036 4123 1199 4174 Prole
1244 4123 1385 4191 ejus,
1435 4128 1742 4192 ortumque
1790 4122 2064 4193 Spiritum

374 4208 611 4273 almum,
648 4208 705 4260 in
740 4211 999 4275 personis
1034 4209 1270 4274 trinum,
1295 4209 1519 4263 deitatis
1552 4211 1834 4264 credimus
1863 4228 2063 4265 unum.

2182 1829 2429 1878 taxatm:
2480 1842 2574 1877 eas
2627 1824 2733 1878 sub
2754 1824 2984 1877 nomine
3031 1822 3327 1875 assertoris
3366 1822 3649 1874 exarando
3700 1821 3878 1873 indu-

2180 1929 2323 1979 cam,
2366 1919 2421 1966 et
2450 1918 2611 1966 textu
2648 1917 2833 1966 vestro
2875 1916 3197 1965 sanctarum
3229 1911 3651 1980 Scripturarum
3715 1910 3875 1963 testi-

2179 2000 2373 2055 monia
2403 2001 2738 2071 producam,
2790 2005 2846 2053 et
2876 2016 3005 2053 cum
3055 2001 3352 2053 doctorum
3401 1999 3569 2063 dicta,
3622 2004 3685 2051 ut
3721 1997 3821 2067 qui
3854 2006 3878 2030 ι

2178 2104 2312 2141 vero
2345 2094 2638 2143 conectam
2670 2105 2797 2159 qum
2836 2087 3237 2159 respondendo
3269 2087 3643 2141 conscribam.
3699 2086 3871 2140 Finit.

2251 2337 2371 2373 ῙΤΕΜ
2412 2336 2663 2375 EPISTOLA
2702 2336 2893 2373 ALVARI
2928 2335 3145 2373 ROMANO
3174 2334 3369 2371 MEDICO
3412 2332 3655 2371 DIBECTA.

2248 2443 2624 2499 Serenissimo
2656 2445 2915 2499 omnium
2946 2444 3358 2498 catholicorum
3385 2458 3608 2496 summo
3636 2440 3877 2495 domino

2179 2549 2307 2586 meo
2339 2534 2574 2587 ROMANO
2613 2535 2887 2588 ALVARUS.

2251 2624 2299 2675 t.
2375 2623 2743 2675 Anteriorum
2833 2636 3113 2687 meorum,
3188 2619 3550 2674 serenissima
3616 2616 3872 2683 domine,

2178 2724 2311 2780 erga
2348 2728 2443 2764 vos
2492 2711 2845 2764 amicabilem
2904 2710 3263 2763 dulcedinem
3315 2708 3589 2767 recolens,
3642 2710 3699 2757 et
3743 2703 3879 2757 affe-

2176 2802 2330 2851 ctum
2380 2798 2576 2868 glorim
2624 2805 2824 2852 vestrm
2872 2799 2929 2850 in
2954 2798 3164 2850 nostris
3198 2794 3693 2873 ~compassionibus
3752 2793 3879 2844 vul-

2176 2887 2409 2940 neribus
2449 2890 2491 2952 b,
2540 2887 2851 2957 smpissime
2884 2886 3285 2956 comprolians.
3321 2885 3425 2937 hos
3474 2882 3696 2935 inertim
3733 2896 3880 2933 mem

2176 2976 2464 3029 conticuos
2492 2987 2511 3009 ε
2550 2976 2739 3046 apices
2790 2975 3004 3028 inculto
3054 2990 3318 3026 sermone
3367 2971 3633 3041 digestos,
3667 2973 3721 3021 et
3766 2969 3879 3021 im-

2178 3066 2355 3135 polita
2436 3070 2587 3118 textu
2643 3065 2948 3131 confectos,
3006 3068 3204 3116 vestrm
3262 3060 3481 3115 decrevi
3554 3058 3880 3128 prmsentim

2178 3154 2564 3220 destinandos,
2617 3170 2721 3223 per
2772 3170 2916 3222 quos
2969 3158 3026 3205 et
3080 3151 3414 3204 charitatem
3461 3147 3881 3218 [repriorarem

2177 3248 2389 3296 nostrm
2418 3243 2686 3307 miserim,
2720 3247 2777 3295 ct
2807 3241 3156 3295 invectiones
3185 3237 3640 3292 adversariorum
3681 3235 3883 3304 apolo-

2177 3331 2359 3400 getico
2388 3330 2750 3383 retunderem
2785 3345 2956 3399 opere
2993 3343 3004 3383 :
3050 3332 3251 3397 petens
3284 3327 3342 3379 in
3372 3324 3658 3395 principio
3703 3323 3882 3376 rusti-

2176 3418 2361 3471 citatis
2415 3424 2623 3471 nostrm
2692 3417 2968 3488 epistolm,
3026 3421 3090 3469 ut
3144 3416 3274 3468 lmta
3325 3415 3466 3468 facie
3540 3418 3598 3466 et
3654 3412 3883 3482 placida

2178 3512 2368 3559 mente
2428 3507 2575 3559 servi
2627 3506 2711 3560 tui
2772 3507 2860 3559 vel
2920 3505 3023 3558 tilii
3077 3500 3469 3575 sugessionem
3514 3501 3777 3571 recipias,
3824 3505 3884 3553 et

2178 3610 2422 3665 qumque
2478 3595 2686 3648 dixerit
2748 3594 3077 3647 rationabili
3154 3595 3311 3647 lance
3362 3606 3691 3661 perpenses.
3765 3591 3884 3643 Nec

2176 3683 2403 3737 aurium
2437 3684 2790 3737 celsitudinis
2819 3687 3019 3735 vestrm
3048 3681 3339 3751 gravitatis
3370 3682 3493 3750 lege
3534 3679 3881 3750 prmcultum

2176 3776 2235 3825 et
2317 3772 2689 3825 moderantis:
2760 3771 2979 3825 viribus
3046 3768 3438 3841 principaliter
3498 3770 3883 3837 perornatum

2177 3861 2425 3913 susurris
2458 3860 2675 3914 levibus
2719 3861 2806 3913 vel
2853 3860 3043 3913 vacuis
3092 3859 3225 3912 inde
3273 3856 3524 3911 collectis
3562 3871 3803 3922 reseres,
3845 3872 3881 3908 ο

2176 3949 2429 4013 domine,
2482 3965 2813 4013 concavum,
2874 3964 2966 4012 ne,
3021 3948 3172 4017 quod
3224 3946 3391 4009 absit,
3430 3945 3686 3997 falsitatis
3746 3959 3885 3996 con-

2176 4042 2263 4091 tra
2292 4037 2589 4107 proprium
2630 4037 2959 4090 scandalum
2992 4036 3237 4102 hauriat,
3268 4040 3323 4087 et
3370 4034 3695 4103 improbata
3738 4032 3884 4084 reci-

2177 4126 2342 4195 piens
2370 4126 2705 4179 charitatem
2743 4126 3050 4180 radicatam
3085 4124 3401 4194 antiquitus
3449 4123 3680 4175 dissuat.
3720 4120 3883 4173 Licet

2177 4216 2329 4269 enim
2401 4220 2646 4267 assertor
2714 4215 2929 4284 primas
3004 4219 3190 4283 partes
3256 4210 3670 4281 propositionis
3751 4225 3878 4263 sum

375 4295 629 4357 Qualiter
660 4295 904 4347 intactus
946 4296 1216 4365 processit
1248 4297 1496 4366 Virginis
1532 4304 1748 4368 partus,
1794 4304 1891 4353 aut
1921 4316 2060 4370 qua-
2103 4310 2146 4363 Ι)
2178 4304 2491 4358 abundanti
2519 4304 2910 4373 persecutione
2946 4307 3195 4373 peruret,
3240 4306 3294 4354 et
3324 4300 3630 4353 sufﬁcienti
3665 4300 3877 4369 proba-

374 4383 504 4435 liter
532 4384 649 4451 pati
680 4384 863 4436 voluit
897 4391 1078 4451 natus,
1120 4386 1227 4438 hoc
1261 4390 1500 4439 tractare
1557 4388 1705 4441 nulli
1736 4388 1921 4458 liceat,
1972 4390 2070 4443 sed

375 4471 605 4523 credere
639 4476 879 4525 tantum.
919 4473 1027 4526 Etsi
1074 4474 1415 4543 prohibetur
1472 4476 1579 4529 hoc
1634 4479 1887 4544 tractari,
1942 4479 2068 4547 quis

374 4559 592 4611 calamo
624 4559 869 4613 scribere
901 4576 1057 4630 ergo,
1092 4560 1513 4631 vellinguahoc
1535 4564 1832 4634 quidpiam
1866 4566 2072 4619 audeat

374 4644 525 4699 fari?

446 4736 496 4787 3.
554 4735 618 4787 Et
676 4734 809 4805 quia
866 4741 1064 4791 contra
1106 4737 1226 4791 limc
1282 4738 1551 4809 capitula,
1614 4756 1742 4811 quae
1800 4734 2069 4795 adnotata

373 4826 504 4875 sunt
537 4822 595 4875 in
636 4824 873 4893 epistola
924 4832 1126 4892 vestra,
1158 4828 1483 4881 testimonia
1530 4845 1597 4882 ex
1636 4831 2067 4900 Evangeliorum

372 4916 429 4964 et
457 4913 849 4982 apostolorum
883 4914 1042 4968 libris
1073 4916 1344 4986 exquiris,
1381 4933 1486 4986 pro
1542 4934 1741 4970 eorum
1784 4919 2070 4973 machina-

372 4999 623 5053 tionibus
684 5001 1048 5070 dissipandis,
1122 5010 1178 5057 et
1232 5005 1421 5057 dubiis
1480 5006 1674 5075 utique
1725 5007 2068 5060 validissime

372 5089 813 5155 confirmandis;
873 5092 1223 5146 eminentius
1274 5098 1466 5147 tamen
1542 5094 1599 5147 id
1658 5111 1825 5163 agere
1882 5102 2069 5150 vestra

372 5178 517 5230 valet
556 5178 894 5248 benignitas,
943 5196 1116 5251 quam
1156 5181 1316 5234 nulla
1336 5197 1594 5251 unquam
1639 5183 1932 5238 tribulatio
1979 5185 2066 5239 vel

372 5266 684 5319 mundialis
744 5267 1002 5337 fatigavit
1054 5268 1380 5323 adversitas.
1436 5270 1564 5324 Ideo
1619 5271 1931 5326 intellectui
2004 5290 2067 5326 ac

372 5356 561 5406 sensui
592 5359 777 5408 vestro
821 5373 1047 5411 summa
1085 5364 1386 5427 permanet
1416 5358 1738 5430 integritas;
1776 5362 1911 5433 quia
1945 5363 2065 5433 jam

439 5484 461 5552 ξ
502 5475 635 5552 Leg.
676 5493 795 5533 cum
824 5480 1097 5535 doctorum
1123 5482 1306 5547 dictis,
1341 5488 1524 5552 atque.

440 5546 466 5587 Β
507 5547 641 5618 Leg.
675 5552 733 5601 in
758 5558 1060 5606 nostrorum
1089 5546 1451 5622 compassione
1475 5555 1775 5610 vulnerum.

2178 4392 2335 4444 tione
2411 4390 2647 4460 propria
2708 4391 2935 4443 tirmare
2994 4406 3050 4442 se
3106 4394 3308 4459 putet;
3364 4394 3558 4440 tamen
3608 4386 3878 4439 inefﬁcax

2179 4494 2407 4549 semper
2435 4479 2586 4549 apud
2634 4479 2899 4532 honestos
2941 4478 3159 4548 judices
3213 4476 3455 4531 habetur
3505 4476 3707 4539 oratio,
3742 4490 3881 4545 qum

2180 4566 2434 4621 solitaria
2464 4583 2702 4637 surgens
2748 4567 2958 4619 nullius
3000 4582 3028 4618 e
3079 4566 3310 4635 regione
3352 4564 3706 4618 adversantis
3738 4567 3883 4615 atte-

2178 4662 2391 4708 nuatur
2423 4655 2719 4724 repagulo.
2759 4656 3123 4723 Exspectatur
3159 4668 3404 4722 namque
3431 4650 3693 4703 secundm
3739 4665 3881 4719 par-

2179 4744 2251 4796 tis
2282 4743 2562 4810 defensio,
2612 4749 2664 4796 et
2707 4744 2835 4796 data
2874 4742 3155 4795 libertatis
3202 4740 3452 4804 licentia,
3502 4744 3557 4792 et
3609 4738 3678 4791 de
3729 4738 3880 4790 ulti-

2179 4832 2285 4885 mis
2317 4832 2463 4885 bene
2515 4831 2783 4884 discussis
2827 4837 2883 4883 et
2915 4830 3158 4901 cognitis
3189 4829 3473 4882 emittitur
3520 4826 3879 4897 perpetualis

2180 4920 2482 4974 sententia.
2508 4920 2639 4974 llmc
2654 4919 2711 4972 in
2739 4920 3019 4989 prooemio
3037 4919 3244 4972 dixisse
3279 4917 3525 4970 sufﬁciat
3545 4922 3602 4968 et
3623 4915 3879 4984 sapienti

2178 5008 2425 5079 cmpisse,
2455 5024 2560 5078 pro
2594 5013 2712 5061 toto
2730 5009 3038 5078 explicasse
3071 5006 3351 5077 proficiat.

2249 5100 2299 5150 2.
2334 5100 2412 5149 Ac
2464 5096 2693 5161 deinde,
2726 5097 2804 5149 mi
2854 5096 3259 5149 sublimissime
3312 5094 3564 5159 domine,
3616 5090 3877 5145 dilectio-

2177 5201 2310 5239 nem
2344 5200 2529 5238 meam
2562 5201 2696 5253 erga
2726 5201 2823 5237 vos
2850 5190 3183 5254 vestrosque
3211 5200 3411 5237 omnes
3443 5183 3514 5235 ab
3542 5181 3676 5251 ipsis
3707 5180 3881 5233 incu-

2176 5272 2383 5325 nabilis
2415 5272 2672 5325 infanlim
2709 5274 2917 5341 recole,
2948 5278 3004 5328 et
3033 5273 3214 5343 magis
3247 5272 3402 5325 vobis
3455 5270 3564 5341 ipsi
3596 5284 3687 5322 me
3722 5268 3883 5321 bene

2176 5364 2379 5414 notum
2428 5360 2681 5428 habenti,
2732 5377 2905 5432 quam
2942 5361 3064 5415 aliis
3110 5378 3179 5415 ex
3230 5376 3319 5414 me
3376 5360 3611 5413 adversa
3648 5372 3879 5427 sugge-

2246 5496 2267 5521 °
2303 5487 2366 5542 Id
2392 5491 2480 5542 est
2508 5490 2807 5554 contiguos.
