4098 6180
229 290 315 341 465

1753 288 2099 347 EPISTOLE
2111 330 2128 349 .

3592 298 3694 351 466

230 424 463 477 rentibus
504 423 685 476 crede.
738 422 1073 491 Superbiam
1128 439 1315 476 meam
1365 427 1421 477 et
1460 422 1750 494 rapinam,
1790 440 1888 478 seu
1926 426 1970 480 A
2005 430 2334 492 tractantes,
2368 432 2424 480 et
2454 428 2589 497 quia
2616 428 2806 481 nullus
2830 428 2884 481 ei
2918 433 3143 498 poterat
3173 430 3239 483 ad
3268 430 3696 487 terminandum

227 511 521 566 insolentia
551 512 746 577 vitam,
787 526 935 580 pene
966 510 1122 564 vobis
1151 511 1402 580 amplius
1441 527 1615 581 quam
1650 512 1775 565 aliis
1811 516 1897 566 est

230 607 280 655 ut
333 600 534 655 extimo
595 604 807 654 notam.
876 601 943 653 Et
1004 615 1247 671 quaque
1311 599 1379 653 ab
1446 599 1669 653 ineunti
1726 604 1893 654 atate

228 705 387 759 usque
418 688 473 742 in
510 689 619 742 hoc
654 692 882 758 tempus
910 693 1134 757 gestum
1169 692 1271 755 est,
1307 692 1370 741 ut
1405 704 1551 755 reor,
1588 705 1704 742 non
1736 689 1894 743 vobis

226 779 471 841 celatum,
501 777 595 830 sed
631 781 828 829 notum
874 781 975 830 est.
1020 777 1085 829 Et
1117 782 1268 829 certe
1307 777 1566 846 patulum
1615 783 1807 831 manet
1839 782 1895 832 et

227 866 493 935 cognitum
540 865 735 918 multis
783 880 872 918 me
916 864 1133 935 laqueis
1174 864 1489 930 inretitum,
1533 865 1893 936 millenisque

225 954 369 1008 malis
399 953 507 1007 huc
537 970 719 1023 usque
753 953 1060 1007 addictum.
1097 954 1160 1006 Et
1199 953 1543 1024 plerumque
1584 954 1894 1009 adversitas

227 1048 525 1111 temporum
566 1042 741 1095 etiam
774 1042 1263 1111 patientissimum
1307 1059 1341 1095 a
1385 1042 1622 1095 lenitate
1663 1042 1896 1098 divertit

223 1132 274 1185 in
301 1132 443 1185 aliud
484 1131 763 1184 animum.
800 1131 930 1198 Sed,
959 1132 1198 1200 juvante
1237 1131 1686 1199 prasentissimo
1717 1137 1773 1185 et.
1805 1134 1890 1186 al-

221 1221 421 1274 tissimo
466 1225 737 1287 creatore,
786 1236 984 1274 omnes
1025 1220 1388 1273 adversantes
1426 1220 1568 1273 mihi
1614 1220 1891 1275 amicissi-

224 1326 331 1363 mos
379 1308 480 1363 feci
537 1326 550 1362 :
614 1314 670 1362 et
712 1308 1072 1379 quibusdam
1132 1308 1381 1378 pacificis
1439 1309 1675 1362 nexibus
1730 1314 1892 1363 utens

223 1398 430 1451 solertia
474 1398 674 1465 animi,
724 1413 898 1451 manu
947 1398 1265 1451 dilectionis
1308 1397 1625 1450 contrarios
1672 1400 1878 1468 ample-

219 1486 348 1552 xavi,
406 1486 727 1540 humilitate
792 1487 998 1540 finiens
1059 1492 1116 1540 et
1176 1486 1474 1539 affectione
1535 1486 1887 1541 demulcens.

220 1576 406 1628 Verum
442 1576 715 1645 iniquitas
754 1591 899 1643 mea,
950 1579 1007 1629 et
1046 1575 1392 1646 ignorantia
1433 1575 1751 1645 juventutis
1797 1576 1890 1629 de-

219 1665 412 1725 lictum,
458 1664 611 1733 juste
663 1670 859 1717 contra
906 1680 998 1717 me
1052 1680 1280 1734 semper
1334 1665 1483 1717 levat
1533 1664 1883 1718 calcaneum.

220 1753 339 1805 Inde
383 1759 437 1805 et
482 1753 545 1806 in
594 1752 944 1806 contrarium
992 1753 1177 1820 surgit
1224 1752 1508 1822 quidquid
1555 1752 1887 1808 inchoatum

221 1840 367 1893 aliter
406 1841 532 1894 fuit.
578 1841 719 1894 Nam
764 1845 903 1894 teste
949 1842 1081 1907 Deo,
1125 1856 1294 1911 quem
1327 1838 1686 1894 conscientia
1722 1858 1885 1905 mea,

219 1929 319 1981 imo
368 1935 419 1982 et
464 1930 637 1999 hujus
681 1929 934 1997 epistola
984 1930 1362 1983 discnssorem
1412 1934 1701 1997 exspecto,
1753 1930 1888 2000 quia

220 2017 472 2088 quidquid
508 2018 851 2072 Manichaus
895 2018 1042 2071 Felix
1087 2028 1131 2084 ⁸,
1184 2016 1463 2087 quidquid
1508 2019 1798 2072 confessor
1838 2022 1883 2085 ι),

219 2106 470 2171 Julianus,
506 2106 706 2159 crebra
749 2106 905 2159 vobis
942 2112 997 2160 et
1034 2107 1363 2176 importuna
1393 2108 1762 2174 suggessione
1794 2124 1883 2160 as-

222 2200 412 2259 serunt,
444 2200 498 2248 et
527 2200 725 2248 contra
765 2211 855 2248 me
894 2196 1164 2249 falsidicis
1206 2193 1671 2265 oppositionibus
1717 2196 1885 2267 inge-

222 2289 352 2350 runt,
404 2300 520 2337 non
574 2288 704 2337 voto
764 2285 973 2337 mentis
1031 2285 1254 2351 accidit,
1319 2287 1413 2340 sed
1468 2284 1702 2339 fortuito
1752 2302 1885 2340 casu

221 2372 404 2426 evenit.
440 2372 601 2436 Quod
634 2373 782 2426 idem
832 2373 1132 2442 religiosus
1171 2374 1395 2429 verifice
1438 2375 1617 2439 novit,
1666 2379 1721 2427 et
1766 2375 1885 2427 cal-

219 2466 323 2514 cata
375 2462 719 2515 conscientia
781 2462 1035 2531 propria,
1096 2468 1231 2517 nota
1287 2464 1622 2529 contemnit,
1687 2464 1887 2535 ignota

222 2565 335 2602 vero
363 2551 626 2617 adstruit,
661 2555 715 2603 et
743 2550 1016 2604 defendit.

277 2642 320 2691 3.
364 2640 425 2692 Et
467 2645 534 2692 ut
563 2640 856 2709 paulisper
886 2640 1139 2708 seposita
1168 2640 1390 2695 ratione
1435 2640 1707 2695 narrandi
1744 2657 1881 2711 qua-

217 2726 328 2778 liter
377 2733 568 2781 actum
628 2733 730 2792 est,
782 2744 909 2797 qua
966 2728 1182 2781 adverti
1235 2729 1535 2794 debentur,
1593 2729 1881 2799 ingeram;

216 2821 347 2867 certe
376 2820 503 2869 ante
532 2816 895 2886 agritudinis
928 2832 1067 2869 mea
1099 2816 1484 2886 dispendium,
1520 2824 1575 2871 et
1604 2817 1886 2887 paeniten-

214 2902 290 2955 tia
337 2920 506 2973 quam
558 2904 616 2957 in
666 2905 868 2958 ultima
914 2905 1252 2959 necessitate
1299 2906 1491 2976 accepi
1540 2906 1881 2971 remedium,

216 2992 387 3043 multis
418 2992 587 3046 donis
618 2992 929 3063 multisque
968 2994 1141 3046 rebus
1180 2998 1440 3047 sanctum
1477 2994 1642 3047 illum
1680 3010 1887 3047 mona-

214 3079 427 3133 sterium
469 3081 651 3134 ditavi
689 3081 897 3134 locum.
947 3082 1014 3134 Et
1061 3083 1213 3152 quod
1257 3083 1485 3152 genitor
1535 3098 1696 3135 meus
1744 3083 1885 3137 diva

214 3168 503 3235 memoria,
546 3186 648 3222 nec
686 3176 815 3223 ante
857 3186 948 3223 me
990 3187 1055 3223 ex
1089 3171 1268 3223 nostri
1312 3172 1522 3225 fecerat
1567 3172 1737 3239 ullus,
1779 3188 1885 3241 ego

215 3262 504 3325 spontanea
585 3264 775 3311 mente
849 3258 1222 3328 impleveram
1296 3260 1472 3313 solus.
1540 3260 1701 3323 Quod
1764 3260 1885 3329 ipse

214 3344 476 3398 incnsator
516 3362 730 3416 negare
773 3363 889 3399 non
928 3348 1096 3412 valet,
1148 3353 1205 3401 et
1247 3348 1316 3402 de
1356 3365 1471 3418 quo
1520 3348 1706 3401 omnis
1751 3348 1883 3402 vici-

214 3432 341 3485 nitas
367 3436 761 3488 testimonium
794 3436 1027 3489 habent.
1065 3437 1128 3488 Et
1152 3452 1304 3489 nunc
1335 3437 1566 3505 quando
1600 3436 1885 3505 poeniten-

214 3521 292 3574 tia
325 3523 404 3575 lex
437 3523 831 3577 miserrimum
869 3524 1091 3591 curbat,
1122 3532 1179 3577 et
1209 3525 1471 3578 debilitas
1504 3524 1625 3594 jam
1650 3527 1883 3596 jamque

216 3611 536 3665 moriturum
586 3612 858 3677 incurrat,
903 3616 1142 3682 januam
1194 3614 1336 3666 mihi
1394 3614 1520 3667 vita
1574 3615 1886 3683 praelude-

213 3713 335 3764 rem,
367 3706 419 3753 et
447 3702 508 3754 in
551 3707 717 3755 antro
750 3701 1005 3756 barathri
1044 3702 1204 3772 lapsu
1240 3702 1521 3771 pracipiti
1553 3704 1884 3757 currerem?

213 3786 304 3841 Sed
333 3791 581 3860 qualiter
620 3796 829 3856 actum,
866 3808 1097 3862 quoque
1129 3791 1409 3863 dispositu
1443 3792 1613 3845 exstit
1642 3807 1883 3861 usurpa-

212 3879 318 3931 tum
364 3884 502 3932 teste
560 3880 671 3932 Deo
714 3884 769 3933 et
807 3880 1187 3950 praesentibus
1230 3881 1654 3934 accusatoribus
1693 3880 1882 3950 profe-

212 3980 314 4019 ram
345 3969 603 4036 planum.

268 4057 315 4108 4.
349 4057 513 4109 Volui
556 4055 884 4110 universum
933 4056 1095 4110 illum
1147 4057 1332 4110 locum
1385 4057 1528 4110 mihi
1578 4056 1882 4121 redimere,

213 4146 259 4194 et
280 4142 738 4213 inquietudinem
771 4144 1163 4198 Romanorum
1187 4154 1207 4178 ο
1227 4145 1471 4214 fugiens,
1499 4145 1685 4214 ipsum
1712 4161 1883 4215 quem

212 4232 371 4285 nostis
400 4233 727 4303 principem
763 4233 939 4286 malui
969 4232 1283 4303 inquirere.
1311 4235 1467 4287 Justc
1490 4249 1737 4303 namque
1759 4250 1887 4287 con-

212 4318 368 4372 fessor
396 4321 641 4387 dixerat,
674 4320 810 4392 quia
836 4320 920 4374 illi
953 4320 1052 4391 qui
1087 4338 1119 4373 a
1157 4321 1416 4389 genitore
1450 4338 1577 4375 meo
1617 4323 1697 4374 vel
1731 4339 1761 4374 a
1793 4338 1885 4375 me

211 4414 381 4479 empta
411 4410 707 4464 habebant
743 4410 986 4463 vendere
1028 4410 1352 4480 cupiebant,
1405 4414 1461 4463 et.
1511 4426 1625 4462 una
1673 4410 1887 4479 pariter

211 4510 323 4549 cum
353 4515 416 4551 eo
447 4498 716 4568 pravisio
750 4498 966 4552 exstitit
1005 4504 1222 4562 nostra,
1262 4503 1327 4551 ut
1375 4502 1798 4569 argumentose,
1832 4503 1887 4551 et

212 4598 312 4638 non
346 4602 475 4641 vere
508 4588 700 4657 ipsum
740 4587 1061 4657 principem
1102 4588 1480 4655 mitteremus,
1529 4592 1584 4641 et
1622 4604 1723 4657 per
1754 4604 1884 4641 eum

212 4679 390 4728 nostra
414 4676 581 4729 nobis
614 4692 1114 4746 congregaremus,
1146 4676 1425 4730 honorem
1457 4677 1581 4747 ejus
1610 4681 1667 4729 et
1696 4677 1885 4731 locum

270 4840 292 4865 ⁸
321 4834 439 4897 Ms.,
470 4836 749 4889 Maniceus
778 4836 938 4901 felix.

271 4904 294 4945 ιι
326 4905 399 4957 De
426 4905 768 4958 confessoris
798 4922 935 4959 voce
970 4905 1094 4959 vide
1126 4905 1269 4959 infra
1303 4906 1467 4976 epist.
1507 4908 1590 4973 t3,
1625 4921 1681 4959 n.
1721 4908 1767 4958 1.

272 4982 290 5007 ε
322 4976 626 5038 Florezius,
672 4976 733 5029 in
766 4977 1217 5046 Prolegomenis,
1264 4977 1332 5030 de
1381 4978 1484 5030 hac
1528 4993 1662 5030 voce
1713 4992 1725 5029 :
1776 4976 1885 5029 Αι-

214 5042 343 5099 drete
379 5063 441 5100 en
481 5048 529 5101 el
571 5048 664 5100 lib.
708 5064 748 5115 1,
792 5064 912 5115 cap.
940 5042 1009 5109 '6,
1058 5042 1304 5102 entendio
1353 5054 1460 5101 esto
1506 5048 1723 5102 nombre
1772 5047 1884 5101 Ro-

215 5127 499 5187 manorum
547 5119 613 5171 de
652 5121 944 5187 Espanoles
985 5119 1381 5172 descendientes
1422 5119 1488 5171 de
1526 5121 1808 5183 Romanos,
1852 5134 1885 5171 a

214 5183 493 5249 diferencia
531 5189 597 5242 de
640 5183 861 5257 los'que
904 5189 1227 5244 descendian
1274 5190 1339 5243 de
1386 5191 1461 5243 los
1510 5190 1702 5245 Godos.
1754 5191 1885 5243 Pero

213 5270 338 5321 para
371 5260 446 5313 tos
486 5262 662 5314 Moros
708 5262 757 5314 ιο
804 5262 992 5315 mismo
1039 5276 1171 5315 eran
1213 5275 1347 5315 unos
1395 5276 1497 5328 que
1537 5266 1702 5323 otros,
1750 5275 1882 5313 ava-

216 5328 433 5383 sallados
476 5331 623 5385 todos
662 5332 1015 5396 igualmente;
1058 5348 1094 5399 y
1136 5335 1221 5386 asi
1270 5332 1519 5400 procedio
1566 5332 1735 5397 mejor
1782 5332 1884 5386 Go-

216 5411 313 5470 mez
355 5402 549 5461 Bravo,
594 5402 845 5456 diciendo
894 5418 994 5470 que
1041 5418 1173 5457 eran
1217 5404 1488 5457 militares
1533 5403 1598 5456 de
1636 5404 1882 5463 Francia,

219 5466 282 5520 los
315 5473 499 5543 quales
533 5472 758 5526 estaban
796 5488 859 5525 en
894 5466 1121 5527 servio-io
1160 5474 1246 5528 del
1282 5476 1391 5543 Rey
1435 5473 1499 5526 de
1542 5473 1805 5540 Cordoba,
1848 5488 1884 5539 3/

216 5550 261 5591 se
309 5542 577 5596 tlamaban
626 5546 891 5599 Romanos
933 5559 1037 5613 por
1084 5548 1287 5615 quanto
1340 5546 1395 5599 la
1450 5544 1691 5599 Francia
1747 5546 1884 5598 occi-

1927 1706 1967 1761 Β

1928 2990 1968 3046 C

1926 4288 1968 4341 D

2004 514 2279 568 obsistere
2312 520 2660 585 reputantes.
2699 516 2801 569 Cui
2843 533 2974 570 cum
3013 516 3353 586 petitionem
3398 519 3535 588 ipsis
3575 520 3694 574 die-

2001 602 2109 657 bus
2147 604 2505 674 agritudinis
2547 620 2706 670 mea,
2741 605 2946 674 quibus
2981 605 3345 660 invisendum
3394 624 3482 660 me
3524 625 3694 663 vene-

2004 697 2109 757 rat,
2140 709 2241 763 pro
2280 694 2385 746 hoc
2416 693 2681 759 facerem,
2722 697 2778 745 et
2818 709 3061 762 quaque
3094 694 3488 749 desiderabam
3520 714 3694 768 expo-

2005 796 2200 834 nerem
2233 781 2472 852 implere
2504 780 2769 851 promisit
2803 797 2815 833 :
2850 786 2905 835 et
2948 781 3054 833 hoc
3097 782 3217 835 sine
3263 784 3593 839 difficultate
3624 787 3695 841 ad

2003 869 2264 923 effectum
2299 871 2612 940 perducere
2645 868 2803 923 dixit.
2852 869 2954 923 Cui
2984 886 3085 922 nos
3115 871 3413 925 confestim
3448 874 3590 927 nihil
3623 875 3693 928 de

2003 974 2117 1028 quo
2177 964 2371 1028 postea
2428 964 2651 1028 gestum
2715 962 2800 1011 est
2865 958 3236 1027 suspicantes,
3306 961 3693 1015 venditionem

2001 1047 2261 1113 fecimus,
2312 1052 2363 1100 et
2413 1064 2514 1117 per
2567 1052 2738 1100 testes
2799 1046 3173 1113 firmavimus,
3238 1052 3299 1100 ut
3339 1048 3693 1117 ingressione

2000 1134 2181 1205 ipsius
2224 1136 2361 1189 alios
2401 1136 2825 1201 seduceremus,
2870 1140 2927 1188 et
2975 1134 3140 1188 nobis
3182 1151 3285 1204 per
3331 1152 3461 1189 eum
3509 1142 3693 1192 totum

1998 1225 2314 1278 terminum
2350 1226 2786 1294 applicaremus.
2835 1224 2943 1277 Sed
2995 1223 3089 1276 ille
3136 1223 3196 1275 in
3244 1225 3695 1280 vacanietatibus

1998 1310 2333 1381 impeditus,
2383 1312 2451 1365 de
2497 1328 2610 1382 quo
2657 1312 2840 1364 fuerat
2880 1314 3101 1380 gestum
3147 1326 3263 1363 non
3303 1311 3438 1365 satis
3471 1313 3690 1379 anxius,

1998 1400 2171 1470 capit
2214 1400 2491 1453 oblivioni
2541 1405 2762 1453 nostras
2809 1400 3033 1453 tradere
3080 1416 3296 1465 causas,
3351 1406 3408 1453 et
3455 1401 3511 1453 in
3553 1418 3693 1472 quas

1997 1489 2139 1542 nihil
2174 1488 2438 1554 habebat,
2472 1505 2575 1542 nec
2607 1489 2859 1553 dederat,
2892 1498 3238 1557 postponere
3269 1505 3454 1542 curas.
3486 1492 3548 1543 Et
3569 1508 3694 1544 cre-

1996 1578 2203 1631 berunt
2231 1578 2469 1646 rapina,
2500 1584 2555 1631 et
2586 1577 2884 1646 privilegia
2912 1578 3327 1645 Romanorum,
3358 1579 3456 1648 qui
3488 1580 3693 1632 transi-

1998 1665 2199 1718 lientes
2222 1665 2430 1718 limites
2450 1682 2720 1735 agrorum
2746 1670 3094 1728 nostrorum,
3118 1665 3446 1719 universum
3472 1666 3693 1720 minita-

1998 1754 2137 1809 bant
2166 1755 2432 1808 invadere
2464 1756 2670 1807 locum.
2705 1756 2816 1807 Nos
2847 1760 3038 1807 autem
3058 1754 3180 1823 jam
3213 1754 3354 1807 nihil
3381 1755 3458 1807 ibi
3482 1756 3692 1809 habere

1997 1844 2367 1913 putabamur,
2422 1848 2479 1896 et
2528 1844 2623 1896 ille
2679 1842 2777 1912 qui
2835 1842 3320 1911 comparationem
3378 1844 3404 1885 ά
3458 1843 3687 1909 fecerat,

1997 1930 2285 1983 vindicare
2326 1930 2653 1983 invasiones
2686 1930 2925 1982 volebat.
2976 1931 3035 1983 In
3065 1929 3164 1982 tali
3197 1928 3461 1982 conﬂictu
3498 1930 3686 1997 positi,

1996 2018 2349 2089 panitudine
2406 2018 2613 2085 affecti,
2674 2018 2904 2071 contriti
2968 2018 3306 2087 lugebamus
3364 2020 3419 2069 et
3479 2017 3687 2071 mtesti.

1994 2109 2125 2161 Post
2156 2123 2379 2160 menses
2410 2124 2504 2160 sex
2535 2112 2635 2159 aut
2663 2106 2913 2175 amplius
2946 2106 3068 2175 ipse
3098 2105 3365 2175 princeps
3400 2120 3500 2174 per
3532 2120 3589 2156 se
3620 2104 3690 2156 ad

1997 2212 2087 2249 me
2117 2196 2272 2249 venit
2300 2200 2355 2249 et
2392 2195 2721 2264 postulavit,
2759 2199 2821 2247 ut
2852 2194 3007 2264 quod
3040 2194 3203 2264 quasi
3236 2199 3687 2261 comparaverat,

1996 2284 2185 2337 verius
2217 2289 2452 2338 emeret.
2487 2285 2550 2337 In
2582 2283 2784 2354 primis
2812 2288 2957 2337 teste
2988 2285 3102 2336 Deo
3135 2281 3322 2341 renui.
3357 2288 3413 2334 et
3438 2280 3690 2334 haredi-

1995 2380 2169 2429 tatem
2212 2390 2401 2428 meam
2447 2390 2517 2426 ne
2568 2374 2927 2426 traducerem
2977 2372 3172 2425 multis
3221 2369 3690 2441 suggessionibus

1997 2462 2313 2532 deprecavi.
2361 2463 2464 2517 Sed
2513 2462 2579 2515 ad
2616 2463 2767 2532 quod
2809 2461 2904 2514 ille
2954 2460 3292 2513 beneficium
3335 2474 3499 2511 suum
3548 2456 3690 2510 mihi

1995 2552 2282 2621 opposuit,
2327 2557 2384 2605 et
2420 2552 2556 2621 quia
2587 2552 2631 2603 si
2674 2554 2950 2604 donatum
2980 2559 3022 2615 ο,
3060 2548 3201 2602 illud
3246 2564 3277 2599 a
3308 2564 3399 2601 me
3432 2546 3686 2612 haberet,

1995 2641 2139 2695 nihil
2181 2645 2325 2694 esset
2371 2656 2475 2710 pro
2516 2640 2688 2693 tantis
2736 2637 2776 2703 ί,
2827 2655 2955 2709 qua
2998 2638 3057 2691 in
3107 2653 3209 2689 nos
3256 2637 3481 2701 fecerat,
3536 2651 3686 2688 asse-

1994 2731 2128 2783 ruit.
2190 2728 2298 2783 Sed
2348 2729 2442 2782 ubi
2489 2729 2550 2782 in
2600 2746 2690 2782 me
2742 2745 2998 2782 reversus
3050 2726 3460 2786 venditionem,
3515 2739 3689 2793 quam

1996 2819 2047 2872 ei
2095 2818 2214 2887 jam
2264 2818 2531 2885 feceram,
2583 2817 2843 2887 cogitavi,
2896 2822 2951 2869 et
3003 2820 3338 2885 potestatem
3386 2814 3510 2883 ejus
3558 2829 3687 2865 cum

1998 2906 2289 2959 debilitate
2347 2922 2478 2959 mea
2538 2906 2791 2976 pensavi,
2851 2905 3003 2957 illico
3074 2904 3348 2956 assentire
3407 2902 3684 2971 disposui,

1997 2994 2132 3063 quia
2165 2994 2319 3047 aliud
2356 3010 2526 3063 agere
2574 2994 2811 3046 minime
2857 2991 3033 3063 potui.
3086 2992 3196 3046 Sed
3242 2991 3556 3044 terminum
3596 3006 3685 3042 ec-

1995 3082 2204 3146 clesia,
2239 3098 2410 3151 quem
2448 3098 2565 3135 non
2612 3081 2841 3149 genitor
2879 3096 3057 3144 meus,
3096 3079 3189 3131 sed
3226 3094 3332 3147 ego
3392 3077 3684 3141 dederam,

1994 3170 2240 3224 indicavi
2278 3187 2289 3222 :
2341 3173 2397 3222 et
2438 3169 2499 3222 in
2534 3168 2959 3238 comparatione
2992 3168 3115 3237 ejus
3146 3164 3521 3236 praesentibus
3553 3165 3685 3217 sub-

1998 3258 2378 3312 scribentibus
2404 3257 2726 3320 terminavi,
2758 3264 2814 3309 et
2843 3258 3192 3309 confessores
3218 3255 3371 3323 ipsos
3392 3252 3686 3306 multoties

1994 3348 2411 3413 commendavi,
2447 3353 2503 3401 et
2535 3351 2815 3417 quantum
2855 3345 3006 3399 valui
3055 3360 3158 3414 pro
3204 3344 3330 3413 ipso
3376 3344 3499 3397 loco
3551 3358 3684 3413 sug-

1994 3453 2193 3508 gerere
2243 3453 2358 3489 non
2408 3435 2642 3489 cessavi.
2694 3436 2901 3487 Verum
2949 3433 3155 3487 delicto
3204 3447 3329 3485 meo
3379 3435 3435 3484 et
3478 3430 3683 3483 merito

1994 3526 2241 3580 multum
2276 3525 2427 3579 olido
2457 3537 2486 3579 ε
2516 3524 2842 3583 infestante,
2876 3522 3042 3575 aliter
3073 3526 3259 3574 actum
3286 3524 3369 3573 est
3391 3535 3562 3589 quam
3584 3536 3685 3589 pu-

1993 3614 2127 3667 tavi.
2163 3613 2452 3677 Quantum
2484 3611 2666 3664 voluit
2704 3616 2760 3663 et
2800 3610 3030 3679 quando
3070 3608 3270 3673 voluit,
3305 3612 3361 3661 et
3401 3607 3688 3677 quomodo

1991 3702 2192 3760 voluit,
2229 3700 2403 3753 dedit.

2064 3793 2114 3842 5.
2167 3789 2313 3852 Quid
2357 3803 2511 3841 nunc
2556 3786 2844 3856 agendum
2884 3790 2987 3851 est,
3028 3783 3384 3837 serenissima
3415 3782 3688 3837 domine?

1995 3877 2108 3931 Nec
2148 3875 2495 3944 possibilitas
2534 3876 2591 3928 in
2624 3875 2790 3927 nobis
2830 3880 2912 3927 est
2952 3871 3271 3933 resistendi,
3305 3887 3410 3923 nec
3453 3871 3689 3923 facultas

1994 3963 2289 4026 reddendi,
2330 3979 2435 4016 nec
2471 3963 2821 4016 abundantia
2855 3960 3191 4015 redimendi.
3236 3961 3395 4013 Teste
3432 3960 3565 4023 Deo,
3598 3957 3685 4010 in-

1996 4053 2269 4119 gemisco,
2317 4051 2503 4121 rugio,
2543 4057 2597 4104 et
2635 4052 2870 4121 deploro
2910 4050 3061 4120 quod
3093 4048 3327 4115 accidit;
3359 4048 3453 4101 sed
3487 4062 3686 4100 sanare

1993 4148 2050 4195 et
2078 4141 2324 4195 solidare
2356 4157 2576 4210 nequeo
2617 4140 2771 4209 quod
2817 4139 3025 4192 evenit.
3060 4137 3284 4190 Vicibus
3318 4136 3371 4189 ei
3405 4134 3683 4205 suggessi,

1995 4235 2051 4284 et
2072 4230 2458 4284 abundantius
2488 4232 2513 4273 h
2538 4228 2784 4298 pretium
2818 4228 2994 4280 multo
3030 4242 3200 4296 quam
3227 4224 3384 4278 dedit
3407 4222 3643 4293 promisi
3670 4240 3682 4275 :

1997 4320 2097 4373 sed
2127 4335 2437 4388 suspensus
2467 4318 2741 4371 hactenus
2772 4315 2975 4369 mansi.
3021 4315 3332 4383 Culpamur
3380 4314 3451 4365 ab
3498 4312 3685 4365 omni-

1995 4409 2103 4463 bus
2132 4414 2187 4461 et
2215 4408 2547 4460 incusamur
2582 4423 2593 4459 :
2629 4407 2723 4459 sed
2758 4404 3137 4472 nosmetipsos
3166 4401 3275 4470 ipsi
3311 4401 3556 4471 amplius
3586 4400 3688 4453 de—

1996 4502 2288 4551 testamus.
2332 4497 2396 4548 Et
2434 4495 2565 4548 licet
2590 4495 2754 4563 juxta
2795 4494 3091 4547 doctorum
3133 4496 3464 4544 nostrorum
3510 4504 3685 4542 vene-

1995 4585 2177 4639 randa
2235 4583 2465 4639 oracula
2526 4583 2586 4636 in
2653 4581 2920 4635 omnibus
2976 4579 3160 4633 causis
3218 4594 3330 4632 non
3385 4593 3688 4648 processus

1996 4673 2205 4745 operis,
2246 4672 2345 4726 sed
2381 4672 2642 4725 voluntas
2674 4669 2973 4740 operandi,
3008 4669 3079 4721 sit
3108 4667 3406 4733 intuenda,
3439 4682 3543 4720 nec
3572 4671 3684 4720 sta-

1995 4832 2181 4886 dental
2210 4846 2264 4885 se
2294 4830 2588 4885 intitulaba
2622 4831 2868 4884 Romana
2891 4844 2994 4898 por
3027 4830 3082 4881 la
3121 4830 3334 4897 lengua,
3368 4844 3401 4880 α
3440 4828 3686 4892 diferen-

1995 4906 2081 4957 cia
2111 4903 2175 4956 de
2205 4904 2260 4957 la
2291 4904 2531 4957 Francia
2561 4902 2792 4954 oriental
2820 4916 2848 4953 ο
2884 4900 3193 4953 Teutonica.
3233 4902 3436 4953 Veanse
3476 4899 3549 4951 los
3584 4912 3683 4949 au-

1995 4980 2133 5028 tores
2175 4974 2380 5028 citados
2420 4988 2483 5025 en
2521 4974 2567 5025 et
2604 4974 2856 5025 Gtosario
2896 4971 2960 5025 de
3000 4972 3197 5038 Gange.
3246 4971 3310 5026 V.
3356 4970 3614 5032 Famcra,
3657 4982 3685 5019 ο

1993 5061 2057 5099 en
2088 5046 2225 5113 Pagi
2253 5044 2405 5098 sobre
2433 5044 2480 5096 el
2510 5059 2612 5097 ano
2642 5044 2706 5096 de
2736 5045 2857 5107 888,
2890 5058 3039 5095 num.
3073 5043 3124 5093 5.

2063 5117 2089 5158 ἀ
2121 5112 2495 5183 Camparatio,
2531 5114 2588 5168 id
2621 5120 2705 5168 est
2733 5112 2967 5184 emptio.

2065 5194 2087 5219 °
2118 5188 2239 5252 Ms.,
2271 5186 2535 5238 donitum.

2065 5253 2085 5292 ί
2117 5259 2236 5323 Μελ,
2264 5271 2366 5325 pro
2398 5260 2573 5310 tanta.

2065 5340 2096 5382 ε
2127 5321 2386 5383 Επῦοεθ
2438 5328 2585 5393 olim,
2640 5324 2907 5380 nonnulli
2965 5325 3175 5389 alitum,
3221 5321 3308 5375 vel
3362 5321 3528 5375 olidm
3583 5337 3687 5391 pro

1994 5402 2221 5468 antiquo
2252 5398 2627 5452 deduxerunt.

2064 5471 2091 5512 h
2127 5472 2219 5525 Ms.
2235 5511 2249 5537 ,
2280 5469 2751 5524 abundantiorem.
