4086 6182
357 285 457 337 467

1719 281 1971 337 ALVARI
2010 281 2494 338 COBDUBENSIS
3736 287 3826 342 468

360 415 465 469 tim
511 415 639 485 quis
685 413 822 485 quid
861 412 1062 481 egerit,
1100 411 1202 464 sed
1246 428 1360 481 quo
1399 416 1527 465 voto
1558 412 1615 464 id
1648 411 1829 481 egerit
1858 412 2050 482 inqui-
2089 417 2132 466 A
2166 415 2384 464 nostras
2424 410 2547 479 jam
2588 412 2752 464 solita
2796 412 3100 466 clementia
3151 416 3352 483 tergat,
3406 430 3549 483 quas
3607 430 3827 486 propere

363 504 628 569 rendam,
663 517 767 555 nec
798 516 885 553 res
917 498 1041 569 ipsa
1075 516 1201 570 quae
1231 500 1468 569 geritur,
1504 501 1598 553 sed
1634 501 1880 570 qualitas
1902 518 2057 554 men-

364 593 459 657 tis,
501 597 555 644 et
596 588 858 643 facientis
907 589 978 641 sit
1021 589 1376 658 propositum
1418 589 1824 658 judicandum;
1868 596 2057 643 tamen

364 696 597 751 quoque
631 679 803 731 modo
832 683 1059 747 gestum
1092 678 1161 730 sit
1192 677 1399 731 nostris
1433 677 1649 731 meritis
1682 677 2054 748 imputamus,

365 773 422 821 et
448 766 733 837 judicium
769 766 995 821 Domini
1028 762 1295 818 trementi
1325 765 1493 819 corde
1536 766 1794 836 quotidie
1828 784 1931 820 nos
1964 766 2057 819 in-

364 855 688 925 sequendos
734 854 1068 923 lugimoniis
1107 870 1222 906 non
1263 854 1465 908 mediis
1506 860 1886 924 protestamus
1914 867 1958 923 n,
1992 856 2061 908 de

363 948 562 996 nostra
593 943 961 1011 desperantes
1002 941 1251 1010 pessima
1292 958 1464 1011 opera
1494 944 1538 1007 Ι),
1573 942 1642 995 de
1686 944 1839 995 illius
1884 944 2060 996 conli-

364 1018 566 1085 dente‘s
596 1030 986 1083 misericordia
1014 1034 1302 1083 consueta.
1335 1031 1469 1083 Ecce
1500 1030 1747 1100 qualiter
1769 1035 1852 1084 est
1875 1036 2061 1084 actum

369 1125 570 1173 vestra:
602 1119 923 1189 prudentize
962 1122 1145 1171 totum
1186 1124 1269 1171 est
1311 1118 1655 1187 patefactum
1693 1137 1704 1172 :
1748 1120 1901 1190 quod
1932 1120 2061 1173 ideo

370 1208 527 1261 vobis
560 1209 627 1261 ad
659 1207 886 1277 singula
912 1223 1177 1260 enarrare
1210 1207 1424 1273 curavi,
1457 1206 1593 1277 quia
1623 1224 1689 1260 ex
1721 1207 1900 1277 ipsius
1929 1224 2062 1261 con-

371 1295 600 1350 fessoris
630 1296 795 1349 laude
831 1297 1008 1348 multa
1039 1296 1200 1365 quasi
1233 1314 1264 1348 a
1301 1295 1457 1348 vobis
1497 1296 1648 1349 dicta
1688 1297 1898 1361 audivi,
1935 1312 2063 1367 qua:

372 1384 611 1437 minime
641 1384 878 1449 credidi,
908 1383 1043 1453 quia
1074 1390 1323 1437 vestrum
1354 1383 1610 1437 animum
1644 1400 1779 1454 erga
1812 1400 1902 1438 me
1928 1400 2062 1453 pro-

373 1472 562 1543 prium
601 1472 808 1542 saepius
840 1471 1009 1525 sensi.

442 1566 494 1615 6.
530 1564 595 1615 In
625 1561 800 1614 finem
832 1577 963 1613 vero
995 1559 1250 1630 epistolae
1277 1561 1581 1614 advolutus
1602 1560 1845 1631 pedibus
1866 1561 2065 1615 vestris

373 1667 642 1722 suggero,
674 1656 739 1704 ut
768 1649 901 1719 quia
933 1656 1242 1720 paupertas
1282 1655 1337 1703 et
1376 1649 1636 1703 debilitas
1684 1666 1775 1703 me
1824 1668 1857 1704 a
1904 1650 2063 1704 vobis
2104 1688 2144 1743 Β

372 1741 505 1795 fecit
551 1740 866 1798 absentem.
918 1737 1143 1791 bonitas
1192 1744 1379 1791 vestra
1440 1755 1532 1792 me
1588 1755 1813 1808 semper
1870 1740 2063 1793 animo

371 1829 575 1882 reddat
608 1832 950 1897 praesentem
997 1844 1009 1881 :
1057 1827 1573 1898 suggessionesque
1619 1829 1925 1882 malevolas
1968 1829 2066 1882 illa

374 1916 711 1972 discretione
742 1914 1045 1986 paternali,
1081 1932 1193 1984 qua
1229 1933 1324 1969 vos
1356 1916 1488 1968 novi
1518 1915 1728 1985 vigere,
1768 1916 2066 1983 discutite;

373 2012 430 2061 et
460 2022 597 2059 aure
637 2005 809 2058 surda
849 2004 1147 2057 discordim
1192 2004 1608 2057 incantationes
1640 2006 1896 2070 transite,
1930 2021 2063 2058 nos-

374 2110 486 2165 que
516 2093 823 2147 visceribus
854 2092 1102 2163 propriis
1129 2092 1493 2145 comendatos
1520 2092 1741 2145 habete.
1778 2091 2067 2160 Quidquid

375 2198 510 2236 vero
554 2183 729 2246 Felix,
780 2181 1025 2235 Gratiosi
1068 2180 1278 2250 judicis
1322 2180 1494 2245 filius,
1536 2181 1595 2233 in
1635 2196 1802 2233 aures
1846 2180 2067 2234 domini

376 2270 651 2326 Servandi
710 2270 935 2323 comitis
992 2285 1123 2323 cum
1180 2269 1498 2322 confessore
1551 2269 1649 2321 illo
1700 2268 2064 2334 immisserit;

376 2365 560 2415 vestra
588 2359 924 2429 paternitas,
956 2358 1003 2411 si
1033 2358 1298 2423 voluerit,
1346 2362 1463 2410 tota
1503 2357 1741 2411 radebit.
1788 2358 2067 2426 Tempore

378 2447 591 2519 quippe
624 2450 808 2499 vestro
840 2445 1085 2498 aliorum
1117 2461 1313 2499 causas
1339 2450 1458 2499 erat
1489 2445 1655 2499 nobis
1686 2447 1967 2515 explicere
1996 2447 2067 2499 li-

378 2537 555 2589 citum
588 2552 600 2588 :
635 2540 850 2605 quanto
880 2534 1062 2604 magis
1105 2538 1363 2587 nostrum
1396 2534 1696 2604 proprium
1740 2551 1854 2587 non
1891 2552 2068 2605 expe-

378 2624 602 2677 diamus
638 2622 971 2691 negotium?
1004 2622 1276 2686 Recolite,
1312 2622 1566 2683 obsecro,
1601 2628 1929 2676 nostrorum
1960 2640 2069 2676 an-

379 2714 677 2782 tiquorum
708 2711 976 2764 amicitiae
1011 2710 1325 2776 vinculum,
1367 2716 1421 2763 et
1454 2717 1703 2763 vestrum
1742 2710 2069 2780 amplectite

377 2800 691 2854 visceribus
722 2799 926 2853 filium.
979 2799 1151 2852 Plura
1196 2800 1489 2852 volueram
1528 2798 1658 2852 licet
1692 2798 1916 2869 plebeio
1952 2815 2068 2853 ser-

381 2904 555 2943 mone
600 2888 946 2957 disputaudo
998 2888 1273 2940 coniicere
1328 2904 1340 2940 :
1388 2888 1487 2941 sed
1536 2887 1771 2940 modum
1817 2887 2071 2956 epistolae

2166 500 2575 565 contraximus,
2610 501 2827 569 culpas.
2872 501 3028 554 Valet
3071 502 3282 555 etenim
3329 503 3507 555 oratio
3548 503 3831 572 impetrare

2162 588 2301 656 justi
2333 588 2582 653 assidua,
2623 589 2775 658 quod
2815 590 3123 657 peccatoris
3165 590 3364 660 nequit
3400 593 3713 660 promereri
3740 610 3832 647 ne-

2169 675 2369 747 quitia.
2440 677 2697 730 Vestrum
2768 684 2851 730 cst
2920 694 3186 748 namque,
3249 678 3329 731 mi
3390 679 3637 745 domine,
3696 681 3836 736 fratri

2168 763 2453 817 laboranti
2498 780 2732 817 manum
2762 767 3083 835 porrigere,
3119 772 3174 819 et
3204 767 3537 821 morborum
3569 769 3835 838 languori-

2170 852 2276 905 bus
2308 852 2499 905 saucio
2531 869 2701 921 opem
2732 854 2920 907 solatii
2951 854 3279 924 praelargire
3315 871 3326 908 :
3364 860 3643 926 quatenus
3670 863 3721 910 et
3748 874 3840 911 no-

2169 940 2256 993 bis
2287 940 2545 993 debitum
2579 942 2922 1011 impertiatis
2954 943 3294 1009 remedium,
3338 952 3393 997 et
3427 950 3676 998 vestrum
3707 947 3838 1015 quod

2172 1048 2274 1098 pro
2308 1030 2465 1083 omni
2498 1032 2739 1083 Ecclesia
2764 1032 3087 1101 injunctum
3118 1032 3341 1086 habetis
3380 1032 3657 1098 officium,
3689 1034 3841 1104 incly-

2172 1124 2296 1171 tum
2328 1131 2348 1154 °
2380 1119 2699 1188 perducatis
2725 1120 2797 1173 ad
2829 1122 3161 1175 terminum.
3199 1125 3401 1174 Amen.

2242 1210 2293 1260 2.
2334 1209 2405 1260 De
2442 1215 2667 1274 czetero,
2706 1208 2787 1260 mi
2818 1208 3070 1275 domine,
3104 1225 3221 1263 non
3254 1227 3383 1263 reor
3414 1210 3589 1263 latere
3622 1216 3842 1265 vestram

2171 1296 2540 1365 prudentiam
2584 1296 2965 1350 calamitatem
3006 1298 3242 1367 hujusce
3281 1303 3489 1351 nostra
3532 1299 3842 1367 provinciae,

2174 1401 2301 1455 quae
2335 1384 2637 1454 multiplici
2681 1392 2861 1455 peste,
2913 1403 2975 1438 ac
3018 1387 3241 1456 ingenti
3280 1387 3468 1440 ulcere
3507 1387 3711 1453 saucia,
3743 1388 3844 1439 imo

2173 1474 2244 1526 ad
2291 1474 2507 1527 exitum
2552 1474 2680 1527 vitae
2725 1491 2905 1545 usque
2951 1475 3214 1543 deducta,
3245 1475 3471 1529 bestiali
3514 1476 3657 1529 rictu
3685 1480 3737 1528 et
3761 1476 3847 1529 be-

2174 1562 2333 1615 luina
2363 1562 2592 1615 etferata
2622 1562 2909 1630 barbarie,
2940 1563 3212 1617 hactenus
3253 1580 3400 1617 saeve
3441 1563 3741 1617 dilacinata
3777 1569 3848 1617 est

2175 1650 2348 1703 effero
2380 1650 2565 1705 dente.
2605 1651 2713 1705 Sed
2747 1650 2881 1721 quia
2913 1656 3170 1721 respectu
3214 1651 3478 1705 altissimi
3524 1657 3583 1705 et
3621 1666 3847 1721 prasen-

2174 1738 2377 1791 tissimi
2422 1738 2732 1792 conditoris
2774 1742 3065 1808 utcunque
3116 1739 3399 1807 respirare
3446 1744 3580 1808 post
3619 1738 3763 1791 diras
3796 1754 3850 1789 ac

2173 1825 2490 1895 palpabiles
2518 1842 2671 1879 nunc
2703 1826 2826 1879 nisa
2855 1830 2941 1879 est
2983 1826 3266 1891 tenebras,
3309 1830 3366 1879 et
3407 1826 3652 1879 liberum
3685 1824 3851 1895 potuit

2176 1919 2468 1984 utcunque
2514 1931 2631 1968 non
2670 1915 2923 1968 humano
2958 1914 3212 1985 ingenio,
3247 1915 3347 1967 sed
3378 1914 3573 1967 divino
3605 1913 3849 1984 imperio,

2177 2002 2459 2073 respicere
2490 2003 2715 2069 lumen;
2750 2008 2935 2056 actum
2980 2008 3085 2069 est,
3118 2009 3180 2056 ut
3215 2003 3314 2055 illa
3347 2002 3701 2056 admirabilis
3732 2002 3849 2056 dex-

2175 2097 2317 2158 tera,
2359 2109 2489 2163 quae
2529 2094 2684 2145 novit
2715 2092 3019 2145 humiliare
3051 2092 3337 2157 sublimia,
3372 2096 3426 2145 et
3455 2092 3628 2145 altius
3654 2093 3851 2145 elevare

2177 2186 2479 2251 prostrata,
2530 2187 2746 2251 pestem
2794 2197 2967 2251 quam
3017 2185 3247 2234 extensa
3289 2181 3376 2234 ira
3422 2180 3743 2245 induxerat,
3783 2180 3854 2233 di-

2176 2270 2290 2323 lata
2338 2270 2728 2324 misericordia
2790 2271 3170 2324 subtraheret.
3231 2271 3404 2340 Cujus
3454 2270 3758 2340 benignam
3806 2275 3854 2323 et

2178 2358 2521 2411 laudabilem
2580 2357 3093 2411 administrationis
3162 2358 3219 2411 in
3292 2358 3565 2427 operibus
3631 2358 3852 2428 gratiam

2178 2444 2578 2499 abundantiori
2632 2446 2799 2499 laude
2856 2462 3201 2515 prosequere
3253 2446 3570 2516 cupientes,
3631 2453 3685 2500 et
3734 2446 3852 2500 effe-

2178 2539 2376 2587 ctuoso
2407 2539 2611 2587 conatu
2646 2550 2709 2587 ex
2742 2550 2971 2604 quaqua
3001 2540 3185 2604 parte,
3231 2551 3343 2605 qua
3383 2551 3557 2604 posse
3593 2535 3752 2589 nobis
3778 2535 3854 2587 in-

2172 2623 2435 2692 junctum
2468 2627 2569 2689 est,
2603 2622 2956 2692 aequiperare
2998 2624 3271 2687 volentes,
3316 2622 3688 2676 unanimitati
3724 2638 3855 2691 prte-

2179 2709 2379 2762 bentes
2412 2711 2799 2776 concordiam,
2835 2716 2893 2764 et
2926 2711 3225 2764 discordia
3261 2711 3530 2764 radicitus
3559 2711 3855 2764 ambientes

2180 2796 2493 2865 exstirpare
2550 2797 2805 2851 funditus
2864 2814 3131 2865 massam,
3190 2799 3565 2868 praesentiam
3624 2804 3855 2852 nostram

2180 2883 2448 2938 fratribus
2494 2886 2704 2939 nostris
2745 2891 2800 2939 et
2844 2887 3365 2951 consacerdotibus,
3416 2888 3535 2940 sive
3586 2887 3732 2948 filiis,
3775 2903 3857 2955 ρει

382 2978 651 3048 egredere
685 2976 867 3043 nolui,
904 2981 959 3029 et
989 2976 1374 3045 prudentibus
1405 2977 1577 3029 stulta
1607 2992 1952 3046 componere
1992 2976 2066 3029 ti-
2109 2984 2149 3037 ς.
2183 2973 2480 3039 culiarem,
2536 2975 2801 3028 exhibere
2855 2976 3118 3045 protinus
3177 2976 3388 3041 nancti,
3444 2982 3501 3030 et
3556 2992 3685 3047 quae
3741 2991 3858 3027 vera

382 3065 523 3120 mui.
567 3066 673 3119 Sed
705 3081 868 3135 rogo,
923 3068 982 3117 ut
1020 3081 1147 3135 quae
1194 3065 1372 3135 magis
1416 3066 1719 3134 currendo,
1752 3081 1928 3136 quam
1959 3071 2072 3118 tra-

379 3155 584 3209 ctando
612 3154 942 3223 conscripsi,
979 3158 1033 3206 et
1056 3154 1184 3222 plus
1203 3155 1395 3208 dolore
1416 3170 1589 3225 quam
1612 3155 1798 3208 nitore
1821 3152 2071 3224 depinxi,

382 3260 497 3298 non
531 3243 863 3297 scholastice
895 3236 949 3295 et
990 3258 1090 3311 per
1138 3242 1434 3296 liberalem
1484 3248 1731 3297 artem'c
1779 3247 2070 3307 tractetur,

380 3334 479 3387 sed
511 3348 650 3403 pure
683 3337 737 3385 et
776 3331 1132 3401 simpliciter,
1185 3336 1245 3384 ut
1293 3331 1567 3400 scriptum
1612 3337 1715 3396 est,
1765 3332 2070 3399 relegatur.

454 3427 506 3474 7.
557 3421 765 3489 Vigens
807 3419 1011 3472 floreat
1050 3418 1411 3486 paternitatis
1452 3425 1650 3473 vestra:
1695 3422 1857 3472 aucta
1895 3418 2075 3472 felici-

382 3514 469 3563 tas
498 3524 602 3578 per
629 3506 811 3575 spatia
843 3521 1147 3559 annorum.
1182 3509 1382 3559 Amen.

1202 3630 1259 3683 X.

386 3740 629 3791 Emscom
679 3735 751 3806 (et
797 3739 856 3788 ut
894 3739 1124 3803 apparet
1173 3750 1327 3789 sum
1377 3735 1751 3801 CORDUBENSIS)
1802 3753 1869 3790 an
1917 3754 2076 3792 me-

826 3839 935 3876 num
977 3838 1269 3877 EPISCOPUM
1312 3838 1559 3876 EPISTOLA
1592 3820 1637 3877 ἀ.

460 3953 507 4003 1.
559 3946 775 4013 Quibus
814 3946 1232 4000 calamitatibus
1271 3946 1546 4015 quibusve
1591 3947 1836 4000 miseriis
1873 3948 2078 4003 merito

386 4040 650 4108 exigente
691 4038 966 4090 hactenus
1006 4042 1290 4101 conterar,
1337 4051 1522 4104 quove
1562 4036 1839 4089 acerrimo
1870 4037 2078 4092 intole-

386 4127 553 4181 rabili
605 4126 798 4180 dolore
858 4141 923 4176 ex
992 4123 1230 4177 diversis
1296 4123 1555 4191 partibus
1622 4124 1837 4191 insuar,
1909 4126 2078 4180 credo

385 4220 587 4268 vestra:
626 4210 968 4266 beatitudini
1006 4215 1060 4263 et
1092 4226 1325 4263 rumore
1356 4210 1565 4263 celebri
1609 4212 1990 4282 divulgatum,
2024 4221 2082 4268 et

2182 3066 2334 3128 sunt,
2368 3062 2575 3131 partim
2617 3063 2916 3117 severitate
2951 3064 3175 3133 judicii,
3221 3064 3431 3134 partim
3473 3066 3706 3118 lenitate
3744 3080 3856 3117 sen-

2179 3150 2375 3204 tentia:
2406 3151 2709 3220 gliscentes
2742 3168 3076 3223 exsequere;
3108 3153 3283 3206 tantis
3320 3169 3378 3206 se
3410 3153 3856 3206 testimoniorum

2181 3238 2615 3309 probationibus
2649 3240 3002 3307 munierunt,
3043 3241 3334 3311 tantisque
3374 3242 3614 3295 Patrum
3648 3247 3857 3294 senten-

2181 3328 2293 3394 tiis,
2327 3344 2453 3398 quae
2487 3329 2875 3398 compassione
2907 3334 3145 3399 egerant
3171 3330 3441 3400 plevium,
3470 3330 3857 3392 firmaverunt;

2184 3421 2247 3468 ut
2276 3432 2423 3484 pene
2455 3416 2669 3470 eisdem
2697 3417 2755 3470 in
2787 3417 3002 3487 aliquid
3037 3418 3265 3471 obviare
3296 3416 3317 3453 ί
3348 3434 3460 3471 non
3494 3419 3571 3471 sit
3604 3419 3740 3487 ejus,
3773 3416 3859 3487 qui

2184 3509 2386 3557 cuncta
2423 3520 2480 3557 se
2522 3505 2739 3574 judicio
2788 3513 2844 3559 et
2888 3507 3151 3576 exemplo
3201 3508 3434 3560 Patrum
3482 3507 3686 3560 asserit
3720 3506 3860 3558 inno-

2186 3592 2337 3645 dare.
2386 3594 2605 3661 Fateor,
2655 3595 2735 3647 mi
2780 3594 3137 3649 sanctissime
3186 3594 3439 3661 domine,
3493 3596 3564 3648 ad
3615 3600 3763 3648 tanta
3814 3597 3861 3646 et

2185 3680 2323 3733 talia
2352 3698 2481 3750 quae
2516 3697 2581 3734 ex
2611 3682 2867 3736 virorum
2899 3682 3185 3736 industria
3215 3683 3551 3737 obtulerunt
3581 3683 3858 3753 opuscula,

2186 3769 2459 3839 obstupui
2482 3781 2503 3817 ε
2529 3774 2584 3824 et
2615 3771 2958 3825 sententiam
2992 3787 3180 3824 meam
3211 3771 3379 3825 aliter
3406 3772 3683 3825 hactenus
3707 3784 3862 3823 aucu-

2186 3863 2400 3928 patam,
2442 3860 2719 3913 veraciori
2756 3865 2812 3913 et
2858 3859 3177 3928 probatiori
3226 3860 3599 3929 indagatione
3644 3860 3863 3930 probata

2186 3946 2247 3999 in
2286 3947 2509 4000 meliori
2556 3948 2725 4001 ductu
2775 3954 2831 4001 et
2874 3947 3183 4002 universali
3226 3948 3467 4017 collegio
3508 3945 3861 4010 commutavi,

2189 4053 2259 4089 ne
2301 4036 2700 4101 obstinatione,
2740 4037 2890 4106 quod
2937 4037 3104 4102 absrt,
3153 4038 3330 4091 animi
3372 4038 3575 4091 ductus
3622 4036 3864 4090 fomitem

2189 4126 2403 4178 alerem
2438 4123 2753 4187 discordiae,
2801 4129 2859 4177 et
2901 4125 3222 4179 membrum
3264 4142 3460 4178 secans
3502 4142 3535 4177 a
3577 4126 3759 4195 capite
3786 4123 3863 4176 in-

2189 4218 2378 4266 sontes
2412 4229 2555 4281 quos
2580 4212 2928 4265 conscientia
2956 4214 3187 4275 liberos,
3220 4219 3275 4266 et
3306 4214 3637 4267 innocentia
3666 4215 3865 4266 immu-

384 4301 663 4356 veraciori
695 4298 1162 4367 comprobatione
1202 4298 1543 4367 praesentiae,
1578 4299 1741 4369 quasi
1780 4302 2078 4371 proprium
2118 4320 2161 4373 D
2190 4316 2294 4353 nes
2331 4302 2677 4367 ostenderat,
2713 4307 2909 4354 nostra
2952 4301 3208 4354 indebita
3256 4302 3540 4354 sententia
3577 4318 3612 4354 a
3650 4303 3863 4355 Patrum

386 4388 785 4459 compassione
836 4386 1243 4440 misericordias
1291 4387 1747 4456 comprobatum.
1806 4390 1869 4442 Et
1922 4389 2076 4456 ideo,

388 4479 469 4534 mi
524 4475 929 4531 sublimissime
974 4474 1227 4541 domine,
1289 4477 1681 4544 apostolorum
1741 4478 1970 4544 vicarie,
2023 4486 2081 4535 et

388 4583 580 4621 rerum
615 4564 835 4635 opiﬁcis
875 4564 1085 4618 Christi
1131 4564 1460 4634 sequipede,
1508 4566 1933 4636 suffragationis
1967 4568 2079 4622 fra-

385 4655 606 4711 ternale
665 4653 938 4707 auxilium
994 4658 1152 4706 tanto
1212 4652 1619 4707 abundantiori
1664 4654 1889 4708 fusione
1936 4656 2080 4710 mihi

385 4744 619 4815 porrige
649 4742 1052 4811 lacrymarum,
1086 4747 1299 4811 quanto
1327 4758 1417 4795 me
1441 4758 1558 4811 prae
1580 4744 1797 4797 cunctis
1820 4760 2080 4813 pressum

388 4834 537 4887 mole
575 4846 846 4885 noxarum
886 4845 988 4899 per
1035 4828 1455 4884 immanitatem
1499 4832 1779 4901 conspicis
1817 4833 2078 4902 flagello-

385 4939 544 4988 rum;
582 4926 643 4974 ut
674 4919 864 4973 divina
894 4918 1093 4987 pietas,
1128 4936 1257 4988 quae
1299 4919 1604 4974 sceleribus
1639 4922 1783 4975 meis
1813 4921 2079 4975 innume-

386 5014 463 5066 ris
511 5011 749 5073 offensa,
793 5008 1108 5078 justissima
1148 5008 1433 5061 ultionum
1466 5012 1850 5078 temperantes
1880 5010 2079 5063 hacte-

386 5119 493 5155 nus
550 5100 779 5168 inrogat
829 5096 1044 5166 plagas,
1102 5096 1290 5166 dignis
1352 5096 1550 5151 vestris
1602 5098 1866 5169 precibus
1913 5098 2076 5166 ﬂexa,

454 5251 479 5275 α
509 5241 571 5294 Id
600 5243 702 5305 est,
736 5237 981 5292 luctibus
1013 5252 1127 5290 non
1160 5237 1563 5293 mediocribus.

456 5314 480 5354 b
512 5314 709 5380 Opera,
740 5326 804 5375 ac,
834 5309 986 5362 idem
1017 5324 1081 5361 ac
1108 5322 1260 5376 opus.

456 5391 476 5415 ο
506 5383 630 5445 Ms.,
663 5396 762 5449 per
792 5380 1006 5433 liberali
1034 5384 1170 5432 arte.

454 5454 481 5493 d
511 5451 645 5504 Vide
675 5451 958 5517 notitiam,
987 5465 1177 5517 supra.

456 5532 478 5556 υ
511 5522 705 5587 Bravo,
734 5537 790 5590 p.
833 5522 949 5584 149,
985 5520 1269 5573 indictum.

2188 4388 2567 4458 intelligentia
2610 4390 2873 4443 exsulans
2903 4395 3135 4441 couaret
3165 4390 3410 4455 abicere,
3444 4395 3741 4459 totamque
3779 4388 3863 4441 Ec-

2188 4478 2438 4542 clesiam,
2475 4478 2628 4547 quod
2661 4480 2853 4548 procul
2887 4478 2961 4530 sit
2990 4494 3020 4529 a
3054 4479 3378 4547 pastoribus
3416 4478 3535 4540 Dei,
3573 4477 3864 4531 crudelita-

2186 4566 2259 4620 tis
2301 4568 2512 4633 edictu,
2562 4567 2677 4620 imo
2721 4566 3027 4636 imperitia:
3085 4568 3250 4631 fastu,
3307 4568 3547 4620 maculis
3600 4562 3865 4620 indebetis

2186 4656 2450 4723 pollucri,
2493 4656 2886 4725 haereticisque
2933 4656 2990 4707 in
3040 4655 3351 4708 contemtia
3381 4657 3408 4698 ιι
3448 4655 3861 4716 concordantes,

2187 4745 2490 4814 parvisque
2537 4744 2902 4796 homunculis
2940 4744 3253 4813 inexpertis
3296 4750 3350 4796 et
3396 4744 3591 4796 insciis
3635 4742 3865 4811 compla-

2187 4837 2398 4895 centes,
2451 4832 2892 4885 universalitatis
2940 4848 3167 4895 nomen,
3213 4832 3269 4886 id
3301 4838 3387 4886 est
3418 4832 3781 4897 catholicum,
3814 4830 3865 4881 in

2185 4924 2368 4990 parte,
2402 4925 2455 4974 et
2487 4936 2599 4973 non
2632 4920 2692 4971 in
2732 4924 2868 4986 toto,
2909 4926 2966 4974 ut
3001 4920 3236 4990 dignum
3273 4927 3359 4975 est
3388 4921 3636 4974 retinere
3665 4920 3675 4954 ί
3706 4937 3718 4973 :
3749 4931 3862 4972 cum

2179 5009 2342 5079 juxta
2381 5009 2688 5063 canonicus
2736 5010 3059 5063 verissimus
3106 5016 3163 5063 et
3210 5011 3548 5065 universalis
3591 5010 3606 5054 ἰ
3659 5006 3863 5063 saeculis

2187 5098 2614 5168 probatissimas
2652 5099 2994 5162 sanctiones,
3044 5104 3341 5169 peccatum
3387 5100 3587 5170 populi
3629 5098 3859 5152 inultum

2260 5241 2554 5308 ‘Obviare,
2609 5241 2666 5295 id
2721 5247 2808 5296 est
2862 5241 3269 5307 contradicere,
3323 5243 3469 5296 sicut
3516 5241 3700 5296 obvius
3744 5253 3863 5291 con-

2186 5313 2416 5367 trarius.

2259 5397 2289 5437 g
2319 5385 2437 5449 Ms.,
2471 5385 2691 5452 ostipui.

2258 5456 2285 5495 ιι
2316 5455 2595 5509 Contentia
2622 5454 2774 5506 idem
2801 5469 2864 5505 ac
2895 5455 3177 5519 contentio,
3210 5456 3315 5507 nis.

2262 5525 2272 5559 ί
2302 5527 2358 5579 F.
2398 5530 2456 5578 ut
2487 5526 2710 5590 dignum
2739 5531 2836 5591 est,
2864 5527 3164 5578 retinerem.

2263 5596 2276 5638 ³
2305 5596 2361 5650 F.
2397 5597 2683 5649 universis.
