4098 6180
213 330 302 382 1,69
1754 324 2125 380 EPISTULE.
3587 330 3692 383 470

210 458 484 532 praeterire
515 467 539 492 ⁸
563 457 728 526 juxta
773 457 923 526 quod
957 456 1298 509 venerabilis
1330 473 1476 526 papa
1523 458 1881 510 lnuocentius
1921 459 1963 512 Α
1989 457 2122 528 quia
2147 463 2372 512 sanctus
2406 459 2463 511 in
2503 476 2568 512 ea
2611 476 2847 514 manens
2880 462 3126 531 Spiritus
3174 463 3440 518 eumdem
3493 481 3678 518 sacra-

209 550 266 603 ad
298 548 541 602 Rubium
564 549 588 588 ῐι
620 546 954 616 episcopum
1001 545 1418 614 probatissimis
1451 546 1636 598 sanxit
1683 546 1881 598 decre-

208 639 284 691 tis.
327 635 488 700 Quod
540 635 586 687 si
643 640 938 704 peccatum
999 651 1168 704 Opere
1218 635 1305 687 vel
1365 635 1609 708 testibus.
1663 634 1884 687 idoneis

203 724 623 794 comprobatum
654 740 758 794 pro
800 722 1058 776 custodia
1089 722 1384 776 charitatis
1441 719 1689 776 inultum
1741 740 1883 791 pra!-

202 813 628 883 terirejubetur,
653 819 866 883 quanto
896 811 1084 881 potius
1117 812 1184 865 ad
1225 812 1406 881 culpae
1433 828 1545 864 non
1583 812 1883 865 deducitur

201 903 436 967 titulum,
493 902 645 970 quod
698 900 950 953 veritatis
998 899 1267 969 indagine
1320 905 1376 953 et
1421 900 1880 952 testimoniorum

199 991 454 1055 scientiae,
490 1005 604 1042 non
649 989 989 1042 temeritatis
1034 1005 1196 1054 ausu,
1233 1005 1335 1041 nec
1376 989 1760 1058 usurpationis
1793 990 1878 1042 in-

199 1082 415 1144 stinctu,
460 1078 557 1131 sed
615 1078 735 1130 solo
794 1083 1011 1131 terrore
1068 1083 1124 1130 et
1170 1077 1525 1130 immanitate
1583 1077 1880 1130 sawissimi

195 1168 456 1238 temporis
525 1167 883 1232 imminente,
953 1182 1068 1219 non
1122 1165 1492 1229 intentatum,
1537 1167 1632 1220 sed
1665 1167 1874 1220 discre-

193 1256 332 1308 tione
393 1255 731 1324 prmcipua,
792 1259 846 1308 et
885 1253 1306 1324 dispensatione
1365 1255 1606 1308 honesta
1667 1255 1879 1308 exstitit

192 1344 605 1412 temperatum?
630 1344 851 1406 Quanta
883 1359 1017 1396 vero
1051 1359 1154 1412 pro
1178 1347 1434 1412 tempore
1466 1361 1496 1396 a
1527 1343 1872 1396 beatissimis

192 1433 307 1486 ﬁdei
339 1438 550 1485 nostra:
578 1432 924 1498 auctoribus;
961 1433 1017 1486 id
1047 1438 1131 1486 est
1157 1433 1450 1503 apostolis,
1482 1435 1874 1504 temperantia:

191 1521 320 1591 lege,
352 1527 410 1573 et
444 1521 804 1574 discretionis
838 1521 1006 1588 bono,
1061 1521 1386 1592 dispensata
1419 1523 1759 1588 exstiterint,
1819 1529 1876 1577 et

191 1617 297 1662 acta
327 1625 532 1663 eorum
564 1609 921 1680 apertissima
956 1611 1100 1678 luce,
1145 1611 1561 1680 perspicuaque
1619 1612 1874 1664 referunt

189 1698 434 1752 claritate
471 1715 482 1750 :
520 1703 575 1751 et.
624 1698 964 1750 sanctissimi
1015 1699 1351 1769 Hieronymi
1408 1698 1783 1764 admirabilis,
1819 1704 1872 1753 et

189 1787 388 1838 cunctis
424 1787 644 1839 saeculis
678 1786 1071 1856 prmconabilis
1095 1787 1220 1852 viri,
1251 1791 1534 1840 testantur
1564 1788 1821 1858 epistolae
1855 1805 1867 1842 :

188 1879 235 1928 et
263 1880 318 1927 ut
346 1875 624 1943 separatis
665 1891 976 1944 parumper
1003 1875 1368 1939 testimoniis,
1402 1892 1465 1928 ac
1517 1881 1872 1946 sequestrata

186 1963 508 2016 auctoritate
543 1965 792 2029 Patrum,
829 1980 955 2033 qua;
1012 1963 1293 2016 debentur
1326 1965 1598 2034 pastorali
1655 1965 1872 2019 adverti

187 2052 474 2120 regimine,
510 2056 562 2104 et
591 2051 874 2120 paternali
903 2052 1179 2105 industria
1206 2052 1528 2122 pra-videri,
1577 2054 1870 2108 attentiori

184 2146 226 2192 et
265 2139 599 2193 liminatiori
641 2140 958 2193 intentione
989 2145 1322 2194 tractentur.
1355 2143 1516 2196 Certe
1567 2143 1623 2194 in
1663 2143 1866 2197 horum

183 2227 559 2281 consensionis
597 2229 878 2282 sententia
923 2246 1040 2283 non
1090 2230 1388 2283 inferiores
1419 2231 1603 2284 nostri
1655 2232 1870 2284 ordinis

184 2316 454 2370 habentur
483 2317 737 2388 episc0pi
772 2334 784 2370 :
821 2324 876 2371 et
919 2334 1030 2371 non
1063 2319 1245 2372 solum
1279 2319 1554 2388 episcopi,
1600 2320 1696 2374 sed
1745 2337 1868 2374 mc-

183 2405 656 2474 tropolitanorum
723 2406 935 2475 partim
995 2408 1285 2476 epistolari
1349 2409 1592 2474 decreto,
1659 2411 1867 2478 partim

182 2494 516 2560 praesentiali
577 2495 1029 2564 participationis
1084 2497 1413 2550 communio
1477 2508 1496 2529 ο
1555 2498 1867 2551 manifestis

182 2581 606 2647 probationibus
637 2599 756 2652 pra!
789 2584 1054 2637 manibus
1098 2585 1475 2639 exhibentur:
1509 2591 1566 2639 et
1613 2587 1867 2640 insolen—

181 2670 263 2721 tia-
293 2671 375 2723 vel
413 2671 630 2723 levitati
664 2671 1005 2725 adscribitur
1035 2671 1342 2726 imminuto
1403 2675 1868 2743 metmpolitano-

180 2775 293 2811 rum
323 2760 583 2828 primatu
615 2765 812 2812 contra
861 2759 1135 2813 terminos
1185 2762 1473 2831 atquitatis
1519 2762 1662 2814 libra
1710 2778 1864 2814 com-

178 2847 374 2915 positos
403 2848 693 2917 superbiae
735 2849 953 2901 elevare
993 2849 1322 2902 calcaneum
1355 2869 1368 2902 :
1418 2867 1543 2902 cum
1593 2851 1864 2903 inrectra-

177 2934 378 2987 ctabilis
414 2935 516 2987 illa
555 2936 772 3004 jugiter
805 2935 1084 2988 habeatur
1115 2936 1272 2988 omni
1315 2937 1530 2990 mundo
1561 2937 1862 3002 sententia,

180 3036 279 3090 qua
302 3021 563 3090 jubetur,
593 3038 709 3074 non
751 3008 1144 3087 confinitirnis,
1189 3022 1285 3076 sed
1326 3024 1653 3091 apostolicae
1695 3023 1862 3082 sedis,

177 3110 744 3178 metropolitanorum
778 3110 1080 3180 privilegia
1109 3111 1402 3163 ventilare.

240 3201 285 3250 3.
329 3198 604 3268 Nunquid
659 3215 771 3251 non
816 3199 979 3268 juxta
1026 3198 1175 3252 beati
1205 3199 1416 3252 Juliani
1455 3199 1709 3253 Toletani
1741 3215 1862 3252 me-

175 3287 502 3355 tropolitani
551 3286 804 3356 episcopi
862 3287 1249 3340 venerandum
1310 3287 1627 3358 eloquium,
1679 3287 1866 3340 insani

175 3374 358 3442 capitis
380 3381 654 3428 censetur
683 3391 828 3442 esse,
860 3381 916 3428 et
938 3376 1088 3441 vani,
1125 3376 1223 3445 qui
1256 3376 1370 3428 illic
1397 3376 1569 3445 pedes
1599 3376 1859 3440 erexerit,

174 3461 260 3513 ubi
289 3463 494 3532 capitis
541 3463 684 3514 ratio
717 3479 828 3515 non
856 3463 1115 3516 suaserit.
1153 3463 1259 3517 Sed
1307 3463 1398 3516 siti
1434 3469 1567 3516 sunt
1601 3464 1863 3516 nonnulli

177 3547 376 3602 fervore
411 3550 646 3604 Domini
686 3550 840 3619 frigi,
893 3567 1051 3604 vanas
1083 3552 1278 3622 gloria)
1311 3551 1601 3621 jactantite
1633 3553 1859 3618 tumidi,

175 3636 394 3691 scientia
434 3637 598 3704 nudi,
648 3640 916 3708 superbia
968 3639 1160 3708 rigidi,
1197 3640 1295 3709 qui
1337 3640 1758 3693 dissensionum
1808 3648 1864 3694 et

176 3727 525 3781 simultatum
585 3733 838 3780 serentes
899 3728 1162 3796 contagia
1220 3737 1418 3780 contra
1463 3728 1752 3780 charitatis
1808 3734 1864 3782 et

177 3817 556 3870 unanimitatis
606 3822 889 3886 praecepta
927 3817 1024 3869 Dei
1073 3817 1439 3868 veneratione
1489 3816 1766 3886 mysterii,
1808 3821 1862 3869 et

171 3904 347 3956 divina
377 3905 745 3958 invocatione
785 3905 1006 3971 sacrati,
1055 3904 1333 3957 infamare
1367 3910 1589 3957 tentant
1623 3905 1857 3975 quibus-

172 3993 290 4046 dam
323 3994 525 4046 leviter
562 3994 930 4063 opinionibus
991 3998 1364 4059 sacramenta,
1419 3994 1670 4046 dicentes
1727 3997 1862 4046 tunc

169 4098 278 4134 esse
308 4083 677 4136 solummodo
707 4087 920 4149 sancta,
956 4098 1086 4135 cum
1127 4087 1449 4135 sanctorum
1485 4082 1695 4135 fuerint
1739 4098 1855 4134 ma-

169 4169 326 4222 nibus
371 4170 696 4241 prwlibata,
751 4177 948 4223 contra
979 4169 1135 4223 illam
1186 4169 1502 4223 beatissimi
1556 4169 1858 4237 Augustini

168 4260 525 4323 sententiam,
591 4275 764 4329 quam
832 4259 892 4311 in
964 4259 1312 4329 expositione
1371 4257 1573 4311 decimi
1648 4258 1854 4311 Psalmi

166 4353 348 4400 contra
391 4348 601 4400 horum
625 4346 899 4401 similium
943 4347 1240 4400 intentavit
1284 4346 1645 4415 falsiloquam
1694 4346 1855 4399 vani-

165 4443 348 4488 tatem.
386 4437 513 4490 Non
548 4437 725 4503 enim,
762 4437 858 4501 ait,
890 4436 1189 4489 conﬁdunt
1218 4435 1273 4487 in
1313 4435 1571 4498 Domino,
1597 4435 1693 4504 qui
1726 4441 1857 4488 tunc

166 4522 350 4577 dicunt
400 4531 597 4576 sancta
655 4528 1030 4585 sacramenta,
1086 4523 1130 4576 si
1177 4539 1279 4592 per
1327 4530 1547 4574 sanctos
1597 4522 1858 4576 homines

164 4609 380 4665 dentur.
455 4611 564 4666 Sed
614 4617 670 4664 et
714 4611 1065 4664 admirabilis
1115 4611 1314 4664 doctor
1365 4611 1613 4664 lsidorus
1661 4612 1687 4652 d
1754 4613 1846 4665 bo-

165 4713 279 4752 rum
322 4700 725 4753 inanissimam
757 4716 820 4752 ac
843 4701 1234 4754 detestabilem
1260 4701 1725 4770 praesumptionis
1755 4719 1856 4754 au-

164 4785 372 4842 daciam
407 4788 500 4841 bis
526 4788 886 4842 documentis
911 4789 1156 4841 veritieis
1171 4790 1498 4858 extirpando
1515 4789 1810 4843 detruncat
1839 4806 1851 4842 :

167 4893 189 4920 α
213 4880 255 4926 Α
285 4876 542 4937 secretis,
577 4876 787 4945 inquit,
822 4877 904 4929 vel
937 4877 1109 4929 sacris
1139 4877 1444 4930 virtutibus
1501 4883 1856 4931 sacramenta

165 4961 448 5030 dicuntur,
479 4981 605 5034 quze
645 4965 772 5018 ideo
818 4965 1100 5019 fructuose
1133 4981 1306 5035 penes
1356 4967 1658 5020 Ecclesium
1711 4967 1857 5020 ﬁunt

226 5135 246 5162 ι
285 5122 518 5191 Aliquid
571 5122 752 5193 deest,
800 5138 1006 5191 nempe
1053 5123 1357 5188 debeamus,
1410 5124 1494 5176 vel
1519 5123 1849 5193 jubeamur:

165 5190 237 5242 ait
267 5190 422 5244 enim
461 5194 651 5245 statim
682 5210 692 5246 :
727 5192 794 5263 δί
813 5190 1043 5246 inultum
1073 5198 1349 5261 praeterire
1370 5190 1613 5263 jubct'ur,
1648 5200 1752 5247 etc.

223 5264 247 5303 Β
284 5265 492 5328 Rufum
527 5250 834 5331 legendiim
870 5250 1200 5317 :decre'tum
1235 5250 1638 5333 namqueillud
1677 5271 1856 5319 exstat

165 5329 239 5384 tit.
272 5349 321 5385 v1
363 5335 536 5404 epist.
568 5329 637 5388 2'2
679 5335 997 5387 Innocentii
1052 5335 1124 5387 ad
1174 5329 1446 5404 epiSCOpoS
1507 5338 1851 5405 Macedoniae,

166 5417 399 5471 quorum
437 5405 655 5474 primus
675 5407 850 5470 Rufus
877 5405 1089 5458 ibidem
1123 5407 1478 5459 nominatur.

228 5482 245 5504 τ
288 5475 458 5526 Forte
488 5479 866 5526 communione.

327 5491 458 5527 orte
488 5491 594 5528 com
602 5491 866 5529 munione.

225 5544 250 5584 ά
285 5545 534 5617 Ῑείἀυικ,
562 5546 659 5599 lib.
698 5563 748 5598 vi
783 5547 988 5617 Etym.,
1022 5563 1067 5602 c.
1107 5550 1188 5601 t9.

226 5621 246 5648 °
283 5615 381 5669 Ms.
393 5657 408 5679 ,
444 5616 694 5670 habeant.

1996 553 2251 600 mentum
2307 549 2554 602 latenter
2615 557 2886 617 operatur
2931 551 3214 605 effectum.
3269 552 3426 606 Unde
3459 569 3552 606 seu
3588 571 3691 624 per

1992 635 2188 699 bonos,
2227 652 2321 688 seu
2356 652 2460 704 per
2492 636 2671 688 malos
2707 637 2998 691 ministros
3055 640 3202 693 intra
3253 641 3349 694 Dei
3387 643 3688 697 Ecclesium

1993 724 2418 793 dispensentur,
2453 732 2640 778 tamen
2699 726 2830 795 quia
2881 727 3124 795 Spiritus
3160 728 3400 781 'sanctus
3450 733 3686 800 mystice

1989 811 2085 864 illa
2117 812 2376 879 viviticat,
2410 814 2506 883 qui
2540 815 2829 883 quondam
2872 817 3178 885 apostolico
3227 817 3284 870 in
3317 824 3575 887 tempore
3613 819 3688 872 vi-

1990 899 2248 953 sibilibus
2279 902 2591 971 apparebat
2649 903 2966 967 obtutibus,
3004 920 3107 956 nec
3138 905 3420 959 bonorum
3464 908 3686 960 meritis

1987 989 2382 1058 dispensatoru
2396 1008 2446 1042 [ιι
2471 991 2901 1058 an'ipliticantur
2930 992 3050 1044 haec
3075 993 3244 1057 dona,
3270 1010 3372 1045 nec
3403 996 3684 1049 malorum

1987 1083 2398 1131 attenuantur:
2459 1079 2593 1148 quia
2660 1096 2828 1147 neque
2893 1083 2989 1148 qui
3047 1083 3266 1149 plantat
3313 1087 3390 1135 est
3445 1084 3682 1151 aliquid,

1984 1182 2152 1234 neque
2183 1169 2279 1234 qui
2308 1171 2473 1233 rigat,
2504 1167 2597 1220 sed
2629 1170 2724 1235 qui
2755 1171 3138 1222 incrementum
3169 1170 3285 1236 dat,
3322 1173 3454 1224 Deus
3483 1174 3532 1239 (Ι
3560 1174 3678 1227 Cor.

1987 1271 2066 1319 ιιι,
2100 1260 2173 1319 7).
2215 1256 2369 1308 Unde
2407 1260 2460 1308 et
2493 1257 2682 1309 Greece
2733 1260 3046 1323 mysterium
3105 1258 3330 1321 dicitur,
3387 1261 3536 1329 quod
3585 1277 3680 1312 se—

1985 1348 2196 1395 cretam
2231 1350 2286 1396 et
2315 1344 2663 1397 reconditam
2696 1345 2943 1397 habeate
2973 1346 3428 1415 dispositionem.
3462 1370 3480 1393 ι
3525 1348 3683 1408 ()uod

1985 1438 2041 1484 et
2066 1433 2406 1484 venerabilis
2435 1433 2765 1486 Anastasius
2797 1450 2946 1503 papa
2999 1436 3065 1488 ad
3098 1437 3462 1488 Anastasium
3507 1437 3684 1505 impe-

1983 1527 2228 1574 ratorem
2261 1537 2363 1592 pro
2419 1522 3006 1574 communicatoribus
3054 1523 3241 1575 Acacii
3289 1525 3542 1576 ba-éretici
3578 1525 3678 1577 lio-

1982 1609 2153 1662 minis
2213 1615 2269 1661 et
2302 1609 2577 1674 damnati,
2642 1609 2698 1662 in
2748 1615 3145 1662 auctoritatem
3182 1610 3482 1679 splendido
3543 1611 3680 1663 satis

1981 1697 2182 1751 eodem
2205 1714 2396 1762 sensu,
2431 1698 2564 1768 quia
2596 1703 2650 1751 et
2682 1698 2886 1752 eodem
2917 1699 3140 1768 spiritu,
3179 1705 3235 1750 et
3303 1703 3680 1768 accuratoque

1981 1803 2263 1852 sermone,
2307 1788 2659 1857 exsequitur.
2725 1787 2864 1840 Dicit
2904 1788 3055 1840 enim
3109 1787 3167 1838 in
3228 1787 3392 1840 titulo
3435 1788 3678 1856 septimo

1981 1874 2237 1943 ejusdem
2269 1874 2523 1943 epistolze
2559 1891 2570 1927 :
2609 1898 2632 1918 ‹‹
2668 1875 2804 1927 Nam
2836 1875 3148 1927 secundum
3182 1875 3438 1927 Ecclesim
3481 1875 3674 1926 catho-

1979 1962 2100 2017 licae
2152 1963 2620 2014 consuetudinem
2673 1962 3117 2014 sacratissimum
3176 1963 3496 2014 serenitatis
3561 1966 3673 2014 tuae

1977 2055 2174 2121 pectus
2203 2055 2492 2118 agnoscat,
2528 2051 2679 2119 quod
2714 2051 2935 2102 nullum
2970 2051 3036 2102 de
3071 2050 3155 2102 his
3196 2050 3282 2102 vel
3319 2066 3462 2119 quos
3493 2050 3675 2118 bapti-

1979 2138 2124 2191 zavit
2173 2138 2430 2203 Aeacius,
2499 2139 2586 2190 vel
2643 2155 2784 2207 quos
2839 2139 3175 2198 sacerdotes,
3236 2137 3350 2190 sive
3432 2137 3671 2202 Levitas,

1978 2227 2288 2280 secundum
2329 2243 2573 2279 canones
2622 2227 2923 2292 ordinavit,
2984 2228 3102 2280 ulla
3156 2243 3251 2279 eos
3300 2243 3365 2279 ex
3439 2226 3674 2279 nomine

1976 2316 2162 2369 Acacii
2194 2315 2386 2385 portio
2421 2316 2666 2367 lzrsionis
2694 2315 2956 2384 attingat,
2999 2332 3110 2385 quo
3142 2316 3379 2368 forsitan
3433 2331 3534 2384 per
3565 2316 3674 2368 ini-

1977 2420 2156 2474 quum
2203 2404 2411 2457 tradita
2458 2409 2809 2456 sacramenta
2871 2404 3060 2456 minus
3120 2405 3284 2457 firma
3334 2404 3671 2472 fvideantur,

1978 2509 2108 2545 nam
2143 2497 2198 2545 et
2228 2492 2602 2562 baptismum,
2637 2493 2789 2562 quod
2824 2493 3020 2562 procul
3052 2493 3125 2544 sit
3157 2493 3226 2546 ab
3268 2493 3532 2557 Ecclesia,
3560 2493 3673 2545 sive

1977 2582 2047 2634 ab
2081 2582 2359 2648 adultero,
2412 2581 2523 2634 sive
2572 2599 2599 2632 a
2635 2582 2756 2633 fure
2785 2580 2956 2634 fuerit
2990 2581 3204 2643 datum,
3239 2582 3305 2633 ad
3359 2581 3675 2651 percipien-

1977 2675 2089 2724 tem
2124 2686 2332 2723 munus
2366 2670 2623 2740 pervenit
2677 2670 3001 2722 inlibatum.
3055 2670 3197 2733 Quia
3246 2687 3348 2722 vox
3390 2671 3506 2735 illa,
3541 2688 3671 2741 quas

1977 2759 2168 2811 Sonuit
2203 2775 2301 2828 per
2331 2759 2674 2823 columbam,
2702 2775 2932 2810 omnem
2955 2761 3232 2810 maculam
3264 2759 3535 2812 humanas
3565 2760 3674 2829 pol-

1975 2848 2213 2901 lutionis
2259 2847 2524 2914 excludit,
2580 2863 2692 2916 qua
2726 2845 2743 2879 τ
2791 2847 3128 2912 declaratur,
3177 2863 3239 2899 ac
3271 2847 3521 2900 dicitur:
3574 2850 3672 2901 11ιό

1974 2943 2052 2990 est
2091 2939 2186 3003 qui
2235 2937 2478 3004 baptizat
2508 2939 2563 2989 in
2606 2936 2819 3003 Spiritu
2849 2940 2897 2988 et
2929 2937 3051 3002 igne
3082 2935 3254 3004 (Joau.
3291 2953 3327 2999 ι,
3386 2939 3496 3003 33).
3531 2936 3669 2988 Nam

1904 3050 1943 3102 ρ
1977 3025 2022 3077 si
2055 3024 2287 3077 visibilis
2322 3023 2454 3077 solis
2487 3024 2648 3076 istius
2675 3023 2821 3076 radii
2855 3040 2980 3074 cum
3013 3040 3113 3092 per
3135 3036 3162 3076 ε
3196 3025 3312 3075 loca
3334 3023 3667 3076 fetidissima

1973 3117 2289 3177 transeunt,
2314 3113 2469 3164 nulla
2500 3116 2793 3164 contactus
2823 3111 3217 3180 inquinatione
3266 3111 3666 3177 maculantur;

1972 3202 2156 3254 multo
2191 3201 2370 3270 magis
2402 3200 2556 3252 illius
2604 3200 2700 3269 qui
2744 3199 2915 3252 istum
2953 3199 3234 3251 visibilem
3280 3199 3413 3252 facit
3456 3200 3652 3265 virtus,

1974 3291 2127 3342 nulla
2159 3288 2404 3342 ministri
2436 3286 2459 3322 ιι
2485 3288 2822 3357 indignitate
2857 3287 3286 3356 constringitur.
3324 3288 3462 3340 Nam
3495 3293 3552 3340 et
3576 3289 3667 3341 Ju-

1973 3379 2072 3431 das
2125 3394 2250 3430 cum
2307 3376 2477 3430 fuerit
2525 3377 2832 3445 sacrilegus
2863 3381 3034 3446 atque
3075 3375 3184 3440 fur,
3220 3376 3499 3446 quidquid
3549 3375 3667 3444 egit

1971 3466 2122 3518 inter
2179 3466 2467 3534 apostolos
2513 3481 2618 3535 pro
2686 3465 2962 3534 dignitate
3013 3464 3337 3528 commissa,
3388 3464 3667 3518 beneﬁcia

1970 3571 2073 3624 per
2109 3554 2416 3623 indignum
2453 3553 2602 3615 data,
2639 3555 2795 3606 nulla
2835 3569 2898 3605 ex
2936 3554 3040 3606 hoc
3074 3554 3421 3605 detrimenta
3475 3569 3664 3605 sense-

1971 3647 2124 3706 runt,
2161 3643 2486 3695 declarante
2517 3643 2619 3694 hoc
2664 3641 2853 3710 ipsum
2910 3641 3150 3694 Domino
3204 3641 3667 3694 manifestissima

1970 3747 2140 3783 voce:
2193 3731 2416 3796 Scriba,
2478 3729 2684 3798 inquit,
2737 3734 2786 3781 et
2833 3730 3100 3782 Phariswi
3147 3745 3309 3797 super
3351 3730 3664 3782 cathedram

1969 3820 2174 3884 Moyses
2207 3817 2390 3870 sedent
2423 3833 2436 3869 :
2475 3832 2593 3883 qua:
2624 3816 2810 3869 dicunt
2847 3818 3034 3883 facite,
3067 3833 3186 3884 quae
3218 3822 3393 3869 autem
3425 3819 3660 3883 faciunt,

1967 3908 2148 3972 facere
2200 3906 2390 3970 nolite;
2443 3903 2631 3957 dicunt
2686 3906 2845 3968 enim,
2907 3909 2956 3956 et
3020 3919 3125 3956 non
3180 3906 3396 3968 faciunt
3445 3905 3662 3973 (Matth.

1969 4011 2124 4061 χχιιι,
2157 3998 2232 4058 3.)
2265 3992 2552 4062 Quidquid
2601 4008 2735 4061 ergo
2761 3993 2828 4044 ad
2866 3992 3092 4044 Domini
3127 3991 3137 4024 ί
3170 3991 3490 4060 profectum
3541 3991 3664 4060 qui-

1967 4083 2108 4136 libet
2137 4084 2195 4134 in
2229 4081 2472 4134 Ecclesia
2505 4080 2764 4133 minister
2792 4080 2978 4133 officio
3013 4097 3113 4132 suo
3148 4080 3371 4132 videtur
3409 4079 3657 4150 operari,

1968 4171 2075 4224 hoc
2108 4175 2291 4224 totutn
2339 4169 2618 4222 contineri
2669 4169 2940 4239 implente
2994 4168 3303 4222 divinitatis
3360 4168 3596 4237 etfectuj
3645 4209 3658 4232 ,

1969 4262 2046 4313 ita
2077 4260 2172 4312 ille
2210 4274 2311 4329 per
2339 4273 2510 4328 quem
2543 4257 2796 4312 Christus
2831 4257 3085 4326 loquitur
3132 4257 3336 4309 Paulus
3364 4256 3610 4309 afﬁrmat
3645 4273 3658 4310 :

1967 4350 2090 4416 Ego
2118 4350 2387 4416 plantavi,
2438 4347 2633 4414 Apollo
2666 4347 2869 4412 rigavit
2902 4360 2913 4398 :
2947 4346 3040 4399 sed
3073 4347 3330 4398 Dominus
3370 4347 3660 4399 incremen-

1969 4443 2080 4490 tum
2102 4436 2271 4489 dedit.
2305 4437 2494 4502 Itaque
2535 4450 2704 4501 neque
2735 4438 2829 4502 qui
2855 4435 3074 4502 plantat
3103 4439 3180 4486 est
3210 4434 3446 4502 aliquid,
3491 4450 3660 4502 neque

1967 4528 2064 4594 qui
2092 4527 2260 4591 rigat,
2285 4523 2376 4576 scd
2421 4525 2517 4590 qui
2562 4525 2943 4575 incrementum
2987 4523 3083 4575 dat
3143 4524 3276 4575 Deus
3309 4523 3364 4592 (I
3419 4524 3535 4578 Cor.
3577 4540 3655 4588 ut,

1967 4617 2044 4682 7).
2079 4617 2118 4666 Α
2167 4611 2404 4664 Domino
2465 4616 2658 4663 autem
2702 4626 2815 4662 non
2849 4609 3128 4680 quaeritur
3174 4610 3300 4681 quis
3349 4612 3437 4664 vel
3471 4611 3659 4681 qualis

1965 4701 2256 4772 prazdicet,
2317 4705 2376 4751 ut
2427 4698 2650 4752 invidos
2691 4699 2858 4750 etiam
2902 4699 3046 4751 bene
3105 4698 3393 4753 Christum
3443 4699 3655 4768 praedi-

1964 4806 2116 4843 casse
2145 4789 2462 4850 confirmet,
2499 4803 2610 4857 quo
2660 4787 2810 4840 malo
2859 4787 3119 4840 diabolus
3158 4789 3280 4857 ipse
3314 4789 3582 4856 deceptus
3632 4788 3657 4820 κ

1965 4884 2068 4943 est,
2123 4882 2180 4930 et
2236 4878 2340 4929 hoc
2398 4877 2516 4944 ipse
2568 4874 2922 4944 praecipitare
2957 4878 2970 4909 ¹
3005 4893 3116 4928 non
3167 4877 3373 4929 desint.
3410 4897 3435 4923 ‹‹
3490 4876 3554 4926 Et
3597 4874 3657 4926 in

1964 4971 2159 5020 octavo
2209 4964 2456 5034 capitulo
2504 4964 2758 5016 iterum:
2809 4985 2829 5011 ι
2875 4964 3004 5017 Ideo
3059 4981 3194 5033 ergo
3249 4971 3306 5016 et.
3352 4963 3438 5016 hic
3494 4962 3656 5030 cujus

2035 5123 2053 5157 τ
2090 5123 2180 5177 Sic
2210 5122 2494 5175 Anastasii
2516 5121 2774 5191 epistola.
2808 5121 2930 5188 Ms.,
2965 5124 3116 5189 quia.

2035 5207 2065 5248 Β
2102 5195 2221 5255 Ms,
2257 5208 2647 5260 quacuumque.

2035 5263 2059 5298 ¹¹
2097 5266 2217 5329 Ms.,
2251 5267 2496 5331 mysterii
2521 5264 2849 5328 indignitate
2868 5264 3160 5329 conﬁcitur.

2037 5335 2046 5368 ¹
2093 5336 2262 5398 Epist.
2302 5340 2491 5386 Anast.
2523 5335 2596 5386 ad
2619 5335 2891 5387 hominum
2926 5335 3245 5401 profectum.

2048 5432 2058 5470 ί
2107 5407 2228 5468 Μελ,
2261 5405 2536 5472 implenda
2571 5405 2881 5458 divinitatis
2912 5403 3185 5470 affectum.

2036 5475 2063 5507 κ
2104 5475 2301 5545 Epist.,
2337 5476 2598 5543 dejectus.

2038 5547 2050 5579 ¹
2092 5546 2291 5617 Epist.,
2323 5546 2647 5615 praedicare.
