4086 6182
361 289 459 342 471

1725 283 1979 336 ALVARI
2017 283 2249 338 CORDU
2261 280 2491 336 BENSIS

3765 279 3867 334 472

365 439 580 478 nomen
609 422 850 477 dicimus
898 432 1021 473 esse
1067 418 1445 483 reticendum,
1492 418 1638 471 male
1684 417 1836 472 bona
1889 417 2061 471 mini-
2102 417 2275 486 Apro
2305 417 2487 471 salute
2517 415 2764 470 libenter
2801 418 2850 481 ιι,
2897 418 3095 469 contra
3145 419 3318 485 caput
3364 414 3540 469 etiam
3572 414 3619 467 si
3660 414 3866 469 facien-

365 512 599 566 strando
630 509 737 563 sibi
766 510 987 562 tantum
1026 507 1244 561 nocuit.
1296 508 1440 561 Nam
1487 506 1815 559 inviolabile
1864 523 2058 561 sacra—

366 606 645 665 mentum,
677 597 828 667 quod
857 612 960 667 per
990 596 1151 650 illum
1184 596 1379 650 datum
1426 601 1530 661 est,
1584 596 1711 649 aliis
1753 596 2053 666 perfectio-

366 705 499 744 nem
528 703 643 741 suaa
671 686 898 742 virtutis
928 685 1195 739 obtinuit.
1238 685 1399 747 Quod
1442 685 1488 737 si
1518 690 1599 738 est
1636 684 1962 755 aliquorum
1996 684 2057 738 in

363 780 588 830 tantum
618 791 677 827 se
725 774 1036 829 extendens
1077 772 1347 841 suspicio,
1397 776 1460 825 ut
1490 772 1880 842 imaginentur
1919 788 2060 842 pro-

363 865 479 918 lato
508 881 542 918 a
578 880 725 935 papa
757 861 927 917 Felici
952 860 1171 931 judicio
1204 866 1400 931 postea
1438 860 1807 915 inefficaciter
1859 862 1919 914 in
1967 877 2058 914 sa-

364 952 671 1007 cramentis
702 967 831 1021 quas
859 948 1093 1003 Aeacius
1126 948 1422 1017 usurpavit
1452 949 1654 1018 egisse,
1703 965 1765 1002 ac
1820 948 2058 1019 perinde

365 1059 460 1096 eos
510 1046 766 1094 metuere
824 1055 954 1109 quas
983 1048 1005 1074 τι
1035 1038 1121 1090 vel
1171 1037 1230 1090 in
1283 1037 1822 1101 consecrationibus,
1856 1039 1942 1091 vel
1998 1038 2058 1091 in

365 1126 711 1196 baptismate
762 1122 1033 1194 mysteria
1087 1122 1294 1175 tradita
1335 1126 1725 1191 susceperunt,
1775 1138 1847 1175 ne
1899 1122 2062 1176 irrita

363 1213 645 1270 beneﬁcia
680 1212 873 1267 divina
902 1211 1238 1275 videantur;
1281 1210 1656 1264 meminerint
1693 1210 1753 1263 in
1774 1210 1878 1263 hac
1910 1227 2060 1281 quo-

368 1319 481 1374 que
515 1306 675 1372 parte
724 1300 988 1354 similiter
1025 1303 1270 1353 tractum
1318 1299 1631 1368 przevalere
1681 1300 2059 1369 superiorem,

367 1390 504 1461 quia
520 1406 634 1442 non
658 1388 779 1460 sine
802 1387 1172 1457 usurpatione
1187 1386 1440 1440 nominis
1461 1387 1761 1439 sacerdotii
1778 1386 2063 1457 adjudica'

367 1483 461 1533 tus
483 1479 590 1532 hoc
619 1478 737 1548 egit
764 1478 861 1530 :In
883 1494 995 1546 quo
1027 1476 1293 1529 virtutem
1325 1491 1485 1529 suam
1519 1475 1911 1528 obtinentibus
1933 1489 2059 1544 my-

371 1566 745 1620 steriisinhoc
776 1580 1003 1635 quoque
1034 1563 1160 1617 aliis
1190 1580 1286 1616 rea
1308 1564 1413 1617 sibi
1437 1579 1679 1634 persona
1704 1580 1820 1617 non
1845 1564 2060 1618 nocuit.

369 1655 510 1708 Nam
540 1653 610 1707 ad
631 1653 793 1707 illum
817 1651 1096 1722 pertinuit
1117 1651 1271 1721 quod
1296 1650 1432 1703 tuba
1459 1650 1721 1704 Davidica
1750 1652 1776 1693 Ι)
1800 1650 2023 1703 canitur
2046 1666 2058 1703 :

376 1744 752 1797 Verumtamen
778 1744 913 1794 Deus
944 1739 1325 1807 conquassabit
1346 1740 1532 1807 capita
1557 1740 1901 1792 inimicorum
1939 1753 2063 1792 suo—

366 1846 507 1897 rum,
531 1832 780 1884 verticem
815 1829 1005 1897 capilli
1039 1828 1537 1897 perambulantium
1584 1829 1643 1880 in
1677 1827 1893 1881 delictis
1940 1830 2063 1896 :suis

369 1917 733 1989 (Psal.1.xvu,
796 1916 905 1986 2‘2).
968 1918 1110 1969 Nam
1160 1916 1431 1985 superbia
1485 1931 1711 1986 semper
1769 1915 1893 1981 sibi,
1951 1932 2066 1969 non

369 2007 518 2071 aliis,
578 2005 711 2060 facit
784 2005 1058 2071 ruinam;
1110 2004 1265 2074 quod
1320 2003 1583 2057 universa
1641 2004 2063 2073 Scripturarum

371 2095 688 2149 caalestium
720 2098 958 2147 testatur
1005 2092 1329 2147 auctoritas.
1379 2092 1532 2145 Sicut
1571 2092 1743 2145 etiam
1794 2108 1895 2163 per
1934 2092 2067 2162 Spi—

373 2184 549 2236 ritum
578 2182 784 2237 dicitur
829 2182 890 2235 in
923 2182 1206 2251 Propheta
1244 2197 1257 2234 :
1308 2182 1423 2235 Non
1454 2180 1724 2233 habitabit
1782 2182 1840 2233 in
1892 2178 2067 2233 medio

376 2272 563 2326 domus
594 2286 722 2325 mea
751 2273 848 2341 qui
877 2272 1019 2336 facit
1036 2270 1345 2339 superbiam
1376 2269 1542 2339 (Psal.
1568 2286 1616 2335 c,
1642 2268 1717 2336 7).
1751 2268 1908 2322 Unde
1939 2282 2069 2321 cum

376 2360 485 2414 sibi
528 2360 836 2414 sacerdotis
871 2375 1077 2412 nomen
1120 2358 1494 2412 vindicaverit
1536 2357 1973 2422 condemnatus,
2005 2355 2067 2409 in

372 2448 553 2519 ipsius
590 2448 860 2502 verticem
915 2447 1201 2517 superbia;
1253 2451 1447 2500 tumor
1488 2445 1740 2499 inflictus
1784 2449 1886 2511 est,
1936 2444 2072 2515 quia

372 2553 491 2592 non
526 2538 775 2607 populus
807 2536 907 2607 qui
942 2537 1001 2589 in
1033 2535 1317 2605 mysteriis
1362 2535 1579 2589 donum
1626 2534 1807 2605 ipsius
1844 2533 2073 2587 sitiebat

374 2627 637 2681 exclusus
676 2632 779 2690 est,
845 2626 941 2679 sed
992 2626 1182 2679 anima
1239 2625 1358 2678 sola
1412 2624 1511 2679 illa
1557 2641 1687 2694 quae
1743 2627 2070 2695 peccaverat

368 2716 523 2786 justo
545 2714 725 2785 judici
748 2714 975 2784 proprie
996 2722 1017 2746 ο
1046 2718 1168 2766 erat
1197 2712 1458 2766 obnoxia.
1511 2712 1671 2775 Quod
1721 2711 1932 2782 ubique
1964 2728 2068 2765 nu-

376 2818 602 2856 merosa
639 2802 1066 2871 Scripturarum
1102 2806 1341 2855 testatur
1388 2801 1705 2855 instructio.
1773 2800 1932 2855 Unde
1980 2816 2069 2853 re-

376 2890 545 2945 motis
590 2891 847 2943 omnium
880 2887 907 2925 ἀ
949 2888 1154 2943 studiis
1189 2889 1304 2942 sive
1345 2889 1628 2954 versutiis,
1661 2888 1718 2942 in
1750 2889 1857 2942 hac
1888 2888 2073 2942 adhuc

375 2978 646 3051 praesenti
674 2978 982 3048 fragilitate
1013 2978 1465 3047 prepositornm,
1521 2978 1834 3032 secundum
1870 2993 2068 3048 preces
2107 3010 2147 3065 ρ

376 3072 601 3122 nostras
640 3068 848 3121 aduixu
870 3072 925 3121 et
980 3067 1315 3121 auctoritate
1370 3066 1655 3136 imperiali
1706 3066 1904 3121 offerte
1956 3069 2068 3121 Deo

375 3161 570 3211 nostro
604 3156 665 3209 in
693 3172 867 3209 unam
906 3168 931 3198 ο
977 3155 1315 3209 catholicam
1352 3155 1658 3209 Ecclesiam
1706 3160 1762 3209 et
1791 3154 2068 3225 apostoli-

375 3260 497 3299 cam
525 3261 538 3297 :
570 3244 708 3315 quia
735 3244 843 3297 hoc
869 3244 1055 3297 solum
1077 3247 1181 3311 est,
1218 3244 1278 3296 in
1311 3259 1423 3313 quo
1451 3242 1470 3278 ί
1499 3259 1616 3297 non
1647 3244 1830 3297 solum
1861 3243 1919 3297 in
1950 3247 2070 3297 ter-

376 3332 474 3396 ris,
511 3333 609 3386 sed
641 3332 813 3385 etiam
844 3332 904 3385 in
934 3332 1074 3385 coelo
1100 3332 1457 3402 triumphare
1480 3331 1602 3386 sine
1632 3332 1748 3386 line
1776 3332 1996 3402 positis.
2039 3352 2067 3381 »

379 3422 444 3475 Et
473 3420 606 3489 quia
632 3429 694 3472 ut
722 3420 997 3473 canonica
1035 3419 1319 3472 institutio
1351 3418 1561 3473 iterum
1614 3436 1717 3490 per
1746 3436 1807 3472 os
1861 3420 2072 3474 beatis-

379 3508 508 3562 simi
531 3524 692 3578 papaa
723 3507 1009 3562 Coelestini
1040 3508 1107 3561 ad
1150 3507 1444 3577 episcopos
1472 3523 1575 3578 per
1615 3507 1883 3578 Apuliam
1933 3524 2067 3561 con-

374 3597 599 3650 stitutos
628 3596 1013 3650 celeberrimis
1040 3596 1273 3649 vocibus
1311 3596 1531 3664 clamat,
1579 3596 1730 3667 quod
1777 3596 2071 3651 docendus

376 3684 450 3738 sit
479 3685 746 3755 populus,
783 3700 898 3738 non
931 3685 1275 3754 sequendus,
1308 3701 1520 3754 eosque
1567 3685 1613 3737 si
1643 3684 1905 3739 nesciunt
1933 3684 2069 3755 quid

374 3773 560 3837 liceat,
594 3773 802 3842 quidve
834 3789 949 3826 non
983 3773 1168 3840 liceat,
1201 3788 1583 3835 commonere,
1631 3790 1748 3828 non
1793 3774 1882 3828 his
1927 3790 2071 3828 con-

376 3876 607 3914 sensum
639 3860 895 3931 presbere
927 3861 1153 3915 debere.

446 3950 497 4003 4.
532 3951 741 4005 Ratum
772 3949 1037 4003 duximus
1067 3949 1389 4003 necessitati
1420 3950 1716 4003 consulere
1747 3954 1802 4002 et
1845 3950 2073 4020 dispen-

375 4038 626 4091 sationes
675 4037 1082 4091 ecclesiasticas
1140 4054 1244 4106 pro
1300 4043 1559 4106 tempore
1621 4054 2071 4106 nonpraasum-

376 4125 576 4195 ptione
618 4138 666 4191 ε,
692 4125 789 4177 sed
845 4124 1178 4178 necessitate
1234 4125 1523 4194 preevisas,
1577 4120 1907 4194 apostolica,
1953 4126 2071 4179 imo

377 4212 650 4267 canonica
696 4211 1052 4267 institutione
1097 4212 1324 4266 formati
1354 4211 1664 4266 verissimis
1708 4214 2070 4267 constitutio-

377 4300 547 4355 nibus
585 4300 928 4369 approbare,
963 4316 1033 4352 ne
1083 4306 1283 4355 contra
1316 4301 1518 4372 Moysis
1567 4301 1795 4372 legiferi
1827 4303 2069 4357 sanctio-

377 4404 512 4444 nem
552 4388 611 4442 id
637 4388 788 4458 quod
812 4388 1034 4457 justum
1065 4395 1151 4443 est
1188 4405 1302 4443 non
1330 4392 1485 4461 juste
1533 4390 1903 4461 insequentes
1970 4393 2069 4447 ad-

378 4492 606 4530 versum
635 4476 955 4530 Salomonis
984 4483 1335 4548 praeceptum
1369 4478 1564 4533 nimia:
1600 4480 1839 4550 justitiaa
1870 4484 1926 4535 et
1982 4481 2069 4536 in-

376 4569 694 4634 temperate
723 4579 829 4617 nos
862 4565 1266 4620 denotaremus
1310 4567 1565 4621 infamia.
1620 4568 1945 4624 Recolenda
1989 4576 2073 4625 est

376 4655 486 4709 hoc
531 4654 651 4707 loco
698 4653 1011 4708 lnnocentii
1055 4656 1351 4710 clarissimi
1384 4672 1549 4727 papae
1594 4657 1663 4711 ad
1722 4658 1975 4712 Rubium
2017 4662 2072 4713 et

380 4741 684 4797 Eusebium
714 4743 1050 4813 caeterisque
1080 4744 1356 4815 episcopis
1390 4761 1562 4815 quam
1608 4762 1710 4816 pro
1748 4746 1931 4800 Fotini
1981 4762 2071 4801 re-

377 4830 723 4885 stauratione
743 4830 1044 4886 intentavit
1075 4834 1435 4902 sententiam,
1479 4838 1535 4888 et
1572 4835 1697 4904 ejus
1744 4835 1835 4889 hic
1868 4851 2071 4890 recen-

378 4920 555 4975 senda
577 4924 712 4974 sunt
736 4920 967 4975 oracula
992 4922 1333 4989 veneranda,
1377 4922 1475 4992 qui
1505 4927 1635 4992 post
1674 4924 1852 4976 multa
1888 4924 2073 4994 splen-

378 5009 508 5065 dide
534 5013 881 5079 pertractata
915 5010 1103 5064 taliter
1138 5010 1333 5065 intulit
1363 5027 1376 5065 ε
1414 5031 1440 5062 α
1467 5010 1746 5066 Sollicitos
1774 5011 1931 5067 enim
1972 5028 2073 5067 vos

446 5176 473 5201 ⁸
510 5166 680 5237 Epist.
693 5209 706 5235 ,
732 5169 847 5235 qui.

447 5240 473 5281 ι)
510 5239 633 5303 Ms.,
664 5238 836 5292 davit.

448 5316 469 5342 α
506 5308 707 5379 Epist,
730 5309 944 5377 judicio
969 5311 1208 5379 propria.r
1235 5308 1405 5377 culpae
1433 5313 1568 5362 erat.

446 5380 473 5421 ἀ
510 5378 637 5447 Ερ.,
668 5380 953 5433 hominum.

447 5456 468 5481 °
507 5449 631 5516 Ep.,
654 5450 844 5516 offerre
879 5452 946 5503 D.
974 5467 1030 5505 n.
1070 5464 1253 5504 unam.

447 5516 467 5553 Γ
504 5518 626 5583 Ms.,
656 5521 716 5572 in
747 5536 875 5588 qua.

2111 4301 2535 4363 Ddiscretionis
2608 4304 3065 4374 gubernaculum
3135 4306 3428 4361 adhibere.

2168 506 2306 559 dum
2346 510 2431 559 est
2471 521 2585 559 non
2615 504 2860 558 libenter
2889 503 3164 568 admitto;
3200 523 3227 553 ι)
3261 519 3325 556 ac
3367 503 3414 555 si
3436 502 3653 557 diceret
3686 521 3699 557 :
3761 506 3867 558 Pro

2167 593 2482 647 commodis
2529 593 2722 664 itaque
2769 596 2825 645 et
2870 608 3007 662 pace
3054 592 3430 645 Ecclesiarum
3469 592 3708 661 provida
3761 592 3870 662 [vos

2166 698 2364 751 gerere
2405 682 2635 735 solertia
2672 681 2888 751 jubco:
2932 685 3128 734 contra
3182 685 3356 749 caput
3406 684 3602 733 autem
3660 683 3719 733 et
3772 680 3871 751 qui

2161 770 2292 840 jure
2351 770 2409 824 in
2460 769 2616 823 vobis
2661 768 2976 839 primatum
3027 767 3270 835 obtinet,
3330 768 3500 821 etiam
3547 769 3871 838 reprehen-

2166 859 2352 913 denda
2412 857 2784 926 commiserit,
2846 856 3175 910 nullatenus
3246 856 3673 926 insurgendum
3744 874 3875 928 per-

2168 964 2387 1001 censeo.
2416 947 2579 1012 Quod
2627 946 2674 1000 si
2708 947 3112 1017 episc0porum
3166 944 3627 1015 superinspectio
3679 945 3876 1016 hujus-

2168 1036 2324 1091 modi
2374 1036 2531 1088 freno
2583 1034 2889 1088 sanctionis
2941 1033 3399 1103 constringitur;
3446 1050 3562 1103 quo
3614 1035 3875 1104 plebium

2168 1141 2327 1179 camo
2358 1140 2459 1177 ora
2488 1124 2717 1177 cludere
2742 1127 2933 1176 ratum
2978 1127 3084 1189 est,
3118 1139 3243 1192 quae
3275 1121 3496 1175 inlicita
3525 1128 3583 1177 et
3622 1139 3742 1177 non
3771 1123 3879 1177 sibi

2169 1212 2360 1267 debita
2388 1212 2671 1266 intentare
2702 1227 3057 1281 praesumens
3087 1211 3158 1265 de
3176 1211 3535 1265 sacerdotum
3565 1211 3675 1265 sibi
3714 1229 3879 1266 arro-

2172 1306 2269 1371 gat
2299 1300 2618 1353 excessibus
2634 1298 3053 1369 judicandum?
3082 1300 3192 1353 Nec
3222 1299 3426 1369 ignoro
3475 1301 3780 1369 generales
3811 1302 3881 1355 il-

2172 1391 2251 1442 las
2284 1389 2497 1459 opponi
2528 1388 2709 1441 solere
2741 1388 3076 1455 sententias,
3106 1404 3236 1458 quae
3271 1388 3450 1441 libero
3481 1393 3537 1441 et
3564 1389 3881 1459 tranquillo

2170 1482 2433 1547 tempore
2489 1477 2873 1530 discurrentes
2935 1476 3265 1545 generalem
3318 1474 3705 1545 superborum
3768 1488 3883 1525 non

2171 1564 2593 1621 consulentium
2624 1564 2843 1635 patriae,
2879 1564 2979 1618 sed
3026 1564 3290 1618 scandala
3348 1568 3404 1617 et
3461 1561 3884 1616 controversias

2177 1652 2554 1707 asserentium
2580 1656 2785 1722 putant
2811 1652 3151 1705 simultates.
3183 1651 3289 1705 Sed
3340 1650 3431 1703 his
3463 1665 3722 1720 quorum
3753 1664 3884 1702 cer-

2178 1741 2325 1795 vices
2366 1746 2561 1794 tumor
2600 1739 2883 1810 superbia:
2913 1740 3097 1806 inﬂat,
3160 1744 3217 1794 et
3272 1738 3516 1793 licentiae
3580 1738 3883 1792 studentes

2174 1830 2489 1901 quemlibet
2517 1829 2995 1898 superbissimum
3021 1832 3285 1898 proterve
3318 1827 3646 1893 defendere,
3680 1826 3775 1879 vel
3824 1825 3883 1878 in

2175 1922 2337 1984 parte
2363 1916 2624 1970 sedentes
2659 1917 3037 1971 universitatis
3064 1917 3464 1987 derelinquere
3497 1932 3645 1969 ausu
3696 1919 3877 1968 teme-

2173 2004 2326 2058 rario
2356 2005 2551 2059 nitunt
2577 2005 2902 2075 collegium,
2928 2005 3319 2073 maledictum,
3345 2004 3731 2059 obstinatione
3757 2019 3884 2073 per-

2176 2094 2329 2148 fidiae
2358 2099 2743 2165 protegentes,
2766 2100 2822 2148 et
2842 2094 3018 2165 impio
3041 2094 3277 2148 cuilibet
3297 2095 3543 2149 ferentes
3570 2094 3880 2159 auxilium,
3949 2166 3952 2169 Δ

2176 2180 2303 2235 illas
2331 2183 2627 2252 generales
2658 2183 2968 2236 sententias
2999 2183 3290 2236 verissime
3341 2187 3680 2253 competunt
3714 2198 3728 2235 :
3788 2182 3883 2235 isti

2177 2285 2311 2324 vero
2365 2287 2510 2341 quos
2566 2271 2779 2340 impius
2833 2270 3170 2325 crudelitate
3215 2276 3272 2324 et
3326 2270 3634 2324 acerbitate
3691 2270 3887 2323 invisa

2179 2359 2529 2428 perdomuit,
2570 2359 2975 2429 percarceralis
3014 2361 3259 2413 claustra
3313 2359 3324 2393 ί
3359 2363 3414 2413 et
3470 2375 3645 2412 onere
3678 2358 3882 2412 nimia:

2180 2463 2437 2501 censurae
2514 2447 2802 2510 contrivit,
2875 2449 2973 2519 qui
3031 2448 3377 2502 conscientia
3432 2453 3574 2502 teste
3649 2463 3888 2517 semper

2180 2536 2554 2590 maledictum
2574 2537 3070 2590 maledictionibus
3100 2537 3489 2607 insequentes,
3518 2552 3637 2589 non
3658 2552 3887 2603 amore,

2180 2640 2285 2678 nec
2328 2624 2795 2695 pertinacissimus
2842 2625 3151 2679 voluntatis
3192 2628 3422 2687 conatu,
3479 2626 3575 2678 sed
3621 2625 3747 2677 sola
3788 2641 3888 2679 ne‘

2183 2712 2546 2780 cessitudine,
2598 2718 2655 2766 et
2703 2713 2882 2783 regali
2928 2713 3185 2783 jussione
3225 2713 3471 2779 contriti,
3532 2713 3891 2767 discretione

2182 2800 2567 2870 intendentes,
2646 2807 2703 2855 et
2758 2801 3015 2872 quotidie
3064 2802 3134 2856 de
3182 2802 3299 2855 vita
3366 2802 3601 2872 propria
3649 2802 3890 2873 pericli-

2182 2894 2390 2958 tantes,
2421 2890 2612 2960 aliqua
2656 2905 2762 2959 pro
2807 2894 3066 2961 tempore
3110 2890 3441 2960 dispensare
3490 2891 3684 2943 conati
3715 2897 3887 2954 sunt;

2183 2995 2284 3032 cur
2313 2979 2634 3048 improvida
2660 2980 3043 3050 insequuntur
3072 2980 3298 3033 animus
3332 2980 3565 3041 ordine:
3609 2980 3698 3033 vel
3742 2981 3887 3034 alio-

2179 3082 2308 3120 rum
2340 3067 2407 3121 de
2432 3067 2545 3120 vita
2581 3068 2607 3101 ιε
2654 3067 2980 3137 plectantur
3027 3068 3331 3135 sententia,
3364 3067 3603 3121 omnino
3637 3082 3766 3122 non
3798 3069 3889 3123 vi-

2181 3154 2307 3210 deo.
2344 3155 2720 3210 Conscientize
2751 3160 2960 3210 nostra:
2991 3161 3048 3210 et
3064 3157 3402 3226 fragilitates
3422 3157 3890 3228 humanminspi-

2178 3243 2397 3297 ciendte
2450 3248 2601 3309 sunt,
2643 3248 2701 3297 et
2729 3260 2795 3297 ex
2836 3244 3000 3298 nobis
3031 3244 3165 3314 ipsis
3197 3244 3554 3299 subditorum
3580 3245 3715 3299 vitae
3766 3246 3887 3300 foro

2179 3333 2404 3385 mandas
2418 3374 2430 3387 .
2460 3332 2679 3395 Quanta
2693 3348 2943 3403 namque
2960 3348 3064 3403 pro
3080 3338 3359 3403 tempore,
3379 3349 3483 3403 pro
3502 3334 3754 3388 instante
3777 3351 3886 3389 ne—

2178 3419 2456 3487 cessitate,
2491 3436 2594 3489 pro
2627 3425 2976 3490 potestatum
3004 3425 3243 3487 terrore,
3268 3422 3664 3493 unusquisque
3686 3438 3760 3476 ex
3786 3439 3890 3476 no-

2178 3506 2265 3561 bis
2294 3508 2551 3577 pontifex
2576 3508 2636 3561 in
2666 3508 2771 3562 sibi
2791 3509 3033 3563 creditos
3050 3510 3411 3581 usurpaverit
3437 3511 3738 3581 gregesysi
3757 3510 3889 3565 utili

2179 3600 2234 3649 et
2265 3596 2357 3666 pia
2388 3596 2785 3666 compassione
2808 3598 3155 3652 voluerimus
3179 3598 3423 3664 librare;
3448 3599 3599 3652 illico
3622 3600 3727 3669 qui
3750 3617 3889 3654 nos-

2177 3684 2280 3738 tris
2313 3686 2753 3740 clementissime
2775 3686 3039 3741 videmur
3060 3687 3326 3756 existere,
3360 3687 3405 3740 si
3428 3688 3591 3741 aliter
3613 3689 3882 3744 subdito-

2178 3790 2308 3828 rum
2330 3790 2505 3844 quam
2537 3780 2863 3828 nostrorum
2895 3775 3245 3829 voluerimus
3292 3776 3570 3830 ventilare
3610 3777 3885 3846 festucas,

2179 3863 2492 3916 severiores
2530 3863 2590 3917 in
2648 3864 3089 3934 delinquentum
3141 3865 3463 3918 excessibus
3503 3866 3890 3935 probavimur

2178 3950 2408 4004 insilere
2442 3967 2454 4004 :
2490 3968 2605 4021 quo
2628 3952 2848 4022 judicio
2898 3952 3053 4006 enim
3075 3952 3548 4023 judicaverimus,
3584 3954 3645 4007 in
3667 3971 3737 4008 eo
3770 3972 3884 4009 no-

2180 4038 2647 4108 bisjudicabitur.
2675 4041 2739 4094 Et
2763 4040 3070 4112 ideojuxta
3103 4042 3254 4095 beati
3276 4042 3491 4095 Iuliani
3521 4043 3741 4113 egregii
3777 4044 3884 4098 do-

2180 4126 2347 4179 ctoris
2385 4128 2747 4196 sententiam,
2783 4146 2899 4183 non
2941 4129 3183 4184 minoris
3216 4134 3299 4183 est
3342 4130 3721 4199 providentia:
3777 4149 3884 4187 ne-

2179 4214 2425 4268 cessitati
2483 4214 2809 4270 imminenti
2874 4219 3191 4284 consulere,
3256 4235 3429 4289 quam
3500 4219 3884 4289 plenitudinis

3506 4308 3883 4362 Laudabilius

2178 4406 2314 4461 ergo
2352 4395 2435 4444 est
2479 4407 2545 4445 ex
2586 4392 2923 4447 necessitate
2967 4394 3232 4463 quaedam
3268 4399 3593 4465 opportuna
3636 4396 3879 4466 eligere,

2180 4495 2353 4549 quam
2388 4479 2447 4532 in
2495 4480 2580 4533 his
2612 4497 2742 4550 quae,
2765 4486 3079 4551 suppetunt
3108 4482 3369 4552 eligenda
3419 4484 3685 4537 formare.
3735 4486 3882 4539 Mul-

2178 4575 2353 4639 toque
2412 4573 2468 4622 et
2526 4569 2802 4637 grandius
2872 4570 3155 4623 defectum
3216 4572 3488 4626 adhibere
3549 4572 3877 4640 suffectum,

2178 4672 2352 4727 quam
2383 4657 2629 4727 copiosae
2660 4658 2741 4712 rei
2772 4657 3161 4727 dispositionis
3213 4675 3526 4731 prorogare
3563 4661 3874 4730 judicium.

2180 4746 2279 4799 Est
2306 4745 2456 4799 enim
2502 4745 2669 4811 salus,
2722 4752 2779 4800 et
2826 4746 3022 4800 salutis
3062 4747 3395 4802 omnimoda
3450 4749 3774 4819 plenitudo,
3831 4751 3881 4804 si

2179 4833 2297 4887 illic
2332 4833 2590 4887 utilitatis
2628 4834 2961 4904 porrigatur
3004 4837 3351 4905 consultum,
3384 4838 3485 4891 ubi
3542 4838 3881 4895 omnimoda

2177 4922 2474 4992 plenitudo
2530 4922 2875 4992 perspicitur
2908 4940 2919 4978 :
2948 4925 3085 4995 quia
3121 4924 3242 4978 sine
3282 4926 3557 4980 fracmine
3591 4929 3879 4997 generalis

2178 5010 2450 5081 praecepti
2469 5009 2655 5064 forma
2685 5010 2976 5067 inducitur
3021 5014 3281 5084 specialis
3308 5015 3531 5085 judicii,
3563 5021 3619 5069 et
3646 5016 3879 5071 eventui

2251 5182 2281 5224 ε
2319 5169 2414 5223 Ms.
2427 5210 2440 5235 ,
2468 5173 2909 5240 presumptionis.

2250 5242 2277 5282 ιι
2314 5241 2471 5316 Adde
2511 5242 2796 5316 audioex
2844 5241 3005 5313 epist.
3072 5245 3139 5295 22
3199 5243 3391 5297 lnnoc.
3456 5243 3527 5298 ad
3576 5243 3876 5316 episcopos

2180 5312 2490 5377 Macedon,
2524 5312 2617 5367 tit.
2650 5314 2753 5368 ult.

2253 5383 2267 5417 ί
2309 5383 2561 5455 Claustra
2612 5383 2717 5455 sub
2769 5382 3050 5437 feminino
3098 5400 3306 5455 genere
3338 5389 3475 5438 tunc
3505 5390 3626 5439 erat
3658 5387 3720 5440 in
3741 5402 3866 5439 usu.

2268 5471 2281 5513 j
2320 5454 2553 5507 Animus
2581 5453 2789 5507 ordine.
2817 5456 2899 5508 An
2934 5455 3087 5509 idem
3107 5453 3178 5509 ac
3196 5461 3355 5510 extra
3389 5457 3473 5510 vel
3498 5457 3615 5511 sine
3641 5458 3869 5512 ordine?

2257 5516 2283 5548 "
2326 5523 2486 5578 Forte
2509 5524 2691 5577 debita
2720 5529 3004 5579 sententia.
