4086 6182
196 320 292 372 473

1747 313 2117 368 EPISTOL/E.

3588 318 3692 373 474

196 446 532 515 consulitur,
565 446 716 516 quod
750 444 1126 516 generalitate
1158 460 1273 499 non
1311 443 1496 498 datur.
1542 444 1665 497 Non
1704 443 1882 514 igitur
1918 446 1962 498 Α
1989 442 2153 513 cujus
2187 444 2341 514 justa
2377 441 2595 513 judicia
2643 442 2863 497 clarent
2897 442 3124 513 justitia
3170 460 3233 498 ac
3278 445 3489 515 pietate
3537 462 3685 517 prai-

198 536 577 591 suhvertimus
638 534 947 606 primitiva,
1008 534 1106 588 sed
1175 532 1490 587 consultius
1556 532 1886 587 ordinamus

198 624 545 693 praesentia:
585 639 714 676 cum
758 628 815 676 et
864 622 1003 676 illud
1052 621 1363 675 universali
1413 620 1621 682 edictu,
1668 625 1726 675 et
1763 621 1887 675 haec

197 711 529 780 praepolleat
558 710 788 780 speciali
812 710 1048 780 judicio.

262 803 311 852 5.
370 800 437 853 Et
487 800 608 853 haec
657 799 906 853 dicentes
956 816 1073 852 non
1120 798 1279 853 vobis
1328 798 1671 869 replicamus
1720 798 1885 852 inco-

195 887 371 958 gnita,
407 888 506 941 sed
538 893 671 940 nota
704 887 1028 941 reducimus
1058 887 1361 940 recolenda
1400 903 1412 940 :
1464 891 1531 941 ut
1572 887 1619 940 si
1664 887 1735 940 ab
1776 886 1885 940 ho-

194 976 392 1031 dierno
429 977 522 1030 die
564 981 620 1029 et
663 981 945 1046 tempore,
980 976 1186 1047 aliquis
1230 992 1298 1030 ex
1349 975 1734 1030 sacerdotibus
1780 992 1885 1029 no-

192 1066 317 1119 stris
365 1070 567 1119 vestrae
606 1066 931 1135 praesentiae
962 1082 1303 1137 quacunque
1334 1065 1527 1118 saeculi
1567 1065 1887 1119 exhibuerit

195 1154 532 1222 necessitas;
567 1170 683 1208 non
715 1153 1066 1220 execrabilis,
1099 1154 1250 1224 quod
1299 1154 1493 1224 procul
1543 1153 1635 1220 sit,
1682 1158 1885 1207 vestra:

194 1241 645 1312 participationi,
676 1243 763 1295 vel
796 1243 997 1295 exulus
1025 1242 1323 1307 habeatur,
1360 1243 1455 1296 scd
1489 1242 1797 1312 recipiatur
1826 1247 1887 1296 ut

192 1330 482 1400 proprius,
517 1331 897 1401 amplectatur
922 1337 985 1384 ut
1014 1330 1186 1398 ﬁlius,
1227 1336 1397 1402 atque
1428 1331 1499 1385 ad
1539 1346 1708 1384 omne
1739 1331 1885 1384 alta-

191 1419 263 1472 ris
311 1418 575 1471 ofﬁcium
625 1419 961 1472 admittatur
1014 1419 1280 1485 idoneus;
1341 1419 1583 1472 libenter
1644 1436 1675 1471 a
1728 1418 1889 1471 vobis

194 1506 389 1576 utique
432 1513 811 1576 percepturus
853 1512 1175 1561 consecrata
1215 1508 1508 1575 libamina,
1550 1506 1886 1576 ueterisque

191 1596 625 1665 dispensaturus
655 1596 829 1650 etiam
858 1613 962 1667 per
990 1596 1359 1666 semetipsum
1390 1595 1645 1650 confecta
1676 1601 1887 1665 myste-

191 1683 272 1736 ria
320 1684 647 1753 praesertim
698 1700 828 1737 cum
875 1684 1201 1737 fraternitas
1242 1689 1439 1737 nostra
1490 1700 1727 1754 gregem
1778 1683 1887 1737 sibi

193 1770 477 1824 creditum
543 1772 767 1825 decreto
828 1772 1156 1826 ﬁrmissimo
1215 1788 1494 1826 manuum
1556 1778 1887 1827 nostrarum

197 1860 617 1929 subscriptione
658 1861 901 1927 ﬁrmato,
943 1862 1271 1915 indemnem
1299 1867 1356 1915 et
1394 1862 1637 1915 liberum
1666 1861 1735 1915 ab
1765 1877 1889 1915 om-

194 1946 350 2001 nium
415 1948 837 2001 susurrantium
896 1948 1136 2003 infamio
1198 1953 1475 2020 perpetue
1532 1953 1759 2002 censeat
1819 1964 1885 2001 eo

192 2036 391 2106 vigore
457 2036 779 2090 stabilitatis
840 2038 1170 2107 perenniter
1228 2036 1704 2104 conservandum,
1772 2052 1886 2107 quo

193 2126 775 2195 metropolitanorum
811 2127 1203 2180 sanctionibus
1238 2127 1297 2180 in
1326 2126 1617 2197 praeterito
1650 2131 1705 2179 et
1732 2141 1885 2195 prae-

193 2214 332 2266 senti
390 2214 683 2267 invenitur
734 2216 1160 2269 conﬁrmatum.
1215 2216 1489 2284 Optamus
1539 2230 1641 2267 nos
1686 2213 1888 2267 vestris

191 2303 503 2372 reciprocis
535 2303 804 2356 litterulis
833 2304 1203 2372 praemunire,
1250 2306 1308 2356 et
1349 2302 1642 2356 fraternali
1672 2301 1886 2355 auxilio

190 2390 245 2443 in
275 2407 343 2443 ea
377 2407 511 2461 qua:
543 2391 699 2461 pacis
730 2396 783 2444 et
814 2391 1105 2445 charitatis
1152 2396 1285 2445 sunt
1330 2390 1607 2444 roborari.
1655 2390 1713 2444 Si
1760 2390 1888 2460 quis

191 2486 382 2533 autem
425 2496 491 2533 ex
542 2481 985 2551 congregatione
1029 2486 1223 2534 n0stra
1268 2479 1548 2549 pravitate
1589 2479 1795 2545 cordis,
1832 2484 1888 2533 et

190 2566 367 2620 livore
422 2568 654 2635 mentis,
706 2584 806 2621 seu
856 2568 1147 2622 crescendi
1194 2568 1364 2632 fastu,
1409 2567 1605 2637 aliqua
1653 2566 1886 2621 auribus

188 2656 397 2709 nostris
430 2665 456 2689 ⁸
486 2657 775 2726 ρι·ωςυ1ί15
806 2656 1127 2710 eruditione
1167 2656 1492 2710 divinorum
1524 2655 1883 2708 voluminum

190 2744 330 2797 levia
374 2744 665 2799 intentare
710 2744 1021 2810 conaverit,
1053 2744 1150 2797 illa
1189 2760 1303 2815 qua
1345 2760 1439 2796 vos
1472 2744 1605 2797 novi
1636 2742 1885 2796 naturali

187 2833 376 2902 vigere
405 2833 713 2901 industria,
738 2835 886 2887 male
908 2833 1251 2904 loquatium,
1277 2838 1618 2902 properatur
1638 2832 1882 2893 insania,

188 2922 281 2990 qui
308 2922 715 2975 unanimitatis
746 2922 1118 2992 despicientes
1149 2921 1479 2991 collegium,
1510 2936 1614 2990 per
1642 2920 1884 2989 abrupta

188 3017 240 3063 et
268 3010 441 3063 devia
472 3010 659 3064 nitent
676 3011 840 3081 lapsu
864 3012 1048 3065 casuri
1070 3009 1347 3082 praecipiti
1367 3010 1426 3063 in
1446 3010 1624 3063 altum
1646 3008 1883 3063 tendere

186 3113 468 3167 gressum.
504 3100 713 3153 Valete.
794 3122 799 3127 -

255 3408 456 3446 iNCIPIT
504 3407 759 3445 EPISTOLA
806 3407 999 3446 ALVARI
1048 3407 1217 3445 SAULO
1268 3406 1515 3445 EPISCOPO
1565 3407 1808 3445 DIRECTA.

254 3525 631 3579 Sanctissimo
689 3524 929 3578 Domino
983 3540 1114 3579 meo
1172 3525 1343 3579 Saulo
1401 3524 1671 3596 episcopo
1722 3526 1884 3580 Pauli

185 3615 390 3667 ALVABI
422 3630 486 3666 su
495 3612 739 3683 ggessio.

254 3706 301 3755 l.
355 3703 535 3757 Multa
577 3706 741 3755 erant
781 3717 911 3770 qua:
960 3701 1243 3755 sanctitati
1288 3707 1487 3757 vestra:
1527 3702 1883 3757 debebantur

187 3790 375 3855 scribi,
408 3791 458 3844 si
489 3791 739 3860 procella
774 3790 966 3843 seculi
996 3796 1051 3844 et
1080 3791 1372 3845 calamitas
1394 3791 1673 3861 temporis
1700 3791 1882 3845 nostri

184 3894 293 3932 non
325 3879 717 3949 pmpedirent
743 3878 999 3933 officium
1030 3879 1261 3949 linguae.
1295 3880 1404 3934 Sed
1439 3882 1575 3951 quia
1605 3881 1883 3933 acerbitas

185 3968 588 4038 angustiarum
638 3973 696 4021 et
746 3968 1072 4021 immanitas
1129 3969 1491 4039 ﬂagellorum
1542 3969 1885 4039 eloquentiae

185 4056 400 4110 fontem
436 4056 735 4122 conclusit,
769 4061 824 4109 et
853 4056 1077 4110 dicendi
1120 4057 1419 4110 materiam
1468 4074 1570 4111 sua
1610 4058 1762 4111 mole
1794 4074 1880 4111 re-

185 4145 372 4208 trusit,
422 4144 553 4197 ideo
598 4144 848 4198 breviter
894 4150 1037 4197 teste
1087 4144 1566 4199 conscientiarum
1617 4146 1881 4198 omnium

188 4233 321 4298 Deo,
356 4232 511 4286 dulci
543 4232 759 4297 animo,
796 4237 853 4285 et
899 4237 1089 4286 mente
1133 4248 1300 4303 pura,
1347 4234 1705 4288 salutationis
1749 4235 1882 4287 ofﬁ-

186 4320 331 4374 cium
364 4319 703 4391 paternitati
747 4326 945 4374 vestrae
990 4321 1200 4387 defero,
1250 4322 1660 4393 propriamque
1711 4323 1880 4376 mise-

186 4408 327 4463 riem
359 4415 417 4462 et
450 4409 881 4479 suggessionem
912 4425 1151 4479 expono.
1189 4412 1342 4464 Reor
1372 4426 1487 4464 non
1522 4411 1678 4464 vobis
1707 4411 1883 4464 fuisse

186 4496 546 4566 incognitum
578 4496 820 4566 periculi
854 4498 940 4551 vel
978 4498 1339 4567 aegritudinis
1387 4516 1531 4553 mea:
1576 4500 1683 4553 hoc
1730 4516 1881 4554 anno

186 4584 584 4655 dispendium;
631 4586 712 4639 ita
759 4591 823 4639 ut
864 4586 1067 4641 mortis
1116 4604 1292 4657 agens
1334 4588 1669 4656 conﬁnium,
1701 4589 1883 4659 pmui-

185 4676 378 4728 tentias
432 4676 788 4745 postularem
840 4676 1185 4743 remedium,
1237 4682 1407 4748 atque
1461 4683 1589 4748 post
1632 4678 1883 4748 dispera-

185 4762 401 4817 tionem
458 4779 577 4817 non
634 4763 945 4829 modicam,
992 4765 1301 4819 salutarem
1354 4766 1639 4820 invenisse
1688 4768 1880 4821 mede-

186 4850 317 4904 lam.
371 4853 643 4907 Dominus
688 4855 828 4906 em'm
878 4856 974 4921 qui
1018 4857 1330 4923 mortiﬁcat,
1380 4861 1429 4909 et
1475 4856 1740 4926 viviﬁcat,
1788 4856 1884 4909 du-

186 4942 255 4994 cit
302 4941 379 4995 ad
424 4947 615 5010 portas
659 4944 885 5009 inferni,
933 4948 983 4997 et
1026 4943 1237 4997 reducit
1276 4945 1325 5011 (1
1375 4946 1505 5011 Reg.
1542 4961 1599 5010 ιι,
1647 4948 1719 5010 6),
1755 4949 1884 5015 post

185 5032 425 5084 multam
479 5031 756 5084 ultionem
794 5030 1024 5101 judicii,
1069 5036 1126 5086 et
1172 5032 1409 5104 dignam
1460 5033 1883 5104 correptionem

186 5118 420 5191 ﬂagelli,
465 5120 774 5173 clementia
820 5120 1093 5187 mirabili,
1136 5126 1195 5176 et
1230 5122 1442 5191 pietate
1489 5122 1783 5189 laudabili,
1820 5139 1883 5176 ac

186 5210 442 5276 potentia
470 5207 772 5278 singulari,
820 5209 1103 5263 revocavit
1145 5226 1179 5264 a
1215 5211 1455 5281 periculi
1477 5211 1679 5281 janua,
1710 5212 1885 5266 mise-

188 5295 433 5350 ricordia
463 5301 761 5363 consueta,
793 5313 968 5368 quem
999 5298 1176 5369 digne
1208 5301 1419 5353 scelera
1447 5299 1568 5369 jam
1600 5300 1884 5355 ducebant

188 5384 253 5438 ad
296 5390 531 5439 tartara.
575 5386 661 5440 Sit
705 5401 916 5441 nomen
964 5386 1087 5457 ejus
1138 5387 1502 5443 benedictum
1544 5388 1606 5443 iu
1653 5390 1880 5456 saecula,

253 5570 275 5595 ·
311 5560 441 5631 Leg.
474 5563 691 5615 vestris.

1927 1749 1966 1801 Β

1994 530 2199 585 cincta.

2066 623 2117 675 2.
2154 621 2292 684 Quae
2328 625 2450 674 acta
2497 624 2628 674 sunt
2677 620 3007 691 paternitati
3052 626 3252 675 vestrae
3295 622 3541 677 breviter
3585 625 3685 679 ad-

1996 709 2207 763 notavi.
2263 710 2425 763 Nuuc
2482 726 2610 779 quae
2660 710 2881 779 agenda
2942 714 3074 763 sunt
3131 710 3339 763 iterum
3392 711 3687 767 humiliter

1995 798 2163 869 cupio
2198 798 2529 867 implorare.
2563 799 2724 851 Certe
2758 798 2828 851 ab
2870 798 2995 868 ipso
3029 798 3385 867 aegritudinis
3426 805 3685 871 tempore

1994 902 2178 957 usque
2208 887 2268 940 in
2313 886 2484 940 hodie
2527 903 2558 939 a
2590 886 2823 940 salutari
2854 888 3113 941 exclusus
3146 888 3329 941 mansi
3377 890 3631 943 remedio
3670 906 3682 943 :

1995 981 2053 1030 et
2102 975 2231 1029 licet
2283 975 2810 1029 reconciliationem
2867 975 3097 1029 aliunde
3154 978 3397 1029 valerem
3456 978 3586 1039 frui,
3639 980 3687 1032 si

1997 1064 2228 1130 vellem;
2280 1068 2473 1117 tamen
2514 1080 2581 1116 ea
2629 1081 2759 1135 qua:
2808 1064 3142 1117 auctoritate
3194 1066 3425 1118 Patrum
3470 1071 3687 1120 sacrata

1994 1156 2143 1216 sunt,
2179 1152 2419 1222 implere
2451 1152 2780 1206 desiderans
2816 1152 3156 1222 permissum
3198 1156 3444 1206 vestrum
3493 1153 3685 1223 inqui-

1994 1257 2121 1295 rere
2167 1241 2344 1309 volui,
2400 1246 2568 1311 atque
2613 1258 2716 1312 per
2746 1241 3065 1311 jussionem
3097 1242 3457 1312 paternitatis
3489 1247 3688 1297 vestra:

1995 1329 2066 1383 ad
2098 1328 2565 1383 communionem
2595 1331 2843 1383 reditum
2875 1330 3087 1385 habere
3128 1331 3386 1402 disposui
3421 1347 3432 1383 :
3470 1336 3523 1384 et
3556 1332 3687 1384 inde

1996 1417 2130 1471 alibi
2178 1418 2286 1471 hoc
2328 1434 2445 1471 non
2478 1418 2768 1488 inquisivi,
2812 1418 2948 1488 quia
2980 1423 3124 1473 teste
3160 1420 3271 1472 Deo
3318 1421 3468 1480 Jesu,
3504 1418 3603 1474 Dei
3634 1424 3688 1472 et

1998 1508 2225 1561 Domini
2273 1507 2452 1561 nostri
2501 1507 2786 1561 sententia
2834 1507 3157 1561 formidavi.
3218 1508 3375 1561 Unde
3434 1513 3567 1577 peto
3626 1513 3689 1563 ut

1996 1596 2244 1665 epistola
2302 1595 2665 1665 paternitatis
2723 1599 2922 1649 vestrae
2979 1596 3071 1649 cui
3127 1596 3307 1665 prius,
3369 1596 3575 1649 melius
3632 1601 3691 1651 et

1998 1682 2184 1753 aptius
2215 1682 2413 1736 videtis
2443 1698 2508 1734 ex
2553 1680 2755 1735 vestris
2799 1682 3186 1736 sacerdotibus
3228 1676 3437 1746 veniat,
3473 1698 3688 1735 meam-

1998 1788 2109 1842 que
2144 1771 2255 1823 illis
2287 1770 2831 1837 reconciliationem,
2866 1772 3115 1840 qualiter
3152 1771 3459 1835 volueritis,
3495 1771 3687 1839 injun-

1997 1865 2113 1929 gat.
2153 1861 2388 1913 Paratus
2420 1859 2575 1913 enim
2605 1875 2730 1913 sum
2763 1859 2822 1912 in
2855 1859 3121 1913 omnibus
3152 1859 3402 1923 obedire,
3448 1863 3505 1912 et
3544 1876 3686 1929 pra:-

1996 1947 2173 2018 ceptis
2206 1948 2405 2001 vestris
2434 1948 2776 2001 salutaribus
2821 1964 2912 2001 me
2956 1952 3140 2001 totum
3173 1948 3381 2002 dedere
3416 1965 3427 2001 :
3462 1952 3685 2001 tantum

1995 2052 2110 2089 non
2145 2036 2329 2105 privet
2358 2034 2779 2089 communionis
2809 2035 3083 2100 remedio,
3119 2036 3253 2106 quia
3274 2036 3441 2105 plane
3470 2036 3689 2105 ingenti

1996 2124 2211 2177 afﬁcior
2250 2123 2443 2188 taedio,
2488 2123 2625 2176 dum
2656 2128 2941 2177 extorrem
2981 2141 3068 2177 me
3101 2125 3265 2178 doleo
3296 2141 3327 2177 a
3358 2125 3690 2194 nuptiarum

1996 2213 2143 2282 Agni
2179 2211 2456 2267 convivio.
2511 2212 2748 2275 Qualem
2794 2229 2927 2266 vero
2973 2212 3117 2266 mihi
3159 2213 3347 2281 legem
3381 2213 3689 2282 posueritis

1987 2302 2210 2371 jejunii,
2245 2302 2760 2371 eleemosynarum,
2790 2318 2888 2354 seu
2922 2302 3316 2371 temperantiae
3340 2301 3530 2369 operis
3552 2300 3691 2353 boni

1993 2390 2266 2460 perficere
2297 2389 2489 2460 cupio,
2532 2394 2590 2442 et
2632 2389 2692 2442 in
2724 2389 2881 2443 nullo
2914 2406 2945 2442 a
2976 2389 3227 2443 veritatis
3260 2406 3356 2441 seu
3402 2388 3688 2458 possibili-

1993 2480 2127 2531 tatis
2159 2478 2371 2547 regulis
2400 2478 2643 2531 deviare.
2680 2480 2901 2531 Pronus
2936 2478 3091 2531 enim
3124 2485 3208 2531 est
3239 2479 3467 2532 animus
3500 2483 3691 2531 noster

1994 2574 2196 2621 cuncta
2226 2569 2504 2637 imperata
2534 2567 2796 2637 implere,
2830 2574 2887 2621 et
2932 2586 2965 2621 a
3009 2568 3225 2621 cunctis
3256 2568 3467 2621 illicitis
3492 2566 3685 2637 jussis,

1994 2662 2050 2709 et
2077 2662 2315 2726 paterna
2359 2656 2723 2710 ordinatione
2754 2656 3083 2727 prohibitis,
3131 2662 3409 2726 quantum
3444 2655 3688 2725 possibi-

1992 2745 2122 2798 litas
2170 2745 2411 2810 dederit,
2461 2750 2714 2799 mentem
2762 2744 3038 2797 hactenus
3085 2760 3187 2813 per
3229 2743 3393 2797 devia
3423 2744 3690 2797 oberran-

1992 2839 2110 2888 tem
2138 2834 2311 2887 frenis
2340 2834 2733 2903 temperantia:
2766 2848 3042 2886 coercere.

2064 2925 2115 2976 3.
2165 2923 2321 2976 Unde
2363 2938 2523 2990 rogo,
2570 2926 2625 2974 et
2672 2922 3004 2991 lacrymosis
3051 2920 3314 2991 precibus
3362 2937 3575 2991 quasso,
3624 2925 3689 2973 ut

1922 3035 1960 3089 ο
1993 3010 2159 3063 citius
2190 3025 2291 3062 nos
2335 3014 2519 3062 vestra
2564 3009 2879 3078 paternitas
2921 3010 3155 3062 cuilibet
3203 3026 3271 3063 ex
3302 3008 3686 3062 sacerdotibus

1992 3098 2330 3152 solvendum
2380 3097 2661 3168 injungat.
2723 3097 2820 3151 Sin
2876 3102 3067 3151 autem
3118 3098 3273 3151 aliud
3321 3098 3487 3151 nobis
3534 3096 3687 3167 viget

1992 3187 2302 3257 agendum,
2334 3192 2391 3240 et
2421 3188 2530 3240 hoc
2558 3186 2769 3239 iterum
2800 3185 2968 3239 citius
2998 3186 3203 3239 humili
3243 3202 3345 3238 suo
3392 3185 3683 3249 rescribat,

1992 3275 2129 3345 quia
2158 3274 2216 3327 in
2246 3275 2463 3328 cunctis
2496 3274 2654 3327 vobis
2688 3290 2887 3344 parere
2921 3284 3111 3327 nostra
3136 3274 3381 3327 tenuitas
3412 3274 3680 3343 disponit,

1991 3379 2095 3417 nec
2133 3363 2411 3417 terminos
2441 3364 2673 3417 Patrum
2706 3363 2949 3416 transire
2981 3363 3223 3433 superba
3254 3362 3553 3416 insolentia
3584 3378 3679 3415 cu-

1914 3493 1917 3497 .
1990 3452 2092 3523 pit.
2158 3453 2371 3505 Tamen
2432 3451 2770 3522 rescriptum
2831 3456 3086 3504 nostrum
3157 3451 3262 3505 hac
3325 3451 3681 3505 hebdomada

1990 3541 2366 3612 praestolabor
2418 3556 2431 3594 :
2490 3557 2663 3611 quem
2722 3540 2769 3593 si
2821 3540 3076 3610 recipere
3134 3557 3248 3593 non
3304 3556 3590 3606 meruero,
3649 3557 3681 3593 a

1989 3629 2259 3685 fratribus
2298 3630 2496 3683 vestris
2536 3636 2592 3683 et
2636 3630 2917 3700 episcopis
2950 3630 3471 3683 reconciliationem
3500 3629 3681 3698 ipsam

1989 3718 2301 3788 implorare
2336 3718 2599 3788 dispono,
2627 3718 2765 3788 quia
2794 3723 2954 3772 tanto
2986 3723 3244 3788 tempore
3274 3736 3303 3772 a
3327 3735 3560 3789 corpore
3584 3718 3683 3771 Dei

1990 3807 2104 3861 mei
2142 3812 2198 3860 et
2231 3806 2510 3876 sanguine
2543 3806 2795 3876 privatus
2841 3811 2988 3860 stare
3037 3823 3154 3860 non
3200 3809 3379 3860 valeo.
3416 3810 3528 3862 Hoc
3558 3807 3683 3860 ideo

1988 3892 2149 3946 vobis
2191 3892 2431 3956 innotui,
2469 3892 2605 3962 quia
2637 3899 2883 3946 vestram
2920 3894 3353 3963 responsionem
3386 3894 3552 3945 citam
3586 3909 3681 3945 cu-

1991 3979 2087 4050 pio
2117 3978 2350 4045 intueri,
2384 3984 2441 4032 et
2470 3979 2616 4033 hanc
2645 3979 3008 4033 festivitatem
3042 3980 3250 4050 ligatus
3293 3979 3488 4033 dubito
3533 3979 3686 4033 inter

1992 4066 2133 4120 alios
2189 4067 2457 4121 retinere.
2515 4069 2731 4122 Merear
2781 4068 3002 4121 vultum
3061 4074 3313 4122 vestrum
3363 4067 3684 4137 jucundum

1989 4154 2049 4208 in
2100 4154 2461 4224 jucunditate
2523 4162 2579 4211 et
2640 4156 2839 4211 laetitia
2907 4157 3149 4211 feliciter
3214 4157 3379 4211 citius
3444 4156 3703 4231 perfruia

1993 4244 2163 4298 Finit.

2781 4353 2897 4406 ΧΠ.

2062 4480 2185 4517 11⁸81
2225 4480 2550 4520 RESCRIPTUM
2592 4482 2743 4520 SAULI
2783 4483 3013 4521 EPISCOPI
3066 4484 3275 4521 ALVABO
3326 4484 3612 4523 DIRECTUH.

2064 4592 2112 4642 t.
2149 4589 2321 4643 Multa
2353 4589 2517 4643 nobis
2549 4596 2712 4644 erant
2741 4592 3059 4645 necessaria
3096 4607 3226 4661 quae
3259 4592 3556 4647 obtutibus
3587 4608 3685 4645 ve-

1990 4676 2119 4730 stris
2171 4678 2524 4731 debebamus
2569 4679 2816 4732 scribere
2859 4697 2871 4733 :
2922 4681 3017 4733 sed
3049 4682 3443 4750 praepediente
3477 4681 3685 4736 delicto

1989 4767 2246 4838 quotidie
2276 4783 2571 4820 versamur
2616 4767 2674 4821 in
2708 4768 2980 4836 lamento,
3028 4774 3090 4823 ut
3128 4786 3233 4822 nec
3272 4769 3466 4839 lingua
3505 4769 3685 4838 possit

1991 4872 2258 4909 enarrare
2297 4856 2450 4926 quod
2498 4872 2661 4910 mens
2704 4862 2901 4910 nostra
2932 4858 3162 4927 patitur,
3200 4875 3303 4911 nec
3334 4859 3685 4911 characteres

1990 4944 2277 4998 scribendi
2318 4944 2472 5015 quod
2515 4944 2775 5011 debetur,
2826 4946 3117 5017 Scriptura
3161 4948 3383 5001 dicente
3417 4963 3429 5000 :
3471 4947 3685 5012 Defecit

1990 5033 2320 5087 inhabitatio
2358 5048 2608 5087 sensuum
2651 5034 2823 5087 multa
2868 5038 3189 5100 cogitantem
3240 5036 3391 5105 (Sap.
3444 5033 3536 5103 ix).
3578 5033 3682 5088 Sed

1990 5122 2127 5192 quia
2187 5122 2506 5176 dilectionis
2564 5130 2764 5176 vestrae
2824 5124 3099 5193 susceptis
3153 5123 3411 5192 apicibus
3469 5122 3683 5177 ibidem

1988 5216 2177 5265 vester
2210 5211 2449 5281 digessit
2478 5213 2678 5282 stylus,
2712 5220 2777 5266 ut
2806 5220 2945 5283 puto
2977 5212 3172 5266 auxiat
3197 5214 3222 5255 Ι)
3253 5212 3495 5282 plenius,
3529 5228 3683 5266 com-

1990 5299 2232 5371 perique
2262 5316 2361 5354 vos
2393 5300 2571 5357 nimia
2602 5301 2858 5372 corporis
2898 5300 3285 5355 imbecillitate
3316 5300 3588 5368 solutum,
3622 5304 3684 5355 ut

1991 5388 2063 5443 ad
2096 5388 2406 5443 videndum
2440 5406 2541 5443 nos
2573 5390 2799 5444 nullum
2837 5390 3038 5444 dicatis
3067 5389 3277 5443 habere
3309 5388 3552 5455 aditum,
3584 5390 3683 5445 sed

2066 5567 2090 5607 ιι
2120 5566 2254 5635 Leg.
2283 5566 2498 5619 muniat.
