4098 6180
356 266 461 319 475

1716 263 1968 317 ΑΙΝΑΒΙ
2005 262 2485 318 CORDUBENSIS

3746 264 3847 315 476

359 404 530 457 vellet
577 408 638 455 ut
685 415 864 454 unum
898 415 963 452 ex
998 397 1382 452 sacerdotibus
1415 397 1686 452 Cordobae
1717 415 1746 451 a
1783 413 1872 452 me
1903 397 2044 452 diri-
2087 400 2130 451 A
2163 404 2345 466 sperat
2388 399 2448 451 in
2498 399 2719 452 Domino
2767 398 3164 464 confortabitur
3213 399 3390 468 (Prov.
3444 414 3586 464 xxrx,
3636 400 3745 463 25),
3797 401 3852 450 et

361 495 530 560 gatur
559 488 853 558 scriptum,
901 502 1013 555 quo
1058 502 1150 538 vos
1189 484 1530 538 informatos
1556 503 1586 538 a
1617 485 1824 540 Christi
1852 501 2054 555 corpus

357 578 558 632 reddat
605 577 877 640 solutum,
931 574 1185 627 dicentes
1233 574 1385 644 quod
1435 574 1593 628 fuere
1644 575 1905 628 nonnulli
1954 575 2053 645 qui

358 665 533 719 coacti
565 668 698 716 sunt
727 664 795 717 ad
827 663 1212 716 enarrandum
1245 663 1427 716 inviti.

426 757 476 805 2.
511 752 655 816 Quid
698 768 801 805 nos
840 751 961 804 haec
1001 751 1276 816 dicemus,
1329 751 1427 820 qui
1475 756 1702 821 tempus
1747 752 1916 806 hodie
1965 757 2050 806 ta-

355 841 521 895 cendi
560 842 898 910 portamus?
928 840 1042 894 Nos
1074 839 1225 892 enim
1263 839 1554 893 neminem
1587 841 2049 910 praejudicamus,

355 930 697 998 nullumque
739 929 1100 993 damnamus,
1135 943 1239 980 nec
1263 927 1644 995 justiﬁcamus
1677 929 1830 998 quod
1860 929 2052 982 nesci-

357 1035 506 1084 mus,
560 1035 661 1070 nec
718 1016 991 1086 punimus
1038 1016 1192 1086 quod
1242 1016 1592 1085 ignoramus.
1645 1017 1751 1069 Sed
1803 1033 1898 1068 vos
1953 1017 2052 1087 qui

356 1121 554 1158 eorum
607 1104 785 1157 nostis
834 1108 1071 1167 mentes,
1126 1109 1180 1155 et
1225 1103 1477 1173 pensatis
1521 1105 1864 1170 voluntates,
1917 1105 2052 1170 quia

356 1194 542 1248 aditus
573 1193 643 1246 ad
682 1192 995 1246 videndum
1053 1208 1155 1244 nos
1183 1192 1342 1245 vobis
1369 1198 1635 1261 negatur,
1665 1194 1732 1246 ab
1760 1194 1871 1246 illis
1894 1194 2053 1246 abso-

356 1281 634 1336 lutionem
666 1281 964 1351 percipite,
999 1296 1031 1333 a
1076 1281 1284 1350 quibus
1324 1287 1377 1334 et
1415 1281 1813 1350 paenitentiam
1860 1299 2048 1337 susce-

356 1370 538 1442 pistis.
573 1370 662 1424 Sic
691 1369 845 1423 enim
876 1375 1009 1422 tunc
1039 1369 1215 1438 digna
1244 1369 1352 1422 fuit
1393 1385 1594 1422 eorum
1629 1386 1830 1422 manus
1862 1371 2046 1440 impo-

357 1459 508 1526 sitio,
542 1462 770 1528 accepta
801 1464 855 1511 et
895 1474 1047 1511 nunc
1077 1457 1183 1511 erit
1213 1458 1337 1510 sine
1369 1458 1543 1511 dubio
1575 1459 1874 1512 absolutio.
1908 1462 2046 1513 Nam

358 1553 422 1601 ut
449 1546 609 1601 vobis
643 1544 1054 1611 intimavimus,
1087 1561 1203 1598 non
1254 1549 1337 1598 est
1382 1561 1667 1599 mensurae
1715 1562 1856 1600 mese
1898 1547 2050 1617 judi-

356 1635 603 1689 candum
649 1634 718 1688 de
765 1634 995 1699 talibus,
1045 1633 1151 1686 nisi
1189 1633 1364 1686 fuerit
1395 1634 1708 1703 inspirante
1757 1637 1869 1688 Deo
1911 1652 2049 1689 con-

358 1721 486 1774 cilio
513 1720 772 1790 legitimo
804 1736 1002 1773 eorum
1035 1726 1090 1773 et
1119 1727 1315 1791 nostra
1344 1720 1585 1791 quaestio
1615 1723 1904 1775 ventilata.
1937 1723 2046 1778 Sed

355 1813 419 1863 ut
448 1809 735 1863 dulcedini
777 1812 891 1862 tuae
931 1808 1090 1878 prius
1121 1789 1286 1862 not’ui
1319 1818 1362 1876 ⁸,
1409 1815 1637 1863 notesco
1685 1811 1838 1880 quod
1871 1811 2048 1865 inter-

355 1897 572 1952 dictum
607 1897 679 1950 sit
726 1898 833 1950 hoc
875 1897 1172 1966 negotium
1224 1897 1380 1951 omni
1421 1898 1570 1951 clero
1614 1906 1894 1968 praesente
1928 1901 2047 1970 epi-

355 2002 549 2056 sc0po.
596 1987 753 2038 'l‘unc
799 1985 937 2038 dicit
979 1986 1259 2055 regularis
1302 1986 1564 2039 instituta
1598 1989 1703 2040 hoc
1735 1988 1825 2040 cui
1856 1988 2046 2058 injun-

355 2079 510 2128 ctum
565 2073 736 2127 fuerit
793 2073 981 2140 licere,
1041 2090 1171 2127 cum
1217 2078 1316 2127 aut
1363 2074 1756 2144 longinquitas
1804 2076 2046 2143 itineris,

357 2167 457 2216 aut
513 2161 871 2215 imbecillitas
927 2163 1182 2233 corporis
1241 2163 1296 2215 id
1361 2164 1628 2233 episcopo
1684 2165 2050 2234 denegaverit

355 2266 539 2320 posse.
592 2253 748 2304 Nunc
797 2266 926 2303 vero
973 2250 1108 2321 quid
1158 2250 1226 2304 ad
1276 2252 1397 2305 haec
1449 2267 1738 2322 opponere
1793 2254 2046 2323 potestis,

358 2355 486 2393 cum
521 2355 610 2392 me
643 2338 865 2392 habetis
908 2341 1287 2409 praesentem?
1331 2356 1433 2393 cur
1479 2342 1846 2410 praesentiam
1892 2358 2052 2395 recu-

359 2433 548 2482 santes
585 2427 802 2481 litteras
842 2428 1056 2498 petitis,
1101 2434 1156 2482 et
1199 2445 1324 2499 quae
1371 2429 1495 2482 vivo
1540 2446 1801 2483 sermone
1851 2431 2048 2484 audire

357 2515 613 2589 potestis,
647 2532 751 2586 per
792 2517 980 2586 apices
1025 2517 1318 2587 quaeritis?
1344 2517 1451 2572 Sed
1486 2519 1654 2588 plane
1685 2519 1876 2572 nescio
1908 2535 2050 2590 quos

359 2605 742 2675 salsuginosas
789 2605 1064 2670 asseritis,
1119 2610 1174 2658 et
1217 2622 1397 2676 prope
1448 2606 1824 2676 Migentianos
1870 2611 1895 2650 Ιι
1946 2609 2051 2662 Do-

357 2694 616 2759 natistas,
666 2697 721 2746 et
771 2693 1156 2746 Luciferianos
1204 2694 1430 2748 notatis.
1485 2695 1590 2748 Pro
1645 2696 1702 2748 id
1760 2696 1937 2748 miror
1994 2702 2047 2750 te

357 2783 700 2854 prudentem
743 2781 928 2835 virum
971 2789 1025 2834 et
1057 2782 1426 2852 industrium,
1459 2799 1561 2836 cur
1588 2784 1714 2836 illos
1741 2784 2048 2854 damnatis,

358 2871 458 2942 qui
485 2871 760 2924 hactenus
791 2870 1144 2924 concilialem
1195 2877 1421 2925 servant
1465 2888 1787 2938 censuram,
1818 2888 1922 2926 nec
1949 2889 2047 2942 pe-

2163 490 2388 552 caatera,
2438 503 2564 555 qua:
2610 485 2934 556 prudentia:
2983 491 3181 539 vestrae
3228 503 3342 539 non
3389 486 3586 539 latent.
3633 489 3760 539 Haec
3797 490 3850 538 et

2163 574 2370 627 horum
2396 574 2605 627 similia
2637 591 2800 644 rogo,
2833 581 2894 628 ut
2923 575 3081 644 prius
3113 581 3299 628 tecum
3332 592 3557 646 semper
3586 578 3845 639 tractare,

2163 668 2219 716 et
2269 663 2348 716 sic
2394 668 2450 716 te
2509 664 2937 717 Sacramentum
2992 665 3469 717 reconciliationis
3525 664 3846 717 admittere.

2161 752 2264 807 Sed
2301 753 2346 806 si
2376 752 2527 806 aliud
2563 754 2767 822 placet,
2801 755 2887 806 fac
2914 754 3064 824 quod
3097 754 3200 807 tibi
3230 754 3446 807 bonum
3477 753 3723 815 videtur,
3756 757 3852 806 aut

2163 840 2317 911 quod
2347 841 2656 910 prudentia
2696 846 2792 893 tua
2835 841 3069 894 docente
3104 841 3482 911 conspexerit.
3523 841 3613 893 His
3663 840 3853 908 explo-

2161 930 2237 981 sis
2259 929 2381 997 jam
2415 935 2690 998 quantum
2725 930 2884 999 potui
2935 928 3046 982 dixi
3098 947 3110 982 :
3160 930 3229 982 de
3277 929 3540 998 plurimis
3586 927 3850 996 cognovi,

2160 1033 2340 1086 pauca
2370 1017 2632 1069 charitati
2658 1022 2859 1070 vestrae
2895 1017 3098 1070 direxi.
3129 1018 3270 1071 Sunt
3303 1017 3482 1070 sancti
3512 1017 3607 1071 Dei
3641 1031 3853 1069 memo-

2159 1121 2251 1158 res
2281 1105 2448 1158 vestri
2483 1122 2494 1159 :
2529 1121 2652 1158 sum
2687 1111 2742 1159 et
2773 1122 2878 1176 ego
2927 1106 2984 1158 in
3033 1106 3315 1159 omnibus.
3369 1106 3688 1160 Salutamus
3738 1119 3855 1156 om~

2161 1209 2261 1245 nes
2309 1193 2368 1245 in
2418 1194 2608 1246 osculo
2652 1198 2868 1258 sancto,
2915 1210 3056 1262 quos
3105 1193 3276 1245 cortis
3323 1202 3343 1225 ο
3395 1197 3591 1244 vestrae
3643 1191 3856 1243 retinet

2159 1281 2403 1335 claustra
2430 1279 2464 1333 τ.
2499 1282 2713 1336 Merear
2742 1297 2840 1334 vos
2869 1281 2930 1334 in
2960 1280 3156 1334 laetitia
3188 1281 3393 1334 videre.
3430 1283 3632 1333 Amen.

2265 1528 2388 1565 ΙΊἙΜ
2436 1528 2686 1565 EPlSTOLA
2733 1527 2929 1566 ALVARI
2977 1527 3145 1565 SAULO
3195 1526 3448 1564 EPISCOPO
3496 1526 3740 1563 DIBECTA.

2235 1639 2278 1688 l.
2335 1635 2644 1704 Epistolam
2697 1651 2761 1688 ex
2824 1635 3056 1689 nomine
3111 1640 3296 1688 vestro
3353 1634 3518 1688 nobis
3573 1633 3852 1688 directam

2157 1723 2528 1793 suscepimus,
2566 1728 2621 1776 et
2650 1723 3044 1776 recitationem
3090 1739 3208 1776 non
3256 1728 3520 1790 vestram,
3560 1723 3659 1775 sed
3695 1722 3851 1774 illius

2155 1813 2494 1865 homunculi
2539 1828 2653 1865 esse
2697 1813 3084 1882 cognovimus,
3137 1827 3310 1882 quem
3349 1811 3549 1882 patria:
3587 1810 3853 1863 exturba-

2155 1905 2361 1967 torem,
2396 1907 2453 1953 et
2481 1903 2787 1954 multarum
2822 1902 3106 1954 haeresum
3142 1906 3391 1954 satorem
3439 1915 3589 1969 saepe
3637 1899 3850 1968 proba-

2156 1990 2362 2043 vimus.
2401 1991 2461 2042 Εἰ
2493 2005 2621 2042 cum
2655 2006 2756 2043 nos
2790 2006 2931 2059 pure
2959 1995 3013 2042 et
3045 1989 3380 2060 simpliciter
3409 2004 3583 2041 manu
3613 1988 3854 2057 propria

2158 2078 2407 2132 remedia
2436 2078 2642 2131 animae
2674 2078 3048 2148 impetrantes
3072 2078 3405 2143 scribamus,
3439 2093 3535 2129 vos
3566 2094 3594 2130 e
3625 2080 3853 2129 contra-

2156 2166 2242 2220 rio
2275 2167 2614 2220 mordaciter
2661 2172 2717 2220 et
2758 2167 2992 2220 subdole
3035 2183 3150 2220 non
3184 2183 3250 2220 ex
3291 2170 3475 2218 vestra
3506 2171 3716 2232 mente,
3756 2165 3854 2218 sed

2158 2272 2222 2310 ex
2255 2256 2545 2308 stomacho
2594 2255 2787 2308 multis
2835 2255 3166 2324 potionibus
3213 2254 3484 2318 sauciato,
3534 2252 3697 2306 nobis
3735 2269 3853 2306 non

2156 2344 2361 2414 pocula
2391 2345 2538 2410 vitaz,
2575 2345 2670 2397 sed
2713 2360 2929 2397 venena
2969 2343 3280 2414 porrigitis,
3315 2349 3371 2396 et
3414 2343 3594 2396 lilium
3643 2359 3675 2396 a
3714 2343 3850 2396 cha-

2158 2435 2324 2487 ritate
2355 2439 2538 2486 vestra
2569 2434 2763 2503 procul
2798 2432 3048 2502 rejicitis.

2228 2525 2280 2576 ‘2.
2335 2523 2398 2575 Et
2445 2537 2559 2573 non
2606 2522 2790 2573 solum
2841 2537 3039 2586 unum,
3089 2520 3185 2573 sed
3237 2518 3565 2572 universum
3612 2534 3852 2588 gregem

2159 2609 2349 2663 nescio
2399 2625 2512 2680 quo
2544 2610 2780 2662 consilio
2819 2609 3141 2662 morbidum
3177 2607 3490 2673 aestimatis,
3525 2623 3694 2677 quem
3733 2623 3850 2659 non

2159 2698 2591 2751 medicinalibus
2632 2697 2920 2760 fomentis,
2970 2697 3066 2749 sed
3114 2696 3325 2749 ravidis
3369 2695 3685 2765 discerpitis
3717 2695 3856 2748 den-

2157 2788 2328 2854 tibus,
2367 2787 2738 2856 membraque
2772 2791 2956 2839 vestra
2986 2785 3186 2838 vestris
3223 2785 3512 2838 destruitis
3559 2784 3850 2837 manibus.

2158 2876 2201 2931 0
2246 2881 2456 2945 quanta
2505 2880 2666 2928 erant
2711 2874 2768 2926 in
2817 2873 2996 2944 ipsius
3044 2873 3274 2926 nefandi
3323 2873 3615 2926 interitum
3660 2872 3857 2942 jacula

356 2959 575 3014 reuntis
606 2958 988 3012 multitudinis
1022 2959 1293 3013 dicuntur
1333 2961 1615 3031 exemplo,
1650 2962 1746 3014 sed
1793 2961 1892 3014 illa
1920 2978 2050 3032 qua:
2088 2979 2127 3034 ο
2159 2964 2567 3034 intorquenda,
2607 2964 2654 3016 si
2684 2963 2826 3018 facie
2852 2968 3043 3030 tenus,
3074 2969 3136 3016 ut
3162 2962 3246 3015 vir
3275 2969 3557 3027 strenuus,
3591 2961 3849 3014 decerta-

358 3050 591 3102 Patrum
626 3047 809 3101 sanxit
839 3048 1144 3101 auctoritas
1188 3048 1520 3103 inconvulso
1566 3049 1884 3104 retinerent
1926 3051 2046 3104 ani-

357 3150 472 3200 mo,
509 3135 692 3188 donec
725 3134 1108 3205 plurimorum
1154 3137 1551 3207 episcoporum
1598 3141 1903 3208 sententia,
1954 3144 2053 3194 aut

356 3222 728 3277 conﬁrmetur
759 3224 1027 3292 edictum,
1063 3231 1160 3279 aut
1197 3230 1551 3296 temperetur
1580 3228 1806 3282 decreta
1855 3237 1874 3260 ο
1919 3245 2052 3281 con-

357 3313 592 3366 sultum.
641 3313 763 3366 Non
796 3328 953 3382 ergo,
1007 3319 1068 3366 ut
1106 3314 1374 3380 diximus,
1423 3315 1760 3369 rebelliones
1807 3333 1840 3369 a
1882 3317 2050 3370 nobis

358 3400 637 3454 debentur
664 3400 863 3454 haberi
892 3401 1173 3466 Ecclesiae,
1212 3402 1312 3471 qui
1351 3403 1745 3457 ecclesiasticis
1789 3405 2052 3458 videntur

359 3489 582 3559 legibus
612 3489 910 3542 inservire.
959 3489 1123 3543 Prius
1161 3490 1394 3560 quidem
1428 3492 1816 3545 amantissime
1845 3492 2051 3546 idcirco

360 3575 693 3645 scripsimus
724 3577 884 3630 vobis
910 3578 1246 3648 semiplene,
1276 3580 1410 3650 quia
1437 3581 1792 3634 characteres
1820 3581 2050 3651 ignora-

357 3664 543 3718 vimus
575 3665 828 3736 epistola).
856 3671 1075 3722 vestrae.
1121 3671 1193 3722 At
1222 3685 1372 3722 nunc
1402 3669 1538 3739 quia
1576 3669 1694 3738 jam
1729 3670 2051 3741 reperimus

359 3752 606 3824 propriis
662 3754 888 3823 litteris,
950 3760 1005 3809 et
1071 3771 1305 3810 manum
1369 3757 1717 3811 advertimus
1781 3763 2048 3825 vestram,

359 3842 570 3896 idcirco
619 3843 844 3898 amicali
893 3861 1087 3900 amore
1135 3847 1468 3916 scripsimus
1507 3847 1666 3900 vobis
1697 3864 1798 3918 pro
1843 3848 2051 3902 animae

358 3934 558 3987 vestrae
588 3933 839 3987 remedio
870 3934 1006 3987 totis
1037 3935 1257 3988 nisibus
1288 3953 1386 3988 vos
1418 3940 1702 4005 optantes,
1739 3941 1800 3990 ut
1828 3953 1893 3990 ea
1922 3952 2051 4007 qua:

357 4017 548 4074 sancta
580 4028 710 4074 sunt
752 4023 1076 4092 requiratis,
1124 4029 1180 4077 et
1222 4039 1530 4093 pravorum
1566 4024 1852 4077 consortia
1883 4025 2052 4078 evite-

357 4109 448 4180 tis.
496 4111 635 4162 Nam
668 4126 796 4162 cum
840 4109 1058 4164 dictum
1091 4112 1162 4164 sit
1208 4127 1220 4164 :
1271 4112 1374 4176 Qui
1413 4114 1649 4178 tetigerit
1686 4115 1875 4180 picem,
1913 4115 2053 4166 coin-

358 4199 682 4266 quinabitur
711 4198 778 4250 ab
815 4214 877 4250 ea
921 4200 1111 4267 (Eccti.
1160 4216 1278 4265 xui,
1335 4201 1418 4268 l);
1466 4217 1596 4269 quas
1647 4200 1806 4254 vobis
1838 4201 2053 4254 absolu-

349 4272 436 4338 Itio
485 4284 555 4336 ad
610 4290 963 4337 sacramenta
1011 4285 1378 4355 percipienda
1422 4286 1632 4354 poterit
1677 4283 1704 4321 ἀ
1753 4287 1954 4353 inesse,
2003 4286 2050 4340 si

357 4371 844 4442 pseudoepiscopo
914 4372 974 4425 in
1050 4375 1362 4426 crastinum
1436 4373 1741 4427 videamini
1817 4390 2048 4445 quoquo

356 4465 524 4529 pacto
565 4459 826 4520 adnecti?
870 4460 1120 4527 Domini,
1175 4477 1287 4513 non
1337 4466 1529 4514 nostra
1580 4462 1862 4516 sententia
1908 4467 1993 4516 est
2033 4479 2044 4516 :

357 4549 534 4602 Nolite
588 4550 772 4602 timere
824 4564 908 4602 eos
961 4552 1058 4618 qui
1111 4549 1361 4604 occidunt
1415 4565 1626 4618 corpus,
1683 4553 1878 4605 anima
1927 4567 2050 4606 vero

355 4638 498 4690 nihil
525 4642 711 4692 nocent
755 4638 972 4706 (Matth.
1021 4655 1076 4704 x,
1128 4638 1235 4709 28).
1288 4638 1391 4693 Cui
1433 4640 1731 4693 consimile
1779 4641 2049 4694 Salomon

354 4726 546 4798 inquit
595 4742 608 4778 :
662 4726 768 4792 Qui
815 4730 964 4781 timet
1015 4728 1272 4794 homines,
1328 4731 1432 4782 cito
1482 4734 1712 4782 corruet.
1763 4731 1902 4783 Nam
1953 4732 2052 4797 qui

426 4861 450 4885 ³
481 4851 543 4905 Id
575 4855 658 4904 est
688 4858 888 4905 notum
922 4851 1048 4906 feci.

427 4923 559 4993 bDe
603 4923 959 4992 Migentianis
1008 4923 1298 4976 erroribus
1339 4924 1464 4976 vide
1511 4928 1653 4977 tom.
1691 4924 1732 4974 V
1763 4923 2050 4993 Hispania:

355 4992 557 5058 Sacrae,
615 5010 648 5046 a
699 5009 828 5063 pag.
887 4995 1007 5047 540.
1068 4995 1202 5048 Vide
1255 4993 1426 5047 etiam
1489 4999 1642 5048 torno
1697 4996 1755 5060 Χ,
1811 4992 1935 5065 cap.
1993 4997 2045 5060 8,

357 5081 512 5118 num.
558 5065 640 5118 10.

427 5147 446 5170 ο
481 5136 642 5188 Forte
672 5134 900 5188 decreto.

425 5203 449 5240 δ
485 5207 605 5267 Ms.,
638 5209 947 5273 potuerunt.

426 5287 448 5310 ε
479 5277 662 5329 Certis
695 5276 784 5328 hic
831 5276 982 5330 idem
1031 5291 1096 5330 ac
1139 5275 1346 5330 domus.
1393 5274 1529 5330 Vide
1578 5276 1774 5331 Ambr.
1827 5276 1895 5330 de
1939 5277 2051 5330 Mo-

357 5347 505 5399 rales
537 5347 633 5398 lib.
686 5362 744 5407 ιι,
795 5362 918 5414 cap.
973 5349 1022 5406 8.
1061 5347 1119 5399 in
1152 5362 1326 5416 opera
1354 5345 1409 5400 S.
1446 5347 1667 5418 Eulogii
1695 5347 2047 5402 Glossarium

357 5417 570 5470 Canae.
603 5416 736 5468 edit.
769 5416 821 5470 S.
855 5417 1052 5470 Mauri.

357 5417 570 5483 Gange,
603 5417 736 5468 edit.
769 5417 821 5470 S.
855 5417 1052 5470 Mauri.
1600 5417 1605 5418 7

404 5484 448 5565 ,ί
481 5487 751 5565 Claustra,
785 5487 1092 5565 singularis
1124 5487 1368 5555 numeri,
1416 5490 1471 5541 et
1499 5488 1722 5558 generis
1760 5487 2046 5556 feminini,

358 5562 421 5612 ut
449 5571 623 5627 supra
654 5560 818 5627 epist.
858 5560 942 5624 10,
970 5575 1029 5612 ιι.
1060 5560 1111 5613 4.

2158 3059 2244 3106 ret
2280 3054 2338 3106 in
2383 3068 2599 3122 pugna,
2654 3057 2710 3105 et
2757 3068 2870 3105 non
2917 3053 3082 3117 clam,
3134 3056 3200 3104 ut
3242 3051 3489 3115 testudo,
3541 3050 3853 3102 mulierum

2161 3158 2343 3208 more,
2380 3141 2436 3194 in
2471 3141 2690 3194 umbris
2721 3140 2975 3210 gladium
3009 3143 3258 3192 acueret.
3295 3138 3393 3208 qui
3427 3137 3658 3207 proprio
3700 3137 3859 3207 judi-

2159 3230 2246 3282 cio
2275 3230 2690 3282 condemnatus
2723 3244 2824 3280 nec
2864 3227 3148 3280 confessor
3193 3232 3276 3279 est
3324 3225 3572 3295 proprie,
3624 3241 3729 3277 nec
3777 3240 3859 3277 sa-

2157 3317 2352 3371 cerdos
2383 3335 2394 3372 :
2428 3333 2601 3388 quem
2632 3317 2859 3370 habitus
2889 3315 3276 3368 confessorem
3304 3327 3349 3377 ε,
3380 3320 3437 3367 et
3464 3314 3665 3383 lingua
3693 3328 3855 3365 com-

2158 3405 2362 3476 probat
2414 3405 2757 3471 derisorem;
2813 3421 2986 3475 quem
3045 3403 3316 3457 staminia
3368 3407 3423 3455 et
3474 3402 3605 3454 lana
3657 3401 3856 3454 ovium

2158 3493 2492 3563 religiosum
2519 3493 2816 3563 approbat,
2845 3499 2901 3547 et
2928 3493 3226 3563 prolixitas
3257 3490 3449 3544 barba:
3474 3491 3678 3542 laicum
3703 3490 3857 3542 afiir-

2159 3589 2306 3647 mat;
2357 3598 2528 3652 quem
2579 3582 2868 3635 simulatio
2921 3582 3109 3652 operis
3157 3586 3436 3644 sanctum,
3471 3585 3526 3632 et
3559 3579 3854 3632 aemulatio

2159 3670 2525 3724 detractionis
2567 3671 2815 3724 ostendit
2860 3671 3092 3724 elatum.
3138 3669 3283 3733 Quid
3332 3669 3487 3722 enim
3543 3668 3777 3732 mirum,
3811 3666 3856 3719 si

2161 3759 2484 3813 sacerdotes
2541 3760 2717 3813 nostri
2770 3760 3048 3828 temporis
3099 3757 3381 3822 detrahat,
3441 3756 3540 3825 qui
3595 3756 3856 3808 doctores

2158 3849 2469 3918 infringere
2513 3850 2731 3902 tentet?
2772 3848 2825 3902 Si
2877 3848 3112 3901 clericos
3155 3847 3427 3900 damnare
3467 3846 3708 3908 studeat,
3760 3843 3856 3914 qui

2159 3952 2370 4005 agones
2420 3942 2733 4007 martyrum
2795 3936 3059 3989 mutilare
3113 3951 3233 3988 non
3280 3933 3535 3988 dubitat?
3584 3934 3775 3996 Pater,
3826 3949 3858 3984 ο

2160 4030 2374 4095 quanta
2406 4033 2568 4078 erant
2601 4025 2657 4076 in
2691 4025 3137 4078 destructionem
3174 4023 3353 4092 ipsius
3387 4039 3502 4075 non
3550 4021 3856 4091 sapientis-

2160 4113 2311 4178 simi,
2364 4113 2458 4166 sed
2508 4112 2828 4165 stultissimi
2880 4112 3234 4175 homunculi,
3291 4109 3615 4163 testimonia
3673 4109 3860 4162 inten-

2158 4201 2361 4263 tanda;
2413 4206 2740 4268 quantaque
2785 4199 2843 4252 in
2895 4199 3072 4269 ipsius
3118 4198 3374 4268 epistolas
3421 4195 3729 4249 inconditae
3776 4199 3859 4248 in-

2093 4277 2484 4358 I)fringenda,
2544 4287 2589 4340 si
2651 4288 2885 4340 honoris
2948 4288 3116 4340 vestri
3180 4303 3286 4339 nos
3352 4285 3674 4338 reverentia
3738 4300 3856 4337 non

2162 4373 2452 4444 religaret!

2231 4467 2282 4518 3.
2327 4465 2465 4517 Nam
2509 4463 2636 4516 linis
2683 4462 3030 4533 principium
3081 4462 3339 4528 destruit,
3373 4465 3431 4514 et
3461 4459 3712 4529 qualitcr
3741 4460 3853 4512 ini-

2159 4551 2387 4606 tiaverit
2417 4567 2531 4605 non
2563 4552 2883 4617 attendens,
2936 4551 2997 4603 in
3044 4551 3256 4604 calcem
3289 4549 3397 4602 sibi
3433 4549 3670 4602 adversa
3717 4565 3851 4601 con-

2159 4639 2398 4710 scripsit.
2435 4640 2651 4693 Stultus
2696 4639 2850 4692 enim
2901 4640 3086 4692 editor
3117 4638 3470 4691 sanctitatem
3519 4641 3573 4689 et
3620 4636 3856 4706 sapien-

2157 4729 2297 4783 tiam
2327 4728 2590 4782 ambiens
2615 4728 3037 4799 stultiloquium
3074 4743 3187 4780 non
3225 4725 3450 4790 vitavit;
3487 4729 3543 4778 et
3572 4726 3854 4778 condem-

2230 4866 2259 4907 ς
2301 4851 2614 4905 Antithesis
2654 4851 2910 4906 derisoris
2953 4855 3010 4904 et
3048 4852 3364 4916 confessoris
3404 4849 3596 4902 innuit
3640 4851 3852 4913 confes-

2157 4938 2326 4977 sorem
2385 4923 2476 4976 hic
2528 4923 2707 4990 accipi
2761 4939 2862 4992 pro
2914 4928 3148 4983 cantare,
3196 4921 3253 4992 id
3301 4926 3387 4973 est
3436 4936 3556 4992 pro
3588 4919 3851 4992 inferiori

2157 4995 2495 5046 clericorum
2530 4995 2710 5064 gradu
2744 4990 2946 5046 divinis
2967 4991 3236 5064 canendis
3261 4990 3810 5064 laudibusinstituto
3836 5006 3847 5042 :

2159 5065 2295 5132 quia
2347 5064 2502 5117 enim
2539 5062 2801 5132 conﬁteri
2858 5065 3067 5133 passim
3112 5063 3169 5115 in
3223 5078 3379 5116 sacra
3427 5062 3718 5131 Scriptura
3768 5066 3854 5113 est

2160 5137 2259 5189 Dei
2303 5135 2501 5188 laudes
2544 5135 2868 5196 decantare,
2915 5137 3239 5200 confessores
3278 5133 3613 5187 dicebantur
3656 5136 3852 5184 cauto-

2158 5223 2265 5259 res.
2302 5206 2458 5260 Unde
2490 5206 2792 5258 concilium
2835 5207 3012 5258 Tolet.
3057 5223 3094 5268 ι,
3143 5221 3266 5258 can.
3319 5207 3369 5268 9,
3417 5203 3646 5273 inquit:
3681 5203 3852 5257 Νυιια

2155 5279 2424 5346 professa.
2455 5278 2538 5330 vel
2579 5276 2748 5329 vidua
2777 5277 2990 5329 absente
3020 5279 3264 5344 episcopo
3295 5276 3377 5328 vel
3417 5276 3751 5343 presbytero,
3795 5276 3851 5324 in

2157 5348 2310 5400 domo
2367 5363 2468 5401 sua
2523 5348 2850 5414 antiphonas
2897 5362 3016 5400 cum
3061 5349 3378 5412 confessore,
3425 5346 3507 5398 υει
3556 5359 3705 5400 servo
3753 5358 3852 5396 suo

2154 5421 2350 5484 faciat.
2385 5418 2522 5471 Vide
2555 5418 2796 5472 Glossar.
2827 5416 3047 5487 Cangii.
