4022 6178
132 318 213 370 i7?
1654 316 1693 369 E
1707 315 2022 369 PISTOLAS.

3484 326 3586 381 478

128 452 262 502 natos
289 461 543 515 arguens,
588 446 725 499 dum
773 446 990 499 solvere
1033 445 1271 517 ligatum
1323 445 1560 517 satagit;
1598 462 1769 517 quem
1806 448 1849 501 A
1878 461 2091 515 corpus,
2124 450 2317 503 anima
2345 455 2525 504 autem
2553 453 2692 506 nihil
2714 460 2893 508 nocent
2916 454 3133 525 (Matth.
3158 459 3351 529 31,28),
3379 476 3507 514 vere
3529 475 3588 528 et

128 535 338 589 solveret
365 534 676 586 invectione
720 550 821 587 sua
852 544 877 568 ι
921 535 1171 588 solutum
1220 536 1341 605 ipse
1388 536 1618 605 penitus
1672 551 1784 588 non

129 623 330 677 invenit.
373 624 501 692 Ego,
541 623 617 676 mi
648 623 911 689 Domine,
945 640 1074 676 cum
1109 623 1285 677 divini
1318 624 1571 677 numinis
1603 629 1783 677 testa-

131 715 260 766 tione
289 711 568 763 miseriam
612 710 852 780 periculi
884 711 995 763 mei
1027 711 1287 781 exposui,
1322 711 1640 765 remedium
1676 728 1787 780 po-

130 800 303 854 stulavi
336 816 347 852 :
381 804 435 851 et
463 816 556 852 vos
585 816 698 851 non
729 815 797 851 ex
824 799 981 852 vobis
1009 815 1171 869 pure,
1203 800 1299 852 sed
1333 799 1431 869 qui
1460 800 1601 852 mihi
1624 800 1789 871 quasi

131 889 332 942 inimico
380 888 746 958 responderet
790 888 1098 957 sophistam
1150 888 1457 958 inquiritis,
1509 889 1624 942 imo
1673 905 1789 942 non

130 977 408 1047 sophistam
444 976 539 1028 sed
570 975 910 1029 sollecistam
940 975 1153 1045 rogatis
1186 994 1197 1029 :
1236 992 1457 1049 nosque
1490 978 1788 1048 quiescen-

137 1074 224 1129 tes,
267 1070 318 1119 et
359 1069 554 1117 vestra
594 1064 938 1117 beatitudini
988 1065 1373 1131 condolentes,
1407 1066 1478 1119 ad
1529 1067 1789 1119 stimulos

126 1152 363 1207 incitatis.
411 1152 733 1206 Sententias
783 1169 916 1205 vero
964 1153 1283 1207 Salomonis
1332 1154 1701 1219 advertimus,
1736 1160 1791 1208 et

128 1261 153 1295 a
187 1242 327 1295 vobis
356 1244 402 1307 b,
451 1241 668 1294 dudum
702 1258 795 1295 eas
826 1242 1123 1311 dissipatas
1154 1244 1525 1313 cognovimus
1569 1261 1580 1296 :
1616 1260 1789 1314 quem

126 1336 296 1384 contra
358 1332 589 1383 Patrum
658 1330 940 1395 instituta,
1000 1334 1055 1385 et
1121 1333 1478 1386 anteriorum
1544 1334 1786 1399 decreta,

127 1421 464 1472 auathemato
528 1419 753 1471 cuidam
819 1420 1149 1473 multotiens
1208 1421 1595 1490 participasse,
1657 1426 1788 1474 ante

125 1513 355 1561 nostrum
389 1506 723 1577 episc0pum
758 1507 1038 1561 honorem
1087 1518 1124 1574 ο,
1173 1509 1560 1578 pravidimus,
1607 1526 1786 1562 sacer-

125 1596 443 1666 dotibusque
494 1596 577 1648 illi
628 1596 1125 1665 participantibus,
1159 1602 1287 1666 post
1321 1598 1597 1652 honorem
1631 1615 1789 1651 com--

124 1684 413 1737 municasse
472 1684 840 1754 probavimus
901 1685 1059 1738 nullo
1118 1690 1273 1739 metu
1324 1686 1576 1753 terroris,
1633 1687 1791 1741 nulla

122 1774 385 1827 occasione
420 1773 665 1841 timoris,
712 1775 832 1826 sola
878 1774 1169 1827 voluntate
1204 1774 1405 1840 animi,
1447 1779 1499 1828 et
1533 1776 1788 1830 dilectio-

122 1861 195 1913 nis
222 1861 534 1914 affectione.
582 1862 742 1915 Certe
794 1862 1040 1915 recolitis
1072 1863 1301 1932 quando
1333 1864 1384 1917 ei
1414 1864 1484 1918 ad
1518 1864 1790 1918 immola-

122 1951 311 2002 tionem
362 1951 551 2003 missa
602 1951 850 2004 casulam
905 1967 1009 2020 pro
1056 1950 1394 2005 indumento
1456 1953 1785 2023 prastastis,

124 2043 309 2107 quanta
337 2038 500 2091 vobis
532 2055 638 2108 ego
670 2038 807 2108 ipsis
839 2038 1039 2092 diebus
1070 2054 1261 2091 amore
1292 2044 1477 2092 vestro
1509 2040 1790 2109 impulsus

123 2127 500 2196 suggesserim.
550 2127 758 2191 Quanti
789 2144 821 2179 a
854 2128 1112 2181 Patribus
1141 2128 1514 2195 anathemati,
1547 2128 1791 2181 inratio-

123 2215 364 2268 nabiliter
390 2216 519 2268 sine
550 2216 791 2269 concilio
819 2220 1002 2269 vestra
1026 2216 1282 2286 jussione
1316 2216 1568 2270 existunt
1596 2217 1787 2283 soluti,

124 2308 251 2356 certe
278 2321 389 2357 non
424 2304 729 2375 ignoratis.
757 2304 1028 2369 Recolite,
1059 2306 1312 2371 obsecro,
1347 2306 1791 2360 consecrationis

123 2398 296 2445 vestra
336 2410 457 2446 non
502 2392 796 2463 inculpata
841 2393 1145 2464 principia,
1194 2400 1250 2448 et
1290 2411 1437 2465 pene
1481 2396 1790 2449 simoniaco

124 2497 289 2535 errore
336 2482 689 2552 propinquo.
744 2484 1015 2536 Poterant
1061 2483 1215 2536 enim
1260 2485 1460 2554 quovis
1504 2499 1788 2538 asserente

125 2571 364 2624 canonice
410 2570 798 2624 inchoationis
826 2576 1024 2624 vestra
1055 2572 1372 2641 primordia
1405 2573 1785 2642 comprobari,

125 2660 161 2711 si
188 2660 585 2730 quadringenti
633 2659 801 2712 solidi
853 2676 969 2712 non
1016 2660 1258 2714 fuissent
1287 2661 1475 2729 palam
1513 2661 1789 2714 eunuchis

124 2748 195 2799 vel
224 2748 339 2800 aliis
387 2748 632 2801 exsoluti
676 2765 687 2801 :
743 2748 855 2800 imo
888 2765 1003 2801 non
1037 2749 1201 2815 clam,
1238 2750 1334 2801 sed
1366 2765 1467 2819 per
1498 2749 1787 2818 chirogra-

122 2835 218 2904 pha
259 2837 500 2890 Arabica
541 2853 606 2889 ex
652 2835 909 2889 Ecclesia
956 2852 1251 2906 prospera,
1303 2838 1453 2907 quod
1504 2838 1787 2891 inlicitum

124 2929 193 2977 est
234 2926 603 2988 debitoribus,
643 2925 879 2995 erogati,
932 2929 989 2977 et
1031 2942 1095 2978 ex
1144 2925 1241 2978 illo
1290 2925 1608 2979 ministerio
1653 2943 1786 2979 con-

124 3016 334 3083 gregati,
371 3031 487 3084 quo
537 3030 653 3066 non
699 3014 921 3067 licitum
972 3019 1056 3067 est
1103 3014 1259 3066 laicis
1306 3014 1478 3067 etiam
1527 3014 1791 3069 fidelibus

124 3102 288 3171 aliqua
320 3103 640 3173 impertire,
685 3101 971 3171 siquidem
1008 3118 1179 3172 super
1222 3103 1369 3156 solos
1417 3104 1733 3156 sacerdotes
1765 3106 1791 3146 d

124 3192 332 3244 rescula
376 3192 804 3261 dispertiuntur
851 3191 1129 3244 Ecclesia.
1180 3191 1404 3255 Quanti,
1438 3208 1649 3262 quaso,
1710 3209 1792 3245 sa-

123 3281 349 3334 cerdotes
380 3282 506 3334 sine
537 3280 867 3333 testimonio
895 3280 1177 3335 ordinati?
1206 3281 1404 3352 quanti
1432 3283 1554 3335 sine
1586 3283 1791 3335 conni-

123 3366 289 3420 bentia
334 3370 677 3422 clericorum
722 3369 808 3421 vel
860 3368 1113 3422 filiorum
1150 3370 1409 3422 Ecclesiae
1442 3372 1792 3425 consecrati?

122 3464 323 3524 quanta
369 3458 633 3512 Ecclesia
688 3458 979 3528 duplicato
1031 3458 1365 3523 sacerdotio,
1400 3460 1460 3513 id
1506 3465 1607 3525 est,
1644 3460 1793 3513 binis

121 3549 440 3613 pastoribus,
523 3551 718 3600 contra
791 3548 1024 3600 Patrum
1100 3547 1475 3601 institutionis
1557 3548 1793 3602 divisa?

121 3636 292 3703 quanti
335 3643 534 3689 contra
584 3650 830 3689 canones
874 3652 976 3706 per
1023 3652 1223 3689 omnes
1278 3637 1538 3690 basilicas
1590 3638 1647 3691 in
1702 3638 1793 3691 di-

120 3738 283 3777 versos
315 3726 554 3779 ordines
586 3724 856 3777 constitui
882 3740 982 3795 per
1006 3742 1104 3779 vos
1135 3725 1477 3794 exstiterint,
1510 3742 1650 3796 rogo
1682 3726 1793 3796 ipsi

119 3812 300 3867 videte.

177 3903 223 3954 4.
254 3902 355 3955 Sed
400 3902 528 3956 hac
574 3900 770 3955 omnia
800 3905 928 3971 post
959 3907 1163 3970 tergun
1196 3902 1447 3971 rejicitis,
1486 3907 1541 3955 et
1571 3908 1793 3956 tantum

117 4004 203 4057 pro
230 3991 389 4044 nobis
420 3991 484 4043 in
534 3990 636 4043 hos
685 3990 865 4042 nostri
912 3990 1186 4059 temporis
1233 3990 1556 4045 sacerdotes
1603 3992 1794 4045 oculos

118 4087 318 4145 apertos
365 4078 613 4133 habetis.
658 4079 770 4132 Nec
802 4078 909 4131 hoc
943 4078 1051 4132 alio
1084 4084 1365 4148 tempore,
1402 4080 1513 4133 nisi
1561 4080 1790 4150 quando

119 4173 288 4221 nostra
322 4185 422 4221 vos
458 4168 754 4237 suggessio
798 4168 1088 4237 impetrat.
1141 4170 1282 4221 Nam
1329 4168 1471 4221 facie
1523 4175 1690 4222 tenus
1737 4176 1793 4222 et

118 4254 494 4311 honorabilem
542 4256 987 4325 Athanagildum
1035 4257 1293 4311 abbatem
1330 4258 1567 4325 vidistis,
1601 4259 1794 4313 ethoc

120 4343 162 4395 ei
188 4346 363 4399 dicere
396 4347 841 4415 praesentialiter
868 4345 1122 4398 voluistis
1156 4364 1168 4400 :
1204 4352 1259 4399 et
1304 4348 1539 4415 Eulogio
1576 4348 1636 4399 in
1669 4348 1791 4417 pri-

122 4448 197 4485 mo
250 4434 665 4504 persecutionis
724 4435 945 4504 impetu
1004 4435 1317 4488 sacrificare
1364 4436 1610 4504 jussistis
1666 4453 1677 4490 :
1740 4444 1795 4490 et

118 4535 250 4574 nunc
277 4532 475 4576 contra
507 4540 601 4575 vos
631 4522 788 4592 ipsos
817 4529 1007 4577 nostra
1039 4529 1262 4577 tantum
1293 4525 1589 4577 occasione
1622 4525 1791 4578 dimi-

119 4612 258 4663 catis.
291 4612 333 4666 Ο
364 4612 505 4665 felix
538 4616 594 4665 et
626 4612 876 4665 multum
918 4612 1070 4675 felix,
1108 4629 1279 4682 quem
1306 4612 1533 4665 concilii
1566 4618 1791 4683 tempus

120 4700 248 4767 quod
283 4700 624 4771 exspectatis
665 4698 974 4753 invenerit!
1027 4702 1250 4754 Utinam
1295 4702 1417 4770 jam
1450 4701 1664 4754 rediret
1704 4718 1788 4754 se-

120 4789 329 4854 renitas,
359 4790 487 4858 jam
518 4788 703 4842 abiret
744 4790 1075 4858 tempestas!
1116 4791 1257 4843 Puto
1287 4789 1441 4859 quod
1475 4791 1789 4844 multorum

116 4873 290 4943 lingua
322 4879 633 4941 silesceret,
668 4884 723 4931 et
750 4877 979 4930 frenum
1012 4878 1119 4931 sibi
1150 4894 1249 4931 ora
1297 4879 1395 4931 illa
1444 4879 1789 4947 imponeret,

115 4979 224 5031 qua
251 4967 407 5036 loqui
441 4967 699 5019 nesciens
727 4967 1000 5019 hactenus
1027 4982 1129 5035 per
1156 4972 1319 5020 antra
1351 4967 1620 5021 insibilat.
1647 4968 1790 5021 Nam

116 5054 244 5120 quod
275 5056 464 5108 dicitis
508 5073 519 5107 :
573 5057 675 5119 Qui
726 5058 877 5108 timet
924 5056 1181 5121 homines,
1232 5058 1335 5111 cito
1382 5062 1609 5121 corruet,
1663 5073 1788 5111 nam

115 5146 195 5209 qui
219 5150 396 5211 sperat
427 5146 489 5197 in
520 5137 739 5197 Domino
787 5144 1186 5206 confortabitur
1236 5145 1416 5211 (Prov.
1466 5161 1615 5210 χχιχ,
1665 5146 1785 5214 25);

115 5230 187 5282 vel
227 5233 366 5285 illud
398 5233 793 5302 evangelicum
828 5249 839 5286 ε
874 5234 1048 5289 Nolite
1078 5235 1275 5303 timere.
1292 5249 1372 5287 eos
1414 5236 1510 5301 qui
1538 5234 1786 5289 occidunt

173 5397 193 5420 ³
219 5390 335 5454 Ms,
366 5393 715 5445 invectionem
745 5406 919 5445 suam.
956 5392 1129 5445 Bravo
1158 5393 1517 5446 insectionem.

175 5461 195 5499 ὓ
225 5461 339 5526 M5,,
366 5480 398 5515 α
432 5478 544 5516 vos.

176 5539 191 5563 ε
217 5536 296 5584 An
327 5534 666 5587 Honorium?

176 5602 199 5642 ά
226 5604 343 5669 Ms.,
374 5618 543 5674 super
566 5606 694 5660 solis
722 5604 1109 5660 sacerdotibus.

1896 535 2161 606 religiose
2211 537 2399 592 dicitis
2449 556 2461 592 :
2510 542 2605 593 sed
2654 541 2831 594 miror
2878 560 2979 596 cur
3025 544 3334 600 fortissima
3377 548 3588 604 docens

1898 624 2282 692 absconditur,
2316 633 2371 680 et
2402 628 2703 682 hominum
2736 630 2940 684 timore
2972 649 3001 684 a
3034 635 3281 703 propriis
3316 652 3588 705 segrega-

1898 717 1987 765 tus
2017 730 2118 783 per
2147 715 2366 768 diversa
2396 720 2653 783 vagatur.
2688 719 2811 771 iam
2844 736 2974 772 vero
3008 722 3159 790 quod
3203 722 3259 774 in
3306 724 3587 794 principio

1899 818 1989 855 me
2023 802 2235 856 ironice
2264 805 2599 859 solvendum
2631 807 2700 859 ab
2734 806 2813 859 eis
2846 808 2943 877 qui
2983 824 3072 861 me
3122 810 3445 877 ligaverunt
3487 813 3589 881 ju—

1898 891 2065 958 betis,
2111 891 2420 945 adicientes
2473 911 2484 945 :
2536 893 2590 947 Si
2636 896 2789 947 enim
2840 901 2976 949 tunc
3024 897 3195 967 digna
3239 900 3343 951 fuit
3387 917 3589 954 eorum

1898 996 2102 1033 manus
2147 980 2457 1050 impositio,
2508 982 2616 1036 erit
2663 988 2718 1036 et
2766 1000 2917 1037 nunc
2967 994 3194 1055 acoepta
3244 988 3363 1040 sine
3415 989 3590 1042 dubio

1898 1068 2212 1134 absolutio;
2265 1069 2399 1138 quid
2447 1076 2646 1122 contra
2697 1088 2754 1124 se
2804 1073 2863 1124 in
2914 1074 3019 1125 hoc
3066 1075 3341 1127 duntaxat
3383 1077 3592 1129 dixerit

1900 1156 2023 1209 loco
2070 1157 2276 1209 sciolus
2310 1157 2425 1219 ille,
2459 1174 2757 1229 nunquam
2804 1161 3097 1214 advertere
3130 1164 3333 1231 potuit,
3369 1168 3422 1215 et
3457 1164 3593 1217 Sar-

1899 1245 2103 1298 dorum
2163 1244 2505 1298 salsedinem
2560 1248 2835 1315 devitans,
2899 1250 3188 1319 quomodo
3242 1251 3591 1319 salsuginem

1898 1333 2205 1388 incurrerit
2244 1336 2439 1389 nescit.
2496 1336 2553 1389 Si
2601 1336 2755 1389 enim
2800 1354 2930 1391 vere
2974 1338 3081 1392 hoc
3129 1344 3333 1391 etnon
3376 1339 3592 1392 ironice

1898 1423 2037 1476 dixit
2084 1428 2147 1476 ut
2191 1424 2326 1493 quid
2378 1424 2540 1477 nobis
2597 1424 2655 1476 in
2710 1424 2883 1478 ﬁnem
2945 1442 3249 1496 pravorum
3306 1429 3593 1482 consortia

1898 1512 2189 1565 interdixit
2232 1518 2285 1565 et
2318 1518 2465 1565 tacto
2507 1512 2645 1583 picis
2676 1514 3002 1583 inquinatos
3032 1514 3317 1568 ﬁrmavit?
3348 1515 3405 1569 Si
3440 1533 3589 1583 vero,

1900 1604 1963 1652 ut
2003 1604 2190 1653 textus
2221 1600 2471 1671 epistola
2505 1602 2689 1667 docet,
2737 1601 2796 1654 in
2831 1602 3115 1655 derisione
3147 1603 3254 1656 hoc
3284 1604 3343 1656 in
3377 1602 3596 1673 princi-

1901 1687 1996 1758 pio
2028 1689 2284 1757 protulit,
2321 1705 2533 1760 nosque
2583 1706 2685 1759 per
2718 1692 2823 1743 hoc
2855 1692 3165 1761 suggillare
3199 1694 3454 1759 tentavit,
3488 1709 3588 1745 au-

1901 1777 2018 1831 diat
2052 1793 2344 1844 nervosus,
2378 1783 2438 1832 ut
2468 1778 2574 1832 sibi
2606 1780 2912 1849 applaudet
2943 1785 3209 1845 assertor,
3244 1786 3297 1833 et
3328 1782 3592 1849 silvosus,

1900 1883 2015 1920 non
2045 1868 2329 1937 palatinus
2360 1867 2603 1921 dictator
2635 1884 2647 1921 :
2681 1867 2827 1931 Quid
2878 1873 3126 1922 vestrum
3178 1885 3314 1938 ergo
3364 1870 3591 1940 proprie

1898 1959 2097 2025 pastor
2132 1955 2335 2025 satagit
2367 1956 2804 2025 prasentialiter
2838 1958 3075 2021 solvere,
3112 1974 3283 2027 quem
3316 1959 3590 2027 pracvari-

1901 2049 2120 2096 catores
2166 2060 2283 2096 non
2329 2044 2601 2097 habentes
2651 2044 2864 2114 ligandi
2896 2046 3154 2100 ordinem
3188 2047 3425 2099 minime
3457 2048 3594 2118 liga-

1900 2132 2071 2185 vere?
2106 2133 2248 2201 Ergo
2296 2133 2438 2185 solvi
2485 2134 2773 2203 quomodo
2822 2135 3032 2203 poterit
3079 2135 3179 2204 qui
3222 2135 3429 2205 ligatus
3476 2152 3591 2189 non

1902 2220 2156 2274 exstitit?
2185 2236 2317 2273 nam
2348 2220 2393 2273 si
2428 2222 2508 2274 eis
2552 2227 2894 2291 potestatem
2943 2222 3147 2276 adimis
3198 2224 3432 2294 ligandi,
3477 2240 3590 2277 non

1904 2308 2140 2377 ligatum
2182 2324 2318 2377 ergo
2362 2324 2517 2362 cessa
2563 2326 2819 2380 quarere
2869 2312 3086 2365 solvere
3138 2329 3151 2365 :
3205 2313 3396 2366 ethoc
3428 2314 3477 2365 ei
3510 2328 3595 2365 re-

1901 2412 2171 2465 sponsum
2218 2397 2289 2449 sit
2332 2412 2345 2450 :
2396 2397 2674 2451 Caeterum
2706 2401 3069 2454 conscientia
3103 2408 3310 2455 nostra
3337 2402 3593 2471 judicem

1901 2485 2175 2539 habemus
2207 2486 2465 2540 omnium
2500 2487 2827 2554 Dominum,
2863 2490 2959 2559 qui
2992 2495 3175 2559 potest
3216 2491 3339 2543 sine
3370 2491 3592 2559 impro-

1898 2575 2196 2645 peratione
2238 2591 2437 2628 curare
2482 2576 2821 2641 invalidum,
2862 2579 2995 2648 quia
3030 2580 3160 2632 licet
3194 2580 3385 2632 Levita
3419 2586 3476 2633 et
3504 2597 3593 2633 sa—

1900 2663 2093 2717 cvrdos
2143 2664 2502 2718 vulneratum
2550 2681 2582 2718 a
2629 2666 2947 2720 latronibus
3002 2668 3341 2733 dimiserint,
3395 2668 3589 2721 Sama-

1898 2752 2118 2805 ritanus
2162 2768 2295 2806 vero
2329 2753 2423 2806 ille
2454 2754 2774 2808 misericors
2806 2756 3137 2809 scminicem
3188 2757 3254 2809 ad
3304 2758 3590 2809 stabulum

1900 2841 2230 2910 reportavit,
2278 2843 2468 2895 oleum
2514 2843 2698 2912 plagis
2745 2844 2975 2907 infudit,
3028 2844 3347 2897 mercedem
3395 2845 3592 2897 stabu-

1900 2931 2043 2984 lario
2078 2930 2253 2984 dedit.
2304 2931 2550 2985 Ulterius
2579 2937 2794 2999 tamen,
2840 2933 2919 2986 mi
2954 2934 3211 3001 Domine,
3247 2933 3589 2986 sententiam

1831 3040 1871 3093 ρ
1900 3025 2146 3072 vestram
2177 3035 2241 3071 ex
2273 3019 2506 3072 alterius
2536 3036 2631 3072 ore
2662 3022 2932 3073 fluentem
2966 3038 3080 3073 non
3112 3022 3422 3091 requiram,
3456 3022 3592 3091 quia

1898 3109 2067 3178 plane
2119 3107 2386 3160 tadimur
2439 3108 2683 3162 aliorum
2743 3109 3057 3174 sententiis,
3112 3114 3166 3162 et
3222 3126 3335 3162 non
3390 3112 3590 3162 vestris

1898 3194 2242 3265 purissimis,
2276 3195 2582 3249 deservire.

1972 3441 2165 3479 INCIPIT
2214 3441 2460 3479 EPISTOLA
2510 3442 2699 3480 ALVARI
2749 3443 3168 3481 TRANSGRESSORI
3207 3438 3231 3467 θ
3281 3442 3515 3479 DIRECTA.

1977 3548 2184 3602 Dilecto
2218 3548 2359 3602 mihi
2390 3552 2673 3604 Eneazsno
2703 3554 2972 3605 ALVABUS.

1978 3642 2023 3690 I.
2062 3639 2121 3690 in
2153 3638 2376 3708 primis,
2413 3639 2493 3692 mi
2535 3639 2759 3707 dilecte,
2810 3639 3009 3692 salutis
3061 3639 3257 3692 munia
3305 3642 3364 3691 ut
3394 3651 3588 3689 aman-

1900 3730 2006 3790 ter,
2041 3726 2119 3779 ita
2152 3727 2394 3779 dulciter
2436 3729 2606 3790 solvo,
2642 3734 2811 3798 atque
2858 3728 2962 3781 tibi
2992 3714 3314 3797 conjuncta,
3349 3726 3393 3778 si
3425 3729 3590 3778 secta

1901 3820 2016 3868 tua
2071 3815 2324 3884 rituique
2384 3816 2672 3881 convenit,
2732 3816 3049 3869 identidem
3111 3815 3401 3869 salutifera
3459 3814 3595 3883 jura

1900 3903 2184 3973 dependo.
2223 3905 2300 3956 De
2331 3909 2534 3957 caetero
2568 3920 2707 3974 rogo
2740 3910 2802 3958 ut
2833 3921 2948 3957 non
2976 3904 3264 3958 fastidium
3298 3903 3398 3955 tibi
3429 3901 3593 3971 inge-

1902 3998 1988 4045 rat
2015 3992 2337 4046 dilectionis
2369 3998 2577 4046 nostra
2608 3993 2836 4061 oblatio,
2885 4009 2997 4064 qua
3032 3999 3086 4047 te
3118 3994 3338 4046 lucrare
3382 3992 3441 4044 in
3475 3991 3593 4044 Do—

1902 4081 2061 4134 mino
2091 4082 2277 4151 cupio.

1972 4172 2023 4222 2.
2075 4170 2182 4224 Sed
2232 4170 2278 4223 si
2326 4171 2405 4224 ita
2452 4186 2609 4224 amas
2662 4176 2721 4223 ut
2765 4171 2960 4241 diligo,
3014 4168 3324 4223 identidem
3374 4169 3594 4221 lucrare

1902 4275 1993 4312 me
2026 4267 2121 4312 tuo
2154 4265 2347 4329 satage
2380 4260 2570 4313 studio
2618 4276 2630 4313 :
2691 4260 2825 4330 quia
2875 4260 2974 4330 qui
3023 4264 3351 4313 convertere
3396 4258 3596 4311 fecerit

1834 4342 1876 4394 D
1903 4354 2280 4418 peccatorem,
2314 4349 2555 4402 lucravit
2587 4349 2839 4402 animam
2866 4350 3007 4417 ejus,
3038 4354 3093 4401 et
3118 4364 3353 4400 suorum
3383 4362 3593 4416 coope-

1903 4435 1975 4488 rit
2010 4437 2442 4490 multitudint-m
2477 4442 2856 4507 peccatorum.
2898 4439 2962 4491 Et
3008 4436 3180 4490 David
3229 4452 3333 4505 pro
3383 4450 3595 4504 magno

1902 4540 2142 4578 munere
2173 4526 2335 4595 quasi
2365 4532 2494 4579 vota
2526 4525 2544 4560 ί
2574 4526 2845 4595 persolvit
2890 4543 2903 4579 :
2960 4530 3186 4580 Doceam
3218 4527 3432 4593 iniquos
3476 4526 3597 4577 vias

1903 4618 2045 4675 tuas,
2097 4618 2146 4666 et
2194 4616 2353 4681 impii
2403 4615 2477 4667 ad
2528 4619 2575 4667 te
2621 4620 3003 4668 convertentur
3050 4615 3218 4681 (Psal.
3270 4630 3319 4677 L,
3374 4617 3477 4672 15).
3532 4614 3599 4666 Et

1900 4701 2027 4755 ideo
2077 4702 2200 4755 fave
2251 4702 2412 4767 meis,
2462 4702 2725 4771 diligenti
2768 4702 3085 4755 intentione
3137 4704 3305 4771 hujus
3355 4702 3595 4771 pagella

1900 4790 2116 4844 discute
2163 4797 2398 4857 textum,
2448 4795 2501 4843 et
2548 4806 2664 4843 non
2711 4791 2900 4857 verba,
2954 4792 3049 4844 sed
3098 4790 3339 4843 sollicite
3390 4788 3592 4859 pravi-

1900 4880 1969 4934 de
1998 4879 2351 4933 intellectum
2389 4894 2401 4930 :
2436 4878 2570 4947 ’quia
2618 4894 2737 4931 non
2785 4881 3092 4932 verborum
3138 4878 3400 4948 cupimus
3456 4876 3595 4929 fale-

1899 4975 2153 5022 ratorum
2188 4967 2529 5036 adspargere
2574 4967 2745 5035 faces,
2795 4969 2891 5021 sed
2942 4966 3288 5036 simplicium
3334 4970 3389 5018 et
3427 4979 3593 5032 pura-

1899 5058 2039 5111 lium
2071 5057 2174 5110 tibi
2202 5072 2469 5125 promere
2504 5071 2685 5107 voces.
2720 5057 2829 5108 Nec
2860 5056 3112 5124 diploide
3156 5060 3351 5108 nostra
3385 5051 3595 5105 bifario

1897 5146 2189 5199 coloratur
2246 5144 2501 5210 assertio,
2550 5145 2635 5197 vel
2692 5146 2806 5196 sale
2862 5145 3030 5197 attico
3081 5143 3316 5211 hujusce
3376 5138 3597 5192 redolet

1897 5233 2162 5288 dictionis
2207 5234 2411 5299 oratio,
2465 5233 2562 5286 sed
2604 5232 2856 5302 plebeio,
2894 5238 2950 5284 et
2982 5236 3043 5284 ut
3081 5231 3161 5284 ita
3190 5230 3393 5295 dicam,
3428 5242 3592 5280 com-

1967 5398 1988 5423 °
2050 5390 2378 5443 Eleazarum
2434 5389 2726 5458 suggillat,
2790 5388 3011 5442 Gallum
3072 5386 3301 5439 natione
3365 5388 3421 5437 et
3482 5384 3587 5437 He-

1898 5461 2120 5514 braum
2146 5460 2258 5513 fide
2287 5477 2355 5513 ex
2382 5460 2719 5514 Christiano.

1970 5530 1987 5564 ί
2018 5532 2138 5595 M5,,
2171 5537 2318 5584 nota.
