4098 6180
436 300 530 351 479
1789 292 2040 346 ALVARI
2082 290 2122 345 C

2239 292 2572 348 DUBENSIS
3810 298 3897 351 480

427 301 530 351 4Ῑ9

432 428 597 481 muni
630 426 809 479 currit
837 422 1087 493 eloquio.
1139 423 1263 475 Non
1295 420 1388 474 hic
1416 420 1766 484 Tuccidides,
1800 421 1888 473 vel
1933 420 2122 474 Sallu-
2163 424 2201 475 Α
2239 422 2380 474 Nam
2413 421 2543 475 licet
2564 436 2682 474 non
2704 420 3001 474 nominate
3022 436 3329 475 numerum
3352 422 3705 491 expresserit,
3727 428 3893 479 tamen

434 517 577 571 stius
609 514 897 569 tramitem
933 510 1172 565 scientia
1201 520 1225 545 ⁸
1255 510 1541 581 digerunt.
1573 510 1667 563 sed
1699 510 1871 564 Jacob
1916 515 1971 563 et
2020 511 2127 563 Da-

433 605 529 658 vid
573 602 823 656 obiculas
868 600 939 653 ad
972 601 1161 653 caulas
1206 599 1517 653 deducunt.
1556 600 1674 652 Non
1706 599 1798 653 hic
1838 598 1997 652 Cirus
2026 615 2128 668 pu-

437 691 668 762 gnando
700 689 1012 743 exercitum
1045 687 1222 755 ducit,
1253 688 1349 740 sed
1381 688 1597 757 Moyses
1629 688 1830 741 erectis
1861 687 2126 741 manibus

437 778 884 833 Amalacitarum
934 777 1246 847 phalangas
1298 776 1514 829 orando
1564 776 1807 829 divertit.
1863 776 1968 830 Sed
2024 792 2129 829 nec

439 868 843 923 Memmonicos
889 881 1159 919 canemus
1190 864 1450 935 hymnos,
1485 868 1581 915 aut
1609 864 1972 917 Aiueidarum
2006 881 2127 917 car-

439 957 593 1010 mine
640 955 949 1009 incidimus
992 970 1206 1019 versus,
1258 969 1361 1006 nec
1408 954 1649 1005 lacteum
1704 954 1846 1006 Libii
1897 970 2127 1006 amnem

438 1044 682 1107 deduco,
726 1058 830 1096 nec
862 1042 1101 1096 Iliadum
1133 1041 1388 1095 celeuma
1419 1040 1675 1094 decanto.
1727 1042 1926 1094 Procul
1972 1041 2126 1094 enim

439 1150 471 1186 a
502 1149 593 1185 me
626 1136 709 1184 est
744 1131 944 1199 lingua
993 1130 1222 1200 viperea
1271 1129 1625 1182 Demostenis
1669 1129 1736 1182 de
1787 1146 1900 1199 qua
1949 1129 2129 1183 fertur

439 1220 644 1275 dixisse
690 1218 919 1273 Oscines
948 1221 973 1261 Ι)
1016 1235 1027 1272 :
1081 1218 1227 1282 Quid
1269 1217 1315 1270 si
1345 1218 1525 1288 ipsam
1558 1218 1855 1271 audissetis
1887 1217 2128 1271 bestiam

439 1324 543 1362 suo
591 1324 687 1361 ore
736 1308 909 1361 verba
951 1305 1353 1360 resonantem?
1394 1307 1641 1376 Epistula
1670 1306 1820 1359 enim
1856 1322 1981 1359 mea
2012 1322 2127 1359 non

441 1396 804 1451 ethnicorum
863 1405 883 1428 ο
940 1395 1195 1449 favorem
1249 1394 1509 1465 requirit,
1582 1411 1685 1447 nec
1754 1396 2002 1448 colorem
2059 1394 2127 1448 de

438 1486 697 1540 Atheneo
729 1484 901 1538 trahit
935 1502 947 1538 :
980 1485 1076 1539 sed
1108 1485 1516 1555 prophetarum
1550 1484 1848 1554 saporibus
1888 1484 2125 1551 redolet,

439 1577 495 1627 et
538 1573 994 1644 patriarcharum
1043 1574 1255 1626 fercula
1305 1572 1664 1642 superﬁciem
1706 1574 1869 1643 gerit.
1914 1575 2129 1644 Nempe

441 1661 621 1716 dulcis
653 1662 698 1715 si
723 1661 1053 1731 ubicunque
1079 1660 1138 1714 in
1170 1677 1455 1714 annorum
1486 1678 1726 1715 numero
1760 1662 1967 1717 Christi
1991 1679 2127 1717 ven-

437 1755 568 1803 tura
598 1750 882 1803 diceretur
910 1749 1191 1815 nativitas,
1218 1749 1667 1803 Christianorum
1694 1752 1777 1803 vel
1800 1752 2124 1805 Judaaorum

437 1838 590 1892 illico
622 1839 782 1893 ﬁnita
814 1843 962 1892 esset
992 1838 1249 1891 simultas
1297 1855 1310 1892 :
1357 1839 1493 1909 quia
1525 1840 1867 1909 computatis
1900 1840 2066 1894 annis
2094 1857 2127 1894 a

438 1928 641 1981 mundi
673 1927 957 1997 principio
989 1927 1110 1980 sine
1157 1927 1351 1998 aliquo
1396 1928 1795 1997 impedimenti
1835 1930 2125 1983 obstaculo

436 2016 714 2071 adventus
760 2016 882 2085 ejus
926 2015 1167 2069 sciretur
1210 2016 1270 2068 in
1323 2017 1529 2070 saeculo
1564 2034 1576 2070 :
1613 2023 1674 2070 ut
1706 2034 1809 2071 nec
1841 2018 2024 2071 ﬁdelis
2067 2018 2127 2072 in

438 2105 743 2159 asserendo
777 2120 961 2158 moras
1005 2105 1327 2170 sustineret,
1359 2122 1463 2158 nec
1492 2105 1739 2160 inﬁdelis
1771 2107 1828 2159 in
1871 2106 2125 2160 refutan-

437 2193 509 2247 do
560 2193 882 2247 occasiones
929 2194 1272 2247 ostenderet.
1331 2195 1394 2247 Et
1449 2195 1603 2264 quia,
1662 2201 1724 2248 ut
1784 2195 2126 2266 quibusdam

434 2281 677 2348 videtur,
712 2281 995 2335 incertum
1027 2281 1333 2335 adventum
1368 2282 1491 2351 ejus
1534 2282 1825 2352 Scriptura
1872 2284 2123 2354 reliquit,

438 2374 493 2424 et
524 2370 687 2441 quasi
733 2370 1011 2423 intactum
1055 2371 1237 2439 magis
1281 2370 1472 2441 tetigit
1520 2387 1693 2441 quam
1739 2372 2019 2441 praedixit,
2054 2372 2125 2425 ob

437 2460 547 2514 hoc
594 2465 646 2513 et
680 2464 1014 2513 cunctorum
1055 2459 1251 2528 opinio
1293 2476 1350 2512 se
1399 2459 1523 2529 ipsa
1552 2461 1785 2514 deludit.
1820 2462 1941 2514 Non
1974 2462 2126 2531 quod

437 2548 699 2601 omnium
730 2546 873 2601 ﬁdes
903 2564 1051 2600 caeca
1081 2548 1322 2617 caligine
1370 2547 1713 2614 involvatur,
1758 2548 1853 2601 sed
1897 2565 1962 2601 ea
1999 2565 2125 2619 quas

438 2636 625 2706 magis
656 2635 931 2705 opinione
961 2651 1132 2705 quam
1178 2635 1414 2688 veritate
1453 2640 1700 2688 tenetur.
1734 2638 1843 2689 Ista
1874 2653 2125 2706 namque

437 2725 752 2778 secundum
798 2723 1097 2793 opinatum
1143 2723 1383 2777 disserui
1421 2724 1881 2777 istomacantium
1913 2726 1940 2766 (1
1970 2742 2124 2795 quae-

437 2813 671 2867 stiones.
735 2812 1011 2866 Caeterum
1062 2812 1227 2880 juxta
1282 2828 1425 2865 mea:
1478 2812 1771 2865 tenuitatis
1828 2814 2123 2867 scientiam

435 2902 741 2955 adventum
778 2900 980 2954 Christi
1009 2900 1271 2969 patulum
1303 2917 1432 2953 reor
1475 2900 1689 2955 addisci
1731 2902 1940 2955 indicta
1972 2904 2123 2973 lega-

436 2990 512 3044 lia
564 2998 605 3056 °,
658 2989 705 3042 si
758 2988 1044 3042 subtiliter
1085 2988 1433 3058 indagentur
1475 2990 1614 3042 vatis
1656 2990 1950 3061 praesagia,
1995 3008 2121 3062 quae

436 3080 562 3133 luce
592 3078 833 3132 clariora
867 3076 1112 3131 existunt
1164 3077 1427 3132 almiﬁca.
1475 3080 1616 3133 Nam
1669 3080 1801 3133 licet
1848 3080 1917 3134 ab
1960 3080 2125 3134 initio

436 3166 641 3221 mundi
671 3166 806 3219 anni
848 3182 963 3219 non
1014 3165 1377 3219 inveniantur
1423 3168 1664 3236 praeﬁxi,
1716 3173 1908 3222 tamen
1953 3186 2127 3240 repe—

436 3256 667 3309 riuntur
695 3272 727 3309 a
760 3260 1020 3326 tempore
1050 3256 1371 3326 prophetali
1404 3256 1781 3327 liquidissime
1814 3259 2121 3312 numerati.

438 3344 763 3399 Praevidens
806 3344 974 3398 credo
1019 3360 1257 3397 censura
1289 3344 1475 3397 divina
1510 3346 1819 3398 humanam
1860 3363 2127 3399 vesanam

437 3431 708 3496 acutiam,
742 3446 869 3500 quae
916 3430 974 3483 in
1011 3430 1264 3482 numeris
1295 3434 1527 3482 tetatum
1561 3432 1745 3485 existit
1775 3432 2022 3499 diversa;
2058 3450 2125 3487 eo

436 3524 695 3589 tempore
722 3518 925 3571 maluit
954 3518 1215 3571 indidere
1246 3534 1572 3584 numerum,
1607 3536 1671 3572 ex
1701 3525 1814 3590 quo
1843 3521 2129 3591 praescivit

437 3607 821 3663 contentionis
852 3607 1119 3659 abrasum
1172 3607 1411 3660 existere
1460 3624 1714 3662 nervum.
1768 3610 1925 3662 Nosti
1971 3611 2125 3664 enim

441 3697 814 3751 Hebraeorum
845 3696 931 3749 vel
971 3695 1332 3765 septuaginta
1362 3696 1746 3767 Interpretum
1785 3698 2126 3753 discordiam

438 3802 472 3839 a
520 3784 707 3855 primo
758 3783 989 3837 homine
1034 3799 1215 3854 usque
1262 3783 1460 3837 diluvii
1510 3790 1739 3855 tempus
1786 3786 2129 3841 incalculan-

439 3874 586 3927 tium
618 3871 636 3906 ί
663 3888 907 3939 summa,
952 3872 1011 3925 in
1042 3878 1266 3926 tantum
1313 3873 1561 3943 utjuxta
1602 3874 1934 3929 Hebraicam
1975 3876 2124 3929 veri-

437 3967 613 4017 tatem
664 3962 735 4015 ab
782 3962 964 4015 Adam
1017 3978 1199 4033 usque
1241 3962 1309 4015 ad
1355 3963 1632 4015 diluvium
1685 3964 1822 4016 anni
1878 3965 2129 4019 sexcenti

437 4050 858 4122 quinquaginta
912 4067 1011 4103 sex
1052 4051 1436 4118 inveniantur,
1489 4056 1543 4104 et
1591 4068 1621 4104 a
1674 4052 1887 4105 diluvio
1943 4070 2125 4124 usque

436 4140 504 4195 ad
539 4140 826 4194 Abraham
854 4139 986 4192 anni
1018 4139 1246 4193 ducenti
1270 4140 1587 4209 nonaginta
1609 4140 1721 4193 duo
1745 4142 2123 4211 reperiantur.

509 4231 559 4283 3.
594 4227 919 4283 Secundum
948 4227 1322 4296 Septuaginta
1362 4233 1551 4281 autem
1592 4228 2124 4298 interpretationem

2238 525 2353 579 quo
2405 509 2709 563 deberetur
2758 514 3018 579 tempore
3076 509 3250 575 nasci,
3309 509 3584 563 intactum
3634 527 3896 582 nunquam

2235 597 2490 668 reliquit.
2545 598 2706 661 Quod
2755 615 2828 652 ne
2875 598 3043 651 nudis
3089 614 3177 651 me
3225 604 3391 667 putes
3441 599 3625 652 verbis
3672 616 3895 667 narrare,

2232 686 2352 756 jam
2398 687 2501 741 tibi
2542 687 2886 741 documenta
2919 687 3103 741 vivida
3146 688 3357 741 curabo
3407 687 3678 757 proferre.
3712 688 3897 743 Verum

2236 779 2547 846 antequam
2597 782 2793 828 nostra
2823 775 3081 845 legaliter
3121 776 3441 829 instruatur
3482 775 3683 841 oratio,
3728 792 3897 846 quaeso

2236 869 2290 918 te
2323 865 2569 919 libenter
2598 865 2830 918 adverte
2861 882 2990 935 qua:
3038 865 3164 918 dico
3217 881 3229 917 :
3280 865 3343 917 Et
3392 880 3507 917 non
3561 864 3897 918 aemulatione

2236 953 2502 1007 vincendi
2559 970 2725 1006 acuas
2784 952 3159 1019 intellectum,
3215 953 3311 1006 sed
3372 952 3690 1005 intentione
3743 954 3897 1022 proﬁ-

2237 1042 2443 1109 ciendi,
2508 1046 2624 1095 tam
2692 1041 2853 1105 mihi,
2920 1058 3092 1112 quam
3160 1042 3284 1107 tibi,
3354 1040 3554 1095 elimes
3623 1057 3895 1094 sensum:

2238 1131 2419 1184 sciens
2472 1130 2609 1201 quia
2660 1147 2776 1183 non
2833 1131 2892 1184 in
2955 1130 3393 1183 ratiocinatione
3451 1129 3592 1181 ﬁdes
3653 1130 3897 1193 consistit,

2239 1221 2335 1273 sed
2396 1219 2453 1273 in
2519 1219 2776 1286 veritate,
2844 1223 2899 1273 et
2958 1218 3323 1288 simplicitate
3386 1218 3595 1271 cordis.
3660 1218 3901 1287 Quisquis

2238 1309 2333 1362 ille
2390 1309 2607 1363 munda
2669 1312 2754 1362 est
2813 1314 3025 1373 mente,
3084 1307 3389 1361 Dominum
3447 1307 3617 1360 videt.
3681 1306 3742 1358 Et
3790 1306 3901 1360 ideo

2240 1396 2285 1449 si
2316 1401 2641 1465 susceptum
2673 1402 2756 1449 est
2785 1396 2937 1466 quod
2975 1395 3203 1465 ingessi,
3238 1401 3462 1464 gratum
3497 1399 3581 1447 est
3610 1394 3755 1463 quod
3784 1410 3901 1463 sug-

2238 1485 2407 1555 gessi.
2455 1485 2509 1539 Si
2559 1502 2691 1537 vero
2740 1486 3042 1538 molestum
3092 1489 3177 1537 est
3221 1484 3371 1553 quod
3422 1483 3644 1553 scripsi,
3691 1483 3904 1536 benevo-

2237 1573 2475 1628 lentiam
2509 1590 2645 1644 erga
2674 1578 2727 1626 te
2757 1574 2935 1627 animi
2967 1589 3081 1626 non
3116 1572 3303 1625 obtexi
3336 1588 3348 1625 :
3385 1572 3535 1641 quod
3568 1577 3623 1624 et
3660 1576 3720 1624 tu
3766 1570 3903 1624 simi-

2238 1664 2369 1717 liter
2407 1680 2542 1733 erga
2584 1679 2674 1715 me
2719 1663 2891 1717 debes
2940 1662 3296 1732 impendere,
3347 1666 3402 1713 et
3448 1676 3621 1731 quem
3665 1660 3810 1713 vides
3854 1665 3905 1711 ut

2238 1752 2341 1807 tibi
2368 1752 2592 1806 videtur
2623 1768 2834 1818 errare,
2879 1768 2951 1805 ne
2994 1754 3208 1822 pereat,
3257 1750 3415 1804 omni
3462 1749 3514 1802 vi
3564 1765 3705 1802 cona
3735 1761 3761 1802 ε
3790 1749 3905 1801 insi-

2236 1847 2402 1894 stere.
2438 1843 2633 1911 Neque
2661 1840 2927 1910 plurimis
2957 1838 3299 1893 testimoniis
3323 1843 3657 1907 occupatam
3682 1843 3904 1891 mentem

2238 1935 2395 1984 tuam
2440 1930 2643 1983 studiis
2687 1930 2865 1983 debeo
2914 1929 3214 1998 impedire,
3265 1928 3446 1981 sciens
3490 1927 3629 1996 quia
3676 1926 3763 1979 cui
3806 1942 3904 1979 non

2238 2019 2532 2072 sufﬁciunt
2572 2035 2745 2087 parva
2789 2021 2836 2084 h,
2889 2019 3022 2071 satis
3077 2021 3243 2071 erunt
3300 2032 3401 2069 nec
3454 2015 3634 2069 mille.
3695 2015 3905 2085 Sapiens

2239 2107 2391 2161 enim
2438 2123 2553 2160 non
2594 2108 2794 2178 quanti
2844 2107 3033 2161 dicant
3080 2104 3342 2169 attendit,
3384 2104 3477 2157 sed
3523 2104 3625 2173 qui
3673 2103 3781 2156 sint
3820 2101 3906 2173 qui

2239 2197 2430 2250 dicant
2459 2197 2681 2249 utiliter
2709 2196 2883 2249 norit.
2930 2197 2993 2248 Et
3036 2194 3169 2247 inde
3202 2192 3485 2263 propheta
3523 2192 3751 2245 beatum
3785 2207 3906 2260 prae-

2239 2285 2396 2351 dixit,
2445 2285 2545 2354 qui
2577 2284 2635 2337 in
2681 2300 2875 2337 aurem
2922 2282 3207 2337 audientis
3238 2281 3465 2351 eloquia
3494 2281 3713 2350 profert
3744 2280 3755 2313 ί
3789 2279 3907 2349 quia

2239 2374 2448 2427 dicitur
2492 2374 2690 2427 fallere
2739 2373 2963 2426 auditus
3012 2372 3171 2441 cujus
3217 2370 3406 2440 segnis
3450 2385 3563 2423 non
3611 2367 3908 2439 vigilaverit

2240 2478 2456 2515 sensus.
2492 2464 2756 2516 Poteram
2788 2462 2888 2515 tibi
2931 2460 3159 2530 copiosa
3206 2459 3530 2512 testimonia
3558 2459 3630 2512 de
3664 2457 3905 2527 reproba-

2239 2551 2396 2604 tione
2430 2557 2634 2615 vestra,
2669 2556 2726 2603 et
2772 2550 3047 2603 electione
3079 2548 3337 2618 gentium
3383 2563 3705 2616 excerpere,
3739 2546 3782 2598 si
3810 2561 3908 2598 non

2237 2640 2308 2693 ab
2378 2639 2781 2693 eruditissimis
2848 2639 2982 2691 viris
3046 2639 3151 2691 hoc
3213 2636 3665 2689 antecessoribus
3729 2634 3908 2687 vestris

2236 2728 2445 2782 factum
2490 2729 2801 2781 recolerem
2851 2743 2993 2780 esse.
3047 2727 3128 2780 Ob
3178 2725 3232 2779 id
3284 2725 3616 2778 omittentes
3660 2724 3753 2778 illa
3795 2739 3906 2793 quae

2230 2819 2349 2886 jam
2397 2822 2529 2869 sunt
2579 2816 2722 2885 stylo
2782 2814 3097 2869 inlustriori
3152 2814 3239 2867 vel
3298 2812 3622 2867 facundiori
3671 2813 3740 2866 ab
3791 2811 3907 2875 illis,

2238 2904 2568 2975 eloquentia
2598 2909 2651 2957 et
2695 2904 2990 2957 sanctitate
3021 2902 3386 2973 pollentibus,
3420 2901 3640 2955 dudum
3676 2900 3910 2953 conscri-

2166 3016 2206 3070 ρ
2236 3000 2357 3064 pta,
2391 3000 2449 3046 ut
2481 2991 2751 3062 praefatus
2779 3008 2925 3057 sum,
2966 3008 3140 3060 parva
3165 2990 3493 3045 testimonia
3524 3006 3645 3043 non
3676 2990 3907 3049 inﬁrma,

2239 3084 2334 3137 sed
2364 3082 2548 3136 valida
2579 3081 2889 3135 retexendo
2919 3080 3153 3133 eliceam
3189 3095 3202 3132 :
3249 3082 3305 3131 et
3334 3078 3472 3148 quid
3503 3077 3560 3130 in
3595 3094 3691 3131 eas
3722 3077 3911 3131 sentias

2239 3170 2646 3239 interrogando
2678 3170 3031 3239 perquiram,
3066 3174 3127 3221 ut
3157 3173 3253 3220 aut
3281 3168 3483 3220 doceas
3517 3182 3609 3220 me
3641 3166 3911 3237 ignorasse

2240 3276 2371 3331 quae
2401 3259 2643 3312 ﬁrmiter
2671 3264 2860 3323 teneo,
2900 3262 2998 3310 aut
3032 3257 3233 3311 doceas
3280 3260 3334 3308 te
3377 3255 3597 3309 nescire
3644 3270 3772 3326 quas
3807 3254 3911 3325 ipse

2241 3365 2358 3402 non
2388 3347 2648 3417 improbe
2680 3346 2813 3400 scio.

2308 3438 2359 3490 4.
2424 3438 2639 3506 Moyses
2697 3434 3065 3489 Pentateucbi
3124 3432 3309 3488 editor
3365 3432 3676 3502 Scriptura:
3730 3430 3913 3501 legifer

2241 3524 2472 3579 Domini
2516 3530 2572 3578 et
2614 3525 2974 3578 renuntiator
3023 3523 3261 3593 originis
3307 3521 3531 3587 mundi,
3580 3538 3712 3574 cum
3759 3519 3912 3573 Jacob

2238 3613 2371 3667 ﬁliis
2415 3614 2532 3666 suis
2576 3614 2968 3666 consulentem
3017 3611 3336 3673 induceret,
3368 3615 3424 3663 et
3453 3610 3779 3663 testamenti
3809 3608 3913 3660 vice

2239 3717 2368 3771 quas
2412 3700 2688 3754 deberent
2736 3705 2862 3769 post
2909 3699 3130 3752 obitum
3174 3697 3352 3768 patris
3396 3696 3761 3750 haereditario
3799 3697 3914 3765 jure

2238 3789 2530 3859 possidere
2578 3804 2681 3859 per
2726 3787 3185 3841 benedictionem
3234 3786 3497 3848 ediceret,
3545 3785 3738 3837 taliter
3783 3784 3857 3836 ait
3900 3798 3911 3833 ί

2246 3879 2465 3932 Vocavit
2503 3878 2664 3931 Jacob
2708 3878 2849 3945 ﬁlios
2884 3891 3025 3941 suos,
3077 3880 3128 3929 et
3174 3877 3254 3928 ait
3298 3876 3373 3927 eis
3426 3892 3442 3926 :
3492 3873 3913 3940 Congregamini,

2238 3972 2300 4020 ut
2331 3968 2645 4019 annuntiem
2676 3981 2794 4033 qua:
2822 3969 3050 4017 ventura
3095 3967 3222 4017 sunt
3270 3962 3420 4016 vobis
3469 3961 3660 4015 diebus
3700 3960 3912 4013 novissi-

2238 4070 2340 4108 mis
2376 4054 2532 4123 (Gen.
2584 4070 2729 4120 xLix,
2784 4052 2853 4122 l).
2907 4053 2971 4105 Et
3018 4056 3079 4104 ut
3121 4051 3329 4104 scirent
3376 4050 3472 4120 qui
3522 4056 3659 4103 sunt
3692 4049 3781 4102 isti
3812 4048 3916 4101 dies

2239 4142 2530 4197 novissimi
2561 4142 2618 4194 in
2662 4138 3161 4195 benedictionibus
3200 4138 3358 4192 ludas
3390 4138 3648 4206 apertius
3679 4136 3915 4206 explica-

2235 4231 2318 4284 vit
2358 4248 2370 4284 :
2422 4233 2540 4286 Non
2583 4230 2814 4294 deﬁciet,
2861 4229 2960 4293 ait,
3008 4230 3258 4296 princeps
3306 4227 3371 4279 de
3409 4227 3573 4290 Juda,
3608 4240 3778 4293 neque
3814 4223 3916 4275 diu

439 4317 509 4369 ab
537 4316 716 4369 Adam
748 4330 925 4385 usque
948 4316 1017 4369 ad
1039 4315 1313 4368 diluvium
1340 4316 1474 4369 anni
1495 4317 1723 4370 ducenti
1748 4319 2131 4389 quadraginta
2168 4316 2211 4370 D
2240 4320 2305 4374 de
2349 4320 2643 4385 femoribus
2689 4319 2827 4386 ejus,
2860 4317 3021 4371 donec
3052 4319 3233 4369 veniat
3263 4318 3360 4384 qui
3397 4313 3694 4368 mittendus
3738 4298 3833 4377 est;
3873 4314 3917 4363 et

439 4405 552 4457 duo
597 4406 995 4457 numerantur.
1044 4404 1111 4457 Et
1151 4420 1184 4457 a
1229 4404 1444 4457 diluvio
1498 4422 1677 4475 usque
1721 4406 1791 4459 ad
1842 4407 2129 4461 Abraham

438 4492 576 4546 anni
605 4494 645 4546 T
678 4492 1043 4563 septuaginta
1084 4492 1197 4547 duo
1241 4494 1589 4548 calculentur
1622 4511 1633 4548 :
1670 4511 1915 4566 quorum
1946 4497 2128 4550 diver-

440 4583 633 4636 sitates
700 4581 892 4635 latiori
955 4582 1101 4653 stylo
1174 4582 1471 4650 disserem,
1551 4589 1606 4637 et
1675 4585 1766 4638 cui
1836 4586 2129 4656 potissime

440 4670 612 4725 ﬁdem
643 4670 954 4725 haberetur
984 4671 1271 4738 elicerem,
1300 4673 1345 4725 si
1376 4673 1482 4726 hoc
1510 4680 1571 4727 ut
1604 4690 1934 4739 onerosum,
1966 4675 2045 4728 ita
2075 4681 2132 4729 et

438 4759 857 4815 infructuosum
918 4777 1036 4815 non
1093 4777 1211 4815 esse
1268 4778 1690 4833 cognoscerem.
1752 4764 1860 4817 Has
1917 4764 2128 4818 discor-

439 4848 657 4903 dantias
692 4848 917 4903 divinus
965 4849 1062 4903 ille
1104 4849 1348 4921 Spiritus
1395 4851 1810 4920 prophetarum
1847 4853 2001 4906 cordi
2042 4852 2129 4906 in-

438 4942 627 4991 sertus
656 4938 825 5008 longe
856 4942 989 4993 ante
1021 4954 1383 5008 praenoscens
1414 4939 1597 4993 noluit
1644 4940 1715 4993 ab
1759 4956 1825 4993 eo
1869 4945 2131 5011 tempore

440 5025 754 5080 nativitatis
820 5026 1027 5081 Christi
1088 5026 1345 5081 indidere
1408 5044 1711 5091 summam,
1774 5044 1840 5082 ex
1905 5045 2019 5099 quo
2076 5032 2131 5083 et

440 5120 794 5170 asserentum
849 5115 1120 5186 protendi
1175 5116 1424 5186 protexit
1480 5116 1819 5171 frivolorum
1876 5116 2126 5173 inventa.

509 5281 534 5308 ⁸
565 5272 685 5338 Ms.,
714 5273 1011 5327 scientiam.

510 5346 536 5386 b
564 5344 859 5397 xEschines.

511 5422 532 5445 ο
566 5414 683 5476 Ms.,
714 5429 819 5466 non
850 5412 923 5467 aJ
953 5413 1306 5467 ethnicorum.

511 5484 537 5526 ά
567 5483 611 5536 I.
648 5484 1121 5538 stomachantium.

512 5562 534 5589 °
564 5554 627 5607 Id
662 5559 745 5609 est
774 5556 833 5607 in
858 5554 1021 5609 dictis
1048 5556 1329 5623 legalibus.

2240 4411 2356 4477 ipse
2411 4410 2514 4461 erit
2560 4408 2890 4476 exspectatio
2945 4408 3185 4471 gentium
3241 4403 3432 4474 (Ibid,
3496 4403 3609 4472 lO).
3665 4401 3916 4464 Adverte,

2241 4497 2321 4551 mi
2370 4496 2757 4560 dilectissime,
2804 4499 2859 4546 et
2901 4494 3054 4547 enim
3099 4494 3259 4563 aperi
3305 4492 3686 4555 intellectum,
3735 4494 3790 4542 et
3829 4502 3919 4558 per

2239 4590 2422 4639 totum
2453 4583 2651 4637 orbem
2681 4583 2912 4635 ostende
2949 4581 3089 4634 milii
3131 4597 3195 4634 ex
3240 4582 3394 4634 tribu
3438 4580 3581 4633 Juda
3610 4579 3815 4632 ducem
3842 4573 3917 4625 vel

2241 4689 2442 4728 unum.
2477 4672 2619 4727 Nolo
2647 4670 2728 4724 mi
2756 4670 3091 4723 frivolorum
3123 4685 3320 4723 eorum
3351 4669 3613 4739 ingerere
3646 4665 3850 4729 naenia,
3872 4666 3923 4714 et

2239 4761 2472 4814 illorum
2502 4758 2922 4813 commentitias
2972 4758 3114 4812 mihi
3151 4758 3388 4829 dogmas
3428 4759 3694 4827 ingerere
3743 4750 3921 4808 fabula

2240 4850 2341 4920 qui
2392 4853 2629 4919 propter
2672 4848 3031 4902 occasionem
3079 4847 3251 4902 unius
3300 4846 3456 4900 verbi
3506 4848 3707 4916 longas
3750 4843 3923 4896 solent

2240 4937 2459 4992 fabulas
2492 4942 2699 4990 texere.
2736 4937 2801 4990 Et
2834 4936 2970 5006 quia
3001 4941 3299 5006 nequeunt
3343 4949 3537 5003 regem
3582 4933 3641 4986 in
3677 4927 3921 5002 regioni-

2240 5026 2345 5081 bus
2374 5025 2674 5079 hominum
2707 5025 3086 5095 liquidissime
3119 5024 3271 5078 notis
3305 5023 3585 5088 invenire,
3610 5020 3805 5075 nescio
3827 5015 3921 5071 sibi

2239 5114 2544 5186 inquirunt
2588 5112 2912 5185 principem
2961 5113 3112 5168 ultra
3160 5128 3336 5168 mare.
3385 5112 3526 5168 Cum
3578 5110 3687 5165 etsi
3736 5120 3923 5163 verum

2310 5273 2327 5307 τ
2358 5273 2416 5327 F.
2453 5274 2509 5327 in
2538 5274 2884 5328 calculorum.

2311 5356 2340 5398 ε
2370 5344 2547 5410 Idem,
2580 5360 2793 5399 conare.

2309 5416 2336 5458 h
2366 5416 2487 5481 Ms.,
2520 5418 2713 5483 sufﬁcit
2740 5432 2935 5484 parva.

2312 5484 2323 5519 ⁸
2358 5486 2480 5552 Ms.,
2509 5488 2758 5556 proferit.
