4098 6180
184 274 270 328 481
1733 275 1868 331 ΕΡΙΕ

1984 278 2105 332 LE;

3572 284 3677 337 482

182 410 333 471 esset,
369 404 557 457 minus
605 420 672 457 ex
704 404 856 459 tribu
903 405 1045 459 Juda
1077 404 1300 459 fuisset.
1337 406 1480 469 Quia
1510 406 1693 460 tribus
1724 408 1867 461 Juda
1906 413 1948 465 Α
1976 407 2045 460 ad
2086 408 2262 461 ﬁnem
2294 408 2487 461 saeculi
2524 407 2740 474 indicit,
2782 409 2927 462 sicut
2958 410 3197 479 angelus
3230 410 3454 465 Danieli
3503 412 3674 466 dixit.

183 508 284 546 non
317 498 399 547 est
422 508 454 545 a
480 494 888 557 Sennacherib,
926 494 1010 547 vel
1058 494 1128 547 ab
1161 494 1465 549 Artaxerse
1500 495 1599 565 qui
1629 501 1685 549 et
1716 497 1861 550 Ocus

184 580 354 633 dictus
395 581 520 647 fuit,
556 582 832 649 deducta;
867 582 962 637 sed
1016 598 1049 634 a
1098 583 1442 652 Vespasiano
1494 588 1549 637 et
1602 584 1724 637 Tito
1757 590 1859 649 est,

182 684 275 739 per
328 676 507 723 terras
560 671 831 741 dispersa.
888 672 1029 725 Nam
1081 672 1227 725 sicut
1273 673 1496 726 nullum
1559 674 1861 743 templum,

181 758 394 811 nullum
428 760 636 825 altare;
678 760 899 813 nullum
951 760 1267 830 principem
1310 762 1647 814 remansisse
1685 761 1862 825 vobis,

180 846 454 916 propheta
504 849 652 901 clara
697 848 921 902 intonat
940 849 1076 902 tuba
1109 849 1434 915 :Sedebunl,
1484 850 1692 919 inquit,
1749 851 1863 903 dies

180 937 360 989 mullos
385 944 410 967 ³
437 935 549 1006 ﬁlii
570 937 738 990 Israel
767 940 891 989 sine
904 952 1044 1005 rege,
1074 940 1189 991 sine
1228 939 1497 1005 principe,
1542 940 1660 991 sine
1688 939 1860 991 sacri-

179 1027 306 1092 ﬁcio,
357 1027 479 1078 sine
520 1025 708 1090 altari,
761 1027 874 1078 sine
899 1024 1288 1090 sacerdotibus,
1328 1028 1442 1079 sine
1470 1028 1865 1090 mani/estalio-

179 1112 327 1166 nibus
371 1114 513 1182 (Ose.
568 1130 649 1179 III,
699 1114 771 1179 4).
824 1112 1101 1183 lntelligis
1158 1112 1293 1166 istos
1345 1114 1463 1167 dies
1519 1130 1660 1179 esse,
1718 1130 1864 1184 quos

180 1202 274 1256 Ose
320 1203 605 1272 propheta
644 1202 953 1271 praedixit:
988 1207 1085 1254 aut
1114 1200 1351 1255 forsitan
1401 1202 1585 1255 adhuc
1640 1202 1766 1255 illos
1805 1218 1863 1255 se

180 1295 497 1360 exspectare
526 1292 749 1361 pejores
796 1306 943 1343 caeca
986 1290 1318 1343 Iudaeorum
1371 1292 1657 1361 oppositio
1698 1292 1855 1345 dicit.

178 1378 523 1432 Recensendi
552 1386 687 1432 sunt
712 1378 817 1432 hoc
840 1379 962 1432 loco
987 1394 1169 1446 reges,
1199 1395 1313 1432 non
1341 1395 1373 1431 a
1395 1384 1652 1449 tempore
1681 1380 1861 1447 Judaa,

178 1466 267 1537 qui
296 1468 514 1538 cogniti
554 1473 705 1534 sunt,
739 1472 795 1521 et
841 1483 943 1537 per
976 1467 1147 1521 David
1194 1484 1257 1520 ac
1313 1468 1677 1522 Salomoncm
1735 1484 1862 1522 cur-

175 1562 354 1610 rentes
386 1572 571 1627 usque
601 1557 671 1611 ad
705 1556 999 1610 Sedeciam
1030 1562 1184 1609 recto
1212 1558 1439 1611 tramite
1461 1563 1731 1628 pergunt,
1764 1558 1863 1611 sed

177 1651 494 1715 atempore
531 1645 798 1708 Dauielis,
847 1654 902 1699 et
953 1651 1077 1714 post
1126 1645 1564 1715 Babyloniorum
1616 1647 1861 1699 laxatam

1979 497 2039 549 Et
2063 496 2158 549 ubi
2211 496 2319 550 erit
2350 500 2484 549 tuuc
2535 496 2911 566 relinquenda
2961 497 3080 551 ﬁlia
3132 499 3287 565 Sion,
3334 516 3463 569 quas
3514 502 3670 554 nulla

1975 586 2103 637 est?
2132 584 2235 639 Ubi
2268 585 2673 652 sanctuarium,
2716 586 2867 656 quod
2898 588 3145 655 populus
3178 588 3493 642 devastavit
3541 606 3672 643 cum

1976 674 2117 727 duce
2149 680 2407 739 venturo,
2441 674 2538 745 qui
2574 673 2633 726 in
2680 674 2870 727 cinere
2904 675 3163 728 redactus
3216 676 3339 730 est?
3410 677 3677 731 Reddant

1972 762 2154 815 Judaei
2210 766 2421 816 statum
2477 778 2651 832 quem
2709 762 2965 816 Christus
3019 763 3292 815 inveniat.
3374 765 3678 819 Aiditicent

1974 849 2278 919 templum,
2310 849 2405 903 ubi
2445 850 2632 903 subito
2676 850 3004 903 testamenti
3032 851 3267 919 angelus
3300 851 3509 905 veniat.
3573 854 3671 920 En,

1975 954 2101 992 ecce
2127 943 2185 992 et
2212 944 2399 992 vestra
2426 938 2663 993 cessavit
2697 939 2898 1005 hostia,
2943 944 3008 991 ut
3038 938 3252 992 nullius
3280 940 3364 993 rei
3422 941 3674 995 admini-

1974 1027 2100 1078 culo
2130 1030 2312 1080 vestra
2334 1026 2633 1080 deleantur
2650 1030 2900 1096 peccata,
2935 1026 3073 1080 dum
3106 1043 3219 1080 non
3249 1027 3487 1081 adoletis
3545 1046 3673 1100 qum

1973 1114 2241 1167 solebatis
2272 1115 2521 1168 incensa.
2576 1117 2686 1169 Lex
2724 1116 3009 1185 praecipit,
3067 1116 3125 1169 in
3176 1116 3505 1185 captivitate
3558 1134 3676 1172 non

1972 1203 2144 1256 licere
2177 1203 2442 1257 unctione
2474 1204 2653 1274 regali
2682 1205 2930 1257 chrisma
2973 1204 3270 1258 conﬁcere.
3321 1205 3478 1259 Unde
3538 1222 3675 1275 ergo

1974 1291 2206 1345 messias
2233 1297 2417 1345 vester
2440 1297 2706 1361 ungetur,
2752 1297 2817 1345 ut
2847 1297 3052 1346 unctus
3098 1308 3229 1346 vere
3264 1293 3424 1361 juxta
3467 1294 3673 1347 Danie-

1973 1378 2086 1431 lem
2112 1379 2232 1449 ipse
2262 1380 2527 1432 credatur
2542 1380 2569 1432 ?

2046 1471 2097 1521 6.
2131 1467 2236 1521 Sed
2262 1469 2380 1537 jam
2414 1485 2447 1521 a
2474 1473 2732 1538 tempore
2756 1471 2781 1511 b
2821 1484 3108 1522 annorum
3148 1467 3493 1522 veniendum
3539 1474 3623 1522 est
3658 1484 3671 1522 :

1974 1561 2030 1609 et
2060 1572 2175 1609 non
2208 1572 2364 1609 more
2397 1561 2614 1620 nostro,
2641 1557 2737 1609 sed
2770 1558 2936 1627 legali
2970 1558 3335 1624 documento,
3386 1558 3672 1611 calculan-

1983 1646 2117 1697 dum
2168 1650 2269 1710 est,
2323 1644 2545 1698 dicente
2606 1645 2846 1698 Domino
2902 1646 2969 1698 ad
3019 1646 3291 1715 Moysen:
3351 1646 3675 1702 Numerabis

178 1709 579 1803 captivitatem,
615 1734 714 1804 qui
758 1750 862 1803 per
915 1709 1085 1787 duces
1134 1709 1465 1788 decurrunt.
1520 1736 1581 1788 Et
1614 1735 1765 1802 ideo,
1809 1742 1872 1789 ut
1907 1709 1952 1764 Β
1989 1734 2090 1786 tibi
2139 1709 2336 1802 septem
2366 1733 2728 1787 hebdomadas
2778 1750 3041 1787 annorum
3082 1709 3225 1803 (hev.
3253 1750 3407 1798 xxm,
3457 1734 3565 1803 15),
3619 1736 3673 1789 id

178 1821 303 1883 dixi,
347 1838 379 1875 a
423 1826 683 1892 tempore
716 1822 966 1875 Danielis
1019 1838 1183 1892 reges
1236 1828 1449 1876 vestros
1499 1824 1869 1887 enumeraho,

179 1916 227 1962 et
256 1910 311 1963 in
344 1927 523 1981 quem
556 1911 823 1964 defecerit
859 1911 1015 1963 brevi
1050 1910 1321 1979 indagine
1367 1911 1693 1981 assignabo.
1746 1913 1875 1965 Post

185 2015 346 2067 quem
382 2000 432 2051 si
459 2000 711 2069 aliquem
746 2000 947 2053 habuit
977 2015 1116 2069 gens
1148 1999 1265 2058 illa,
1316 2000 1419 2053 sub
1452 2017 1565 2070 quo
1601 2000 1876 2055 exstiterit

184 2086 335 2152 duce,
372 2104 705 2157 nomenque
737 2087 861 2157 ejus
889 2104 1082 2157 quasso
1115 2088 1337 2142 edicite.

332 2177 565 2230 Primus
597 2182 720 2246 post
762 2176 1011 2230 Dauielis
1060 2178 1422 2246 prophetiam
1457 2182 1760 2249 postquam
1805 2179 1873 2232 de

186 2261 465 2333 Babylone
514 2281 776 2318 reversus
822 2270 906 2318 est
954 2266 1222 2335 pOpulus,
1273 2266 1691 2335 praefuitJesus
1723 2266 1874 2320 ﬁlius

181 2352 432 2418 Josedec,
494 2358 551 2406 et
606 2353 917 2406 Zorobabel
973 2354 1126 2406 ﬁlius
1186 2354 1478 2409 Salathiel.
1542 2356 1673 2408 Post
1728 2371 1874 2425 quos

178 2440 404 2493 Joachin
435 2440 581 2493 ﬁlius
620 2442 752 2495 Jesu
792 2441 851 2494 in
888 2441 1225 2510 pontiﬁcatu
1258 2444 1549 2496 successit.
1587 2444 1688 2497 Cui
1746 2459 1873 2495 suc-

181 2527 336 2579 cessit
366 2527 565 2581 Eliuth
599 2544 612 2580 :
662 2527 793 2581 huic
825 2544 1052 2598 quoque
1084 2529 1353 2581 successit
1390 2528 1585 2583 Joiade
1618 2546 1630 2582 :
1667 2529 1871 2583 deinde

178 2615 411 2668 Joannes
450 2632 462 2667 :
510 2620 707 2685 postea
754 2616 945 2669 Jadus.
991 2618 1121 2670 Post
1165 2633 1337 2687 quem
1389 2616 1605 2671 Onias:
1662 2617 1871 2671 deinde

177 2704 403 2772 priefuit
455 2704 710 2773 pontifex
762 2706 1008 2758 Eleazar.
1043 2706 1176 2758 Post
1224 2722 1395 2775 quem
1433 2706 1699 2759 successit
1730 2707 1872 2759 alter

179 2792 356 2846 Onias.
409 2793 627 2846 Deinde
668 2793 839 2845 ludas
874 2809 885 2845 :
920 2793 1009 2845 cui
1056 2795 1321 2845 successit
1361 2793 1537 2845 frater
1564 2794 1865 2846 Jonatlian.

180 2880 301 2933 Post
328 2897 507 2951 quem
541 2880 739 2933 Simon
781 2880 953 2932 frater
984 2881 1301 2950 utriusque.
1358 2881 1571 2934 Deinde
1600 2882 1866 2947 Joannes,

179 2975 295 3037 post
374 2985 554 3039 quem
628 2968 1005 3022 Aristobolus.

180 3058 514 3125 Alexander,
566 3058 665 3127 qui
734 3072 828 3111 rex
877 3056 1093 3126 pariter
1143 3073 1205 3110 ac
1252 3059 1505 3128 pontifex
1559 3059 1684 3112 fuit.
1740 3060 1871 3112 Post

180 3145 322 3199 hunc
346 3146 688 3211 Alexandra,
722 3162 867 3198 uxor
894 3146 1036 3216 ejus,
1074 3162 1203 3199 cum
1237 3146 1369 3201 filiis
1412 3149 1608 3201 Ircano
1641 3152 1696 3201 et
1744 3149 1869 3201 Ari-

179 3235 395 3288 stobolo
432 3236 647 3304 populo
692 3234 939 3304 prmfuit.
972 3236 1093 3298 Quo
1132 3240 1393 3305 tempore
1436 3236 1688 3290 Herodes
1720 3235 1870 3287 ﬁlius

177 3324 490 3393 Antipatris
519 3324 817 3377 interfecto
846 3325 1039 3377 Ircano
1058 3340 1300 3393 regnum
1319 3323 1651 3378 Iudaeorum
1671 3328 1867 3377 senatu

177 3414 435 3468 consulto
470 3412 702 3483 accepit.
738 3413 800 3465 In
834 3414 953 3483 ejus
985 3418 1242 3483 tempore
1273 3412 1558 3466 Christum
1609 3417 1869 3465 nostrum

179 3510 365 3556 natum
402 3518 528 3555 esse
560 3506 656 3554 tua
687 3501 930 3554 charitas
968 3518 1084 3553 non
1116 3502 1383 3570 ignorat:
1420 3500 1575 3571 quod
1606 3500 1652 3553 si
1693 3500 1868 3553 alium

178 3596 499 3660 exspectare
528 3589 798 3655 nilimini,
841 3591 1013 3643 duces
1034 3606 1100 3642 ex
1132 3590 1282 3643 tribu
1302 3590 1446 3643 Juda
1485 3591 1759 3642 hactenus
1810 3588 1870 3643 in

178 3686 356 3732 vestra
384 3683 558 3749 gente
611 3678 935 3731 ostendite:
979 3683 1036 3731 et
1080 3683 1217 3731 tunc
1260 3683 1587 3748 exspectare
1632 3695 1730 3731 vos
1774 3694 1871 3731 re-

179 3768 573 3838 demptionem
620 3766 944 3833 ﬁrmabitis,
981 3783 1110 3819 cum
1152 3766 1435 3820 defectum
1484 3766 1667 3819 tribus
1713 3767 1867 3821 Judas

175 3870 236 3909 ex
282 3855 529 3909 ducibus
561 3854 980 3924 suppleveritis.
1034 3855 1191 3919 Quod
1253 3855 1299 3907 si
1328 3855 1576 3924 [nullum
1633 3855 1871 3925 potestis

175 3944 429 3998 invenire
491 3960 559 3997 ex
616 3944 869 4014 regibus,
930 3944 1029 4013 qui
1090 3943 1241 3996 vocis
1302 3943 1568 3997 ducatum
1619 3945 1874 4014 praebeat

177 4032 470 4095 hactenus,
506 4032 662 4085 illam
712 4032 1069 4102 prophetiam
1118 4031 1366 4086 Danielis
1397 4032 1634 4101 probate
1686 4038 1870 4086 atten-

175 4120 302 4189 tius,
349 4127 410 4175 et
457 4126 591 4174 tunc
622 4120 1017 4174 confusionem
1074 4121 1402 4174 Judmorum
1432 4121 1554 4190 jam
1618 4122 1871 4175 debitam

178 4210 394 4263 venisse
456 4209 775 4278 probabitis
822 4208 1031 4276 verius,
1096 4209 1166 4261 ab
1212 4225 1278 4261 eo
1325 4210 1449 4262 loco
1488 4209 1584 4262 ubi
1633 4211 1871 4279 angelus

1988 1828 2072 1875 est
2123 1823 2331 1891 septies
2363 1828 2599 1891 septem,
2654 1823 2753 1892 qui
2804 1828 2934 1875 sunt
2966 1824 3102 1875 anni
3134 1822 3510 1893 quadraginta
3569 1840 3674 1877 no-

1986 1926 2131 1963 vem.
2166 1911 2313 1981 Ergo
2366 1910 2725 1979 septuaginta
2777 1910 3155 1964 hebdomadas
3224 1911 3675 1980 quadringentos

1984 1999 2297 2069 nonaginta
2335 2015 2514 2053 annos
2544 1999 2820 2053 efﬁciunt.
2867 1999 3203 2069 Septuagies
3233 1998 3386 2052 enim
3452 1999 3675 2069 septeni

1983 2088 2393 2158 quadringenti
2413 2088 2726 2157 nonaginta
2748 2094 2897 2141 sunt.
2928 2089 3394 2159 lgiturpercurre
3430 2088 3677 2143 breviter

1984 2177 2228 2243 Grrecas,
2283 2176 2526 2243 Latinas,
2589 2176 2972 2245 barbarasque
3026 2176 3289 2229 historias
3319 2194 3352 2229 a
3404 2176 3676 2230 vicesimo

1984 2280 2135 2317 anno
2177 2264 2493 2318 Artaxersis
2538 2264 2690 2334 regis
2722 2266 3021 2318 Persarum
3062 2281 3242 2335 usque
3275 2266 3342 2318 ad
3386 2264 3675 2319 Christum

1981 2353 2206 2419 ducem,
2241 2357 2299 2406 et
2327 2352 2583 2406 invenies
2613 2353 2792 2406 totius
2810 2369 3117 2407 numerum
3182 2353 3673 2407 hebdomadarum

1982 2441 2156 2495 fuisse
2182 2441 2554 2510 completum,
2580 2442 2739 2511 juxta
2774 2442 3043 2495 lunarum
3076 2448 3411 2511 computum
3445 2442 3672 2495 Judan-

1982 2546 2132 2593 rum,
2165 2530 2264 2600 qui
2294 2530 2604 2600 unicuique
2636 2530 2818 2583 mensi
2851 2530 2971 2583 dies
3013 2529 3218 2600 viginti
3248 2546 3452 2583 novem
3485 2545 3677 2583 annu—

1980 2622 2224 2672 merant.
2273 2618 2413 2671 Nam
2454 2634 2486 2671 a
2516 2618 2781 2671 vicesimo
2829 2634 2979 2670 anno
3012 2617 3133 2686 jam
3180 2616 3315 2670 dicti
3358 2617 3678 2671 Artaxersis

1980 2722 2163 2776 usque
2204 2706 2272 2759 ad
2306 2706 2572 2776 quintum
2612 2705 2897 2758 decimum
2929 2721 3146 2758 annum
3182 2705 3392 2758 Tiberii
3438 2704 3677 2759 Caesaris

1981 2794 2347 2863 reperiuntur
2375 2795 2511 2847 anni
2548 2794 2956 2863 quadringenti
2984 2794 3347 2864 septuaginta
3392 2794 3672 2864 quinque,

1980 2883 2079 2953 qui
2141 2883 2355 2937 faciunt
2414 2899 2594 2936 annos
2627 2883 2930 2936 Hebraicos
2991 2882 3441 2953 quadringentos
3494 2899 3676 2937 nona-

1096 2970 1239 3023 Huic
1305 2986 1537 3040 quoque
1603 2972 1869 3023 successit
1907 2962 1947 3017 C
1979 2972 2169 3041 ginta;
2208 2972 2344 3041 quia
2377 2972 2575 3038 Grieci,
2616 2976 2671 3023 et
2712 2970 2915 3035 Judaei,
2966 2987 3069 3039 per
3098 2976 3222 3024 octo
3269 2987 3448 3024 annos
3499 2972 3674 3024 trium

1980 3062 2265 3113 mensium
2298 3060 2669 3113 embolismos
2698 3059 2933 3112 faciunt.
2970 3060 3038 3111 Et
3066 3059 3196 3113 ideo
3244 3060 3314 3113 ab
3360 3060 3532 3129 hujus
3572 3063 3676 3113 Ar-

1978 3150 2215 3202 taxersis
2254 3149 2522 3202 vicesimo
2574 3164 2725 3201 anno
2774 3148 3219 3215 computandum
3271 3151 3374 3215 est,
3427 3154 3484 3200 ut
3533 3163 3671 3216 prte-

1979 3238 2115 3301 dixi,
2149 3237 2284 3306 quia
2316 3238 2371 3289 in
2405 3236 2530 3305 ipso
2560 3252 2710 3289 anno
2741 3251 2981 3303 egressus
3023 3241 3100 3289 est
3146 3250 3337 3301 sermo,
3373 3240 3433 3289 ut
3480 3238 3678 3288 iterum

1978 3325 2343 3391 zedi/icarctur
2397 3326 2713 3389 Jerusalem,
2790 3324 3021 3377 Neemia
3079 3324 3353 3393 pincerna
3414 3328 3673 3394 rogante,

1980 3412 2128 3464 sicut
2156 3411 2234 3464 ait
2275 3412 2512 3481 angelus
2548 3410 2788 3464 Danieli.
2836 3410 2998 3474 Quod
3051 3411 3099 3464 si
3144 3410 3351 3463 iterum
3405 3428 3436 3463 a
3490 3411 3677 3480 primo

1982 3514 2131 3552 anno
2189 3499 2363 3565 Darii,
2420 3500 2519 3569 qui
2570 3504 2625 3552 et
2684 3500 2851 3553 Melas
2896 3503 3127 3553 vocatus
3175 3504 3278 3563 est,
3338 3499 3676 3552 successoris

1983 3586 2130 3658 Cyri,
2189 3603 2302 3657 quo
2332 3587 2491 3656 [visio
2553 3587 2770 3641 Danieli
2831 3588 3017 3641 extitit
3071 3587 3341 3655 revelata,
3427 3586 3674 3640 volucris

1981 3680 2332 3744 computare,
2370 3674 2625 3727 invenies
2665 3675 2725 3727 in
2756 3675 3110 3745 sexagesima
3159 3674 3404 3728 secunda
3450 3673 3677 3741 hebdo-

1981 3764 2150 3816 mada
2179 3767 2377 3815 natum
2406 3764 2644 3815 existere
2672 3761 2980 3816 Christum.

2053 3856 2102 3905 7.
2161 3853 2294 3904 Post
2349 3852 2509 3921 cujus
2552 3851 2931 3912 nativitatem,
2982 3850 3029 3903 si
3072 3850 3351 3903 calculare
3399 3849 3677 3903 malueris

1980 3940 2268 4011 reliquum
2312 3938 2804 3993 hebdomadarum
2838 3954 3164 4005 numerum,
3197 3938 3257 3991 in
3288 3937 3475 4008 primo
3522 3954 3674 3991 anno

1982 4028 2334 4098 Vespasiani,
2390 4028 2489 4098 qui
2533 4027 2831 4098 captivitas
2870 4032 3058 4081 vestra
3087 4026 3231 4080 facta
3253 4030 3356 4092 est,
3407 4025 3678 4079 invenie-

1980 4120 2074 4170 tur
2122 4117 2446 4186 impletum.
2488 4117 2555 4169 Et
2592 4117 2701 4169 ista
2746 4116 2825 4169 ita
2870 4120 3130 4185 poteram
3181 4113 3516 4184 singillatim
3576 4130 3679 4184 per

1982 4206 2221 4258 nomina
2268 4221 2466 4274 regum
2518 4220 2814 4275 annosque
2863 4204 3271 4274 imperantium
3314 4202 3677 4273 singulorum

178 4296 394 4349 Danieli
429 4295 686 4365 loquitur
734 4294 927 4348 dicens
975 4294 1133 4365 (Dan.
1172 4311 1243 4359 ix,
1276 4296 1365 4364 22)
1402 4309 1415 4350 :
1478 4295 1677 4349 Daniel
1730 4311 1871 4349 nunc
1910 4313 1953 4367 ι)
1981 4294 2301 4356 ostendere,
2340 4293 2483 4346 sicut
2513 4302 2532 4327 ο
2572 4293 2785 4363 legales
2834 4292 3221 4346 successiones
3265 4306 3368 4361 per
3422 4291 3675 4360 prophe-

176 4397 414 4450 egressus
445 4398 585 4447 sum,
620 4388 681 4435 ut
733 4383 991 4448 docerem,
1034 4389 1083 4437 et
1128 4383 1474 4449 intclligeres.
1524 4384 1613 4436 Ab
1654 4384 1878 4437 exordio

171 4487 384 4538 precum
415 4476 637 4525 tuarum
685 4487 931 4538 egressus
975 4476 1054 4525 est
1111 4487 1301 4537 sermo,
1338 4487 1517 4541 usque
1569 4471 1639 4524 ad
1688 4472 1874 4525 locum

174 4560 264 4612 ubi
295 4560 397 4612 tali
448 4560 851 4629 prosecutione
890 4561 1065 4612 ﬁnem
1105 4560 1383 4613 conclusit
1418 4576 1429 4612 :
1466 4562 1535 4614 El
1562 4565 1686 4629 post
1744 4561 1876 4613 heb-

173 4647 433 4701 domadas
480 4650 771 4712 sexaginta
819 4646 956 4701 duas
986 4648 1256 4701 occidetur
1306 4649 1573 4714 Christus,
1625 4653 1674 4702 et
1733 4650 1874 4702 civi-

178 4741 333 4789 tatem
386 4741 436 4789 el
491 4738 866 4789 sancta/trium
929 4736 1223 4804 dissipabit
1274 4737 1507 4805 populus
1565 4752 1684 4789 cum
1746 4736 1878 4790 duce

174 4830 413 4887 renturo,
448 4830 499 4877 el
530 4824 661 4883 ﬁnis
692 4826 805 4893 ejus
854 4828 1105 4890 vastitas,
1138 4831 1187 4878 et
1232 4831 1353 4893 post
1393 4825 1557 4887 ﬁnem
1587 4827 1712 4878 (ulli
1759 4830 1875 4878 sla-

176 4914 289 4963 luta
333 4913 618 4966 desolatio.
666 4912 827 4966 Vides
876 4914 1030 4983 quod
1086 4919 1215 4984 post
1266 4913 1614 4967 occisionem
1668 4913 1876 4968 Christi

176 5000 551 5055 vastationem
577 5002 842 5055 omnibus
868 5002 1076 5056 Judasis
1093 5001 1313 5072 pellicit
1340 5001 1631 5071 Scriptura
1663 5002 1873 5056 divina.

175 5083 237 5135 Et
268 5085 309 5136 si
366 5086 553 5139 adhuc
604 5087 913 5153 Christum,
966 5088 1020 5141 id
1052 5093 1137 5140 est
1184 5086 1463 5151 Messiam,
1522 5088 1874 5156 exspectatis,

176 5174 434 5242 profecto
474 5175 662 5228 adhuc
689 5175 1100 5229 desolationem
1147 5175 1426 5245 majorem
1458 5174 1659 5229 timere
1698 5175 1878 5230 debe-

181 5261 287 5315 tis:
332 5263 468 5332 quia
521 5279 639 5317 non
669 5263 826 5317 vobis
883 5264 1357 5335 redemptionem,
1405 5267 1469 5317 ut
1518 5279 1721 5320 vanam
1754 5264 1876 5334 Opi-

179 5349 327 5402 natis
348 5352 595 5420 pollicit,
625 5352 720 5405 sed
748 5353 1123 5407 vastationem
1156 5353 1225 5407 ab
1252 5353 1374 5423 ejus
1411 5352 1653 5407 adventu
1695 5368 1877 5423 usque

243 5499 267 5524 ι
309 5496 433 5546 Dies
466 5496 661 5548 mullos
694 5495 900 5550 desunt
939 5496 997 5549 in
1034 5497 1128 5549 Ms.

246 5563 271 5603 δ
315 5563 373 5615 Ρ.
407 5565 476 5617 ad
508 5572 739 5632 tempus.

1985 4388 2173 4436 tarum
2205 4382 2379 4435 libros
2422 4382 2734 4452 potuissem
2764 4381 3031 4452 probare.
3086 4380 3194 4435 Sed
3240 4379 3375 4450 quia
3416 4379 3522 4433 etsi
3577 4394 3680 4432 ve-

1984 4471 2101 4526 raci
2146 4470 2411 4540 virilique
2460 4470 2770 4523 assertione
2813 4470 3148 4539 probentur,
3199 4472 3395 4521 tamen
3451 4467 3681 4520 ﬁdelem

1986 4559 2304 4613 auditorem
2340 4559 2671 4628 requirunt;
2713 4558 2842 4611 ideo
2880 4574 2994 4611 non
3027 4572 3235 4627 magna
3265 4572 3436 4625 opere
3480 4555 3539 4608 in
3568 4570 3681 4608 nu-

1984 4663 2275 4701 merorum
2310 4647 2393 4699 vel
2424 4646 2837 4716 imperatorum
2878 4651 3157 4715 tempora,
3208 4645 3541 4697 laciniosam
3589 4642 3677 4695 in-

1985 4742 2199 4789 struam
2234 4735 2502 4798 fabulam,
2549 4736 2647 4787 sed
2679 4734 2928 4787 breviter
2958 4733 3210 4803 tetigisse
3242 4732 3507 4796 sufﬁciat,
3537 4729 3679 4800 quid

1984 4825 2164 4878 nostri
2205 4824 2335 4876 inde
2386 4838 2612 4876 sensere
2656 4822 2933 4890 majores;
2982 4827 3039 4874 et
3077 4826 3193 4875 ate
3226 4820 3475 4873 fraterno
3520 4832 3679 4870 more

1984 4911 2296 4981 inquirere,
2331 4911 2470 4981 quid
2501 4911 2635 4964 inde
2665 4915 2977 4964 tractavere
3030 4924 3294 4979 proceres
3316 4908 3635 4975 Syuagogaa
3663 4920 3676 4958 :

1985 5004 2047 5053 ut
2075 5003 2130 5052 et
2168 4999 2307 5052 mihi
2349 5000 2513 5052 liceat
2540 5014 2704 5052 nosse
2730 4999 2883 5069 quod
2922 5013 3123 5051 verum
3155 5001 3259 5063 est,
3291 5000 3346 5048 et
3372 4994 3476 5047 tibi
3506 4993 3683 5046 libeat

1983 5087 2289 5157 reprobare
2318 5087 2471 5158 quod
2525 5087 2730 5141 falsum
2765 5091 2862 5141 est.
2893 5086 3038 5139 Illud
3093 5100 3266 5157 quam
3300 5082 3546 5136 maxime
3576 5097 3681 5151 po-

1984 5192 2164 5243 scens,
2198 5186 2261 5230 ut
2299 5176 2421 5229 sine
2468 5176 2618 5230 fellis
2659 5175 3046 5229 amaritudine
3088 5173 3229 5227 mihi
3261 5172 3504 5225 disseras
3544 5170 3681 5240 quid

1984 5264 2213 5335 prodest
2244 5280 2428 5319 nosse.
2466 5265 2530 5319 Et
2556 5269 2674 5318 tam
2704 5264 2847 5318 illud
2872 5261 3024 5333 quod
3056 5276 3089 5315 a
3110 5259 3282 5315 Jacob
3311 5258 3471 5312 Judse
3502 5257 3528 5293 ιι
3558 5274 3685 5329 pro-

1983 5353 2091 5407 tuli
2112 5352 2500 5420 benedictum,
2530 5369 2704 5424 quam
2735 5352 2905 5405 etiam
2939 5349 3094 5421 quod
3127 5365 3158 5401 a
3187 5346 3421 5401 Daniele
3456 5346 3682 5418 profes-

2055 5502 2076 5527 θ
2114 5494 2237 5561 Ms,
2270 5496 2341 5547 si.

2054 5565 2080 5606 ά
2120 5566 2245 5631 Ms.,
2272 5580 2435 5634 quam
2464 5580 2498 5617 a
2526 5564 2686 5617 Iacob
2706 5561 2858 5632 jube.
