4022 6178
400 273 504 328 483

1764 260 2011 319 ALVARI
2055 260 2526 321 CORDUBENSIS
3780 265 3869 320 484

404 428 530 465 sum
579 408 984 480 prophetarum
1029 412 1071 469 δ,
1108 402 1397 456 discrtiori
1442 402 1587 471 stylo
1616 402 1776 472 juxta
1807 401 1959 471 quod
1994 400 2097 453 tibi
2136 403 2178 454 A
2207 399 2513 454 Zorobabel
2549 400 2618 453 ad
2652 415 2826 469 quem
2855 415 3041 453 sermo
3064 398 3331 469 dirigitur
3373 399 3433 453 in
3470 416 3649 454 manu
3677 404 3869 471 Aggaei.

403 499 631 553 videtur
681 493 1138 565 exponendum:
1193 491 1279 543 vel
1347 490 1662 543 secundum
1711 490 1861 560 quod
1914 507 1947 543 a
1999 492 2093 543 Ju-

403 589 655 641 daeorum
713 582 1044 637 doctoribus
1090 584 1268 633 exstat
1321 579 1661 649 expositum,
1718 596 1832 631 non
1888 594 2097 631 renuas

403 674 629 728 amicali
656 671 844 725 studio
888 670 1029 723 mihi
1062 669 1308 721 scribere
1339 672 1544 720 totum.
1578 667 1722 731 Quia
1752 667 1887 720 licet
1918 667 2098 720 multa

402 768 460 817 et
488 762 760 833 praeclara
789 760 1120 813 testimonia
1153 763 1265 811 tam
1296 756 1481 823 nobis,
1516 772 1688 825 quam
1715 754 1871 808 vobis
1901 753 2099 807 conni-

401 850 613 915 bentia,
636 848 1052 919 prophetarum
1080 847 1410 900 contineant
1433 845 1595 908 dicta,
1622 850 1814 896 tamen
1839 842 2049 895 uniwr
2068 860 2097 895 ει

402 938 621 992 utiliter
638 935 1065 1002 trutinata,'non
1090 934 1230 987 mihi
1255 933 1519 986 videntur
1540 933 1625 984 vel
1649 931 1811 985 nobis
1834 932 1921 984 vel
1940 932 2100 983 vobis

403 1043 503 1079 ora
549 1025 908 1093 confringere
959 1028 1138 1093 petra,
1188 1023 1275 1076 vel
1302 1023 1505 1074 chamo
1554 1020 1914 1089 confringere
1976 1035 2095 1071 ora.

403 1113 535 1165 Sola
570 1113 691 1165 hmc
718 1112 797 1164 ita
841 1111 1208 1180 proferuntur
1252 1109 1564 1179 praevalida
1591 1150 1604 1173 ,
1651 1113 1712 1160 ut
1756 1125 1859 1161 nec
1891 1107 2099 1160 mutire

402 1201 569 1254 liceat
597 1200 881 1268 alicuique
914 1204 1240 1251 nostrorum
1272 1202 1403 1269 post
1433 1198 1640 1251 horum
1684 1195 2099 1267 expositionem

403 1293 752 1358 perceptam.
797 1287 856 1341 Si
888 1304 1016 1340 vero
1064 1287 1211 1339 hanc
1250 1286 1663 1354 expositionem
1712 1284 2098 1351 refutandam,

407 1393 542 1431 nam
591 1393 705 1430 non
764 1376 1041 1446 praevides
1100 1392 1219 1428 esse
1282 1374 1655 1445 sequendam,
1714 1374 1853 1444 quid
1911 1372 2102 1443 potius

404 1465 721 1519 tenendum
754 1469 835 1517 est
889 1464 1025 1517 elice
1072 1480 1175 1534 per
1228 1480 1498 1516 mansura
1545 1463 1858 1516 robustiori
1904 1478 2101 1531 prose-

406 1554 635 1607 cutione
661 1560 894 1605 asserta.
930 1553 993 1605 Et
1030 1551 1149 1605 noli
1188 1556 1412 1604 tantum
1462 1552 1646 1603 verbis
1696 1551 1860 1603 nudis
1904 1566 2102 1619 repro-

406 1643 536 1695 bam
578 1642 740 1694 istam
776 1641 1076 1706 aedificare,
1121 1642 1211 1693 sed
1247 1644 1548 1709 postquam
1599 1640 1854 1708 probiter
1910 1639 2102 1691 firma-

404 1730 552 1783 veris
584 1729 748 1782 istam
780 1729 980 1781 falsam
1030 1729 1289 1793 existere,
1325 1729 1495 1781 aliam
1535 1728 1813 1797 producas
1865 1743 1993 1796 quae
2048 1725 2104 1778 in

406 1835 464 1872 se
522 1817 846 1887 gradientes
907 1834 1021 1870 non
1070 1817 1220 1870 sinat
1277 1832 1544 1870 enarrare
1604 1818 1649 1881 ι),
1697 1820 1759 1869 ut
1803 1820 1859 1868 et
1908 1814 2104 1868 adver-

406 1908 619 1959 sarium
647 1906 859 1971 vincas,
894 1911 950 1959 et
980 1906 1226 1958 amicum
1262 1906 1339 1958 ita
1371 1910 1432 1958 ut
1480 1904 1823 1974 discipulum
1880 1904 2100 1957 doceas.

406 1994 550 2065 Opto
583 2000 635 2046 te
668 2010 893 2063 semper
921 1994 1063 2049 bene
1096 1993 1305 2057 valere,
1338 1992 1815 2045 reverendissime
1856 1996 1913 2045 et
1968 1992 2107 2045 dile-

408 2082 677 2148 ctissime,
708 2088 913 2135 natura
945 2097 1057 2134 non
1091 2080 1200 2135 ﬁde
1227 2082 1419 2135 frater.
1456 2081 1625 2134 Finit.

552 2326 885 2365 RESCRIPTUM
926 2326 1385 2363 TRANSGRESSORIS
1423 2326 1630 2365 ALVARO
1664 2325 1941 2363 DIRECTUM.

483 2434 695 2487 Dilecto
730 2433 873 2486 mihi
902 2436 1122 2486 ALV’ARO
1166 2434 1429 2486 ELEAZAR.

484 2521 795 2590 Scripsistis
826 2521 1011 2590 mihi,:
1033 2539 1064 2574 ο
1091 2522 1265 2574 homo
1301 2522 1471 2586 bone,
1506 2522 1751 2591 qualiter
1782 2538 1887 2591 ego
1915 2538 2109 2592 proce-

411 2625 616 2680 resque
657 2625 795 2662 mem
857 2611 1173 2680 Synagogte
1224 2610 1635 2679 intelligimus:
1682 2612 1797 2665 Non
1828 2613 2109 2675 auferetur

411 2702 680 2765 sceptrum
712 2697 777 2750 de
804 2698 965 2762 Juda,
1003 2703 1052 2751 et
1084 2698 1200 2751 diti:
1243 2698 1306 2750 dc
1335 2699 1629 2763 femoribus
1677 2699 1813 2765 ejus,
1859 2705 1917 2751 et
1975 2698 2107 2751 reli-

413 2802 546 2855 qua.
593 2788 707 2840 Hoc
758 2786 910 2839 enim
967 2787 1135 2840 nobis
1183 2788 1303 2839 luce
1352 2786 1557 2839 clarius
1610 2792 1713 2840 est.
1772 2787 1831 2839 Si
1862 2786 2015 2839 enim
2049 2786 2107 2839 in

413 2873 850 2943 praesentiarum
926 2875 1170 2938 adesses,
1249 2874 1664 2941 interrogarem
1738 2879 1793 2927 te
1878 2874 2106 2944 qualem

2202 490 2397 542 Factus
2435 494 2513 542 est
2539 504 2708 542 sermo
2755 492 2969 542 Domini
3010 488 3068 542 in
3112 505 3277 541 manu
3323 491 3517 559 Aggaei
3563 492 3623 543 in
3666 491 3873 543 secundo

2205 592 2345 631 anno
2378 580 2553 643 Darii,
2596 578 2669 631 ad
2727 578 3014 631 Zorobabel
3053 579 3227 645 filium
3278 578 3523 641 Salatiel,
3590 578 3767 632 ducem
3792 582 3871 631 Ju-

2206 666 2305 731 dw,
2339 670 2389 719 et
2438 666 2510 718 ad
2554 668 2733 719 Iesum
2780 667 2954 733 ﬁlium
2997 666 3210 719 Josedec
3254 666 3583 719 sacerdotem
3646 682 3875 733 magnum

2208 755 2367 823 (Agg.
2408 755 2469 819 ι).
2519 754 2685 807 Vides
2725 755 2859 825 quia
2893 755 2962 808 de
3009 754 3181 807 Tribu
3213 755 3358 807 Juda
3401 770 3699 823 nunquam
3729 755 3876 808 duces

2206 848 2515 897 cessarunt.
2553 844 2732 896 Etiam
2757 844 2814 895 in
2845 843 3169 912 captivitate
3202 843 3373 912 positi
3404 843 3587 896 tribus
3621 844 3715 895 illa
3752 861 3877 911 prae-

2206 930 2482 984 lationem
2527 947 2826 1001 nunquam
2875 930 3082 983 amisit.
3137 930 3299 994 Quod
3344 947 3476 983 vero
3537 948 3682 984 novo
3722 933 3876 985 uteris

2206 1024 2565 1089 argumento,
2601 1036 2860 1073 asserens
2896 1020 2954 1072 in
2996 1020 3230 1073 Hebraeo
3264 1035 3381 1072 non
3412 1019 3489 1072 ita
3522 1020 3750 1083 habere,
3796 1020 3878 1071 sed

2206 1109 2333 1161 aliis
2360 1108 2719 1161 sermonibus
2752 1109 2931 1161 multo
2966 1107 3121 1160 aliud
3168 1106 3511 1177 signiﬁcare,
3560 1108 3734 1160 miror
3782 1114 3879 1160 tua:

2207 1196 2547 1250 eruditionis
2575 1196 2633 1248 in
2670 1196 2902 1249 Hebraea
2950 1196 3148 1265 lingua
3174 1201 3291 1248 tam
3326 1196 3480 1249 velox
3516 1195 3741 1264 peritia,
3796 1198 3881 1264 qui

2209 1290 2336 1355 post
2373 1285 2731 1353 octingentos
2777 1285 3161 1354 quadraginta
3207 1300 3390 1337 annos
3427 1284 3761 1339 Iudaeorum
3808 1284 3881 1337 ni-

2210 1372 2348 1425 teris
2385 1373 2682 1426 consolare
2732 1373 3079 1438 vecordiam,
3135 1390 3265 1444 quae
3314 1380 3444 1427 ante
3495 1388 3791 1442 nunquam
3834 1373 3881 1423 in

2212 1476 2409 1514 earum
2441 1477 2637 1514 sensus
2667 1477 2892 1514 venere.
2926 1462 3084 1515 Soliti
3114 1464 3267 1515 enim
3311 1466 3475 1515 erant
3515 1477 3713 1531 regem
3756 1461 3885 1513 ultra

2214 1565 2370 1603 mare
2401 1550 2714 1619 inquirere,
2755 1567 2872 1604 non
2902 1550 3069 1603 verba
3119 1551 3431 1621 prophetia
3462 1551 3577 1603 alia
3625 1550 3885 1617 interpre-

2214 1638 2427 1691 tatione
2459 1639 2805 1692 subvertere.
2852 1640 2993 1692 Nam
3028 1639 3075 1690 si
3099 1640 3205 1691 hoc
3234 1640 3293 1692 in
3328 1640 3565 1692 Hebraeo
3602 1639 3710 1691 iter
3750 1637 3888 1692 Seber

2215 1732 2270 1779 ct
2297 1727 2564 1781 Amohkec
2594 1736 2634 1791 ο,
2668 1727 2767 1797 qui
2797 1732 2961 1781 sonat
3016 1728 3210 1781 Latine
3260 1728 3433 1781 tribus
3464 1732 3523 1780 et
3562 1726 3745 1780 doctor
3802 1728 3884 1778 ha-

2215 1816 2414 1881 betur;
2449 1832 2550 1869 cur
2592 1832 2696 1885 per
2740 1815 2849 1869 ista
2886 1821 2972 1869 tot
3024 1832 3308 1869 annorum
3360 1816 3545 1885 spatia
3598 1814 3759 1867 nobis
3790 1830 3887 1866 non

2216 1909 2397 1957 exstat
2424 1905 2773 1981 oppositum,
2798 1920 2925 1957 cum
2976 1921 3172 1974 regem
3198 1904 3279 1957 vel
3304 1904 3507 1957 ducem
3531 1903 3643 1957 sibi
3664 1903 3886 1957 fateren-

2214 1997 2308 2045 tur
2335 1997 2493 2045 trans
2522 1998 2785 2061 pontum,
2817 2009 2945 2045 cum
2992 1993 3229 2046 liberior
3250 1992 3329 2045 eis
3360 1996 3415 2045 et
3440 1991 3759 2061 expeditior
3794 1990 3887 2041 im-

2215 2080 2461 2133 mineret
2498 2080 2756 2143 assertio,
2815 2086 2874 2132 ut
2918 2079 3193 2145 dicerent,
3240 2081 3349 2133 hoc
3408 2096 3523 2132 non
3574 2078 3770 2132 haberi
3804 2093 3886 2146 pe-

2214 2169 2368 2222 nitus
2402 2169 2459 2221 in
2514 2170 2792 2221 Hebraeo:
2851 2167 2958 2221 nisi
3006 2168 3246 2222 forsitan
3273 2175 3330 2222 tu
3375 2169 3552 2222 homo
3612 2167 3797 2220 Gallus
3841 2166 3889 2217 in

2214 2272 2413 2309 eorum
2454 2256 2655 2309 litteris
2686 2256 3012 2310 intellexisti
3057 2258 3210 2327 quod
3242 2274 3505 2327 proceres
3570 2256 3891 2325 ignorabant

2213 2344 2487 2398 hactenus
2528 2345 2867 2415 Synagogze,
2903 2350 2959 2398 et
3005 2346 3065 2397 in
3098 2345 3386 2398 Hebraicis
3438 2345 3643 2398 litteris
3699 2342 3891 2396 invenit

2218 2434 2445 2486 Latinus
2486 2432 2637 2502 quod
2685 2434 2974 2486 nesciebat
3027 2433 3317 2487 Hebraeus.
3352 2434 3491 2486 Vere
3534 2433 3754 2486 frivolae
3799 2432 3890 2483 liu-

2209 2522 2370 2591 jusce
2417 2522 2870 2591 investigationis
2914 2521 3173 2587 assertio,
3224 2522 3359 2574 fidei
3422 2521 3784 2575 retundenda
3824 2524 3895 2570 est

2215 2610 2461 2674 calculo;
2496 2614 2609 2662 tam
2657 2610 2809 2662 enim
2843 2609 3173 2663 doctoribus
3219 2610 3427 2663 nostris
3459 2628 3487 2661 a
3540 2610 3743 2663 vestris
3791 2623 3892 2660 ma-

2211 2698 2453 2767 joribus,
2487 2714 2660 2767 quam
2704 2698 2877 2751 etiam
2926 2698 3090 2751 nobis
3123 2700 3204 2751 nil
3251 2698 3399 2752 aliud
3434 2699 3660 2751 edicere
3703 2696 3897 2749 soleba-

2216 2787 2307 2850 tis,
2343 2786 2452 2838 nisi
2476 2801 2665 2855 regem
2698 2786 2857 2839 vobis
2885 2786 2952 2839 de
2993 2786 3387 2839 transmarinis
3428 2788 3725 2857 inquirere
3755 2784 3891 2838 locis.

2218 2876 2444 2928 Discute
2482 2875 2651 2943 hujus
2685 2874 3037 2928 admirabilis
3086 2875 3626 2943 interpretationem
3655 2873 3895 2944 [doctoris

415 2966 701 3031 sceptrum
757 2961 1007 3015 habuere
1054 2961 1157 3013 filii
1208 2962 1446 3030 Israhel,
1504 2964 1588 3015 vel
1640 2979 1809 3033 quem
1879 2964 2106 3031 ducem,
2146 2987 2185 3042 ο
2218 2963 2391 3016 nostri
2426 2962 2774 3031 Hieronymi,
2808 2967 2864 3016 et
2889 2979 2958 3015 ex
2989 2963 3109 3015 aliis
3140 2963 3279 3016 locis
3319 2963 3748 3033 Scripturarum
3786 2976 3892 3013 eam

415 3051 540 3104 illos
571 3051 930 3120 septuaginta
974 3066 1155 3103 annos
1204 3051 1433 3120 quando
1466 3050 1625 3105 fuere
1668 3051 1730 3105 in
1773 3068 1945 3122 cap...
2000 3052 2109 3105 Na-

416 3139 859 3192 buchodonosor
889 3143 944 3191 et
972 3138 1115 3191 sicut
1147 3142 1261 3192 tua.

488 3228 927 3295 (Quatuordecim
960 3230 1018 3279 in
1064 3229 1161 3281 hac
1185 3230 1392 3295 pagina
1422 3229 1504 3281 ita
1531 3229 1739 3282 abrasw
1779 3233 1907 3281 sunt
1938 3229 2107 3288 linea},

413 3303 475 3351 ut
518 3314 610 3351 nec
657 3301 877 3351 verbum
924 3314 1088 3350 unum
1149 3300 1253 3363 legi
1297 3301 1488 3367 possit.
1537 3300 1742 3352 Folium
1789 3300 2111 3365 subsequens

415 3372 653 3422 exsecuit
709 3383 986 3436 possessor
1044 3369 1267 3433 codicis,
1326 3384 1391 3421 ne
1431 3372 1846 3435 transgressoris
1902 3369 2109 3423 delira-

414 3445 594 3491 menta
625 3440 968 3505 legerentur.)

1194 3526 1323 3577 XVI.

634 3646 755 3682 lTEM
808 3645 1061 3683 EPISTOLA
1102 3646 1297 3683 ALVABI
1337 3645 1621 3685 ELEAZARO
1660 3647 1898 3685 DIREC’I‘A.

492 3754 704 3806 Dilecto
739 3754 1022 3806 ELEAZARO
1060 3755 1333 3807 ALVARUS.

492 3845 540 3894 l.
601 3841 1006 3911 Responsionis
1061 3846 1196 3907 tute,
1250 3841 1724 3895 reverendissime
1777 3842 1972 3906 frater,
2030 3842 2115 3895 lit-

417 3936 567 3985 teras
598 3930 745 3999 ‘legi,
797 3935 852 3983 ct
884 3934 1233 4000 praepostero
1294 3930 1495 3983 ordine
1544 3930 1924 3984 invectionem
1973 3930 2114 3983 mihi

416 4020 588 4073 latam
621 4019 877 4088 probavi.
913 4019 1275 4087 Objectiones
1305 4018 1458 4072 enim
1496 4035 1637 4072 meae
1678 4019 1916 4071 minime
1962 4024 2113 4072 exte-

417 4112 610 4159 nuatae
641 4106 911 4170 existunt,
947 4122 1052 4158 nec
1087 4107 1395 4175 unicuique
1426 4107 1775 4175 appositioni
1818 4108 2112 4176 responsio

418 4194 585 4247 obvia
616 4193 767 4246 fuit:
819 4194 915 4247 sed
960 4199 1180 4246 tantum
1235 4194 1452 4246 animas
1506 4197 1563 4247 in
1611 4210 1860 4263 praeceps
1904 4196 2113 4264 stylum

417 4281 815 4349 blasphemum
890 4281 1081 4349 gessit,
1115 4286 1170 4333 ct
1221 4282 1539 4350 Synagogm
1592 4282 1834 4351 scriptor
1894 4284 2116 4336 Iudaica

419 4366 664 4419 confecit
708 4368 1025 4436 opuscula;
1074 4367 1165 4420 cui
1216 4384 1320 4420 nos
1375 4374 1571 4437 utpote
1618 4370 1939 4425 Christicoli
1997 4387 2115 4424 non

418 4457 725 4510 verborum
759 4458 1129 4510 faleratorum
1154 4456 1343 4525 jacula
1365 4458 1665 4527 jaciemus,
1709 4461 1806 4513 sed
1835 4466 2029 4530 aperte
2062 4466 2117 4514 et

419 4562 561 4617 pure
593 4546 847 4598 veritatis
879 4547 1139 4615 regulam
1191 4546 1555 4617 indagemus.
1615 4549 1782 4601 Miror
1836 4556 2028 4603 tamen
2062 4556 2115 4603 te

419 4633 764 4704 prudentem
788 4633 995 4698 virum,
1030 4639 1085 4687 et
1111 4640 1173 4688 ut
1200 4635 1378 4703 stylus
1412 4637 1691 4705 approbat
1727 4638 2114 4692 eruditionum

422 4720 743 4775 liberalium
775 4721 1036 4790 apprime
1068 4721 1375 4787 imbutum,
1413 4728 1528 4775 tam
1553 4724 1800 4777 tenuiter
1842 4730 1891 4777 te
1915 4726 2119 4795 opina-

422 4826 552 4863 vere
584 4809 641 4862 in
691 4809 860 4862 rebus
904 4811 1181 4863 duntaxat
1229 4810 1459 4881 divinis,
1511 4818 1573 4865 ut
1625 4814 1987 4884 septuaginta
2020 4832 2119 4869 an-

422 4914 632 4952 norum
687 4899 1069 4967 captivitatem
1123 4899 1292 4953 unius
1352 4901 1503 4971 regis
1559 4904 1959 4956 tantummodo
2006 4905 2120 4957 vita

427 4991 509 5040 tot
556 4985 844 5055 tantisque
878 4987 1231 5055 temporibus
1292 4988 1412 5058 jam
1452 4990 1749 5042 transactis
1796 4991 2122 5060 equiperari

426 5077 673 5129 studeas.
717 5075 1021 5145 Nunquam
1056 5092 1126 5129 ex
1155 5076 1303 5129 tribu
1340 5077 1489 5132 Juda
1517 5078 1709 5146 duces,
1758 5080 1843 5131 vel
1902 5086 2123 5150 sceptra

427 5171 720 5220 cessarunt
760 5166 996 5237 regalia,
1047 5168 1185 5237 quia
1235 5168 1513 5234 Jeconias,
1577 5170 1673 5239 qui
1726 5170 1787 5221 in
1836 5170 2122 5240 Babylone

429 5254 632 5309 ductus
672 5259 777 5319 est,
812 5254 994 5309 tilium
1028 5256 1228 5309 habuit
1282 5256 1530 5321 Salatiel,
1581 5257 1648 5310 de
1693 5274 1807 5328 quo
1844 5264 2009 5312 natus
2039 5263 2123 5312 est

500 5403 525 5427 ⁸
564 5395 727 5466 Forte
746 5398 1027 5464 professus
1054 5411 1173 5451 sum
1199 5396 1608 5466 prophetarum.

500 5466 526 5506 ι)
564 5465 732 5519 Forte
756 5482 957 5520 errare.

2220 3052 2462 3122 probare
2494 3050 2541 3103 si
2572 3051 2729 3104 velis.

2288 3144 2339 3193 2.
2401 3139 2507 3194 Sed
2574 3139 2911 3210 priusquam
2979 3140 3250 3210 incipiam
3310 3140 3672 3209 singulorum
3733 3140 3893 3193 inter-

2218 3234 2446 3298 pretum
2487 3228 2763 3281 editiones
2807 3229 3087 3296 conferre,
3150 3245 3455 3299 zequumne
3511 3229 3620 3282 tibi
3680 3236 3779 3295 est,
3826 3228 3897 3280 vir

2219 3317 2388 3382 bone,
2424 3322 2485 3369 ut
2514 3332 2629 3369 non
2660 3318 2844 3369 solum
2882 3318 3196 3383 absentem,
3237 3334 3432 3370 verum
3473 3318 3649 3370 etiam
3684 3319 3899 3388 quietu-

2220 3404 2353 3458 dine
2379 3410 2591 3457 aeterna
2610 3405 2918 3470 fruentem,
2972 3406 3049 3458 ita
3095 3406 3313 3458 caninis
3355 3406 3647 3459 morsibus
3696 3407 3900 3460 lanies?

2220 3492 2307 3546 Sic
2337 3500 2390 3545 te
2421 3492 2616 3545 docuit
2654 3494 2870 3563 Moyses
2902 3494 3195 3561 legiferus,
3232 3500 3292 3546 ut
3349 3494 3749 3547 testimonium
3789 3510 3899 3546 ocu-

2220 3580 2288 3633 lis
2346 3597 2458 3633 non
2512 3581 2820 3650 probatum
2878 3598 3050 3652 super
3088 3582 3381 3635 absentem
3429 3598 3624 3635 coram
3676 3581 3899 3636 arbitros

2222 3669 2500 3738 proferas,
2533 3674 2587 3721 et
2624 3686 2795 3738 quem
2831 3670 2937 3722 scis
2991 3674 3291 3739 parentum
3325 3669 3543 3740 praedia
3589 3670 3898 3740 reliquisse,

2224 3758 2309 3811 vel
2366 3771 2503 3825 opes
2558 3758 2767 3826 largas,
2827 3774 3021 3810 amore
3080 3757 3339 3826 pecuniae
3398 3758 3551 3810 dicas
3597 3756 3901 3828 injectum?

2222 3861 2448 3898 necnon
2481 3849 2537 3898 et
2565 3845 2897 3899 lividinibus
2928 3846 3118 3915 arguis
3139 3845 3326 3898 virum
3358 3846 3531 3899 etiam
3570 3846 3902 3900 conscientia

2224 3939 2464 3999 castum,
2509 3934 2606 4002 qui
2649 3934 2721 3987 ob
2754 3933 3099 4004 virginitatis
3146 3934 3399 3988 studium
3438 3934 3687 4003 jejunia.
3744 3951 3902 4005 squa-

2224 4022 2422 4089 lorem,
2476 4022 2563 4074 vel
2611 4022 3027 4075 oblectamenta
3076 4022 3456 4076 mundialium
3496 4026 3691 4094 respui
3742 4026 3901 4079 facul-

2223 4116 2398 4164 tatem
2417 4110 2444 4164 ?
2475 4110 2582 4173 Qui
2604 4111 2757 4163 enim
2781 4127 2883 4163 sua
2905 4111 3140 4177 dimisit,
3171 4112 3416 4181 qualiter
3445 4129 3704 4167 amorem
3746 4128 3900 4182 pecu-

2224 4199 2335 4253 nia:
2367 4199 2549 4253 aliena
2605 4198 2913 4268 quaesivit?
2942 4201 3020 4253 Tu
3060 4216 3214 4265 vero,
3248 4200 3326 4252 mi
3382 4200 3573 4265 frater,
3625 4200 3901 4272 quomodo

2225 4288 2399 4341 alium
2431 4288 2693 4340 incusare
2725 4304 2841 4340 non
2876 4288 3101 4341 dubitas
3142 4289 3199 4340 in
3232 4304 3351 4341 rem
3386 4305 3555 4359 quam
3596 4291 3703 4344 tibi
3738 4291 3901 4343 abun-

2224 4376 2383 4429 dasse
2436 4376 2495 4428 in
2541 4376 2810 4445 dogmate
2854 4381 3048 4428 nostro
3092 4376 3357 4430 omnibus
3403 4378 3681 4440 clamitas,
3736 4379 3810 4432 ita
3850 4383 3905 4429 ut

2225 4465 2437 4534 passim
2496 4480 2597 4533 per
2648 4465 3003 4517 diversarum
3068 4465 3414 4517 feminarum
3474 4467 3807 4519 concubitus
3852 4465 3903 4515 in

2226 4554 2439 4623 templo
2481 4558 2673 4605 nostro
2719 4557 2771 4605 te
2815 4552 3025 4621 glories
3056 4553 3246 4606 dulces
3295 4554 3396 4606 tibi
3456 4554 3709 4607 habuere
3757 4569 3903 4606 com—

2227 4642 2435 4711 plexus.
2491 4643 2614 4710 Ipse
2649 4641 2881 4709 abyssus
2932 4641 3183 4693 scientiae
3214 4646 3270 4694 et
3328 4641 3615 4695 inadibilis
3674 4656 3905 4695 oceanus

2230 4728 2629 4798 Hieronymus,
2677 4729 2724 4781 si
2762 4729 2931 4782 hodie
2962 4734 3301 4799 superesset,
3332 4735 3387 4783 te
3428 4731 3595 4799 plane
3641 4730 3905 4801 respirare

2228 4831 2346 4867 non
2370 4814 2602 4881 sineret,
2638 4816 2734 4869 sed
2761 4817 2942 4886 spinis
2976 4818 3180 4887 quibus
3224 4820 3541 4887 contegeris
3605 4819 3902 4878 enudaret;

2229 4908 2283 4957 et
2332 4904 2495 4973 quasi
2534 4904 2730 4970 victor,
2782 4909 2847 4958 ut
2880 4905 3079 4959 solitus
3135 4910 3255 4959 erat
3287 4906 3356 4959 de
3388 4907 3655 4959 omnibus
3715 4906 3905 4960 trium-

2228 4993 2425 5063 phare,
2467 4997 2565 5045 aut
2614 4994 2671 5045 in
2707 5009 2873 5046 suum
2904 4999 2959 5046 te
2997 4994 3300 5048 deduceret
3330 5011 3560 5064 agmen,
3593 5002 3693 5049 aut
3733 5000 3787 5047 te
3829 5008 3905 5046 se—

2231 5081 2505 5134 mivivum
2565 5083 2620 5135 in
2664 5087 2843 5135 terras
2894 5082 3120 5135 ultimas
3148 5088 3501 5152 aspostaret:
3536 5101 3599 5137 ac
3628 5091 3681 5137 te
3739 5083 3908 5153 philo-

2232 5169 2544 5239 sophorum
2603 5171 2689 5224 vel
2737 5171 3065 5225 Iudaeorum
3119 5172 3465 5241 gloriantem
3520 5172 3789 5226 doctrinis
3840 5172 3907 5222 ita

2231 5258 2518 5327 dejiceret,
2570 5263 2633 5312 ut
2684 5260 2851 5312 solita
2903 5260 3221 5313 constantia
3278 5260 3381 5313 tibi
3431 5261 3527 5314 illa
3573 5260 3744 5315 verba
3796 5273 3909 5312 can-

2302 5407 2322 5433 °
2354 5400 2484 5470 Leg.
2509 5401 2667 5455 Sabet
2691 5404 2741 5454 et
2769 5401 3062 5456 Amhokek.
