4098 6180
219 267 300 320 483
1726 261 1769 318 Ε
1780 262 1869 318 PIS

1981 259 2098 317 UE.

3563 259 3668 316 486

217 404 338 451 taret
373 414 384 450 :
432 395 674 448 habesne
721 395 869 447 ultra
921 409 1037 462 quo
1091 409 1294 446 nervos
1342 393 1702 463 loquacitatis
1753 400 1864 446 tuae
1904 399 1948 448 A
1978 409 2151 463 quam
2180 393 2381 446 falsam
2417 392 2656 462 probare
2687 393 2915 462 satagis,
2957 388 3332 462 Septuaginta
3379 392 3664 463 Interpre-

216 483 488 539 extendas?

272 576 314 627 3.
361 571 696 624 Veniendum
747 586 895 623 nunc
932 573 1017 622 est
1047 569 1117 622 ad
1163 569 1442 623 editiones
1489 569 1864 639 Septuaginta

217 664 580 730 interpretum,
631 664 685 711 et
727 675 894 728 parva
927 659 1176 727 capitula
1225 658 1469 726 exempli
1510 675 1679 710 causa
1727 659 1866 711 sub-

213 750 450 804 dendum.
499 749 560 800 In
587 746 853 800 Zacharia
883 747 1038 798 enim
1076 746 1218 814 (cap.
1253 745 1331 814 χι)
1365 745 1444 797 ita
1493 745 1867 816 Septuaginta

214 839 270 892 ad
315 839 484 890 locum
537 837 766 890 dixere:
813 837 872 890 Si
930 835 1124 888 bonum
1176 839 1253 888 est
1304 850 1484 887 coram
1521 835 1691 898 vobis,
1744 835 1868 888 date

212 926 469 979 mercedem
504 925 662 990 mihi,
709 928 803 975 aut
849 923 1077 975 renuite.
1126 923 1202 975 Et
1250 922 1626 990 appenderunt
1665 936 1868 975 merce-

211 1014 310 1066 dem
346 1027 510 1065 meam
557 1013 790 1078 triginta
837 1015 1147 1076 argenteos;
1195 1009 1446 1077 ditt-itque
1491 1011 1751 1063 Dominus
1795 1009 1869 1062 ad

210 1116 305 1153 me:
349 1103 478 1154 Pone
520 1100 640 1152 illos
680 1102 736 1152 in
773 1100 1104 1164 con/latorio,
1151 1103 1200 1151 et
1250 1098 1534 1152 considera
1571 1101 1620 1151 si
1664 1098 1863 1166 proba—

207 1197 302 1242 tum
326 1191 394 1242 sit
420 1190 555 1241 sicut
589 1187 852 1257 probatus
891 1202 1008 1240 sum
1051 1187 1118 1239 ab
1148 1189 1252 1252 eis;
1285 1191 1335 1239 et
1378 1189 1482 1240 tuli
1512 1189 1740 1252 triginta
1777 1202 1864 1240 ar-

208 1283 409 1343 genteos,
459 1283 508 1329 et
557 1278 682 1328 misi
729 1291 812 1328 eos
857 1278 915 1328 in
961 1275 1116 1328 domo
1170 1275 1399 1329 Domini
1445 1277 1501 1327 in
1534 1277 1863 1342 con/latorio.

205 1366 342 1428 Quod
381 1371 570 1418 noster
620 1365 817 1417 lumen
865 1363 1240 1433 Hieronymus
1304 1363 1384 1416 ita
1442 1364 1748 1416 transtulit.
1809 1364 1870 1418 Si

208 1455 372 1506 bonum
414 1459 489 1507 est
535 1455 595 1505 in
641 1453 806 1506 oculis
852 1453 1046 1504 vestris
1095 1451 1285 1518 afferte
1335 1451 1625 1504 mercedem
1675 1467 1866 1517 meam,

203 1548 243 1595 et
281 1545 327 1596 si
359 1558 484 1608 non,
534 1543 810 1610 quiescite.
845 1543 914 1593 Et
943 1540 1318 1608 appenderunt
1357 1540 1648 1594 mercedem
1698 1555 1870 1592 meam

205 1633 407 1697 triginta
454 1637 762 1696 argenteos;
807 1634 855 1680 et
895 1629 1041 1681 dicit
1084 1631 1338 1680 Dominus
1388 1628 1461 1680 ad
1511 1643 1622 1681 me:
1658 1629 1870 1696 Projice

202 1721 321 1773 illud
356 1719 427 1773 ad
472 1721 804 1772 statuarium
839 1717 1088 1770 decorum
1133 1715 1388 1785 pretium,
1445 1732 1550 1785 quo
1596 1725 1620 1749 ³
1669 1731 1866 1784 appre-

203 1812 347 1861 tiatus
378 1824 492 1861 sum
522 1808 592 1860 ab
625 1809 700 1860 eis
745 1823 756 1860 :
807 1811 855 1859 et
897 1807 998 1859 tuli
1029 1808 1261 1873 triginta
1299 1812 1596 1872 argenteos,
1645 1810 1694 1857 et
1738 1820 1869 1873 pro-

192 1895 287 1963 jec-i
325 1910 403 1948 eos
433 1898 488 1947 in
530 1895 686 1947 domo
725 1895 936 1946 Domini
961 1893 1036 1945 ad
1067 1896 1418 1945 statuarium.
1459 1893 1530 1946 Et
1572 1892 1704 1945 licet
1735 1907 1871 1944 sen—

201 2001 280 2037 sus
305 1983 453 2036 idem
483 1984 578 2045 sit,
629 1982 798 2035 verba
825 1988 1175 2050 prazpostera
1205 1987 1340 2034 sunt
1370 1987 1424 2033 et
1454 1997 1596 2050 pene
1629 1979 1866 2033 diversa.

202 2073 321 2125 Item
351 2075 408 2124 in
455 2072 641 2124 Isaia:
689 2074 821 2124 Ecce
850 2075 1002 2138 virgo
1033 2072 1091 2123 in
1124 2075 1274 2123 utero
1320 2072 1546 2138 accipiet
1597 2074 1648 2122 et
1694 2070 1872 2137 pariet

195 2162 351 2219 ﬁlium
395 2166 446 2216 et
495 2160 761 2214 vocubitis
802 2175 990 2212 nomen
1036 2160 1152 2227 ejus
1201 2159 1519 2212 Emmanuel
1569 2159 1698 2227 (lsa.
1748 2157 1868 2227 vn).

200 2249 291 2301 Pro
319 2266 425 2319 quo
479 2249 900 2317 Hieronymus:
952 2251 1082 2301 Ecce
1112 2250 1265 2312 virgo
1295 2249 1556 2316 concipiet
1596 2252 1645 2300 et
1691 2249 1873 2315 pariet

196 2339 365 2404 ﬁlium,
413 2343 463 2391 et
531 2337 742 2391 vocabit
793 2352 981 2390 nomen
1031 2339 1144 2405 ejus
1187 2337 1524 2390 Emmanuel.
1574 2336 1741 2390 Aliud
1788 2339 1874 2388 est

199 2425 333 2476 enim
360 2425 650 2491 vocabitis,
683 2424 837 2477 aliud
869 2424 1102 2477 rocabit.
1138 2424 1384 2493 Require
1417 2428 1479 2476 tu
1509 2424 1636 2493 quis
1668 2423 1872 2476 melius

195 2514 482 2580 transtulit,
547 2513 680 2566 licet
735 2513 923 2566 caeteri
973 2515 1318 2582 lnterpretes
1377 2513 1870 2565 adulescentulam

195 2601 265 2650 vel
311 2599 680 2666 juvenculam
721 2601 968 2654 dixerint
1016 2617 1028 2653 :
1081 2601 1176 2654 sed
1241 2601 1478 2653 verbum
1530 2599 1871 2654 Hebraicum

192 2688 334 2754 alma,
367 2695 422 2742 et
463 2690 525 2742 in
561 2692 810 2743 Hevecca
839 2690 1022 2742 adhuc
1051 2689 1270 2759 virgine
1303 2689 1552 2759 positum
1585 2689 1863 2757 invenies,

193 2780 239 2827 et
275 2776 329 2828 in
379 2779 560 2830 Maria
612 2794 773 2830 soror
819 2783 1027 2843 Aaron,
1091 2778 1335 2831 necdum
1395 2776 1515 2829 viro
1568 2777 1871 2846 conjuncta

194 2865 442 2933 reperies,
491 2866 654 2936 quod
693 2866 1034 2932 abscondita,
1084 2872 1136 2919 et
1165 2869 1338 2919 nimia
1371 2865 1658 2931 diligentia
1693 2871 1868 2919 custo-

1977 489 2116 548 tum,
2177 498 2292 534 non
2351 481 2681 550 Hieronymi
2733 498 2850 534 esse
2901 497 3196 550 cognosce.
3255 482 3435 545 Quam
3492 484 3664 537 etiam

1977 571 2072 624 ille
2113 571 2169 623 in
2201 570 2393 623 multis
2442 571 2558 622 suis
2587 571 2874 638 opusculis
2914 571 3121 640 arguit,
3173 571 3544 641 additumque
3595 574 3665 627 ab

1977 661 2057 712 eis
2087 664 2143 712 et
2172 659 2522 713 diminutum
2555 674 2671 711 non
2698 659 2818 710 sine
2850 659 3097 712 evidenti
3125 661 3348 712 ratione
3377 662 3660 728 probavit.

1980 749 2041 801 Et
2070 765 2172 818 pro
2202 747 2410 800 harum
2439 746 2713 800 varietate
2740 746 3054 800 editionum
3084 748 3337 816 linguam
3369 749 3666 804 Hebraeum

1976 835 2189 900 didicit,
2265 850 2510 905 moxque
2567 851 2825 887 veracem
2883 851 3044 888 suam
3103 837 3393 905 propriam
3469 839 3666 893 Latino

1976 940 2237 977 sermone
2287 923 2594 977 editionem
2629 923 2890 976 Ecclesiis
2935 924 3110 977 dedit.
3165 925 3328 977 Vides
3357 925 3490 995 quia
3529 927 3666 980 dum

1978 1013 2389 1082 Hieronymum
2447 1013 2611 1082 cupis
2670 1011 2930 1064 fallacem
2993 1013 3254 1082 probare,
3319 1012 3667 1082 imperitiam

1976 1106 2134 1154 tuam
2167 1100 2450 1154 ostendis:
2502 1100 2738 1170 insuper
2778 1106 2835 1154 et
2885 1101 3110 1154 Judaios
3142 1106 3270 1154 tuos
3302 1101 3671 1172 Septuaginta

1977 1191 2350 1259 sapientiores
2392 1190 2610 1242 caeteris
2657 1188 3040 1241 condemnare
3088 1188 3334 1241 conaris.
3389 1188 3548 1252 Quod
3601 1189 3667 1254 si,

1980 1283 2042 1331 ut
2071 1277 2228 1344 dicis,
2262 1277 2319 1329 in
2353 1277 2589 1330 Psalmis
2623 1281 2826 1329 cuncta
2856 1275 3029 1329 verbo
3062 1292 3128 1329 ex
3150 1277 3322 1329 verbo
3353 1276 3668 1346 expressit:

1979 1382 2079 1419 cur
2109 1366 2210 1436 qui
2248 1366 2304 1418 in
2355 1381 2529 1435 parvo
2575 1364 2762 1418 ﬁdelis
2810 1365 3045 1431 exstitit,
3088 1365 3149 1418 in
3191 1367 3373 1419 multo
3422 1365 3672 1419 infidelis

1979 1453 2284 1508 existeret?
2337 1455 2454 1506 Nisi
2500 1454 2635 1523 quia
2697 1453 2874 1506 editio
2929 1455 3284 1506 Psalmorum
3342 1453 3673 1524 Hieronymi

1981 1549 2109 1596 est:
2156 1558 2330 1612 quam
2361 1542 2542 1595 multo
2593 1543 2760 1595 aliter
2803 1558 2976 1611 quam
3010 1542 3382 1612 Septuaginta
3432 1558 3672 1612 posuere

1981 1647 2046 1684 ex
2078 1632 2198 1701 ipsa
2222 1630 2469 1683 editione
2501 1646 2698 1683 eorum
2735 1631 3042 1700 perpende,
3080 1637 3139 1683 ut
3169 1646 3270 1699 per
3297 1631 3419 1683 huic
3461 1647 3670 1700 cogno-

1979 1737 2096 1772 scas
2135 1719 2466 1772 ﬁdelitatem
2513 1718 2758 1771 doctoris
2799 1718 3010 1770 summi
3045 1718 3402 1787 Hieronymi,
3454 1724 3668 1787 quanto

1979 1808 2184 1873 studio,
2233 1825 2345 1877 quo
2379 1808 2569 1860 labore
2615 1805 2926 1872 conaverit,
2975 1811 3036 1859 ut
3084 1807 3501 1875 proprietatem
3531 1805 3672 1874 legis

1982 1896 2237 1950 Ecclesiis
2267 1896 2518 1950 traderet
2547 1895 2776 1948 Christi.

2050 1986 2103 2039 4.
2138 1985 2253 2039 Hoc
2291 2000 2423 2037 Vero
2472 1983 2869 2036 testimonium
2910 1981 2993 2035 ita
3031 1997 3299 2052 perversa
3338 1986 3526 2034 mente
3582 1997 3670 2033 ve-

1980 2073 2082 2126 stri
2112 2077 2530 2143 perverterunt,
2565 2071 2710 2124 sicut
2741 2076 2795 2124 et
2827 2072 3034 2124 librum
3070 2070 3375 2140 Sapientiae
3407 2069 3672 2124 Salomo-

1981 2161 2090 2226 nis,
2145 2161 2558 2231 prasvidentem
2621 2160 2686 2214 de
2737 2159 2944 2213 Christi
2995 2159 3360 2212 crucifixione
3408 2159 3670 2212 testimo-

1975 2251 2137 2303 nium
2169 2267 2200 2302 a
2231 2265 2449 2304 canone
2478 2249 2819 2318 reiecerunt.
2853 2249 2993 2301 Nam
3031 2253 3159 2316 post
3204 2247 3664 2300 interfectionem

1979 2338 2187 2392 Christi
2232 2354 2336 2408 pro
2368 2354 2434 2391 eo
2469 2337 2622 2406 quod
2667 2335 2878 2389 ibidem
2910 2336 3164 2405 legitur:
3221 2336 3484 2388 Dixerunt
3533 2337 3675 2387 inter

1977 2443 2032 2481 se
2081 2429 2240 2495 impii
2279 2442 2292 2480 :
2340 2425 2859 2494 Comprehendamus
2906 2425 3119 2492 justum
3159 2425 3290 2491 quia
3330 2424 3544 2476 inutilis
3597 2428 3674 2476 est

1975 2516 2150 2582 nobis,
2209 2520 2260 2568 et
2313 2517 2618 2568 contrarius
2672 2519 2750 2567 est
2806 2514 3057 2582 Oper-ibus
3105 2514 3323 2566 nostris.
3395 2513 3676 2566 Promittit

1976 2607 2259 2660 scientiam
2303 2605 2407 2657 Dei
2451 2618 2506 2656 se
2563 2603 2774 2660 habere,
2825 2606 2873 2654 et
2925 2602 3124 2654 Filium
3186 2602 3278 2653 Dei
3324 2615 3379 2654 se
3430 2603 3675 2653 nominat

1981 2695 2135 2764 (Sap.
2181 2709 2238 2756 ll,
2284 2695 2366 2758 1'2,
2418 2694 2541 2760 13);
2592 2695 2648 2744 et
2696 2689 2847 2742 infra
2884 2706 2894 2742 :
2947 2691 3009 2744 Si
3055 2692 3196 2742 enim
3225 2693 3303 2742 est
3331 2705 3450 2742 vere
3491 2689 3673 2742 Filius

1978 2784 2091 2847 Dei,
2136 2783 2395 2848 suscipiet
2429 2781 2604 2845 illum,
2655 2784 2703 2832 et
2735 2779 2988 2831 liberabit
3034 2779 3190 2830 illum
3221 2777 3286 2830 de
3328 2792 3493 2830 manu
3545 2792 3673 2830 con-

1980 2872 2281 2923 trariorum
2365 2867 2551 2936 (Ibid.,
2628 2869 2751 2934 l8);
2844 2882 2907 2919 ac
2969 2866 3240 2919 deinde:
3315 2868 3380 2919 Ut
3439 2868 3674 2919 sciamus

192 2953 311 3017 dita,
349 2959 536 3007 sonat.
576 2955 736 3008 Unde
767 2962 821 3007 et
853 2955 912 3006 in
943 2955 1109 3007 titulo
1147 2954 1349 3024 psalmi
1379 2954 1474 3006 ubi
1505 2954 1754 3023 positum
1787 2958 1871 3005 est
1907 2994 1945 3047 Ο
1977 2960 2330 3011 reverentiam
2359 2958 2529 3023 illius,
2561 2960 2610 3009 et
2652 2955 2934 3023 probemus
2972 2956 3299 3021 patientiam
3331 2955 3466 3020 ejus,
3509 2959 3675 3007 morte

194 3043 338 3108 alma,
387 3044 543 3108 noth,
596 3043 971 3112 Septuaginta
1008 3042 1320 3095 dixerunt:
1373 3043 1476 3095 Pro
1516 3041 1866 3095 absconditis.

191 3129 286 3183 Sed
317 3137 371 3184 et
409 3131 565 3184 libro
609 3131 732 3193 Job,
779 3131 876 3184 ubi
922 3131 1132 3183 dicitur
1167 3146 1270 3198 pro
1316 3130 1616 3199 sapientia,
1665 3135 1716 3182 ct
1752 3131 1873 3183 abs-

190 3219 420 3272 conditur
476 3221 552 3272 ab
603 3220 768 3272 oculis
811 3222 982 3272 omnis
1038 3221 1269 3271 viventis
1319 3218 1450 3286 (Job.
1505 3234 1695 3282 xxvm,
1757 3219 1867 3287 9t),

186 3307 239 3359 in
270 3310 503 3362 Hebraeo
541 3314 779 3378 propter
802 3306 1244 3360 declinationem
1277 3307 1434 3359 verbi
1463 3306 1628 3359 aliter
1657 3307 1870 3375 figura-

188 3399 314 3454 tum.
355 3398 500 3450 alma
560 3395 786 3449 dicitur.
822 3397 887 3448 Et
916 3395 976 3447 in
1021 3395 1346 3463 Regnorum
1389 3393 1552 3448 libris
1593 3395 1872 3464 scriptum

186 3491 257 3536 est
297 3502 359 3538 ex
409 3501 666 3555 persona
702 3484 864 3537 Elisei
912 3482 1200 3553 loquentis
1246 3482 1315 3535 ad
1346 3482 1538 3536 Giezi:
1572 3485 1641 3536 Et
1684 3485 1865 3535 Domi-

185 3589 271 3626 nus
312 3574 603 3628 abscondit
651 3590 684 3625 a
718 3588 798 3625 me
850 3574 949 3641 (IV
990 3573 1127 3638 Reg.
1169 3587 1244 3635 iv,
1293 3575 1409 3639 27),
1445 3571 1578 3624 huic
1634 3571 1775 3640 quid
1809 3571 1873 3623 si-

185 3661 303 3714 mile
344 3667 448 3727 est,
487 3662 630 3715 licet
659 3660 974 3713 masculino
1005 3675 1215 3728 genere
1246 3659 1583 3712 declinatur.
1619 3658 1779 3722 Quod
1824 3658 1872 3710 si

187 3748 418 3802 Revecca
477 3756 538 3804 et
605 3749 778 3802 Maria
826 3749 1077 3817 virgines
1129 3763 1250 3801 esse
1297 3747 1455 3813 velis,
1507 3762 1612 3816 pro
1664 3746 1872 3816 quibus

186 3852 462 3909 nunquam
500 3838 746 3891 verbum
789 3839 965 3891 vetula
1009 3835 1151 3906 legis
1183 3853 1194 3890 :
1244 3852 1370 3906 quae
1403 3834 1762 3906 impudentia
1791 3840 1873 3888 est

185 3925 301 3979 huic
346 3929 484 3982 sola:
541 3927 753 3995 virgini
787 3927 1058 3995 denegari
1092 3925 1246 3996 quod
1277 3924 1497 3978 cmteris
1538 3924 1675 3977 velis
1723 3924 1872 3977 nolis

183 4017 470 4071 concedis?
522 4015 773 4072 Ostende
822 4015 962 4068 mihi
1013 4014 1237 4067 alicubi“
1259 4013 1512 4083 positum
1559 4015 1724 4077 alma,
1776 4012 1874 4066 ubi

180 4104 692 4170 adulescentulam,
753 4110 807 4158 et
861 4120 979 4157 non
1035 4103 1316 4173 virginem
1376 4106 1588 4154 sonat:
1638 4102 1725 4153 vel
1773 4100 1873 4154 ubi

181 4200 359 4264 nuptae
403 4195 516 4248 hoc
552 4194 724 4247 verbo
771 4194 1111 4264 appellatur,
1156 4196 1214 4247 et
1261 4206 1352 4244 me
1402 4189 1739 4260 imperitum
1787 4190 1874 4242 vel

1982 3048 2302 3115 turpissima
2374 3045 2776 3098 condemnemus
2851 3058 2969 3095 eum
3045 3042 3240 3111 (lbid.,
3323 3045 3404 3107 19,
3482 3043 3572 3111 20)
3657 3058 3670 3095 :

1981 3133 2302 3186 conlatione
2334 3149 2488 3184 sacra
2521 3148 2593 3184 ne
2625 3131 2805 3184 nostri
2834 3147 2928 3184 cos
2955 3146 3058 3200 pro
3111 3135 3226 3183 tam
3263 3133 3460 3198 aperto
3498 3131 3670 3184 sacri-

1981 3222 2132 3291 legio
2159 3221 2522 3290 derogarent,
2557 3237 2585 3272 a
2620 3219 2971 3289 propheticis
3002 3234 3132 3271 eum
3166 3218 3552 3271 voluminibus
3586 3234 3670 3272 re-

1981 3310 2262 3373 ciderunt,
2311 3309 2734 3378 legendumque
2781 3307 2898 3360 suis
2955 3307 3289 3378 perenniter
3344 3311 3669 3360 vetuerunt.

1985 3400 2126 3452 Nam
2167 3397 2264 3468 qui
2307 3397 2570 3450 libellum
2614 3397 2904 3466 integrum
2938 3412 3055 3449 non
3104 3395 3511 3449 dubitaverunt
3556 3411 3675 3466 pro-

1980 3487 2270 3558 pheticum
2301 3503 2334 3538 a
2358 3485 2710 3556 propheticis
2739 3485 3027 3555 Opusculis
3052 3501 3372 3554 segregare,
3412 3489 3467 3538 et
3511 3483 3675 3555 quasi

1982 3591 2098 3628 non
2145 3575 2346 3628 fuisset
2385 3574 2456 3627 ab
2499 3574 2696 3630 eodem
2749 3573 3051 3627 Salomone
3102 3574 3320 3627 editum
3369 3574 3674 3643 denegare,

1983 3665 2164 3717 multo
2210 3663 2458 3732 amplius
2502 3663 2680 3715 levius
2729 3662 3116 3731 praeviderunt
3165 3662 3429 3731 periodes
3474 3662 3674 3716 verbo-

1985 3767 2112 3805 rum
2146 3751 2311 3804 aliter
2339 3767 2511 3821 quam
2546 3750 2753 3820 digesti
2783 3755 2915 3802 sunt
2944 3751 3313 3820 promulgare
3341 3767 3353 3804 :
3389 3751 3538 3804 unde
3569 3767 3676 3804 ne-

1983 3856 2272 3910 quaquam
2304 3845 2389 3892 est
2419 3838 2621 3892 vestris
2652 3837 3060 3891 eommentitiis
3103 3838 3310 3891 fabulis
3349 3838 3674 3892 obscultan-

1984 3929 2144 3994 dum,
2178 3929 2273 3981 sed
2317 3928 2424 3981 hoc
2454 3932 2676 3980 tantum
2719 3942 2823 3996 pro
2856 3926 3026 3980 verbo
3056 3938 3077 3962 ε
3117 3926 3467 3992 habendum,
3520 3926 3676 3994 quod

1983 4017 2239 4086 prudens
2283 4016 2660 4086 Hieronymus
2691 4015 2974 4084 interpres
3005 4019 3217 4068 nostra;
3247 4015 3456 4083 linguae
3488 4014 3675 4067 omni-

1984 4106 2089 4158 bus
2119 4105 2293 4158 dedit.
2329 4105 2560 4159 Codiccs
2602 4090 2852 4174 namque
2888 4104 3255 4158 Hebraeorum
3286 4107 3419 4172 post
3465 4103 3676 4155 adven-

1986 4198 2107 4246 tum
2140 4194 2347 4247 Christi
2379 4194 2611 4246 falsatos
2653 4209 2773 4246 esse
2805 4193 2994 4247 nullus
3034 4193 3284 4261 ignorat,
3318 4197 3379 4245 ut
3423 4192 3678 4244 testimo-

179 4282 372 4336 victum
405 4284 600 4336 fatear
628 4299 767 4335 esse.
804 4283 1024 4351 Lingua
1060 4295 1288 4351 quoque
1319 4280 1553 4346 Punica,
1585 4295 1710 4348 quae
1762 4280 1869 4331 He-
1913 4291 1955 4344 1)
1980 4283 2075 4337 nia
2111 4283 2467 4337 evidentiora
2500 4285 2569 4338 de
2619 4283 2841 4338 Christo
2875 4284 3300 4348 subtraherent,
3345 4298 3411 4335 ex
3467 4281 3677 4352 quibus

178 4367 455 4424 brazorum
507 4371 768 4425 fontibus
813 4371 1055 4433 ducitur,
1105 4369 1334 4438 proprie
1368 4368 1545 4437 virgo,
1588 4369 1733 4420 alma
1775 4383 1872 4436 ap-

175 4461 434 4525 pellatur.
485 4459 603 4513 Sed
633 4459 732 4528 qui
762 4459 906 4510 scire
944 4459 1226 4511 desiderat
1257 4457 1559 4525 varietates
1594 4456 1874 4524 interpre-

176 4551 305 4611 tum,
342 4549 426 4601 vel
461 4549 799 4601 Judaiorum
837 4548 995 4615 cupit
1034 4546 1448 4616 parvipendere
1494 4545 1871 4607 inventiones,

174 4632 570 4695 Quaestionum
618 4633 1022 4688 Hebraicarum
1054 4633 1385 4702 Hieronymi
1423 4632 1507 4684 vel
1539 4638 1743 4684 caetera
1773 4647 1875 4684 sua

175 4725 440 4788 opuscula
484 4725 664 4792 legat.
708 4723 776 4776 Et
818 4723 1010 4792 plane,
1069 4721 1215 4773 sicut
1261 4720 1384 4790 ipso
1439 4721 1730 4789 professus
1769 4723 1872 4785 est,

171 4819 466 4866 contemne
509 4818 728 4865 tructos
778 4814 802 4852 ι»
856 4815 912 4864 et
946 4811 1202 4863 nausiam
1236 4810 1588 4873 indecorum,
1636 4814 1875 4879 tuasque

177 4901 617 4954 vecil‘erationes
667 4900 838 4953 surda
887 4915 1021 4952 aure
1051 4898 1333 4951 transibit.
1387 4899 1526 4951 Nam
1574 4898 1726 4950 hunc
1767 4914 1873 4950 no-

173 4993 365 5052 strum,
397 4996 458 5043 et
490 5005 629 5042 vere
664 4989 906 5057 dignum
934 5004 1050 5041 non
1081 4989 1268 5040 solum
1300 4986 1539 5054 mundo,
1573 4986 1670 5038 sed
1703 4985 1876 5039 etiam

173 5079 323 5144 coelo,
384 5080 838 5147 Hieronymum,
892 5093 1066 5147 quem
1103 5075 1586 5129 inrationabiliter
1642 5075 1878 5128 detesta-

173 5166 260 5230 ris,
313 5170 516 5222 nescio
552 5174 620 5220 ut
661 5168 801 5237 quid
832 5183 962 5220 eum
996 5167 1165 5220 dente
1198 5165 1392 5219 ravido
1423 5165 1671 5226 mordes,
1718 5165 1879 5235 cujus

172 5257 480 5311 editionem
539 5257 818 5310 hactenus
867 5256 1068 5309 nescis.
1134 5255 1293 5308 I-Ianc
1347 5255 1500 5308 enim
1563 5254 1876 5308 editionem

234 5403 444 5520 “dbis”
503 5401 653 5454 illud
712 5400 786 5453 ad
848 5401 1178 5454 statuarium
1234 5400 1300 5453 de
1353 5415 1582 5468 quorum
1640 5403 1877 5467 pretium

234 5487 328 5520 [0,.

174 5485 192 5512 fl

177 5486 328 5536 quoa.

235 5543 258 5582 δ
285 5543 421 5612 Leg.
456 5546 674 5594 ructus.

1979 4388 2039 4424 se
2080 4372 2502 4425 convincendos
2551 4388 2670 4425 esse
2713 4372 2966 4425 sciebant
3007 4373 3052 4426 ά.
3099 4373 3333 4426 Constat
3368 4371 3544 4437 enim,
3591 4371 3677 4424 lu-

1982 4476 2160 4529 ceque
2192 4460 2396 4512 clarius
2435 4465 2608 4529 patet,
2650 4461 2800 4530 quod
2836 4461 2934 4530 qui
2964 4461 3109 4529 legis
3139 4466 3432 4513 auctorem
3480 4464 3677 4512 contu-

1983 4548 2173 4602 meliis
2215 4548 2546 4615 affecerunt,
2589 4549 2776 4617 legem
2822 4548 3004 4618 ipsam
3039 4565 3157 4602 non
3195 4549 3513 4602 timuerunt
3555 4563 3679 4616 per-

1982 4642 2223 4700 vertere,
2281 4652 2384 4705 per
2431 4653 2602 4705 quam
2651 4631 2831 4690 solam
2876 4641 3140 4706 poterant
3187 4637 3490 4691 confutari.
3539 4638 3674 4690 Per-

1982 4741 2146 4779 curre
2193 4725 2365 4777 totius
2415 4724 2844 4778 maledictiones
2900 4725 3062 4795 legis,
3131 4742 3272 4796 quas
3327 4726 3675 4791 hominibus,

1983 4813 2202 4879 bestiis,
2294 4813 2676 4882 serpentibus,
2774 4814 2860 4866 vel
2922 4815 3347 4869 insensibilibus
3412 4813 3676 4878 metallis,

1984 4903 2275 4972 cognoscis
2337 4902 2574 4967 inlatas;
2638 4908 2694 4954 et
2749 4902 3065 4956 videbimus
3112 4919 3407 4973 nunquam
3465 4901 3678 4955 alicubi

1983 4992 2236 5062 positum
2267 4992 2583 5044 maledictus
2614 5007 2648 5044 a
2688 4994 2809 5056 Deo,
2856 4991 2966 5044 nisi
3006 4991 3064 5044 in
3099 5008 3166 5045 eo
3212 4993 3352 5051 loco,
3390 4990 3488 5042 ubi
3536 4990 3678 5044 illud

1984 5078 2328 5148 intelligere,
2361 5079 2523 5147 quasi
2555 5079 2624 5131 ad
2653 5079 2972 5144 infamiam,
3007 5079 3266 5132 voluistis
3295 5095 3398 5148 pro
3430 5078 3672 5133 Christo:

1983 5167 2305 5222 Maledictus
2327 5169 2498 5220 omnis
2520 5170 2617 5235 qui
2646 5167 2900 5236 pependit
2930 5169 2988 5220 in
3017 5169 3164 5234 ligno
3198 5168 3379 5233 (Deut.
3414 5182 3528 5234 xxx,
3563 5166 3672 5234 23).

1987 5257 2084 5309 Hic
2134 5273 2396 5327 proceres
2453 5255 2768 5326 Synagogee
2809 5256 3156 5310 addiderunt
3196 5271 3260 5307 ex
3301 5271 3426 5319 suo,
3467 5272 3500 5307 a
3551 5258 3674 5321 Deo,

2054 5410 2075 5434 ο
2104 5399 2266 5451 Forte
2297 5413 2443 5452 vero.

2055 5467 2080 5503 ἀ
2116 5470 2238 5534 Ms,
2272 5470 2532 5523 solebant.
