4022 6178
415 254 517 308 487

1775 249 2033 304 ALVARI
2072 246 2551 305 CORDUBENSIS
3780 252 3867 304 488

412 396 476 445 ut
504 406 607 462 per
634 390 739 444 hoc
768 390 945 444 Deum
976 384 1142 439 illum
1171 388 1469 453 negarent.
1504 383 1562 438 Si
1594 382 1749 437 enim
1778 384 1929 438 oculi
1960 382 2094 437 ﬁdei
2133 386 2180 437 Α
2210 382 2491 453 draginta,
2521 382 2691 437 simul
2720 381 2892 435 facies
2924 397 3104 435 annos
3131 382 3288 436 mille
3322 386 3606 437 trecentos
3634 386 3861 455 triginta:

412 480 515 534 tibi
563 478 740 550 aperti
788 480 941 542 sunt,
974 474 1145 528 totius
1177 472 1394 526 Veteris
1427 473 1775 527 Testamenti
1832 472 2105 526 ventilare

411 569 732 632 historiam,
766 571 821 619 et
864 578 1161 633 nunquam
1196 561 1274 615 ibi
1327 561 1695 615 maledictum
1732 577 1765 614 a
1800 561 1914 615 Deo
1951 561 2105 631 posi-

415 662 536 709 tum
582 655 759 718 vides,
814 657 871 705 et
913 668 978 705 ex
1025 652 1131 704 hoc
1178 648 1396 702 valebis
1448 649 1737 703 addiscere
1793 648 2106 718 genuinam

414 743 594 815 gentis
642 742 803 796 istius
829 739 1152 811 perﬁdiam,
1189 742 1245 791 et
1274 741 1472 790 contra
1502 737 1677 790 vitam
1708 753 1868 790 suam
1901 737 2103 790 imme-

415 832 717 887 dicabilem
755 828 991 882 rabiem.
1026 824 1263 891 Poteris,
1296 828 1353 878 et
1381 830 1464 886 tu.
1500 825 1635 894 quia
1666 825 1773 878 scis
1808 841 1910 877 nos
1942 825 2102 895 igna-

413 935 509 974 ros
537 918 751 988 lingua:
783 916 1055 979 Hebrreaa,
1087 930 1155 966 ex
1190 912 1554 966 Hebraeorum
1587 911 1850 966 codicum
1881 928 1984 965 nos
2011 930 2105 965 va-

412 1009 613 1063 rietate
651 1005 930 1069 inludere,
965 1002 1064 1057 ubi
1095 1006 1150 1055 te
1182 1000 1391 1054 victum
1420 999 1749 1070 praevideris
1796 1015 1937 1053 esse.
1994 1000 2107 1052 Hoc

415 1095 569 1150 enim
622 1095 962 1163 argumento
998 1090 1057 1142 in
1104 1088 1369 1142 omnibus
1397 1086 1704 1157 Scripturis
1740 1092 1795 1140 te
1831 1086 1982 1140 vales
2013 1089 2103 1139 tu-

413 1188 555 1250 tare,
588 1187 651 1235 ut
696 1179 881 1234 verbis
926 1184 981 1233 te
1026 1175 1387 1248 purgandum
1432 1181 1601 1246 putes
1642 1174 1739 1245 qui
1787 1174 1955 1228 rebus
2004 1189 2105 1226 ur-

415 1271 582 1343 geris.

488 1364 539 1413 5.
589 1359 706 1427 Age
748 1356 870 1426 jam
900 1370 1053 1408 nunc
1083 1354 1149 1407 ad
1196 1352 1507 1406 secundum
1556 1351 1870 1422 capitulum
1917 1349 2108 1404 venia-

418 1464 563 1515 mus,
611 1451 669 1500 et
712 1442 1140 1514 responsionem
1210 1445 1369 1494 tuam
1414 1441 1605 1493 minus
1656 1440 1771 1493 sale
1820 1438 2105 1492 conditam

414 1536 823 1605 approbemus.
882 1531 1031 1584 Dicis
1062 1530 1237 1597 enim,
1275 1530 1508 1583 confuse
1541 1529 1694 1599 apud
1732 1528 1954 1582 Latinos
2002 1528 2105 1581 ha-

412 1624 621 1678 bentur
669 1620 1034 1691 septuaginta
1074 1618 1469 1683 hebdomadaz,
1511 1619 1673 1687 quasi
1716 1633 1822 1686 ego
1868 1633 1962 1669 eas
2019 1633 2105 1668 se-

2216 488 2283 525 ex
2315 486 2427 541 qua
2461 486 2687 523 summa
2716 469 2763 523 si
2810 468 3184 523 substraxeris
3215 470 3612 542 quadraginta,
3656 473 3777 544 quia
3818 474 3865 527 in

2216 559 2654 629 quadragesimo
2701 574 2851 611 anno
2894 563 3022 628 post
3060 559 3389 628 passionem
3422 560 3645 614 Domini
3686 560 3871 616 bellum

2223 648 2680 717 Vespasianicum
2711 647 2837 715 fuit,
2872 652 3185 717 supersunt
3228 657 3247 681 ο
3295 647 3433 701 anni
3484 648 3635 702 mille
3673 648 3872 704 ducenti

2217 737 2547 808 nonaginta.
2608 737 2675 790 Et
2732 736 2818 790 his
2878 735 3102 789 retrahe
3162 735 3401 806 triginta
3453 742 3509 790 et
3566 742 3676 790 tres
3722 754 3874 792 annos

2217 825 2399 880 aetatis
2426 824 2677 890 Domini,
2713 829 2769 877 et
2798 830 2967 878 erunt
2999 825 3157 879 mille
3191 825 3468 878 ducentos
3492 825 3875 896 quinquaginta

2216 922 2431 984 septem
2485 914 2623 967 anni
2669 930 2703 966 a
2755 918 3013 984 tempore
3067 913 3317 967 Danielis
3376 929 3557 983 usque
3604 915 3669 968 ad
3714 916 3874 969 :Eram

2215 1003 2743 1073 octingentesimam
2791 1001 3266 1072 septuagesimam
3298 1006 3571 1069 octavam,
3604 1019 3725 1073 quae
3748 1019 3875 1056 nunc

2216 1091 2422 1161 agitur,
2482 1107 2632 1144 anno
2692 1090 3104 1145 incarnationis
3163 1090 3389 1144 Domini
3438 1091 3874 1162 octingentesimo

2215 1180 2674 1250 quadragesimo,
2709 1180 2901 1233 saeculi
2946 1195 3079 1233 vero
3126 1178 3434 1233 millesimo
3473 1180 3876 1249 quadragesimo

2216 1283 2385 1321 anne.

2285 1361 2337 1410 7.
2374 1357 2577 1410 Verum
2611 1355 2659 1409 si
2696 1372 2730 1409 a
2758 1355 3024 1409 vicesimo
3055 1371 3205 1409 anno
3242 1355 3579 1422 Artaxersis,
3616 1371 3756 1409 anno
3784 1372 3878 1426 quo

2217 1461 2403 1498 sermo
2446 1445 2580 1511 exit,
2627 1450 2691 1499 ut
2732 1445 3018 1515 templum
3063 1444 3374 1498 Zorobabel
3405 1444 3619 1498 iterum
3652 1444 3877 1498 aediﬁca-

2216 1538 2387 1596 retur,
2421 1538 2753 1603 computare
2786 1532 3055 1597 volueris,
3096 1531 3355 1585 invenies
3385 1549 3567 1603 usque
3597 1533 3665 1586 ad
3707 1533 3877 1586 nativi.

2216 1626 2392 1675 tatem
2439 1622 2646 1676 Christi
2695 1621 3144 1692 quadringentos
3193 1621 3554 1691 nonaginta:
3607 1621 3799 1690 quibus
3840 1620 3877 1672 si

411 1713 659 1766 cundum
726 1709 1058 1763 Latinorum
1111 1712 1446 1776 computum
1513 1706 1930 1775 computandas
1984 1721 2104 1758 esse
2143 1685 2186 1739 B
2216 1711 2389 1765 addas
2438 1710 2848 1764 incarnationis
2898 1709 3147 1776 Domini,
3208 1716 3376 1763 erunt
3427 1708 3585 1763 mille
3629 1714 3879 1762 trecentos

409 1798 688 1871 praadixi:
724 1802 822 1850 aut
855 1801 912 1848 tu
946 1796 1057 1849 ﬁde
1090 1795 1357 1850 Hebraeos
1388 1803 1413 1828 ³
1442 1810 1505 1847 ex
1534 1795 1862 1848 Latinorum
1896 1810 2105 1863 suppu-

409 1889 622 1942 tatione
654 1891 881 1957 poteras
914 1884 1188 1953 superari.
1227 1883 1510 1953 Legaliter
1542 1883 1697 1936 enim
1730 1882 2103 1936 hebdomadas

409 1978 580 2031 unius
605 1990 915 2029 numerum
945 1977 1164 2042 septem
1193 1988 1368 2025 annos
1398 1972 1640 2036 ﬁrmavi,
1673 1975 1728 2024 et
1754 1987 1890 2036 non,
1926 1976 1989 2023 ut
2018 1976 2098 2037 tu,

408 2081 612 2136 vagam
660 2061 1099 2133 intelligentiam
1149 2062 1210 2114 in
1244 2061 1464 2114 diversa
1505 2060 1732 2129 jactavi,
1783 2064 1846 2113 ut
1894 2076 2104 2130 anceps

408 2171 522 2225 quo
553 2169 749 2224 gressu
781 2152 923 2221 ﬁgas
953 2166 1071 2204 non
1101 2150 1335 2210 habens,
1364 2156 1605 2219 utroque
1627 2149 1908 2202 claudices
1934 2149 2097 2218 pede.

408 2241 783 2313 Septuaginta
812 2240 953 2305 dies,
986 2238 1071 2293 vel
1106 2237 1472 2307 septuaginta
1503 2237 1872 2307 septimanas,
1896 2239 1984 2290 vel
2015 2253 2100 2291 se-

404 2330 710 2400 ptuaginta
742 2331 922 2394 lunas,
964 2328 1047 2380 vel
1082 2326 1451 2397 septuaginta
1479 2342 1662 2379 annos
1704 2326 1872 2395 juxta
1910 2326 2099 2379 nescio

406 2420 568 2489 cujus
598 2435 752 2473 suam
785 2417 1204 2487 expositionem
1237 2415 1631 2480 dinumerans,
1676 2420 1731 2468 et
1774 2430 1877 2484 per
1909 2415 2099 2468 diver-

407 2508 638 2561 sitatum
691 2505 1135 2560 numerositates
1192 2503 1408 2573 ubique
1463 2508 1758 2580 suspectus
1813 2503 2099 2565 incedens,

408 2612 602 2667 quaeso
634 2600 696 2648 ut
727 2594 867 2646 mihi
900 2594 1050 2647 dicas
1080 2592 1243 2661 cujus
1273 2592 1688 2661 expositionem
1720 2592 1856 2645 velis
1885 2592 2099 2646 intelli-

409 2701 543 2756 gere
591 2686 785 2738 suam?
831 2681 887 2737 Si
942 2680 1310 2751 Hieronymi?
1359 2681 1537 2734 miror
1594 2685 1649 2734 te
1710 2681 1853 2734 mihi
1913 2696 2098 2734 meam

408 2771 820 2843 expositionem
882 2769 1165 2839 ingerere,
1229 2774 1285 2821 et
1339 2769 1600 2823 Latinum
1652 2785 1718 2822 ex
1770 2769 2099 2823 Latinorum

408 2861 729 2914 diversitate
784 2858 1029 2911 voluisse
1088 2858 1310 2911 docere.
1366 2857 1566 2911 Videre
1624 2858 1765 2910 mihi
1822 2857 2095 2924 doctoris,

407 2964 524 3003 non
558 2948 870 3014 assertoris,
916 2946 1168 3000 induisse
1205 2962 1530 3016 personam.
1575 2946 1681 3000 Sed
1718 2946 1926 2999 iterum
1969 2961 2099 2999 con-

408 3053 619 3109 queror
643 3052 744 3090 cur
782 3036 838 3089 in
882 3035 1175 3106 supralata
1205 3036 1452 3103 dierum,
1495 3035 1967 3105 septimanarum,
2016 3035 2097 3088 lu-

407 3143 634 3193 narum,
663 3139 975 3183 annorum,
1009 3124 1317 3195 unicuique
1351 3124 1660 3194 praeﬁxeris
1692 3140 1705 3177 :
1744 3125 1913 3193 juxta
1941 3139 2097 3177 suam

405 3217 859 3285 explanationem,
917 3230 1059 3284 quas
1116 3219 1333 3266 certum
1389 3218 1475 3266 est
1522 3213 1593 3266 ab
1646 3228 1713 3266 eo
1770 3213 2097 3283 explanatas

406 3319 704 3373 nunquam
740 3302 965 3373 legisse,
1011 3306 1066 3356 et
1106 3302 1240 3355 huic
1284 3316 1458 3371 quam
1492 3301 1738 3354 maxime
1775 3300 2098 3370 specialiter

407 3408 546 3456 suae,
576 3391 902 3460 septuagies
933 3388 1161 3459 septies,
1196 3389 1302 3442 hoc
1333 3389 1574 3443 minime
1604 3389 1914 3442 inculcasse
1940 3405 1953 3442 :
1988 3388 2099 3442 nisi

404 3478 663 3532 forsitam
709 3479 926 3531 caeteris
985 3476 1325 3546 reprobatis,
1386 3477 1752 3531 Hebraeorum
1801 3478 1903 3531 has
1958 3477 2097 3531 duas

406 3563 791 3634 expositiones
832 3563 1098 3617 didiceris
1155 3578 1294 3617 esse.
1338 3564 1550 3617 Tamen
1597 3562 1730 3633 quia
1778 3569 2097 3617 extremam

405 3652 731 3722 prophetali
762 3651 1095 3706 testimonio
1130 3650 1337 3719 munis,
1377 3651 1531 3704 haud
1568 3653 1593 3695 ιι
1624 3650 1864 3705 dubium
1912 3651 2094 3720 ipsam

404 3740 583 3794 solam
615 3740 855 3811 probare
893 3740 1054 3794 velis.
1104 3739 1198 3795 Ais
1230 3740 1424 3795 enim:
1460 3740 1588 3794 Dies
1618 3739 1782 3794 nobis
1813 3740 1970 3794 ducti
2019 3740 2097 3793 fa-

404 3829 562 3884 ciunt
607 3830 761 3883 mille
808 3834 1117 3883 trescentos
1173 3829 1427 3900 triginta.
1476 3829 1633 3883 Idem
1672 3845 1947 3882 numerus
1995 3828 2096 3882 ha-

400 3919 571 3974 betur
592 3919 653 3972 in
679 3920 791 3973 ﬁne
824 3918 1098 3985 Danielis;
1129 3919 1207 3972 ait
1240 3934 1486 3988 namque
1522 3934 1533 3971 :
1564 3919 1760 3971 Beatus
1791 3920 1887 3985 qui
1902 3932 2095 3985 eccspc-

401 4013 530 4075 ctat,
578 4014 629 4063 et
679 4010 925 4077 pervenit
999 4008 1074 4060 ad
1131 4008 1244 4061 dies
1297 4008 1443 4060 mille
1509 4012 1794 4060 trescentos
1867 4007 2098 4072 triginta

402 4100 637 4166 quinque
663 4100 823 4166 (Dan.
860 4112 955 4160 xn,
1006 4096 1111 4164 l2).
1151 4097 1212 4148 Et
1256 4095 1391 4164 quia
1421 4094 1676 4164 quinque
1707 4093 1827 4147 dies
1858 4110 2003 4164 quos
2033 4099 2094 4147 tu

400 4200 578 4237 annos
608 4189 796 4251 putas,
830 4182 1165 4252 supergredi
1196 4198 1504 4235 numerum
1548 4181 1908 4251 prospexisti,
1943 4181 2096 4235 illico

2210 1799 2471 1869 triginta,
2499 1804 2555 1852 et
2588 1803 2859 1870 superant
2886 1799 3036 1868 ipsos
3070 1798 3326 1869 quinque
3357 1815 3499 1869 quos
3540 1803 3600 1851 tu
3636 1798 3787 1851 nobis
3824 1798 3878 1851 ad

2212 1889 2503 1942 servitium
2547 1888 2808 1957 opponis.
2858 1889 3010 1941 Hanc
3042 1887 3308 1941 frivulam
3357 1892 3515 1940 tuam
3563 1888 3880 1956 interpreta-

2209 1976 2421 2029 tionem
2472 1980 2535 2029 tu
2575 1976 2695 2044 ipse
2740 1975 3075 2044 confringis,
3124 1975 3261 2029 dum
3309 1975 3392 2028 ais
3438 1991 3450 2029 :
3502 1976 3695 2028 Tantae
3749 1974 3879 2027 enim

2209 2063 2555 2131 stoliditatis,
2605 2067 2890 2133 tantaeque
2939 2062 3147 2133 spiritu
3193 2062 3449 2116 stultitiae
3505 2061 3775 2127 imbutus,
3814 2061 3880 2114 mi

2209 2165 2502 2220 germane,
2534 2166 2612 2216 es,
2646 2155 2709 2203 ut
2737 2150 2878 2203 scire
2910 2149 3200 2204 desideres
3236 2167 3364 2220 quae
3394 2150 3593 2204 Daniel
3628 2150 3881 2221 ignoravit

2209 2240 2414 2309 angelo
2463 2239 2515 2293 ei
2570 2239 2813 2292 dicente.
2875 2240 3048 2305 Vade,
3100 2241 3311 2306 Daniel,
3367 2242 3500 2307 quia
3547 2240 3722 2292 clausi
3771 2240 3877 2291 sunt

2205 2333 2517 2398 signatique
2592 2344 2857 2384 sermones
2913 2344 3081 2398 usque
3153 2330 3227 2383 ad
3280 2334 3486 2399 tempus
3565 2330 3881 2399 prae/initum

2208 2418 2371 2487 (Dan.
2433 2433 2529 2483 x11,
2575 2421 2655 2487 4).
2700 2418 2917 2471 Revera
2958 2417 3143 2471 valida
3194 2418 3456 2487 quaestio,
3513 2422 3569 2471 et
3630 2433 3754 2488 quae
3805 2431 3882 2469 me

2208 2513 2455 2578 utroque
2502 2512 2836 2576 promerent
2866 2501 2893 2538 δ
2928 2521 3133 2574 cornu,
3175 2506 3221 2559 si
3250 2505 3599 2575 subsequiba
3647 2522 3767 2559 eam
3799 2519 3881 2557 au-

2207 2596 2375 2649 ctoris
2406 2612 2522 2648 non
2567 2594 2907 2664 infringeret
2936 2593 3130 2661 dictio,
3165 2595 3301 2647 dum
3345 2594 3650 2664 subjungis
3683 2610 3695 2647 :
3747 2592 3883 2647 L'nde

2207 2684 2350 2737 mihi
2381 2699 2646 2752 campum
2689 2682 2877 2752 aperis
2916 2682 3329 2752 responsionis,
3376 2683 3685 2753 nullasque
3725 2697 3883 2751 angu-

2207 2773 2340 2825 stias
2380 2773 2659 2825 sustinere
2695 2770 3001 2841 permittis,
3064 2771 3198 2824 dum
3245 2771 3376 2824 ais:
3421 2771 3674 2824 Numera
3730 2789 3760 2823 a
3806 2770 3883 2822 die

2207 2861 2394 2932 primo
2440 2877 2554 2930 quo
2598 2860 3130 2913 Nabuchodonosor
3159 2875 3356 2912 carnes
3397 2859 3668 2928 porcinas
3713 2858 3887 2929 posuit

2208 2949 2266 3002 in
2299 2949 2514 3018 templo
2538 2963 2720 3017 usque
2743 2947 2876 3001 dum
2899 2946 3250 3016 impleantur
3271 2946 3407 2999 anni
3438 2946 3593 2999 mille
3630 2947 3884 3000 ducentos

2207 3038 2536 3107 nonaginta,
2582 3042 2636 3089 et
2669 3041 2803 3089 tunc
2834 3036 3123 3106 aperietur
3166 3035 3265 3089 ille
3299 3035 3459 3100 liber,
3494 3040 3550 3087 et
3583 3041 3727 3089 nota
3758 3036 3884 3087 ﬁent

2206 3126 2498 3197 signacula
2527 3125 2665 3195 ejus.
2718 3125 2775 3179 Si
2806 3124 2961 3178 enim
2993 3140 3097 3194 pro
3126 3125 3300 3178 totius
3337 3124 3572 3178 visionis
3631 3124 3886 3177 miraculo

2205 3213 2427 3266 clausos
2485 3210 2848 3279 signatosque
2901 3225 3192 3262 sermones
3232 3209 3509 3279 propheta
3556 3209 3725 3277 dixit,
3774 3207 3886 3278 quis

2206 3298 2310 3351 tibi
2356 3314 2641 3351 annorum
2689 3297 2840 3351 hunc
2888 3314 3195 3350 numerum
3255 3298 3499 3367 aperuit,
3545 3302 3611 3350 ut
3654 3299 3792 3351 scias
3834 3302 3887 3348 tu

2206 3385 2358 3456 quod
2406 3384 2603 3438 Daniel
2653 3385 2794 3438 scire
2846 3401 2960 3438 non
3004 3385 3230 3454 potuit?
3280 3386 3377 3439 llle
3421 3386 3573 3438 enim
3622 3386 3743 3440 dies
3785 3399 3885 3437 non

2206 3490 2383 3527 annos
2427 3474 2586 3540 dixit,
2639 3478 2702 3527 tu
2732 3490 2913 3527 annos
2952 3473 3348 3543 interpretaris
3386 3490 3397 3527 :
3440 3478 3496 3526 et
3545 3474 3741 3528 nescio
3788 3489 3888 3543 quo

2205 3566 2364 3616 tanto
2419 3566 2648 3616 auctore
2701 3568 2923 3631 partem
2985 3562 3114 3615 libri
3172 3562 3381 3633 signati
3430 3562 3593 3633 legis,
3659 3564 3708 3616 si
3760 3563 3890 3617 liber

2205 3654 2357 3705 totus
2382 3655 2466 3704 est
2496 3651 2601 3704 sub
2631 3650 2945 3720 signaculo.
2980 3651 3127 3719 Ergo
3163 3655 3218 3703 et
3251 3650 3309 3704 hi
3342 3650 3497 3703 mille
3528 3650 3765 3706 ducenti
3800 3666 3890 3704 no-

2205 3738 2442 3809 naginta
2473 3739 2593 3792 dies
2633 3739 2834 3793 eodem
2878 3744 3010 3794 sunt
3042 3739 3261 3792 collecti
3291 3738 3351 3792 in
3382 3755 3652 3793 numero.
3708 3742 3814 3795 Cur
3839 3738 3890 3790 in

2207 3832 2369 3897 parte
2404 3826 2714 3897 signatum,
2752 3828 2809 3880 et
2840 3826 2898 3879 in
2926 3832 3084 3897 parte
3116 3832 3380 3897 apertum
3411 3827 3589 3881 dicis?
3621 3828 3746 3882 Tibi
3776 3827 3892 3881 licet

2206 3931 2513 3969 numerum
2542 3915 2899 3985 praeﬁnitum
2930 3915 3271 3985 signationis
3296 3931 3410 3968 non
3441 3914 3499 3968 in
3528 3915 3679 3984 dies,
3712 3916 3805 3969 sed
3828 3915 3881 3967 in

2205 4020 2404 4070 annos,
2441 4004 2849 4074 interpretari:
2898 4003 3034 4057 mihi
3080 4020 3194 4057 non
3228 4003 3419 4057 licebit
3460 4020 3554 4057 eos
3576 4004 3745 4074 juxta
3772 4019 3895 4074 prae-

2204 4093 2383 4146 fatum
2440 4109 2556 4146 non
2606 4108 2807 4158 annos,
2844 4092 2941 4147 sed
2994 4092 3116 4145 dies
3162 4093 3449 4161 probare?
3503 4093 3632 4146 Tibi
3684 4094 3892 4163 majora

2204 4197 2468 4251 usurpas,
2497 4182 2634 4235 dum
2666 4182 2786 4235 dies
2815 4181 2875 4234 in
2905 4197 3087 4234 annos
3112 4180 3477 4251 interpretas,
3512 4180 3719 4235 nubila
3748 4195 3891 4233 sere-

403 4271 567 4341 quasi
607 4272 744 4323 scita
775 4272 843 4323 de
886 4270 1120 4339 proprio
1167 4270 1436 4324 addidisti
1470 4286 1481 4323 :
1519 4270 1583 4323 1n
1612 4269 1698 4322 his
1728 4269 1881 4322 enim
1930 4270 2094 4339 quin-
2133 4283 2176 4338 ι)
2208 4270 2433 4323 nando:
2495 4268 2639 4323 mihi
2700 4269 2923 4323 minora
2973 4285 3090 4323 non
3137 4268 3419 4335 concedis,
3468 4274 3533 4321 ut
3582 4269 3893 4339 prophetiae

403 4375 514 4429 que
546 4358 711 4412 annis
760 4358 1153 4427 singillaturus
1200 4364 1284 4412 est
1318 4358 1609 4425 Dominus,
1643 4358 1741 4429 qui
1773 4362 1829 4411 et
1870 4358 1970 4429 qui
2018 4374 2098 4412 re-

402 4441 718 4494 manserint
743 4457 809 4494 ex
840 4440 1109 4494 omnibus
1138 4442 1406 4511 gentibus
1437 4457 1611 4511 super
1638 4446 1849 4495 terram
1883 4442 1951 4495 ad
1977 4458 2095 4495 ser-

400 4528 603 4582 vitium
630 4528 908 4582 Israhelis.
942 4529 1009 4581 Et
1039 4530 1298 4583 oratione
1328 4530 1547 4583 lubrica
1574 4529 1804 4583 lectoris
1837 4530 2092 4583 animum

400 4616 729 4684 tenebrasti,
766 4623 826 4671 ut
853 4617 1149 4688 ignoraret
1184 4618 1408 4688 penitus
1438 4620 1634 4688 quales
1666 4634 1846 4672 annos
1877 4618 2095 4672 diceres

401 4706 679 4777 quinque,
714 4712 813 4760 aut
833 4723 947 4777 quo
974 4711 1234 4777 tempore
1262 4712 1394 4760 sunt
1425 4707 1718 4761 verissime
1749 4707 2090 4761 calculandi.

472 4797 523 4849 6.
555 4794 639 4848 Ad
689 4795 1092 4865 compendium
1124 4796 1354 4849 veniens
1385 4796 1634 4850 concedo
1665 4795 1746 4849 ita
1785 4795 1943 4848 mille
1987 4800 2094 4849 tre-

398 4889 592 4937 centos
646 4884 878 4956 triginta
930 4884 1187 4955 quinqne
1235 4900 1417 4938 annos
1465 4884 1727 4951 existere,
1776 4888 1831 4937 et
1882 4884 2013 4937 ideo
2062 4901 2094 4938 a

401 4971 646 5025 secundo
692 4987 843 5024 anno
879 4972 1053 5032 Darii,
1100 4972 1200 5042 qui
1246 4979 1303 5026 et
1350 4973 1519 5026 Melas
1552 4976 1781 5025 vocatus
1830 4977 1932 5038 est,
1981 4988 2094 5042 quo

398 5060 540 5114 visio
601 5060 823 5114 Danieli
880 5060 1093 5114 exstitit
1152 5062 1424 5129 revelata,
1469 5077 1648 5131 usque
1696 5060 1768 5113 ad
1809 5061 2095 5130 Vespasia-

400 5166 571 5215 num,
597 5149 694 5220 qui
743 5150 1073 5204 Judmorum
1120 5151 1511 5220 captivitatem
1549 5151 1813 5216 confecit,
1854 5166 2091 5220 compu-

399 5242 594 5291 tantur
615 5236 753 5291 anni
782 5237 1189 5308 quadringenti
1215 5237 1555 5307 nonaginta.
1588 5238 1671 5292 Ad
1696 5254 1836 5308 quos
1858 5239 1903 5292 si
1933 5239 2090 5294 addi-

401 5323 553 5379 deris
596 5342 774 5380 annos
830 5326 1236 5380 incarnationis
1277 5326 1506 5380 Domini
1545 5327 1903 5397 octingentos
1952 5345 2093 5399 qua-

470 5479 495 5509 ι
520 5467 651 5539 Leg.
684 5468 961 5524 Hebraeus.

473 5539 498 5579 ι)
522 5538 645 5604 Ms.,
678 5545 793 5592 aut.

2207 4359 2378 4412 verba
2423 4375 2567 4429 pure
2603 4374 2905 4428 exponam,
2941 4359 3001 4412 in
3044 4358 3269 4412 dierum
3300 4357 3574 4411 vocabulo
3612 4375 3730 4412 non
3761 4372 3890 4411 cun-

2206 4446 2447 4500 ctando?
2485 4446 2541 4500 Si
2601 4446 2811 4517 signati
2844 4452 2977 4500 sunt
3014 4462 3307 4500 sermones
3339 4446 3585 4516 qualiter
3635 4446 3892 4516 superius

2204 4539 2332 4604 post
2361 4535 2515 4587 mille
2542 4539 2826 4588 trecentos
2855 4534 3093 4605 triginta
3124 4550 3305 4586 annos
3333 4534 3591 4604 quinque
3620 4550 3801 4588 annos
3828 4532 3891 4585 ad

2205 4623 2536 4676 servitutem
2568 4623 2826 4694 gentium
2860 4622 3189 4677 calculasti?
3220 4622 3355 4686 Quis
3385 4623 3487 4676 tibi
3519 4624 3668 4676 hanc
3702 4628 3892 4677 aucto-

2206 4711 2433 4765 ritatem
2464 4711 2639 4777 dedit,
2692 4715 2751 4765 ut
2795 4710 3060 4765 omnibus
3090 4711 3360 4780 gentibus
3392 4711 3694 4765 servitium
3730 4712 3891 4782 quin-

2205 4816 2317 4871 que
2374 4800 2539 4854 annis
2596 4801 2902 4869 imponas?
2952 4798 3110 4862 Quod
3157 4799 3357 4852 Daniel
3404 4816 3518 4853 non
3571 4801 3889 4870 explicavit,

2202 4905 2305 4943 cur
2334 4894 2395 4942 tu
2423 4905 2707 4959 exponere
2738 4887 2997 4942 conaris?
3038 4888 3197 4951 Quod
3232 4888 3328 4941 ille
3359 4887 3636 4941 intactum
3681 4889 3889 4953 omisit,

2204 4993 2317 5048 qua
2345 4977 2566 5031 ratione
2597 4983 2658 5032 tu
2702 4982 2946 5032 tractare
2976 4976 3249 5030 festinas?
3280 4976 3387 5030 Sed
3418 4976 3559 5030 dicis
3590 4993 3603 5031 :
3641 4979 3759 5031 Nos
3797 4994 3892 5030 au-

2202 5071 2318 5121 tem
2368 5065 2537 5121 hodie
2587 5082 2785 5120 sumus
2838 5066 2897 5120 in
2942 5066 3247 5120 millesimo
3299 5066 3701 5119 trecentesimo
3756 5082 3895 5119 sexa-

2201 5154 2422 5226 gesimo
2479 5154 2649 5209 tertio
2702 5170 2886 5209 anno:
2941 5170 3046 5224 per
3092 5154 3246 5225 quod
3302 5154 3536 5208 festinas
3597 5155 3893 5209 ostendere

2203 5243 2355 5315 quod
2389 5243 2590 5313 viginti
2619 5248 2676 5297 et
2704 5247 2926 5313 septem
2967 5241 3104 5296 anni
3148 5241 3548 5295 tantummodo
3591 5245 3895 5311 supersunt

2203 5347 2385 5402 usque
2426 5335 2560 5385 tuus
2610 5330 2833 5385 Messias
2882 5347 2915 5384 a
2949 5329 3190 5384 vinculis
3228 5329 3412 5399 igneis
3444 5335 3543 5385 aut
3577 5330 3782 5383 ferreis
3813 5343 3897 5381 ex-

2274 5479 2296 5506 °
2324 5472 2446 5537 Ms.,
2470 5475 2729 5540 superant
2759 5473 2895 5525 anni
2918 5471 3063 5525 mille
3091 5470 3363 5525 ducentos.

2275 5540 2302 5576 δ
2337 5545 2466 5611 Leg.
2497 5547 2785 5610 premeret.
