4098 6180
186 286 275 337 489
1713 283 1752 336 Ε
1764 284 1851 337 ΡΙΕ

1964 285 2087 339 ΙλέῘῖ.

3548 295 3651 347 490

183 418 427 469 solvatur.
475 414 570 468 Hic
616 414 803 467 omnis
826 414 1194 467 frustraretur
1216 418 1470 479 conatus,
1510 413 1555 466 si
1587 413 1843 485 utrisque
1874 422 1918 473 A
1962 418 2250 486 usurpavit
2280 419 2539 487 superbe.
2601 422 2901 476 Videamus
2937 424 3063 493 quis
3092 423 3183 477 hic
3212 425 3319 478 fuit
3349 426 3651 494 Josephus,

183 504 328 558 nobis
374 504 495 556 vita;
550 508 865 573 superesset
934 506 1146 554 status:
1199 501 1335 571 quia
1383 502 1726 571 computatis
1778 504 1848 556 ab

182 610 296 659 tera,
326 608 451 662 quae
482 607 629 644 nunc
662 591 869 643 dicitur
910 590 1383 660 octingentesima
1429 592 1848 660 septuagesima

181 688 373 745 octava,
406 680 605 749 viginti
634 685 690 733 et
719 686 933 750 septem
958 680 1120 732 annis
1155 719 1168 745 ,
1196 678 1256 732 in
1288 696 1403 733 aara
1432 686 1848 749 superventura

181 770 592 840 nongentesima
658 770 859 840 quinta
928 768 1119 822 Zabuli
1190 770 1361 822 vestri
1415 769 1847 839 dignosceretur

180 860 449 912 adventus.
485 861 686 912 Verum
725 858 1187 929 constringamus
1220 876 1322 911 nos
1351 859 1578 929 utrique
1610 860 1710 913 tali
1741 860 1846 913 de-

180 948 435 1001 finitionis
467 948 712 1013 decreto,
747 948 881 1001 utsi
920 948 1033 1000 vita
1072 964 1261 1001 comes
1292 948 1485 1011 fuerit,
1520 952 1576 1002 et
1615 948 1845 1018 utrique

176 1039 236 1090 ad
264 1037 443 1105 ipsum
484 1053 767 1090 annorum
800 1037 1230 1106 pervenerimus
1261 1038 1530 1107 spatium,
1582 1042 1647 1090 ut
1685 1038 1845 1108 cujus

174 1126 298 1180 falsa
326 1125 563 1195 probata
590 1126 759 1179 fuerit
788 1126 1032 1179 invectio
1057 1126 1116 1180 in
1148 1127 1430 1197 comparis
1464 1125 1636 1181 fidem
1670 1127 1845 1180 animi

176 1220 405 1267 transeat
436 1230 654 1284 gressu.

236 1308 281 1357 8.
312 1304 469 1367 Quod
516 1304 563 1357 si
593 1305 717 1374 ipso
761 1304 820 1357 in
862 1308 1121 1374 tempore
1150 1310 1334 1358 vestra
1377 1322 1491 1359 non
1531 1304 1703 1358 fuerit
1750 1322 1845 1358 re-

176 1393 427 1462 demptio,
479 1409 681 1445 vereor
708 1409 780 1445 ne
821 1392 1058 1446 forsitan
1094 1394 1265 1447 unius
1310 1394 1684 1447 hebdomadas
1739 1410 1845 1447 nu-

176 1497 375 1533 merum
416 1482 478 1533 in
508 1481 866 1550 septuaginta
900 1498 1185 1535 annorum
1216 1482 1443 1535 vertatis
1474 1483 1845 1551 curriculum,

174 1576 227 1622 ut
256 1571 319 1623 lll
350 1570 481 1623 dccc
507 1580 552 1610 οε
597 1586 772 1623 annos
809 1587 987 1640 usque
1019 1570 1084 1624 ad
1136 1570 1314 1639 ipsius
1356 1569 1704 1641 iniquissimi
1738 1571 1843 1623 lio-

175 1658 259 1708 stis
278 1658 583 1710 adventum
626 1658 823 1710 dicatis
846 1674 965 1711 esse
997 1659 1325 1712 currendos.

229 1749 273 1798 9.
301 1746 698 1801 Animadverte
729 1747 993 1816 qualibus
1027 1747 1222 1800 Daniel
1252 1748 1461 1801 librum
1495 1748 1837 1818 signaverit:
1879 1722 1919 1774 Β

169 1836 457 1901 Eligcntur,
496 1836 704 1905 inquit,
736 1842 784 1888 et
823 1836 1240 1903 dealbabuntur,
1273 1843 1322 1890 et
1354 1841 1513 1905 quasi
1542 1840 1688 1907 ignis
1717 1856 1845 1906 pro-

171 1922 418 1977 babuntur
455 1926 654 1978 multi:
711 1930 761 1978 et
802 1927 963 1994 impie
1011 1930 1172 1991 agent
1219 1942 1398 1979 omnes
1448 1929 1626 1994 impii.
1684 1929 1847 1980 Porro

169 2011 293 2066 docti
340 2012 652 2081 “intelligent
685 2014 846 2084 (Dan.
898 2030 995 2077 xu,
1052 2014 1157 2084 t0).
1193 2014 1359 2067 Vides
1391 2015 1525 2085 quia
1566 2031 1630 2068 ex
1663 2015 1845 2083 pluri-

171 2101 259 2154 mis
295 2102 454 2171 pauci
494 2103 775 2171 eligentur
809 2108 860 2155 et
893 2102 1349 2156 dealbabuntur:
1401 2111 1457 2156 et
1490 2104 1697 2156 iterum
1733 2118 1845 2155 non

172 2206 367 2255 omnes,
402 2191 505 2244 sed
532 2192 695 2244 multi
736 2191 1172 2261 probabuntur:
1207 2197 1264 2245 et
1291 2192 1455 2261 impii
1486 2208 1602 2245 non
1636 2191 1848 2244 intelli-

170 2285 305 2350 gent,
350 2282 448 2350 qui
505 2282 681 2334 Deum
719 2286 1047 2350 negarunt:
1081 2297 1255 2350 porro
1300 2280 1450 2335 docti
1498 2280 1844 2349 intelligent.

173 2369 265 2422 Nec
328 2371 479 2423 enim
531 2369 827 2422 scientiam
885 2369 1017 2422 libri
1083 2370 1397 2437 interdixit,
1446 2386 1589 2439 quos
1655 2370 1848 2422 doctos

170 2456 283 2509 fidei
309 2475 425 2512 esse
458 2459 744 2529 praevidit.
787 2459 1114 2528 Applaudes
1155 2464 1208 2511 te
1240 2459 1471 2523 iterum,
1504 2458 1638 2528 quia
1670 2458 1714 2510 si
1744 2458 1847 2511 tibi

171 2554 389 2613 vacaret,
412 2564 511 2601 me
538 2563 847 2618 meumque
890 2563 1021 2617 eges
1064 2548 1253 2618 ipsum
1283 2559 1303 2583 η
1335 2548 1580 2601 multum
1614 2547 1847 2601 duceres

171 2649 381 2688 errasse.
447 2638 517 2688 Et
562 2635 715 2705 quod
785 2652 900 2689 non
971 2636 1123 2689 vales
1192 2636 1512 2700 ostendere,
1571 2636 1733 2707 quasi
1789 2637 1847 2689 in

169 2726 389 2778 transitu
423 2726 663 2778 minitas
712 2725 1019 2789 intentare,
1072 2729 1135 2778 ut
1181 2725 1357 2778 lector
1405 2729 1459 2778 te
1502 2729 1665 2795 putet
1704 2724 1847 2777 mihi

170 2828 398 2881 parcere,
453 2814 559 2883 qui
605 2814 890 2867 mentiens
940 2829 1045 2866 nec
1098 2818 1207 2866 tuae
1256 2813 1464 2865 animae
1521 2813 1843 2883 pepercisti,

168 2901 283 2969 quia
330 2918 387 2955 οε
446 2902 597 2971 quod
627 2906 905 2967 mentitur,
960 2903 1157 2957 occidit
1181 2906 1422 2955 animum
1453 2904 1610 2972 (Sap.
1658 2920 1696 2967 1,
1734 2905 1844 2972 ll),

1957 505 2042 556 vel
2074 521 2138 557 ex
2172 522 2284 575 qua
2331 507 2484 560 tribu
2515 508 2843 563 Iudaeorum
2874 512 3088 565 exstitit
3115 517 3289 566 ortus.
3334 514 3428 567 Ait
3459 516 3650 567 enim:

1955 595 2231 663 Josephus
2258 596 2492 661 Mathize,
2525 598 2696 663 filius,
2734 604 2790 652 et
2823 600 3202 670 Hierosolymi
3232 602 3513 669 sacerdos,
3555 603 3655 673 qui

1957 687 2015 735 et
2044 683 2162 752 ipse
2217 684 2503 737 Romanos
2534 686 2720 755 primo
2764 688 2914 742 bello
2960 692 3426 760 oppugnaverim,
3462 697 3516 744 et
3550 708 3651 761 po-

1958 770 2289 824 sterioribus
2341 773 2716 828 nihilominus
2762 776 3117 831 interfuerim
3159 780 3369 849 praeliis
3404 780 3653 832 necessi-

1956 864 2068 912 tate
2108 863 2460 917 constrictus.
2515 864 2579 917 Et
2622 865 2678 918 in
2722 866 2835 918 alio
2869 867 3025 920 loco.
3084 870 3207 921 Non
3256 885 3360 938 ego
3416 868 3653 939 quidem

1957 952 2164 1013 Aaron,
2218 952 2314 1004 sed
2366 957 2555 1005 tamen
2622 970 2737 1007 non
2795 954 3043 1025 deneger
3091 958 3114 997 ι)
3173 957 3242 1009 ab
3289 974 3377 1010 eo.
3432 958 3535 1011 Sed
3588 973 3653 1010 ex

1957 1039 2160 1108 quinto
2207 1041 2352 1094 libro
2401 1058 2517 1095 suae
2583 1044 2836 1097 Historiae
2876 1045 3231 1114 proferamus
3274 1047 3439 1115 quale
3489 1046 3654 1099 testi-

1958 1128 2213 1181 monium
2246 1146 2418 1199 super
2457 1147 2571 1184 sure
2620 1132 2805 1200 gentis
2834 1133 3166 1201 produxerit
3211 1140 3521 1203 comptum.
3561 1136 3655 1187 Et-

1957 1215 2109 1269 enim
2165 1223 2468 1287 postquam
2522 1237 2554 1271 a
2628 1222 2969 1291 Vespasiano
3054 1224 3496 1293 comprehensus
3549 1228 3653 1286 est,

1957 1310 2125 1375 atque
2156 1305 2276 1359 neci
2329 1307 2705 1377 adjudicatus,
2746 1327 2849 1380 pro
2883 1328 2949 1364 eo
2997 1312 3147 1381 quod
3202 1312 3311 1365 dux
3347 1313 3528 1365 fuerat
3556 1312 3656 1364 Ju-

1955 1394 2130 1447 daicue
2175 1396 2459 1454 factionis.
2516 1403 2569 1449 et
2610 1400 2803 1451 multis
2844 1401 3132 1455 Romanos
3171 1400 3504 1469 fatigaverat
3543 1402 3659 1455 bel-

1956 1481 2049 1547 lis,
2107 1484 2338 1535 tandem
2395 1486 2734 1554 Vespasiano
2782 1487 2850 1539 de
2907 1493 3085 1540 morte
3146 1489 3383 1541 Neronis
3432 1495 3488 1540 et
3535 1490 3657 1558 ejus

1956 1569 2262 1640 imperium
2307 1574 2685 1641 prophetarit,
2736 1580 2790 1627 et
2840 1576 2990 1628 illico
3041 1592 3155 1628 non
3188 1578 3369 1629 solum
3412 1579 3653 1646 gratiam

1958 1659 2257 1712 solutionis
2305 1661 2541 1728 excepit,
2577 1661 2671 1713 sed
2705 1666 2759 1713 et
2789 1662 3053 1714 amicitiai,
3087 1664 3271 1715 locum
3320 1664 3470 1732 apud
3524 1681 3656 1717 eum

1959 1764 2070 1801 non
2121 1751 2603 1801 contemnendum
2660 1749 2923 1802 obtinuit.
2970 1752 3166 1803 Jussus
3210 1756 3400 1804 tamen
3451 1758 3532 1805 est
3598 1757 3659 1805 ut

1958 1838 2142 1907 patrio
2194 1853 2455 1889 sermone
2525 1839 2917 1906 alloqueretur
2966 1838 3210 1899 Iudaeos,
3258 1856 3500 1908 quorum
3542 1840 3655 1892 dux

1958 1930 2080 1977 erat
2107 1927 2348 1978 Joannes
2388 1926 2634 1979 Sicarius
2672 1926 2973 1995 parricida.
3023 1926 3125 1979 Cui
3161 1927 3351 1979 taliter
3378 1929 3656 1998 Josephus

1958 2014 2065 2067 ait:
2112 2015 2231 2067 Non
2265 2015 2493 2077 mirum,
2547 2017 2814 2075 Joannes,
2868 2015 2915 2067 si
2970 2031 3296 2084 perseveres
3348 2032 3526 2086 usque
3578 2018 3648 2069 ad

1958 2102 2242 2156 excidium
2276 2104 2495 2172 patrne,
2529 2119 2657 2156 cum
2689 2104 2808 2172 jam
2857 2104 3195 2173 reliquerint
3233 2120 3355 2157 eam
3388 2105 3656 2174 praesidia

1957 2193 2148 2245 divina
2178 2209 2190 2258 ;
2226 2193 2325 2245 sed
2356 2192 2534 2245 miror
2561 2193 2603 2244 si
2634 2193 2948 2261 perituram
2984 2210 3101 2246 non
3148 2195 3349 2257 credis,
3405 2211 3533 2246 cum
3578 2196 3651 2249 le-

1958 2282 2106 2351 geris
2155 2281 2515 2351 propheticus
2545 2281 2739 2347 libros,
2770 2283 2977 2351 quibus
3010 2282 3226 2335 excidia
3257 2283 3459 2351 patriae
3491 2283 3655 2337 nobis

1958 2370 2465 2433 annuntiaverunt,
2500 2375 2555 2422 et
2596 2375 2857 2440 reparata
2919 2370 3169 2423 culmina
3220 2386 3415 2423 rursus
3465 2387 3494 2422 a
3544 2371 3656 2423 Ro-

1959 2475 2127 2511 mano
2162 2460 2507 2512 destruenda
2537 2461 2806 2512 exercitu.
2858 2459 3003 2522 Quid
3039 2460 3192 2511 enim
3253 2459 3406 2511 aliud
3452 2460 3659 2512 clamat

1963 2549 2206 2601 Daniel?
2242 2550 2363 2602 Non
2393 2549 2545 2601 enim
2592 2548 2743 2617 quod
2775 2548 2895 2617 jam
2932 2550 3139 2601 factum
3174 2552 3313 2613 erat,
3363 2548 3459 2601 sed
3503 2548 3658 2617 quod

1960 2637 2323 2706 profuturum
2350 2646 2368 2669 ο
2400 2637 2797 2707 prophetabat.
2851 2638 2989 2699 Quae
3034 2643 3117 2688 est
3161 2636 3509 2689 abominatio
3560 2636 3657 2689 de-

1961 2726 2256 2778 solationis
2282 2725 2639 2777 venientibus
2679 2725 2704 2764 ά
2737 2724 3011 2777 Romanis
3057 2725 3199 2792 fore,
3232 2724 3343 2777 nisi
3392 2724 3495 2777 ista
3529 2740 3657 2794 quae

1962 2815 2279 2868 imminet?
2316 2814 2607 2883 Conspicis
2647 2813 2799 2883 quod
2850 2813 2973 2882 ipso
3030 2813 3089 2866 in
3142 2818 3399 2883 tempore
3436 2819 3658 2881 septua-

1962 2903 2123 2970 ginta
2154 2902 2545 2955 hebdomadas
2592 2901 2870 2970 Josephus
2901 2907 3083 2955 vester
3134 2902 3368 2955 credidit
3399 2918 3519 2954 esse
3549 2901 3657 2954 im-

169 2989 328 3042 multo
383 2991 573 3060 magis
627 2990 915 3061 propriam
982 3006 1155 3061 quam
1211 2999 1461 3044 externa.
1518 2992 1582 3043 Et
1628 2990 1693 3043 fit
1740 2991 1850 3043 hoc
1882 3008 1921 3062 ρ
1959 2990 2192 3061 pletas?
2226 2992 2289 3044 Et
2320 2995 2443 3060 post
2477 3006 2655 3059 pauca
2700 2989 2922 3043 addidit
2970 2990 3139 3042 etiam
3174 2990 3328 3042 huic:
3376 2991 3485 3043 Nec
3525 3006 3652 3059 ego,

168 3082 271 3130 arte
301 3078 585 3132 rhetorica
632 3084 713 3143 ut,
769 3080 904 3133 dum
955 3096 1068 3133 non
1126 3080 1276 3133 valet
1306 3096 1577 3149 responsa
1624 3096 1847 3148 parare,

170 3181 217 3218 se
245 3167 415 3236 tingat
462 3172 671 3238 sponte
702 3168 986 3231 omittere,
1038 3184 1165 3238 quze
1198 3169 1359 3239 quasi
1390 3174 1593 3237 potens
1625 3173 1850 3237 poterat

168 3257 466 3325 approbare
495 3274 508 3311 :
547 3262 609 3311 ut
638 3258 903 3311 ostendat
943 3258 1212 3311 omnibus
1240 3274 1355 3311 non
1383 3258 1576 3311 deesse
1607 3257 1690 3310 illi
1722 3263 1844 3310 stu-

167 3343 326 3411 dium,
368 3347 467 3400 sed
502 3346 683 3400 animi
716 3351 927 3400 votum.
962 3346 1164 3417 Sicque
1198 3346 1335 3400 dum
1383 3354 1605 3399 montes
1634 3347 1849 3415 jaureos

169 3435 382 3503 pellicit,
428 3452 538 3489 nec
588 3452 802 3489 aereum
836 3452 1139 3489 nummum
1201 3436 1480 3505 producit.
1531 3436 1756 3489 Talibus
1789 3442 1851 3487 tu

168 3522 398 3577 imbutus
468 3541 531 3577 es
582 3525 917 3595 disciplinis,
986 3530 1043 3577 et
1110 3524 1239 3577 ideo
1296 3528 1347 3576 te
1405 3523 1630 3593 jactitas
1684 3540 1850 3593 posse

170 3613 321 3680 quod,
362 3614 718 3667 conscientia
744 3619 904 3675 teste,
938 3615 1090 3667 vales
1128 3614 1367 3667 minime
1398 3614 1669 3667 factitare.

233 3705 307 3755 t0.
358 3703 515 3757 Scito
559 3704 694 3773 quia
733 3703 874 3756 nihil
914 3703 1018 3756 tibi
1050 3719 1113 3755 ex
1148 3703 1414 3773 Egesippi
1447 3703 1614 3772 posui
1643 3702 1847 3769 verbis,

169 3790 249 3842 sed
279 3807 341 3844 ex
383 3792 613 3862 Josippi
661 3792 834 3845 vestri
882 3792 1167 3856 doctoris;
1212 3791 1347 3861 quia
1408 3808 1473 3844 ex
1527 3792 1851 3861 captivitate

170 3878 449 3949 Babylonis
488 3897 673 3951 usque
705 3880 773 3934 ad
810 3882 1087 3935 Herodem
1131 3880 1464 3950 alienigenae
1494 3880 1690 3949 prolis,
1724 3896 1849 3933 om-

173 3984 256 4019 nes
303 3970 600 4039 principes
641 3975 858 4023 vestros
906 3974 959 4023 et
1016 3986 1181 4039 reges
1238 3970 1395 4022 fuere
1428 3975 1486 4022 et
1533 3969 1853 4023 sacerdotes

170 4059 267 4109 suis
295 4058 537 4112 tradidit
562 4058 721 4110 libris
754 4072 767 4125 ;
804 4064 1145 4127 usurpantes
1176 4057 1283 4111 sibi
1315 4057 1692 4110 sacerdotium
1727 4062 1854 4125 post

170 4161 393 4215 regnum
430 4149 695 4200 invasum
725 4167 739 4211 ;
770 4163 873 4215 per
907 4146 1063 4216 quod
1114 4162 1227 4199 non
1266 4145 1545 4199 diftiditur
1585 4146 1850 4198 lethalem

170 4250 252 4287 eos
276 4235 622 4289 sustinuisse
655 4252 867 4288 casum.
905 4237 1015 4288 Nec
1048 4235 1189 4288 mihi
1222 4251 1479 4304 opponas
1505 4252 1519 4286 :
1543 4236 1851 4287 Extraneus

170 4328 292 4376 enim
343 4327 442 4393 qui
488 4326 796 4388 accesserit,
844 4326 957 4377 nisi
1000 4339 1067 4376 ea:
1122 4324 1270 4377 tribu
1324 4327 1535 4389 Aaron,
1590 4325 1928 4385 moriaturD

174 4414 332 4479 ijNum.
369 4430 405 4481 ι,
438 4414 549 4482 51).
593 4413 697 4467 Sed
735 4414 917 4465 recole
972 4412 1345 4481 pervicaciam
1415 4411 1662 4464 Judaicae
1722 4427 1855 4479 gen-

170 4500 233 4551 tis
260 4507 313 4554 et
358 4502 511 4555 male
553 4501 715 4554 fortis
756 4500 1073 4563 audaciam,
1110 4505 1163 4552 et
1212 4506 1347 4553 tunc
1389 4500 1531 4552 scies
1565 4499 1662 4569 qui
1694 4504 1852 4567 pote-

171 4594 287 4641 rant
332 4606 618 4660 usurpare
679 4591 912 4657 majora.
966 4590 1083 4657 Ego
1137 4589 1291 4641 enim
1348 4587 1733 4641 Alexandrum
1791 4603 1855 4639 ex

172 4676 311 4730 tribu
355 4679 520 4731 Iuda).
583 4680 785 4731 ducem
845 4694 964 4731 esse
1024 4677 1267 4741 firmavi,
1321 4677 1421 4745 qui
1478 4675 1857 4728 sacerdotium

172 4768 454 4835 usurpavit
483 4766 611 4819 sibi.
639 4767 746 4831 Tu,
769 4766 815 4818 si
842 4766 999 4831 velis,
1025 4766 1114 4818 dic
1134 4780 1264 4817 eum
1290 4765 1496 4817 iterum
1534 4779 1634 4816 nec
1665 4779 1858 4833 regem

172 4850 359 4920 fuisse;
397 4856 502 4907 sed
534 4854 642 4907 hoc
672 4870 788 4907 non
815 4855 1050 4924 poteris,
1090 4853 1225 4923 quia
1260 4852 1605 4905 domesticus
1637 4852 1739 4905 tibi
1771 4857 1860 4905 te-

174 4941 260 4993 stis
288 4943 540 5013 assurgit
588 4944 891 5013 Josephus,
944 4944 1043 5013 qui
1092 4942 1267 4996 etiam
1318 4941 1701 4995 Aristobolum
1746 4941 1858 4993 fra-

173 5032 304 5083 trem
337 5033 464 5101 ejus
499 5032 635 5084 talia
690 5031 887 5084 fecisse
936 5031 1051 5083 suis
1096 5029 1379 5099 approbat
1432 5028 1614 5081 dictis.
1667 5028 1863 5098 Siqui-

173 5115 311 5181 dem,
345 5120 444 5183 ait,
480 5119 860 5189 Aristobolus,
898 5119 990 5173 cui
1037 5119 1188 5172 inter
1236 5119 1440 5171 fratres
1487 5121 1622 5169 aetas
1653 5133 1862 5186 prove-

173 5205 322 5271 ctior,
380 5224 549 5261 mens
601 5208 969 5277 praeruptior,
1021 5207 1408 5275 principatum
1463 5205 1760 5257 sacerdotii
1794 5204 1865 5258 ad

174 5298 324 5365 regni
401 5302 745 5367 potestatem
809 5297 917 5350 sibi
966 5298 1266 5362 convertit,
1331 5299 1387 5348 et
1443 5295 1705 5349 diadema
1760 5294 1865 5347 sibi

235 5429 258 5453 ⁸
297 5422 426 5490 Leg.
456 5422 806 5490 Egesippum,
838 5422 907 5475 de
942 5437 1055 5491 quo
1082 5420 1295 5475 statim.

236 5493 259 5531 ι»
300 5494 430 5562 Leg.
458 5495 708 5559 degener.

238 5570 257 5592 ε
296 5563 508 5629 Forte.,
538 5578 637 5631 pro
665 5566 873 5627 futuro.

534 5662 809 5725 Parum“
862 5660 1072 5724 CXXI.

1958 3080 2057 3145 ait,
2092 3081 2235 3133 liber
2273 3080 2343 3133 ab
2370 3078 2701 3147 hujusmodi
2736 3078 2985 3148 periculo
3040 3094 3185 3131 sum.
3227 3078 3367 3132 Novi
3408 3084 3464 3131 et
3502 3078 3644 3147 ipse,

1958 3170 2094 3240 quia
2124 3184 2252 3221 cum
2284 3168 2484 3221 vestris
2535 3167 2891 3237 periclitatur
2940 3167 3296 3219 sanctissima
3340 3166 3482 3219 mihi
3525 3182 3646 3219 ma-

1956 3263 2062 3324 ter,
2106 3262 2161 3311 et
2190 3272 2347 3310 sacra
2377 3255 2555 3310 satius
2586 3272 2751 3321 uxor,
2814 3261 2983 3324 atque
3024 3272 3135 3308 non
3171 3255 3420 3325 ignobile
3451 3270 3652 3324 genus,

1958 3351 2014 3399 et
2058 3346 2350 3416 quondam
2406 3345 2607 3398 domus
2657 3344 2958 3413 praeclara;
3011 3360 3073 3396 ac
3129 3344 3367 3397 fortasse
3425 3347 3660 3413 propter

1958 3452 2117 3489 meos
2164 3452 2254 3488 me
2294 3434 2531 3487 suadere
2566 3434 2962 3486 arbitramini:
3000 3433 3239 3485 occidite
3273 3448 3389 3497 eos,
3424 3438 3481 3485 et
3510 3431 3659 3484 acci-

1958 3524 2075 3595 pite
2119 3524 2357 3593 insuper
2404 3522 2725 3575 mercedem
2772 3537 2966 3575 meum
3016 3519 3373 3590 sanguinem,
3420 3520 3661 3573 libenter

1959 3614 2105 3667 hanc
2136 3613 2291 3666 solvo
2339 3612 2661 3665 mercedem
2696 3616 2891 3663 vestrae
2936 3610 3151 3673 salutis,
3186 3610 3231 3662 si
3264 3614 3389 3679 post
3433 3626 3519 3662 me
3572 3626 3658 3661 sa-

1959 3719 2093 3772 pere
2120 3702 2375 3771 potestis.
2424 3700 2721 3767 lntelligis,
2766 3699 2843 3751 mi
2885 3714 3176 3767 germane,
3203 3699 3336 3767 quia
3365 3713 3659 3767 nunquam

1957 3788 2267 3859 aliquando
2314 3803 2509 3856 sapere
2533 3786 2766 3855 potestis
2791 3786 2956 3854 juxta
2995 3785 3164 3837 verba
3201 3784 3371 3837 vestri
3393 3783 3658 3849 doctoris,

1958 3894 2087 3930 vere
2117 3875 2354 3929 conﬁdis
2388 3875 2445 3927 in
2480 3874 2657 3926 ventis
2682 3882 2726 3940 °,
2762 3879 2818 3925 et
2844 3872 3017 3925 habes
3050 3872 3319 3924 fiduciam
3354 3871 3411 3923 in
3452 3872 3656 3924 nihilo.

1963 3963 2160 4018 Dixisti
2195 3962 2347 4015 enim
2382 3961 2533 4031 quod
2575 3961 2695 4031 ipsa
2731 3965 2897 4013 natus
2938 3964 3023 4012 est
3054 3960 3143 4013 die
3192 3964 3245 4011 et
3293 3965 3498 4011 unctus
3546 3974 3658 4028 quo

1958 4051 2273 4103 Jerusalem
2340 4054 2555 4101 vastata
2634 4049 2761 4101 fuit.
2841 4047 3059 4101 Sufﬁcit
3121 4048 3273 4099 enim
3331 4047 3482 4116 quod
3534 4047 3655 4115 ejus

1963 4138 2233 4191 nativitas
2290 4138 2450 4190 vobis
2487 4137 2769 4189 excidium
2820 4141 2874 4189 et
2922 4140 3260 4205 perpetuam
3311 4135 3533 4188 ruinam
3565 4134 3660 4186 in-

1962 4226 2121 4280 dixit.

2049 4318 2131 4368 lt.
2164 4314 2347 4380 Vides,
2377 4313 2454 4365 mi
2482 4314 2674 4378 frater,
2708 4317 2761 4365 te
2795 4312 3089 4365 meliorem
3113 4327 3281 4364 essea
3308 4316 3403 4364 tuo
3439 4311 3659 4364 Messia.

1962 4405 2042 4456 Tu
2071 4404 2292 4456 solutus
2319 4419 2397 4467 es,
2434 4403 2527 4454 ille
2576 4402 2825 4470 ligatus;
2860 4412 2922 4453 tu
2947 4400 3195 4469 juvenis,
3260 4400 3355 4452 ille
3397 4399 3517 4467 jam
3575 4416 3662 4451 se-

1965 4507 2095 4544 nex.
2140 4492 2203 4544 Et
2247 4491 2483 4543 forsitan
2526 4489 2660 4543 inde
2711 4490 2970 4553 senescit,
3032 4488 3141 4541 nisi
3195 4489 3461 4557 quotiens
3510 4487 3666 4541 dicas

1966 4581 2318 4633 incrementa
2350 4595 2480 4631 eum
2527 4594 2642 4631 non
2686 4577 2895 4630 sentire
2954 4577 3157 4640 aetatis,
3210 4592 3310 4645 per
3357 4577 3507 4646 quod
3541 4592 3666 4629 me-

1968 4669 2168 4723 tallum
2216 4683 2348 4719 eum
2405 4667 2598 4718 firmes
2650 4665 2980 4717 insensibile
3041 4681 3182 4717 esse.
3244 4664 3465 4717 Titulus
3511 4664 3665 4716 enim

1969 4760 2071 4822 est,
2106 4772 2174 4808 ne
2207 4754 2429 4807 falsaris
2476 4755 2863 4807 metallorum.
2905 4754 3130 4806 Utinam
3178 4769 3291 4805 non
3342 4757 3395 4804 te
3443 4752 3669 4821 pigeret

1971 4844 2113 4898 mihi
2142 4844 2387 4896 scribere
2425 4843 2552 4912 quis
2596 4858 2727 4895 cum
2768 4842 2965 4907 vinxit,
3009 4843 3136 4912 quis
3182 4842 3429 4895 vinctum
3472 4846 3668 4893 custo-

1970 4933 2073 4998 dit,
2106 4932 2164 4985 in
2206 4948 2317 5000 qua
2346 4932 2551 4983 latrina
2581 4930 2824 4983 infectus
2859 4931 3029 4997 jacet,
3063 4930 3135 4998 in
3189 4946 3303 4999 qua
3332 4934 3500 4982 terra:
3534 4944 3665 4997 por-

1970 5022 2126 5075 tione
2184 5022 2376 5073 cloaca
2413 5020 2694 5073 dimersus
2752 5019 3038 5071 vermibus
3087 5024 3278 5071 scatet.
3336 5019 3584 5071 Clamate
3617 5016 3667 5068 ei

1974 5126 2105 5163 voce
2134 5110 2373 5179 majore,
2406 5108 2540 5177 quia
2570 5108 2807 5161 forsitan
2839 5108 3028 5159 alvum
3059 5112 3240 5159 vester
3271 5105 3493 5159 Messias
3530 5120 3668 5174 pur-

1973 5204 2090 5269 gat,
2141 5206 2239 5251 aut
2297 5198 2537 5250 vesicam
2597 5197 2872 5249 effusione
2932 5197 3113 5248 urinae
3180 5196 3348 5257 laxat,
3392 5198 3491 5245 aut
3548 5191 3669 5245 fimi

1972 5292 2239 5356 putorem
2270 5286 2437 5339 tacite
2493 5301 2555 5337 ex
2600 5302 2706 5337 ano
2740 5285 2981 5343 exhalat,
3036 5288 3135 5335 aut
3182 5286 3331 5334 certe
3374 5280 3672 5333 inflatione

2045 5410 2071 5445 ἀ
2114 5412 2234 5470 Μελ..
2269 5413 2548 5464 venientis.

2046 5494 2067 5515 υ
2110 5486 2227 5547 Msa,
2258 5485 2509 5536 intentos.

3284 5659 3361 5713 lt}
