4098 6180
423 252 517 304 491

1785 244 2037 300 ALVABI
2077 243 2549 301 COBDUBENSIS
2606 292 2614 302 .
3788 252 3876 303 492

421 383 638 438 ventris
693 379 989 450 instripida
1037 387 1061 412 ⁸
1090 377 1319 446 digerit,
1383 380 1440 430 et
1497 375 1624 429 ideo
1679 375 1931 446 gemitus
1989 380 2106 428 tam
2145 377 2190 429 Α
2222 374 2318 428 bus
2345 379 2720 444 peccaverunt,
2753 378 2804 428 et
2839 375 3109 428 mandabo
3137 389 3243 440 eos,
3285 380 3336 430 et
3361 381 3516 430 erunt
3557 379 3683 430 mihi
3718 381 3769 432 in
3795 397 3879 449 po-

423 472 729 526 diuturnos
785 474 998 522 vestros
1057 482 1172 519 non
1227 464 1403 519 audit.
1451 466 1573 518 Non
1611 469 1665 517 te
1699 465 1872 534 pudet
1919 467 1964 526 b,
1997 470 2111 516 tam

423 560 721 614 ridiculam
786 563 999 610 sectare
1053 555 1414 608 amentiam?
1471 553 1607 606 Vere
1681 559 1765 615 tu,
1817 569 2110 622 germane,

423 647 678 716 sequeris
715 651 915 697 ventos
949 648 1003 697 et
1052 643 1234 712 pascis
1263 658 1448 707 auras,
1501 641 1598 711 qui
1654 657 1858 693 nervos
1888 640 2112 693 nebulas

421 741 622 788 tenens
669 734 729 787 in
755 733 940 786 fumos
972 733 1275 786 domorum
1307 731 1568 795 confidis,
1606 731 1704 800 qui
1750 731 1922 782 etiam
1955 731 2113 782 solu-

418 823 632 875 tionem
669 839 700 874 a
728 839 841 892 quo
872 837 985 874 non
1021 825 1105 873 est
1133 821 1353 873 solutus
1402 825 1661 888 expectas
1699 831 1742 872 ο.
1797 817 2006 873 Scribis
2054 818 2111 870 in

417 910 564 964 ﬁne:
606 910 774 977 Vade,
824 915 1080 977 tuumque
1105 910 1296 961 Jesum
1347 913 1479 972 tene,
1514 913 1562 961 et
1593 907 1703 970 hic,
1736 911 1785 959 et
1815 909 1872 959 in
1919 923 2110 961 avum.

415 999 498 1053 Ad
561 999 717 1070 quod
769 999 940 1052 breve
1016 1013 1356 1068 responsum
1414 997 1693 1066 accipito:
1765 999 1992 1062 Amen;
2060 999 2117 1048 et

417 1088 625 1143 iterum
657 1104 846 1141 amen.
880 1088 942 1140 Et
964 1087 1156 1140 dicant
1187 1103 1299 1140 non
1326 1088 1509 1140 solum
1545 1085 1752 1154 angeli,
1786 1085 1881 1138 sed
1908 1089 1963 1138 et
1991 1101 2114 1138 om-

417 1177 506 1230 nis
537 1177 820 1248 populus:
877 1179 1018 1240 Fiat,
1067 1178 1166 1243 ﬁat
1208 1175 1377 1244 (Psal.
1430 1191 1512 1234 cv,
1549 1175 1656 1240 48).
1696 1174 1763 1227 Ut
1816 1173 1961 1226 sicut
2008 1188 2114 1241 ego

417 1281 547 1317 eum
583 1270 786 1333 sponte
839 1263 935 1316 illo
967 1263 1221 1332 spirante
1275 1261 1386 1316 ﬁde
1435 1263 1742 1331 amplecto,
1797 1260 1875 1314 ita
1914 1260 1983 1313 ab
2014 1261 2112 1313 illo

419 1358 644 1413 tenear.
681 1369 752 1406 ne
787 1353 1038 1406 abducar
1071 1352 1140 1405 ab
1173 1369 1239 1405 eo
1290 1352 1396 1406 [ide
1427 1351 1511 1404 vel
1558 1368 1728 1421 opere
1759 1349 2116 1420 praestigioso

420 1441 660 1510 alicujus
690 1445 1038 1494 commento.
1071 1443 1254 1510 Atque
1289 1440 1365 1493 ita
1421 1445 1669 1493 mentem
1721 1454 1909 1492 meam
1955 1439 2114 1492 Jesus

411 1532 544 1599 jure
607 1531 713 1584 sibi
773 1535 1050 1600 perpetuo
1109 1529 1372 1593 vindicet,
1441 1534 1504 1582 ut
1560 1529 1617 1581 in
1662 1529 1922 1582 sensibus
1972 1529 2115 1581 meis

417 1620 572 1671 nulla
641 1619 910 1688 deinceps
961 1617 1208 1670 titillatio
1267 1617 1512 1670 obscena
1561 1616 1810 1684 evigilat.
1866 1615 1971 1669 Sed
2034 1615 2113 1667 ita

416 1707 594 1759 menti
645 1707 754 1760 tide
804 1704 1126 1776 prmsideat,
1184 1710 1248 1758 ut
1300 1704 1624 1758 membrum
1673 1719 1846 1774 opere
1907 1707 2110 1771 regat;

415 1812 621 1866 meque
677 1794 746 1848 ab
791 1795 987 1848 auditu
1040 1795 1184 1846 malo
1235 1810 1338 1846 suo
1392 1793 1644 1847 liberans
1694 1808 1932 1847 munere
1980 1792 2112 1846 dex-

414 1889 550 1937 tera:
605 1884 783 1954 partis
817 1883 1025 1953 gaudio
1074 1881 1242 1935 faciat
1274 1882 1612 1952 participem
1643 1898 1787 1936 esse.
1841 1883 1964 1952 Ipse
2012 1881 2111 1951 qui

413 1973 472 2026 in
527 1973 800 2026 Triuitate
854 1988 980 2024 cum
1036 1973 1197 2024 Patre
1251 1976 1307 2024 et
1353 1971 1564 2041 Spiritu
1628 1977 1821 2024 sancto
1878 1987 2027 2024 unus
2079 1986 2112 2023 a

414 2077 505 2115 me
538 2062 747 2114 colitur
777 2062 939 2120 Deus.
977 2060 1066 2114 cui
1091 2064 1173 2114 est
1200 2059 1382 2129 gloria
1411 2061 1470 2112 in
1505 2060 1710 2114 smeula
1742 2059 2105 2114 surculorum.

484 2167 598 2220 Hic
618 2170 848 2233 vestigia
881 2170 1149 2234 apparent
1184 2167 1491 2219 litterarum
1523 2167 1681 2219 rubri
1701 2167 1914 2230 coloris,
1951 2168 2112 2233 quasi

415 2239 605 2291 titulus
653 2240 879 2290 alterius
927 2239 1181 2305 epistolae,
1235 2239 1655 2307 transgressoris
1702 2253 1920 2305 nempe:
1949 2237 2104 2306 cujus

407 2317 696 2377 propterea
727 2311 956 2373 inferior
994 2310 1120 2372 folii
1149 2323 1306 2377 pars,
1342 2311 1395 2360 in
1429 2324 1535 2374 qua
1566 2309 1878 2377 incipiebat,
1914 2323 2108 2377 ampu-

413 2386 548 2433 tata.
587 2379 697 2435 Sed
724 2395 878 2432 versa
907 2382 1117 2448 pagina
1146 2381 1338 2431 insunt
1361 2381 1640 2448 sequentia
1666 2394 1678 2431 :

1175 2494 1332 2547 XVII.

487 2605 534 2654 1.
567 2600 762 2667 Israel,
809 2599 953 2652 sicut
1004 2598 1278 2668 scriptum
1335 2598 1505 2651 estin
1544 2597 1690 2650 libro
1750 2599 2106 2652 Deuterono-

410 2690 564 2742 mio:
599 2689 782 2742 Ponite
827 2688 934 2741 haec
965 2688 1129 2740 verba
1175 2703 1292 2740 mea
1340 2689 1397 2739 in
1427 2685 1698 2751 cordibus,
1746 2691 1794 2738 et
1821 2688 1878 2739 in
1904 2688 2104 2740 animis

407 2777 625 2844 vestris,
660 2783 717 2830 et
753 2776 974 2846 reliqua
1031 2779 1208 2842 (Deut.
1245 2791 1322 2840 ιιι,
1367 2775 1477 2844 18).
1514 2777 1576 2828 Et
1628 2776 1684 2828 in
1719 2775 1921 2828 eodem
1955 2775 2102 2829 libro

410 2866 546 2919 alibi
579 2865 815 2936 legitur:
849 2865 1039 2931 Legem
1068 2867 1323 2934 praecepit
1351 2863 1504 2917 nobis
1555 2865 1762 2931 Moyses
1809 2863 2103 2917 haeredita-

409 2960 510 3008 tem
541 2953 915 3007 multitudinis
953 2953 1112 3006 Jacob
1142 2953 1316 3020 (Deut.
1371 2967 1558 3017 xxxm,
1591 2951 1665 3019 4).
1705 2953 1767 3004 Et
1808 2951 2015 3004 iterum
2046 2951 2103 3004 in
2137 2958 2173 3010 C

410 3045 614 3096 eodem
646 3042 828 3096 libro:
864 3043 1012 3094 Cave
1040 3057 1104 3094 ne
1141 3042 1473 3094 Oblivisceris
1502 3041 1782 3093 verborum
1813 3055 1932 3108 qum
1958 3041 2110 3093 vide-

409 3137 537 3185 runt
587 3133 728 3185 oculi
775 3133 874 3194 tui,
906 3135 955 3183 et
1005 3146 1069 3184 ne
1113 3129 1440 3183 descendant
1469 3128 1494 3170 ά
1540 3128 1605 3181 de
1656 3129 1812 3182 corde
1851 3120 1939 3182 tuo
1979 3144 2108 3182 cun-

410 3223 510 3273 ctis
557 3219 745 3273 diebus
789 3223 916 3272 vitae
969 3225 1073 3271 tum
1117 3219 1294 3288 (Deut.
1359 3233 1431 3283 IV,
1485 3220 1556 3284 9).
1607 3217 1776 3281 Audi,
1827 3216 2106 3270 obtrecta-

408 3313 513 3370 tor,
576 3308 729 3378 quod
773 3308 1046 3376 scriptum
1104 3312 1223 3358 est:
1285 3305 1506 3360 Cunctis
1555 3305 1742 3358 diebus
1799 3308 1925 3359 vita
1974 3309 2106 3367 tuae;

410 3395 653 3450 ﬁrmiter
681 3395 908 3448 attende
943 3399 1001 3447 et
1037 3410 1190 3454 cave,
1228 3409 1298 3446 ne
1330 3393 1524 3446 videns
1553 3408 1666 3445 non
1711 3393 1922 3455 videas,
1956 3397 2011 3446 et
2037 3409 2108 3446 ne

410 3485 648 3537 audiens
688 3499 804 3535 non
837 3482 1144 3551 intelligas.
1181 3481 1317 3534 Vide
1347 3480 1546 3549 igitur,
1578 3481 1732 3550 quod
1762 3497 1947 3535 meam
1978 3497 2108 3535 con-

409 3571 630 3625 firmavi
663 3571 844 3639 legem
867 3569 1218 3623 verissim....

479 3677 714 3746 (Abhinc
782 3675 962 3743 de/icit
1031 3675 1242 3742 charta,
1308 3690 1471 3742 quam
1526 3676 1757 3740 inferius
1812 3679 2106 3728 resecatam

407 3749 671 3800 diximus.
733 3747 866 3800 Tria
932 3749 1094 3798 etiam
1159 3749 1438 3815 sequentia
1494 3747 1631 3811 folia
1677 3749 1877 3798 rescisa
1939 3751 2102 3799 sunt:

406 3822 548 3872 etin
607 3824 802 3887 quarto
852 3817 1197 3885 subsequenti
1250 3819 1364 3880 (ubi
1417 3818 1610 3870 Alvari
1664 3817 1870 3870 decima
1916 3824 2106 3870 octava

404 3891 632 3959 epistola
662 3889 879 3958 incipit)
923 3891 999 3940 ita
1031 3889 1258 3956 empticit
1295 3889 1521 3956 epistola
1554 3891 1970 3954 transgressoris
1991 3887 2030 3956 :)

473 3998 526 4048 2.
572 3997 799 4048 Desertae
843 3995 1116 4062 plenaeque
1171 3993 1422 4060 gregibus
1477 3993 1772 4058 hominum,
1833 3998 1882 4046 et
1937 3995 2104 4047 scient

403 4086 534 4150 quia
564 4099 658 4149 ego
691 4084 945 4137 Dominus
990 4083 1205 4148 (,Ezech.
1248 4096 1432 4146 xxxvi,
1484 4081 1590 4146 38).
1639 4081 1706 4132 Et
1734 4080 1904 4150 paulo
1929 4087 2057 4149 post
2088 4096 2100 4132 :

403 4172 518 4225 Fili
549 4173 800 4233 hominis,
835 4185 953 4222 ossa
995 4170 1102 4222 haec
1135 4171 1386 4222 universa
1429 4169 1615 4222 domus
1648 4169 1816 4222 Israel
1847 4173 1942 4221 est.
1987 4170 2103 4237 Ipsi

2217 465 2394 532 pulos,
2429 471 2475 516 et
2505 478 2598 530 ego
2629 479 2715 516 ero
2755 466 2830 516 eis
2871 465 2926 516 in
2964 465 3164 529 Deum;
3223 469 3272 518 et
3317 479 3500 518 servus
3544 481 3678 519 meus
3727 469 3880 521 David

2220 568 2381 620 super
2411 567 2528 616 eos;
2562 557 2610 604 et
2657 558 2845 620 pastor
2882 567 3019 604 unus
3056 556 3159 604 erit
3209 557 3443 606 omnium
3493 569 3702 620 eorum;
3744 562 3787 609 et
3832 561 3881 609 in

2213 641 2444 708 judiciis
2474 644 2604 694 meis
2635 641 3007 704 ambulabunt,
3048 647 3102 695 et
3145 642 3410 696 mandata
3440 659 3555 695 mea
3596 644 3880 709 custodient,

2220 734 2269 782 et
2291 732 2497 796 facient
2535 746 2616 797 ea,
2667 737 2716 782 et
2761 731 3084 783 habitabunt
3129 745 3292 798 super
3335 737 3536 784 terram
3579 748 3730 799 quam
3774 733 3884 786 dedi

2219 833 2369 872 servo
2395 834 2503 872 meo
2540 819 2724 883 Jacob,
2779 821 2834 871 in
2881 834 2991 886 qua
3039 820 3423 872 habitaverunt
3471 826 3648 888 patres
3695 825 3884 884 vestri,-

2220 913 2270 960 et
2324 907 2646 960 habitabunt
2684 923 2846 976 super
2875 913 3074 960 terram
3120 910 3230 976 ipsi
3257 913 3306 961 et
3347 910 3452 976 filii
3481 925 3672 974 eorum,
3711 914 3757 962 et
3793 911 3881 976 ﬁlii

2219 998 2455 1064 ﬁliorum
2484 1011 2652 1064 usque
2691 999 2744 1049 in
2784 999 3187 1064 sempiternum,
3229 1002 3278 1050 et
3329 997 3510 1050 David
3552 1012 3724 1051 servus
3763 1013 3886 1051 meus

2219 1086 2468 1153 princeps
2513 1101 2693 1138 eorum
2764 1100 2933 1154 usque
3007 1087 3064 1138 in
3111 1087 3517 1153 sempiternum,
3585 1091 3638 1138 et
3695 1086 3886 1157 reliqua

2222 1174 2449 1238 (Ezech.
2493 1189 2693 1236 xxxvu,
2731 1175 2937 1242 11-24).
2969 1172 3105 1226 Vide
3159 1174 3330 1227 modo
3365 1174 3515 1244 quod
3561 1175 3762 1228 nullam
3808 1191 3886 1228 oc-

2221 1262 2507 1315 casionem
2557 1261 2813 1315 invenire
2843 1266 3024 1332 potes,
3056 1266 3122 1315 ut
3150 1261 3257 1315 ista
3296 1262 3492 1316 omnia
3526 1278 3640 1316 non
3680 1263 3783 1316 sint
3808 1262 3887 1316 fu-

2222 1355 2353 1406 tura
2382 1351 2628 1423 desuper
2659 1356 2890 1406 terram.
2939 1351 3106 1404 Finit.

2976 1457 3167 1511 XVIII.

2373 1582 2491 1618 ITEM
2533 1581 2784 1618 EPISTOLA
2821 1580 3010 1617 ALVARI
3051 1579 3484 1618 TRANSGRESSORI
3526 1580 3755 1618 DIRECTA.

2300 1675 2347 1725 1.
2385 1670 2706 1725 Confectum
2742 1669 3060 1734 mendacio,
3093 1670 3451 1722 contumeliis
3486 1669 3716 1723 fetidam
3753 1673 3887 1721 tuam

2223 1774 2573 1814 cmnerosam
2618 1758 2913 1828 epistolam
2968 1758 3232 1824 vidimus,
3280 1757 3513 1810 morulis
3565 1773 3677 1810 non
3723 1757 3890 1810 multis

2221 1849 2606 1910 tractavimus,
2642 1863 2815 1917 quam
2861 1847 3155 1916 obliquam
3189 1846 3490 1899 confestim
3522 1849 3883 1915 cognovimus.

2221 1937 2343 1990 Tibi
2375 1937 2564 1990 statim
2593 1935 2939 2006 respondere
2973 1951 3089 1987 non
3131 1934 3381 2003 pigritiae
3417 1934 3541 2000 fuit,
3587 1934 3678 1986 sed
3715 1949 3796 1985 res
3823 1933 3888 1984 sic

2221 2026 2434 2079 exitum
2487 2024 2708 2088 habuit,
2761 2040 2828 2076 eo
2884 2023 3040 2094 quod
3084 2023 3296 2076 innecii
3344 2023 3536 2074 salus°
3594 2021 3886 2084 devolutus,

2217 2114 2487 2184 proprius
2518 2129 2608 2166 me
2657 2129 2770 2166 non
2803 2112 3086 2165 continuit
3115 2111 3289 2165 locus.
3335 2112 3466 2165 Ideo
3517 2111 3680 2164 istam
3708 2109 3886 2180 praefa-

2217 2202 2433 2256 tionem
2466 2201 2819 2272 apologatice
2863 2200 3196 2266 indidimus,
3243 2216 3315 2254 ne
3368 2216 3458 2253 me
3507 2215 3632 2252 sere
3686 2213 3889 2268 respon-

2217 2292 2361 2345 disse
2394 2290 2660 2344 causeris.
2695 2293 2879 2360 Atque
2914 2289 2973 2342 in
3025 2288 3213 2359 prima
3260 2288 3444 2344 fronte
3487 2289 3717 2344 Judaico
3749 2303 3888 2340 more

2218 2379 2550 2432 mendacem
2584 2377 2918 2431 miravimus
2949 2383 3004 2430 et
3035 2377 3261 2430 solitam
3302 2376 3437 2430 ﬁdei
3468 2381 3582 2429 tua!
3615 2374 3887 2446 perﬁdiam

2217 2467 2566 2532 horruimus,
2623 2467 2758 2520 dum
2821 2466 2944 2519 ais:
3000 2465 3242 2519 Scedula
3311 2465 3614 2534 cujusdam
3692 2469 3886 2516 nostras

2215 2555 2472 2626 pervenit
2523 2555 2593 2609 ad
2631 2571 2856 2621 manus,
2889 2571 3016 2625 quae.
3061 2554 3233 2623 plena
3284 2559 3402 2606 erat
3448 2553 3812 2623 hlasphemiis
3839 2551 3888 2604 in

2218 2645 2394 2698 Deum
2439 2661 2636 2698 verum
2687 2649 2744 2696 et
2792 2643 3004 2697 vivum.
3069 2643 3302 2696 Constat
3349 2641 3502 2695 enim
3553 2647 3610 2695 te
3655 2641 3888 2694 fallacem

2215 2735 2476 2798 existere,
2530 2734 2666 2787 dum
2725 2749 2791 2785 ea
2822 2732 2963 2785 mihi
2994 2732 3218 2785 conaris
3251 2731 3549 2801 imponere
3597 2747 3740 2801 quae,
3771 2745 3890 2782 con-

2213 2823 2450 2878 scientia
2471 2825 2633 2889 teste,
2672 2821 2730 2874 in
2759 2822 2901 2874 meis
2932 2820 3134 2874 litteris
3183 2836 3474 2890 nunquam
3512 2819 3665 2873 visus
3690 2835 3746 2872 es
3781 2832 3891 2888 per-

2214 2911 2479 2965 currisse.
2522 2910 2625 2965 Sed
2680 2910 2836 2980 quia,
2879 2913 2942 2962 ut
2980 2909 3083 2972 ais,
3125 2909 3306 2962 nolles
3355 2909 3499 2962 mihi
3545 2907 3889 2977 respondere,

2218 3000 2328 3053 nisi
2361 3005 2415 3053 te
2443 3003 2861 3070 praeceptorum
2891 3003 3121 3052 tuorum
3154 3002 3207 3049 et
3237 2997 3536 3050 doctorum
3581 3000 3893 3068 perurgeret

2215 3089 2415 3160 iussio,
2452 3088 2686 3141 obsecro
2713 3091 2767 3140 te
2800 3092 2881 3151 ut,
2914 3101 3227 3156 parumper
3255 3101 3489 3139 rancore
3534 3085 3810 3156 deposito,
3846 3087 3893 3137 et

2217 3177 2516 3231 obstinatae
2548 3177 2802 3248 perfidiae
2834 3192 3026 3229 errore
3051 3175 3310 3245 depulso,
3336 3175 3754 3228 animadvertas
3779 3187 3891 3243 quae

2217 3266 2363 3320 dico.
2398 3267 2537 3321 Cum
2572 3265 2852 3336 propheta
2909 3268 3051 3317 teste
3101 3263 3289 3317 cuncti
3339 3264 3452 3317 sint
3506 3263 3756 3317 caecitate
3784 3276 3895 3332 per-

2215 3354 2387 3419 cussi,
2419 3370 2529 3424 qua
2563 3351 2901 3406 temerantia
2933 3351 3196 3405 doctores
3225 3351 3328 3405 tibi
3367 3351 3572 3404 asseris
3604 3366 3746 3416 esse,
3769 3365 3894 3420 quos

2214 3459 2393 3497 caecos
2442 3459 2561 3495 esse
2627 3440 2918 3508 cognoscis
2973 3440 3253 3494 sententia
3309 3439 3677 3510 prophetali?
3729 3439 3787 3493 Et
3845 3437 3894 3490 in

2213 3535 2438 3584 tantum
2473 3531 2579 3584 hoc
2608 3534 2802 3599 aperte
2828 3528 3182 3599 prophetalis
3227 3543 3414 3581 sermo
3447 3529 3719 3582 omnibus
3755 3527 3895 3580 into-

2214 3624 2329 3684 nat,
2364 3626 2428 3673 ut
2455 3619 2625 3672 etiam
2667 3623 2894 3688 tempus
2923 3617 3191 3671 caacitatis
3243 3633 3359 3670 non
3391 3617 3513 3670 sine
3546 3632 3756 3686 magna
3788 3615 3897 3668 des-

2214 3707 2523 3777 quisitione
2555 3706 2871 3777 perquirat,
2904 3706 3097 3759 dicens
3122 3721 3135 3758 :
3159 3707 3440 3774 Usquequo
3469 3707 3702 3759 Domine
3722 3706 3748 3758 ?
3773 3703 3893 3775 (Isa.

2213 3812 2284 3860 v1,
2316 3796 2426 3864 11.)
2452 3796 2553 3849 Cui
2577 3796 2763 3847 statim
2790 3793 2982 3847 divina
3005 3794 3301 3862 responsio
3325 3798 3666 3864 perpetuam
3691 3793 3894 3846 caecita-

2211 3890 2325 3938 tem
2340 3901 2440 3938 suo
2462 3883 3031 3937 declaravitoraculo.
3055 3882 3161 3937 Sed
3181 3881 3299 3935 haec
3321 3887 3376 3935 et
3393 3883 3550 3936 alias.
3583 3884 3788 3936 Tamen
3815 3895 3894 3932 se-

2211 3989 2354 4044 quar
2383 3973 2636 4043 epistolae
2671 3978 2783 4026 tua:
2813 3971 3071 4041 vestigia,
3105 3976 3161 4024 et
3198 3987 3451 4025 errorem
3483 3971 3703 4042 quibus
3748 3967 3896 4023 lineis

2209 4062 2497 4131 ingressus
2529 4067 2632 4124 est,
2661 4061 2799 4114 foris
2830 4061 3140 4131 producam
3169 4075 3181 4113 :
3229 4059 3502 4114 omittens
3545 4055 3898 4113 contumeliis

2209 4150 2560 4204 stultissimis
2581 4150 2836 4215 vulnera,
2875 4165 3004 4219 quae
3042 4149 3109 4201 ab
3142 4148 3495 4219 impudendo
3529 4165 3632 4202 ore
3660 4146 3895 4202 colubri-

398 4260 623 4313 dicunt:
673 4261 953 4311 Aruerunt
998 4272 1124 4309 assa
1168 4263 1374 4322 nostra,
1424 4257 1593 4324 periit
1631 4271 1751 4324 spes
1799 4261 2005 4322 nostra,
2050 4263 2098 4309 et

2219 4237 2328 4291 fera
2359 4238 2639 4308 sapientia
2670 4237 3006 4306 produxisti,
3045 4241 3099 4289 et
3127 4253 3194 4290 ea
3225 4240 3447 4290 tantum
3493 4236 3749 4291 breviter
3777 4231 3895 4288 inti-

399 4346 604 4399 abscisi
645 4359 854 4398 sumus.
905 4343 1200 4411 Propterea
1243 4345 1541 4396 vaticinare
1582 4348 1633 4396 et
1681 4343 1824 4396 dices
1867 4343 1940 4395 ad
1971 4358 2094 4396 eos:

399 4435 520 4487 Hmc
571 4433 706 4486 dicit
760 4433 1022 4485 Dominus
1077 4433 1246 4484 Deus:
1297 4431 1438 4484 Ecce
1483 4446 1577 4498 ego
1647 4445 1919 4484 assumam
1955 4433 2096 4498 ﬁlios

397 4523 568 4574 Israel
595 4521 660 4573 de
694 4521 867 4574 medio
897 4522 1201 4587 nationum,
1246 4519 1320 4571 ad
1368 4534 1504 4587 quas
1542 4519 1832 4584 abierunt;
1871 4524 1923 4571 et
1969 4535 2093 4571 con-

393 4610 627 4677 gregabo
655 4625 740 4662 eos
783 4609 1041 4676 undique,
1076 4612 1126 4661 et
1173 4607 1443 4661 adducam
1475 4623 1558 4662 eos
1581 4607 1656 4661 ad
1685 4614 1885 4662 terram
1917 4622 2092 4668 suam,

393 4705 443 4753 et
493 4699 698 4763 faciam
746 4711 829 4750 eos
875 4697 934 4748 in
962 4699 1168 4763 gentem
1219 4711 1383 4749 unam
1413 4698 1472 4749 in
1524 4701 1670 4750 terra
1720 4699 1777 4748 in
1825 4696 2093 4750 montibus

391 4787 579 4854 Israel,
625 4790 674 4839 et
721 4801 819 4838 rem
865 4800 1004 4838 unus
1057 4786 1161 4837 erit
1219 4784 1463 4838 omnibus
1510 4786 1803 4853 imperans.
1867 4783 1947 4836 Et
1988 4798 2093 4836 non

391 4880 548 4930 erunt
593 4875 743 4929 ultra
801 4873 921 4927 duae
971 4877 1170 4940 gentes,
1226 4888 1318 4926 nec
1373 4865 1690 4926 dividentur
1739 4873 1974 4940 amplius
2033 4874 2090 4924 in

389 4966 496 5020 duo
525 4979 713 5032 regna,
754 4977 924 5030 neque
946 4962 1259 5030 polluentur
1301 4961 1536 5030 amplius
1569 4963 1626 5014 in
1668 4960 1828 5014 idolis
1873 4961 2007 5026 suis,
2041 4963 2092 5012 et

389 5051 882 5108 abominationibus
919 5053 1052 5112 suis,
1095 5055 1145 5103 et
1179 5051 1237 5102 in
1277 5052 1480 5103 cunctis
1510 5048 1916 5103 necessitatibus
1951 5049 2085 5115 suis,

299 5139 316 5150 “
386 5148 436 5197 et
467 5143 644 5197 salvos
674 5154 758 5194 eos
785 5139 994 5206 faciam
1023 5137 1090 5192 de
1132 5140 1399 5191 universis
1447 5137 1663 5190 sedibus
1703 5139 1841 5205 suis,
1873 5139 1932 5189 in
1961 5139 2087 5205 qui-

458 5275 483 5300 ⁸
524 5269 607 5320 An
635 5263 879 5333 insipida
899 5263 927 5318 ?

458 5339 483 5380 ι)
524 5337 645 5401 Ms._,
673 5340 846 5405 putet.

457 5415 478 5440 °
517 5407 640 5473 Ms.,
669 5403 804 5474 aqui
829 5419 934 5460 non
973 5409 1051 5458 est
1078 5403 1285 5458 solutus
1305 5407 1547 5471 expecta.

2211 4343 2386 4394 mem,
2434 4342 2560 4396 quae.
2616 4325 2720 4379 tibi
2769 4331 2824 4379 et
2871 4325 3033 4378 freno
3077 4325 3334 4394 linguam
3381 4325 3802 4394 constringant,
3847 4325 3896 4372 et

2209 4415 2412 4468 chamo
2451 4413 2688 4482 justitiaz
2718 4412 2774 4466 in
2809 4413 2949 4466 recti
2986 4411 3208 4465 itineris
3255 4410 3548 4466 tramitem
3581 4411 3894 4466 deviantem

2207 4503 2543 4572 perducant.

2275 4593 2327 4644 2.
2368 4589 2463 4642 Ais
2495 4588 2647 4642 enim
2690 4587 2841 4658 quod
2872 4603 2902 4641 e
2953 4586 3236 4640 contrario
3280 4587 3452 4640 ﬁdem
3509 4586 3815 4656 reprobam
3843 4585 3893 4634 et

2205 4678 2506 4748 abjectam,
2547 4682 2604 4730 et
2643 4677 3005 4746 falsiloquam
3035 4679 3092 4729 et
3128 4675 3516 4736 maledictum.
3567 4681 3629 4728 et
3659 4672 3894 4728 horribi-

2206 4767 2315 4820 lem
2349 4770 2404 4819 et
2441 4765 2893 4835 despectibilem,
2928 4769 2984 4818 et
3017 4763 3468 4818 abominabilem
3502 4769 3559 4817 et
3609 4764 3778 4816 vilem
3808 4775 3893 4813 re-

2203 4853 2498 4924 linqueris,
2560 4859 2616 4906 et
2668 4853 2974 4923 gloriosam
3024 4867 3335 4922 veramque
3387 4851 3788 4922 assumpseris.
3838 4849 3897 4902 Et

2202 4943 2382 4996 miror
2407 4941 2611 4996 frontis
2643 4947 2755 4995 tuae
2800 4941 3071 4996 duritiam
3120 4941 3469 4994 reclamante
3500 4939 3723 4993 mundo
3762 4936 3890 4992 talia

2199 5029 2547 5101 prompsisse
2577 5029 2829 5094 infanda,
2853 5045 2978 5100 quae
3004 5033 3067 5082 ut
3096 5027 3369 5098 Virgilius
3397 5024 3417 5063 ί
3447 5027 3528 5081 ait
3552 5043 3566 5080 :

2467 5143 2571 5192 Nec
2595 5143 2711 5191 visu
2740 5141 2926 5200 facilis,
2957 5155 3056 5192 nec
3081 5141 3224 5191 dictu
3253 5140 3481 5190 aﬂabilis
3511 5140 3627 5201 ulli,

2267 5259 2293 5300 ά
2324 5261 2384 5312 In
2417 5258 2644 5330 vulgata
2675 5259 2935 5313 excidant
2980 5257 3245 5329 legimus.
3275 5257 3443 5327 Apud
3473 5257 3776 5321 Alvarum,
3809 5254 3892 5308 in-

2195 5331 2222 5384 f
2223 5345 2301 5394 ra,
2329 5330 2589 5384 excedant
2607 5345 2709 5400 pro
2728 5330 3004 5383 excidant.

2265 5412 2287 5470 ἐ
2321 5402 2597 5470 Corrupta
2629 5400 2817 5454 verba.

2265 5469 2284 5504 τ
2315 5469 2584 5541 νιτεφω
2608 5473 2757 5539 £11.,
2787 5485 2932 5525 vers.
2966 5471 3089 5525 621.
