4098 6180
217 292 303 343 ¹493
1743 293 1869 347 ΕΡΙΞ

1981 294 2118 347 IMR.

3573 301 3676 356 493

212 420 656 474 Animadvertere
707 421 878 474 debes
924 420 1038 474 vim
1071 435 1400 474 sermonum
1433 437 1562 492 quas
1609 439 1643 476 a
1683 428 1736 475 te
1787 423 1874 474 in-
1915 432 1959 481 Α
1993 422 2288 476 auxilium.
2319 422 2377 477 Si
2405 425 2778 494 angelorum?
2820 443 2955 497 ergo
2987 428 3177 498 angeli
3207 433 3339 483 sunt
3397 429 3480 483 illi
3522 431 3679 485 simi-

213 509 417 562 condite
457 510 664 579 prolati
705 515 857 570 sunt,
892 516 945 562 et
977 509 1234 578 intellige
1288 511 1420 580 quia
1473 511 1675 564 bifarie
1731 512 1788 564 in
1820 517 1872 562 te

211 598 315 666 ipse
344 597 551 649 divisus
572 614 649 649 es.
701 598 916 650 Dicitur
947 598 1101 650 enim
1141 599 1298 662 tides,
1334 616 1400 652 eo
1433 599 1585 669 quod
1615 599 1724 652 fuit
1769 600 1871 651 ali-

209 687 345 755 quid.
381 687 534 738 Unde
565 691 621 738 et
657 686 796 738 tides
823 694 848 718 λ
877 687 1145 739 dicuntur
1199 689 1461 741 homines
1492 688 1591 758 qui
1640 688 1872 741 veritate

206 779 318 827 sunt
342 773 548 826 lirmes.
575 775 629 828 Si
662 774 813 827 enim
847 775 985 828 ﬁdes
1035 781 1135 840 est,
1193 793 1304 828 non
1337 781 1422 830 est
1464 777 1728 846 reproba,
1787 778 1869 829 vel

205 863 287 914 illa
325 863 432 914 alia
463 879 588 932 quze
637 862 1025 932 ignominioso
1061 880 1157 917 ore
1189 864 1272 917 illi
1303 881 1413 917 non
1451 865 1620 918 fanda
1668 867 1873 918 attitu-

204 949 332 1001 lasti.
363 949 416 1002 Si
450 955 642 1003 autem
693 955 851 1003 tanta
902 956 958 1003 et
1015 951 1150 1003 talia
1203 952 1413 1021 probra
1463 952 1546 1005 illi
1598 953 1871 1020 attitulas,

203 1054 321 1107 rogo
349 1044 410 1091 ut
437 1038 609 1092 ﬁdem
652 1039 900 1092 nominis
936 1040 1153 1093 demas.
1194 1041 1336 1093 Dum
1370 1040 1521 1093 enim
1566 1041 1870 1110 reprobam

200 1127 341 1190 dicis,
373 1133 474 1179 tuo
519 1144 614 1181 ore
672 1129 894 1181 nescius
957 1129 1248 1198 te'ipsum
1299 1129 1482 1183 elidis.
1545 1131 1870 1199 Reprobam

198 1216 330 1266 enim
361 1215 570 1268 dicitur
601 1217 748 1286 quod
784 1222 914 1269 ante
947 1217 1186 1270 electum
1230 1218 1462 1282 exstitit,
1505 1220 1870 1286 postmodum

197 1303 256 1356 ob
282 1304 496 1374 aliquid
530 1306 887 1375 reprobatur.
913 1305 1070 1369 Quod
1113 1311 1177 1358 ut
1211 1307 1489 1376 legalibus
1528 1307 1872 1360 instrumen-

196 1393 255 1444 tis
279 1393 632 1451 conﬁrmem.
666 1395 796 1447 audi
821 1393 973 1464 quod
1005 1394 1264 1465 sequitur
1297 1411 1310 1448 :
1344 1400 1649 1463 Argentum
1685 1411 1870 1460 repro-

197 1482 302 1535 bum
330 1489 514 1537 vocate
557 1498 660 1549 eos,
694 1485 827 1551 quia
874 1485 1129 1537 Dominus
1173 1484 1406 1552 projecz't
1438 1485 1557 1538 illos
1605 1485 1733 1552 (Jer.
1793 1502 1868 1546 vi,

195 1573 290 1636 30).
347 1572 594 1624 Intueris
629 1577 823 1624 contra
854 1579 907 1625 te
948 1572 1121 1625 fuisse
1153 1573 1360 1633 locum,
1393 1580 1448 1625 et
1495 1578 1655 1626 tuum
1704 1574 1761 1626 in
1817 1579 1871 1626 te

194 1675 510 1713 mucronem
572 1661 746 1714 fuisse
803 1665 1101 1714 retortum.
1163 1661 1320 1714 Idem
1377 1662 1530 1714 enim
1589 1663 1869 1731 abjectum

192 1748 326 1817 quod
359 1749 671 1818 reprobum
710 1765 721 1801 :
757 1749 886 1819 quia
935 1750 1086 1818 quod
1117 1749 1398 1818 abjicitur,
1433 1754 1562 1803 ante
1607 1750 1870 1819 abjectio-

193 1851 307 1888 nem
339 1837 643 1906 proprium
678 1854 798 1891 esse
827 1837 1279 1907 deprehenditur
1311 1854 1323 1891 :
1360 1838 1510 1908 quod
1547 1837 1726 1904 vobis,
1753 1854 1867 1891 non

190 1925 462 1993 gentibus,
495 1925 778 1994 congruit,
821 1929 1136 1995 vestraeque
1176 1925 1311 1994 legi,
1361 1941 1474 1978 non
1523 1931 1728 1979 nostrae
1778 1927 1868 1980 in-

191 2013 335 2065 sedit.
368 2013 508 2077 Quis
531 2014 707 2074 enim,
740 2030 772 2066 o
808 2014 1142 2066 stultissime
1179 2014 1500 2081 hominum,
1534 2015 1610 2066 ita
1661 2029 1869 2066 vesano

191 2117 274 2154 ore
298 2109 500 2155 contra
531 2119 591 2156 se
640 2102 899 2172 garriens
958 2103 1016 2155 in
1059 2102 1296 2172 paciﬁco
1327 2102 1520 2156 animo
1578 2118 1636 2154 se
1680 2103 1868 2172 ipsum

189 2190 410 2244 occisit?
447 2192 511 2243 Et
563 2191 693 2244 licet
740 2189 949 2243 fetidus
1003 2190 1181 2244 fetida
1244 2190 1422 2243 multa
1475 2206 1632 2243 more
1671 2205 1868 2260 proca-

189 2279 341 2338 cium.
404 2295 523 2331 non
584 2278 982 2344 facundorum,
1023 2279 1353 2349 protuleris,
1406 2285 1462 2332 et
1513 2294 1627 2331 non
1674 2283 1737 2331 ut
1788 2279 1869 2330 tui

181 2366 431 2434 jactitant
480 2383 584 2437 per
633 2368 1094 2437 syllogismorum
1153 2372 1210 2420 et
1257 2383 1361 2436 pro
1421 2366 1868 2419 soluacismorum

189 2455 416 2524 spineta,
469 2457 735 2509 acumina
769 2456 930 2526 quasi
984 2455 1281 2525 Chrysippi
1307 2454 1634 2524 jactaveris:
1667 2455 1868 2507 saltem

186 2543 596 2614 despectibilem
629 2545 817 2598 dicere
863 2561 980 2597 non
1029 2544 1330 2612 debueras,
1379 2560 1484 2596 nec
1522 2543 1692 2596 vilem
1737 2559 1868 2612 pro-

187 2631 340 2700 ferre,
372 2649 550 2703 quam
599 2633 819 2702 regiam
859 2638 916 2686 et
963 2637 1257 2686 tonantem
1307 2632 1482 2684 oculis
1536 2630 1866 2702 praevidisti.

189 2722 270 2775 Vel
304 2723 372 2776 de
413 2722 522 2775 hoc
549 2722 883 2774 erubescere
904 2721 1076 2775 debes
1110 2736 1176 2774 ea
1208 2721 1369 2774 nobis
1412 2720 1697 2790 ingerere,
1740 2736 1869 2790 quae

188 2810 275 2862 tibi
303 2827 422 2864 non
451 2810 679 2863 nescius
717 2826 776 2863 es
808 2809 1122 2862 abundare.
1158 2808 1534 2862 Conculcatur
1559 2808 1712 2861 enim
1767 2808 1868 2861 ho-

182 2897 262 2952 die
285 2914 398 2952 non
432 2899 574 2952 ﬁdes
623 2914 751 2969 qua:
782 2914 983 2968 parum
1016 2898 1254 2951 existitit
1295 2902 1509 2960 sancta,
1556 2897 1651 2951 sed
1685 2901 1871 2950 vestra

182 2989 659 3057 przevaricationis
699 2995 987 3058 portenta,
1019 2993 1074 3041 et
1105 2986 1296 3041 omnia
1332 2987 1471 3041 falsa
1501 2987 1644 3058 pede
1665 2991 1864 3040 terun-

181 3083 265 3129 tur
290 3079 621 3148 figmenta:
668 3082 723 3130 et
770 3077 946 3130 audes
994 3076 1179 3130 dicere
1228 3076 1401 3129 vilem
1458 3091 1629 3146 quam
1685 3073 1868 3144 gloria

180 3167 319 3218 vndes
371 3166 717 3230 ﬂorentem,
777 3165 994 3218 honore
1046 3170 1387 3230 tumentem,
1422 3163 1530 3217 late
1579 3163 1867 3232 longeque

180 3251 535 3319 fulgentem?
565 3255 625 3307 In
657 3257 877 3306 tantum
908 3252 1062 3306 enim
1093 3252 1262 3304 hodie
1286 3267 1427 3320 gens
1456 3254 1643 3304 vestra
1673 3248 1867 3319 despi-

179 3342 332 3410 citur,
355 3347 421 3396 ut
450 3343 610 3396 velut
639 3357 894 3412 pannum
925 3345 1295 3394 menstruata:
1316 3356 1419 3410 per
1457 3355 1634 3408 regna
1674 3338 1869 3391 omnia

179 3431 523 3497 diffametur,
568 3432 646 3483 ita
702 3438 764 3482 ut
817 3447 920 3499 pro
980 3445 1190 3499 magno
1246 3428 1591 3481 contumelio
1638 3428 1869 3480 Iudaeus

180 3522 296 3590 quis
325 3537 453 3575 esse
483 3521 723 3572 dicatur.
759 3518 920 3582 Quod
956 3534 1089 3571 vero
1124 3517 1308 3586 digito
1338 3517 1435 3570 Dei
1469 3516 1572 3569 tibi
1606 3514 1868 3584 gloriaris

179 3608 355 3678 legem
389 3609 688 3676 scriptam,
714 3607 856 3659 adde
889 3606 935 3658 si
956 3605 1039 3658 vis
1061 3611 1117 3658 et
1149 3605 1326 3659 multa
1351 3603 1656 3665 mirabilia,
1697 3619 1868 3672 quam

178 3713 284 3750 non
315 3697 444 3765 tibi,
478 3697 574 3750 sed
603 3696 860 3766 patribus
900 3695 1092 3748 divina
1127 3693 1256 3746 fecit
1281 3692 1556 3762 potentia,
1589 3707 1717 3761 qua;
1744 3707 1867 3744 om-

179 3787 265 3839 nia
293 3784 713 3854 omnipotentis
747 3783 842 3838 Dei
889 3782 998 3837 fuit
1041 3782 1349 3852 magnalia,
1399 3796 1512 3833 non
1551 3785 1866 3832 vestrorum

175 3873 364 3928 insana
393 3873 708 3944 protervia.
745 3873 852 3925 Lex
891 3872 1042 3924 enim
1080 3869 1585 3940 specialiterjuxta
1617 3867 1677 3920 in
1724 3867 1868 3936 lapi-

175 3964 286 4016 deis
341 3964 617 4017 scribitur
672 3961 896 4028 tabulis,
956 3959 1093 4030 quia
1139 3958 1341 4012 vestris
1416 3957 1697 4027 prmduris
1749 3961 1872 4011 erat

173 4053 353 4108 danda
405 4051 758 4123 praecordiis.
811 4050 877 4103 Et
907 4054 970 4103 ut
1013 4053 1230 4102 certum
1289 4047 1394 4101 tibi
1441 4047 1534 4112 sit,
1584 4046 1866 4116 patulum,

172 4143 474 4212 specialem
509 4141 632 4210 ejus
658 4155 888 4194 omnem
936 4138 1176 4191 existere
1207 4142 1448 4199 textum,
1504 4135 1601 4189 Dei
1660 4135 1870 4206 scripta

172 4231 506 4300 pradicitur
572 4229 776 4299 digito,
837 4243 951 4297 quo
1019 4225 1340 4296 expressius
1387 4224 1632 4294 Spiritus
1689 4224 1870 4278 sancti

1984 511 2063 564 les
2094 519 2150 563 et
2190 511 2725 582 pariterhominum
2758 522 3037 569 creatores
3069 533 3080 570 :
3116 523 3173 570 et
3203 519 3338 572 dum
3370 519 3538 572 unius
3559 523 3676 574 veri

1984 600 2082 652 Dei
2113 603 2392 654 culturam
2440 602 2735 671 praedicas,
2779 605 3089 658 multorum
3138 607 3371 660 deorum
3430 609 3668 662 servitu-

1982 692 2096 740 tem
2128 689 2394 742 incurris.

2053 779 2104 830 3.
2149 777 2312 829 Vides
2355 777 2540 845 legem
2575 777 2622 830 si
2668 778 2972 832 carnaliter
3023 779 3354 835 observetur
3401 798 3520 836 esse
3569 782 3673 835 de—

1983 870 2273 918 structam.
2308 867 2568 920 Poteram
2603 866 2705 920 tibi
2739 868 2912 919 totius
2957 868 3099 936 legis
3147 869 3440 923 historiam
3490 871 3670 924 Mani-

1982 955 2271 1008 chaeorum
2329 970 2486 1008 more
2536 955 2971 1026 impugnantem
3033 973 3090 1008 se
3149 957 3386 1010 invicem
3434 958 3675 1012 demon—

1981 1049 2191 1097 strare:
2227 1044 2322 1097 sed
2351 1043 2477 1098 vide
2501 1045 2638 1114 quia
2670 1061 2784 1097 non
2812 1046 2996 1097 solum
3028 1045 3162 1098 deos
3199 1047 3390 1115 plures
3428 1047 3671 1112 inducis,

1981 1147 2178 1184 verum
2220 1133 2392 1185 etiam
2431 1133 2704 1185 creaturis
2755 1134 2978 1186 cmteris
3026 1140 3338 1187 creatorem
3391 1140 3552 1188 tuum
3593 1136 3672 1188 si-

1983 1221 2177 1274 milem
2232 1237 2350 1274 esse
2399 1222 2612 1275 ﬁrmas.
2650 1221 2807 1285 Quod
2841 1222 2888 1275 si
2929 1240 2955 1274 a
2992 1239 3080 1275 me
3120 1223 3365 1292 requiris
3429 1225 3674 1293 qualiter

1982 1311 2086 1364 hoc
2109 1310 2472 1377 sententiam,
2501 1310 2615 1364 mei
2652 1310 2825 1363 animi
2856 1328 2971 1364 non
3003 1312 3281 1380 percipies
3306 1313 3673 1376 sententiam,

1982 1399 2114 1468 quia
2147 1402 2205 1451 in
2262 1401 2520 1453 malivola
2575 1402 2762 1452 anima
2808 1415 2913 1453 non
2960 1403 3133 1453 intrat
3185 1403 3459 1468 sapientia
3518 1401 3674 1470 (Sap.

1981 1507 2018 1552 ι,
2052 1489 2126 1558 4).
2163 1491 2370 1542 Verum
2402 1490 2536 1559 quia
2565 1506 2722 1542 casso
2756 1490 2947 1543 labore
2983 1491 3040 1542 iu
3098 1491 3551 1543 conﬁrmandam
3601 1491 3678 1542 le-

1981 1594 2121 1647 gem.
2169 1578 2431 1641 desudas,
2483 1579 2768 1648 surdaque
2823 1595 2958 1630 aure
3013 1583 3069 1630 et
3117 1579 3453 1631 indomabili
3502 1580 3674 1632 corde

1982 1683 2071 1720 me
2113 1667 2436 1736 compedire
2487 1666 2740 1732 festinas,
2801 1666 2917 1718 noli
2978 1668 3241 1734 expansis
3303 1668 3475 1720 labris
3521 1669 3676 1721 testi-

1911 1739 1950 1791 Β
1983 1755 2188 1807 moniis
2218 1754 2565 1824 applaudere
2601 1769 2831 1819 vanum,
2873 1770 3002 1806 cum
3045 1754 3186 1806 scias
3229 1770 3318 1807 me
3369 1755 3509 1824 legis
3556 1772 3669 1808 non

1979 1858 2188 1911 negare
2246 1847 2619 1912 prmeeptum,
2687 1843 2780 1894 sed
2835 1858 2938 1912 per
2987 1841 3339 1894 intellectum
3401 1858 3674 1896 venerare

1979 1930 2255 1983 divinum.
2292 1930 2557 1998 Nunquid
2604 1945 2709 1998 ego
2758 1929 2963 1982 similis
3024 1929 3106 1982 tui
3148 1945 3295 1992 sum,
3347 1935 3505 1983 utea
3544 1947 3672 2000 quam.

1979 2019 2102 2072 luce
2160 2018 2405 2071 clariora
2459 2019 2729 2082 existunt,
2781 2017 2956 2070 dubia
3008 2017 3209 2071 faciam
3269 2019 3674 2088 praedicando?

1978 2107 2138 2160 Absit
2172 2122 2307 2176 ergo
2339 2124 2365 2159 a
2400 2123 2511 2171 me,
2544 2112 2606 2159 ut
2636 2107 2734 2177 qui
2783 2108 3081 2160 veritatem
3115 2110 3259 2171 colo,
3303 2108 3666 2161 mendacium

1978 2197 2201 2266 loquar.
2254 2196 2434 2250 Credo
2461 2195 2613 2248 enim
2669 2196 2820 2266 quod
2869 2196 2956 2249 lex
3011 2212 3127 2249 non
3166 2195 3351 2248 solum
3384 2195 3509 2260 tibi,
3573 2198 3668 2249 sed

1980 2285 2248 2338 omnibus
2303 2290 2386 2338 est
2439 2285 2709 2353 gentibus
2767 2285 2918 2350 data,
2973 2301 3100 2354 quae.
3150 2285 3408 2354 decalogi
3462 2285 3669 2338 tabulis

1979 2373 2086 2426 fuit
2145 2373 2372 2426 inserta.
2430 2372 2705 2441 Conspice
2756 2371 2969 2440 primas
3018 2372 3240 2425 tabulas
3291 2379 3474 2426 vestro
3536 2373 3673 2426 vitio

1977 2457 2204 2523 fractas,
2237 2462 2293 2511 et
2333 2457 2590 2526 intellige
2643 2461 2858 2508 vestras
2907 2456 3254 2526 signiﬁcasse
3286 2457 3535 2510 insanias
3569 2457 3672 2510 fal-

1979 2562 2084 2599 sas.
2133 2546 2239 2609 Qui
2279 2545 2549 2616 primitus
2599 2544 2830 2614 quidem
2878 2544 3062 2610 electi,
3113 2544 3250 2597 vitio
3304 2550 3490 2598 vestro
3541 2545 3674 2598 estis

1977 2633 2235 2703 projecti.
2291 2637 2513 2700 Averte,
2574 2649 2694 2699 oro,
2761 2632 3038 2685 secundas
3097 2632 3321 2686 tabulas
3370 2632 3674 2686 velamini-

1979 2721 2086 2774 bus
2115 2721 2275 2774 vobis
2306 2722 2577 2787 obtectas,
2612 2727 2674 2774 ut
2722 2720 2892 2773 corda
2923 2725 3108 2772 vestra
3164 2736 3321 2773 casso
3379 2724 3526 2774 tecta
3576 2736 3671 2773 ve-

1980 2809 2191 2862 lamine
2223 2825 2339 2862 non
2396 2811 2820 2862 illustrarentur
2868 2823 3116 2878 superno
3172 2807 3542 2862 inenarrabili
3580 2809 3670 2862 lu-

1980 2898 2156 2952 mine.
2193 2897 2324 2952 Ideo
2357 2903 2414 2951 et
2448 2899 2662 2966 Moyses
2709 2897 2958 2949 velatum
3016 2896 3210 2949 retulit
3241 2897 3479 2964 vultum,
3536 2898 3672 2968 quia

1981 2992 2231 3040 vestrum
2254 2985 2536 3055 signiﬁcat
2567 2985 2916 3038 intellectum
2950 2985 3224 3039 hactenus
3241 3001 3474 3040 caecum.
3509 2986 3669 3050 Quod

1980 3091 2160 3145 usque
2205 3075 2371 3127 hodie
2429 3074 2665 3127 usitatos
2713 3073 2943 3127 Judaice
2995 3072 3198 3139 facitis,
3252 3073 3387 3126 dum
3448 3074 3671 3142 Eptati-

1975 3181 2104 3218 cum
2138 3167 2162 3206 Β
2209 3164 2397 3217 siricio
2431 3164 2711 3216 velamine
2747 3163 2961 3232 tegitis,
2999 3167 3056 3215 et
3102 3162 3447 3231 legislatoris
3500 3163 3672 3216 verba

1977 3257 2122 3306 tecta
2166 3252 2433 3306 omnibus
2477 3251 2684 3320 legitis.
2719 3252 2846 3319 Ipsa
2877 3267 3010 3304 vero
3057 3250 3385 3303 testimonia
3429 3265 3485 3304 se
3529 3250 3673 3303 invi-

1977 3357 2098 3395 cem
2136 3340 2537 3410 impugnantia
2566 3339 2672 3393 sibi
2723 3344 2806 3392 est
2855 3338 3176 3409 specialiter
3223 3337 3398 3392 fuisse
3429 3339 3666 3409 digesta.

1977 3432 2115 3487 Cave
2159 3445 2224 3482 ne
2281 3430 2617 3482 obliviscaris
2672 3429 2952 3482 verborum
3027 3443 3146 3496 quae
3195 3426 3450 3480 viderunt
3507 3430 3667 3494 oculi,

1981 3521 2081 3584 tui,
2126 3523 2174 3571 et
2213 3533 2277 3570 ne
2306 3516 2563 3569 excidant
2607 3515 2672 3569 de
2718 3515 2873 3569 corde
2925 3520 3012 3568 tuo
3059 3517 3264 3568 cunctis
3293 3514 3491 3568 diebus
3545 3518 3672 3568 vita:

1980 3612 2082 3661 tua
2133 3607 2321 3671 (Deut.
2374 3622 2447 3672 ιν,
2477 3603 2552 3674 9.)
2584 3605 2848 3669 Advorte,
2906 3602 3136 3656 inimice
3169 3613 3186 3636 ε
3227 3603 3326 3656 Dei
3359 3603 3585 3668 excelsi,
3618 3608 3675 3656 et

1977 3695 2283 3765 diligenter
2318 3694 2428 3746 vim
2475 3709 2801 3745 sermonum
2835 3692 3131 3745 considera
3165 3709 3178 3744 :
3212 3693 3291 3746 Ne
3337 3691 3674 3746 obliviscaris

1977 3784 2256 3837 verbo-rum
2317 3798 2435 3850 qum
2499 3781 2753 3834 viderunt
2799 3781 2940 3834 oculi
2996 3783 3095 3833 tui.
3157 3779 3224 3832 Et
3279 3785 3429 3834 certe
3484 3781 3673 3849 potius

1979 3871 2292 3925 audiuntur
2347 3870 2540 3933 verba,
2599 3885 2771 3938 quam
2829 3868 3114 3922 videntur.
3175 3868 3358 3922 Verba
3404 3870 3554 3922 enim
3604 3869 3672 3922 ad

1977 3975 2165 4026 aures,
2200 3975 2317 4012 non
2349 3959 2417 4012 ad
2468 3958 2661 4011 oculos
2694 3957 3001 4027 pertinent.
3036 3956 3142 4010 Sed
3195 3957 3243 4009 si
3286 3957 3394 4009 scis
3426 3956 3672 4026 qualiter

1976 4049 2084 4102 ista
2127 4048 2414 4113 dicantur,
2471 4061 2731 4117 expone;
2761 4045 2807 4098 si
2861 4050 3053 4098 autem
3094 4045 3296 4111 nescis,
3330 4060 3537 4097 moneo
3593 4049 3668 4104 te,

1977 4153 2108 4190 cave
2153 4137 2303 4207 quod
2354 4136 2556 4188 nescis.
2587 4134 2694 4188 Sed
2747 4150 3043 4187 assumens
3101 4134 3342 4187 formam
3409 4133 3673 4202 discipuli

1977 4230 2128 4295 pete,
2172 4241 2389 4294 quaere,
2440 4224 2685 4293 pulsare.
2723 4222 2992 4286 Quamvis
3026 4239 3140 4276 non
3173 4222 3431 4291 ignorem
3474 4222 3669 4276 docto-

170 4319 501 4389 designetur
543 4317 721 4370 virtus
754 4315 1060 4368 vocabulo:
1094 4330 1211 4366 non
1259 4312 1410 4364 enim
1447 4311 1719 4364 membris
1764 4327 1863 4363 ex-
1905 4330 1948 4382 Ι)
1983 4328 2110 4365 rum
2148 4316 2199 4364 te
2230 4311 2567 4380 compilasse
2599 4309 2914 4376 volumina,
2950 4325 3013 4361 ex
3041 4325 3284 4378 quorum
3315 4308 3482 4362 hodie
3509 4309 3674 4379 quasi

171 4412 273 4459 stat
301 4405 680 4476 compositus,
718 4411 782 4458 ut
812 4403 1054 4458 carnalis
1085 4402 1206 4471 ejus
1239 4401 1459 4454 dicatur
1507 4400 1740 4468 digitus,
1775 4399 1871 4452 sed

169 4493 379 4563 Spiritu
438 4499 525 4548 est
577 4494 674 4548 Dei
723 4493 1104 4560 conscriptum
1164 4488 1443 4559 quidquid
1478 4504 1579 4558 per
1627 4487 1871 4555 digitum

172 4589 348 4637 exstat
375 4584 693 4653 signatum.
725 4583 862 4635 Nam
897 4580 944 4633 si
979 4581 1165 4650 legem
1215 4577 1499 4631 carnalem
1550 4575 1872 4644 intelligere

169 4673 441 4738 volueris,
487 4688 604 4725 non
657 4671 841 4723 solum
883 4669 996 4722 Deo
1044 4666 1301 4720 membra
1357 4663 1613 4728 ascribis,
1672 4678 1871 4716 verum

172 4761 340 4814 etiam
380 4761 633 4814 similem
668 4759 771 4812 tibi
831 4773 962 4810 eum
1008 4754 1284 4809 ﬁrmabis.
1350 4754 1412 4806 Et
1465 4752 1601 4805 dum
1659 4750 1874 4821 refugis

174 4848 347 4902 Deum
398 4850 592 4903 dicere
640 4846 949 4909 Christum,
999 4858 1232 4898 omnem
1289 4857 1526 4912 prorsus
1581 4839 1872 4893 hominem

175 4937 588 5008 Deo.probabis
617 4950 871 5005 aequum.
918 4933 1005 4987 Sic
1063 4947 1215 4985 enim
1250 4930 1373 4984 ait.
1437 4930 1721 4982 Faciamus
1780 4927 1871 4980 ho-

171 5029 366 5080 minem
400 5026 478 5079 ad
534 5027 825 5091 imaginem
870 5029 919 5076 et
967 5019 1381 5076 similitudinem
1429 5021 1674 5071 nostram
1721 5016 1871 5084 (Gen.

173 5131 209 5178 1;
238 5117 348 5182 29).
386 5114 496 5178 Qui
531 5113 671 5167 dicit
719 5112 918 5182 utique
949 5111 1097 5163 Deus
1129 5111 1232 5172 est,
1277 5105 1376 5176 qui
1434 5103 1679 5158 faciendi
1731 5103 1875 5172 gerit

170 5203 499 5256 arbitrium.
531 5203 616 5255 Tu
648 5201 818 5254 modo
850 5198 989 5252 mihi
1022 5196 1304 5266 responde
1334 5193 1542 5264 quibus
1579 5193 1729 5246 dicat
1785 5195 1875 5258 fa-

170 5294 400 5359 ciamus,
465 5297 522 5344 et
577 5305 820 5360 quorum
879 5291 1223 5358 potestatem
1299 5281 1546 5336 faciendi
1598 5279 1878 5350 desquirit

237 5445 261 5469 ⁸
304 5436 444 5503 Leg.
475 5433 680 5503 ﬁdeles.

237 5509 264 5548 ιι
305 5496 646 5576 Ερίαἱὶείιηι,
699 5502 754 5556 id
808 5505 912 5568 est,
965 5496 1438 5570 Heptateuchum,
1498 5509 1597 5549 seu
1659 5496 1874 5564 septem

1977 4402 2162 4471 fulges
2203 4401 2438 4454 ﬂuente.
2491 4399 2649 4463 Quod
2681 4415 2813 4452 vero
2848 4414 2939 4452 me
2970 4398 3166 4451 audire
3215 4397 3432 4450 cunctis
3472 4397 3673 4451 diebus

1979 4489 2108 4543 vitae
2157 4493 2270 4541 tute
2325 4505 2383 4541 es
2417 4488 2567 4540 visus
2610 4488 2942 4554 admonere,
3002 4490 3060 4538 et
3111 4485 3273 4554 quasi
3321 4486 3527 4538 sciolus
3582 4503 3671 4539 ca-

1977 4577 2220 4630 vendam
2294 4576 2436 4628 milii
2497 4575 2807 4628 caecitatem
2856 4573 3034 4627 oculis
3084 4575 3277 4642 aperte
3340 4574 3671 4642 praedicere.

1979 4665 2169 4719 minor
2218 4669 2330 4718 tua:
2361 4663 2720 4732 procacitatis
2761 4661 3045 4714 insaniam
3102 4659 3159 4714 in
3206 4663 3511 4715 momentis
3542 4677 3675 4732 pro-

1979 4758 2132 4806 terve
2163 4751 2476 4816 vesaniam,
2528 4767 2655 4820 qua:
2703 4754 2758 4803 te
2803 4765 2917 4802 non
2964 4749 3101 4801 sinit
3150 4754 3302 4802 recta
3352 4750 3588 4818 sentire,
3621 4753 3676 4802 et

1980 4841 2192 4894 calcata
2245 4839 2595 4893 conscientia
2658 4854 2723 4891 ea
2778 4837 2919 4890 mihi
2987 4837 3268 4907 ingerere,
3326 4854 3454 4908 quae
3500 4837 3678 4890 nostri

1980 4929 2085 4983 tibi
2116 4930 2344 4998 tuisque
2375 4928 2582 4981 inesse.
2615 4927 2681 4980 Et
2717 4926 2774 4979 in
2807 4927 2916 4980 hoc
2943 4927 3288 4980 declamator
3333 4926 3436 4979 tibi
3469 4941 3590 4978 esse
3621 4940 3678 4977 es

1981 5018 2163 5084 visus;
2216 5018 2313 5072 sed
2362 5016 2499 5070 audi
2543 5015 2695 5086 quod
2743 5023 2936 5069 noster
2988 5031 3176 5068 sermo
3223 5018 3450 5085 promat
3487 5013 3680 5066 facun-

1983 5107 2109 5170 dus,
2152 5111 2209 5160 et
2253 5106 2566 5160 cascitatem
2612 5108 2768 5157 tuam
2829 5120 2943 5157 uno
2994 5104 3081 5156 vel
3141 5103 3340 5156 saltem
3408 5101 3678 5155 erubesce

1983 5194 2266 5263 exemplo.
2318 5194 2622 5262 Nunquam
2654 5191 2806 5245 enim
2849 5207 2913 5244 ex
2964 5190 3134 5245 corde
3165 5195 3362 5243 nostro
3414 5187 3683 5242 excidunt

1983 5299 2195 5352 magna
2227 5280 2327 5335 Dei
2375 5279 2682 5344 mirabilia,
2716 5296 2840 5350 qua
2892 5279 3005 5348 legi
3036 5282 3258 5332 exstant
3301 5277 3514 5330 inserta
3547 5292 3559 5330 :
3596 5276 3680 5329 vel

1985 5423 2210 5494 priores
2271 5420 2404 5475 libri
2452 5419 2691 5494 ,Veteris
2753 5419 3098 5494 :l‘estamenti
3130 5433 3427 5494 :__nempe,
3478 5419 3683 5473 Penta-

1986 5487 2263 5549 teuchum
2294 5493 2517 5562 Moysis,
2543 5491 2718 5545 libros
2747 5491 2936 5555 Josue,
2971 5494 3028 5543 et
3054 5487 3336 5543 Judicum.

2056 5574 2076 5598 ο
2112 5565 2235 5634 Ms.,
2275 5565 2473 5618 Averte
2505 5563 2733 5616 inimici.
