4098 6180
438 294 542 347 49ὅ

1817 287 2070 344 ALVARI
2102 288 2579 344 CORDUBENSIS
3806 292 3891 344 #96

439 430 717 484 terribilia
756 429 869 493 illa,
921 425 1178 496 quibus8
1227 424 1509 493 Egyptum
1560 422 1839 493 percussit
1870 423 2125 492 potentia
2164 426 2211 477 A
2240 427 2575 489 conspectum
2633 423 2873 488 gentium
2926 420 3184 473 reuelauit
3242 418 3522 489 justitiam
3574 435 3715 473 suam
3755 420 3893 490 (Psal.

440 519 718 571 inaudita.
757 515 866 569 Sed
900 519 956 566 et
1007 512 1393 566 contumacias
1442 517 1657 563 vestras
1706 510 1921 563 ibidem
1982 510 2130 579 legi-

440 624 587 668 mus,
623 610 677 657 et
698 602 953 672 quotidie
984 618 1080 655 vos
1117 601 1401 670 gemimus
1449 605 1505 653 et
1545 600 1820 653 dolemus.
1875 600 1976 651 Vos
2000 615 2132 651 vero

438 708 555 744 non
586 691 771 743 solum
804 688 900 741 illa
941 703 1091 740 nunc
1123 686 1283 739 obliti
1324 685 1484 754 estis;
1520 701 1713 737 verum
1762 685 1935 737 etiam
1996 690 2133 736 tunc

436 795 539 848 pro
561 778 739 831 nihilo
779 780 1208 830 contemnentes
1251 774 1510 828 duxistis.
1546 774 1687 827 Nam
1737 773 1833 825 illa
1872 772 2129 842 vestigia,

434 883 561 938 qua:
587 868 732 920 sicco
765 881 920 919 mare
951 864 1094 934 pede
1124 864 1502 929 calcaverunt,
1540 878 1667 915 mox
1700 867 1832 914 ante
1888 861 2129 913 vitulum

431 956 762 1027 plaudendo
800 955 1151 1007 saltaverunt
1182 954 1222 1005 b.
1262 952 1323 1004 Et
1374 951 1599 1004 mimice
1650 952 1877 1004 ﬂuxusc
1921 965 2129 1019 corpo-

434 1061 564 1098 rum
616 1044 922 1107 imitantes,
975 1057 1110 1094 voce
1151 1057 1278 1093 vere
1339 1056 1456 1093 non
1516 1041 1752 1105 excelsa,
1798 1038 1893 1091 sed
1946 1053 2132 1091 mersa

432 1133 715 1187 cantavit:
752 1134 826 1185 Hi
854 1135 979 1185 sunt
1009 1130 1090 1183 dii
1116 1132 1213 1195 tui,
1263 1129 1463 1196 Israel,
1498 1131 1595 1196 qui
1628 1128 1930 1181 eduaerunt
1972 1132 2020 1180 te
2068 1126 2133 1180 de

435 1225 581 1275 terra
609 1220 824 1287 Egypti
871 1217 1086 1285 (Emod.
1136 1233 1215 1280 ιιι,
1279 1216 1384 1284 24).
1446 1216 1508 1269 Et
1564 1215 1708 1267 bene
1764 1213 2131 1284 proliheticus

434 1324 622 1362 sermo
650 1324 661 1361 :
714 1309 826 1363 Non
856 1306 1112 1360 excidant
1144 1306 1207 1358 de
1236 1304 1394 1358 corde
1429 1309 1518 1357 tuo
1568 1306 1772 1357 cunctis
1812 1303 1997 1356 diebus
2044 1305 2129 1354 vi-

436 1403 648 1463 taetuae,
688 1397 848 1462 dixit,
890 1402 952 1448 ut
985 1411 1101 1447 non
1147 1393 1495 1464 operationis
1540 1392 1884 1462 signiﬁcaret
1924 1406 2129 1461 perpe-

435 1488 599 1537 tuum
648 1500 835 1548 usum,
885 1483 983 1535 sed
1033 1487 1255 1535 tantum
1301 1479 1801 1533 rememorationis
1853 1478 2131 1532 indiceret

436 1577 650 1624 votum.
686 1570 822 1635 Quis
853 1571 1028 1635 enim,
1062 1586 1094 1622 o
1126 1570 1344 1633 insane,
1380 1585 1491 1621 non
1527 1567 1781 1637 quotidie
1806 1567 1912 1619 ista
1967 1583 2129 1619 reco-

437 1660 515 1713 lat
545 1660 714 1712 corde
756 1660 900 1711 sicut
938 1658 1215 1727 propheta
1248 1658 1403 1720 dicit,
1456 1657 1624 1709 etiam
1681 1661 1737 1710 et
1776 1672 1871 1709 ore
1903 1655 2126 1725 publice

436 1747 748 1816 designatis
795 1747 948 1799 feriis
989 1747 1158 1816 legat,
1204 1747 1353 1816 quod
1412 1746 1513 1799 tibi
1580 1746 1652 1798 ad
1698 1745 2126 1798 damnationem

434 1836 728 1904 cognitum
752 1834 777 1869 ιί
815 1836 1034 1889 exstat?

502 1925 556 1978 4.
612 1924 771 1987 Quod
810 1940 940 1978 vero
992 1929 1047 1977 te
1108 1923 1371 1993 gloriaris
1414 1923 1603 1991 legem
1661 1926 1820 1975 tuam
1873 1921 2129 1974 firmasse

434 2011 679 2066 veriﬁcis
712 2012 1053 2065 testimoniis
1080 2030 1091 2065 :
1125 2012 1252 2082 quis
1284 2011 1456 2065 etiam
1490 2010 1594 2064 tibi
1625 2012 1723 2065 Dei
1778 2026 1899 2063 esse
1954 2024 2129 2078 nega-

433 2102 535 2167 vit,
569 2105 631 2153 ut
660 2102 843 2155 diluas
875 2102 1028 2171 quod
1078 2118 1247 2155 nemo
1296 2099 1541 2169 objecit?
1583 2098 1831 2152 Dicimus
1884 2098 2039 2152 enim
2075 2102 2129 2151 te

434 2191 622 2261 legem
651 2192 951 2260 reprobam
984 2190 1374 2259 assumpsisse,
1401 2204 1517 2242 non
1547 2188 1699 2259 quod
1730 2193 1866 2239 tunc
1888 2186 1944 2239 in
1982 2191 2129 2239 tem-

434 2295 575 2348 pora
601 2280 844 2348 reproba
873 2280 996 2345 fuit,
1032 2279 1127 2332 sed
1150 2279 1305 2349 quod
1329 2276 1805 2346 advenientejam
1825 2277 1969 2340 luce,
2004 2290 2127 2328 um-

434 2366 536 2419 bra
568 2367 824 2420 cessavit.
868 2366 1065 2421 Omnis
1112 2367 1267 2419 enim
1318 2367 1404 2418 lex
1461 2371 1583 2433 tua,
1631 2366 1748 2418 imo
1804 2366 1931 2435 plus
1981 2379 2126 2429 mea,

436 2455 723 2509 Christum
765 2455 1085 2521 annuntiat,
1149 2471 1321 2525 quem
1352 2454 1543 2507 cuncti
1590 2454 1773 2507 Judaei
1822 2458 2128 2506 venturum

436 2559 555 2597 esse
587 2560 703 2597 non
738 2550 968 2611 negant.
1004 2544 1122 2599 Scis
1154 2544 1412 2613 profecto
1444 2558 1640 2595 omnes
1673 2547 1826 2594 retro
1882 2542 2130 2610 majores

437 2638 786 2702 exspectasse
813 2632 1092 2697 Messiam,
1122 2638 1178 2685 et
1220 2632 1343 2701 ejus
1371 2630 1625 2700 quotidie
1664 2634 1855 2699 patres
1905 2635 2129 2698 optasse

437 2722 822 2789 praesentiam.
854 2720 1011 2784 Quod
1047 2721 1458 2789 prophetarum
1494 2718 1621 2772 libri
1665 2718 1889 2787 publice
1941 2717 2129 2787 profe-

436 2816 589 2875 runt,
646 2826 749 2863 nec
808 2811 993 2863 cuncti
1051 2811 1181 2861 caeci
1248 2809 1532 2878 ducesque
1584 2823 1866 2860 caecorum
1921 2822 2130 2874 negare

432 2904 689 2967 possunt.
724 2898 911 2952 Semel
944 2898 1099 2951 enim
1131 2899 1310 2951 fassus
1342 2913 1421 2963 es,
1465 2913 1568 2949 nec
1600 2912 1807 2965 negare
1841 2896 2013 2961 vales,
2074 2902 2129 2949 te

2244 510 2433 575 xcvu).
2506 508 2661 577 quod
2732 510 2815 558 est.
2877 505 3154 559 Christus.
3229 506 3535 575 Impletum
3624 512 3700 559 est
3766 510 3895 562 enim

2243 597 2392 661 quod
2434 596 2603 647 David
2659 594 2839 647 multo
2896 600 3027 646 ante
3089 600 3346 663 tempore
3399 594 3643 647 cecinit:
3698 598 3898 651 Homini-

2243 688 2458 736 scentur
2516 688 2567 735 et
2627 687 3006 735 convertentur
3059 682 3132 734 ad
3183 685 3468 736 Dominum
3512 685 3743 737 universi
3784 684 3896 752 ﬁnes

2243 776 2419 836 terrae,
2468 776 2518 824 et
2564 771 2871 825 adorabunt
2916 773 2976 824 in
3020 778 3302 841 conspectu
3348 774 3463 839 ejus
3510 788 3681 826 omnes
3729 778 3899 842 patria

2242 862 2671 927 gentium(Psal.
2706 875 2816 922 ιιι,
2850 862 2961 929 28).
3012 860 3183 912 Israel
3241 876 3461 925 sumus,
3509 862 3607 930 qui
3672 864 3897 916 Messiam

2244 948 2382 1001 olim
2438 950 2728 1002 vobiscum
2778 950 3247 1018 exspectavimus.
3320 948 3428 1001 Sed
3483 949 3579 1002 ubi
3636 950 3898 1019 plenitudo

2241 1037 2500 1108 gentium
2526 1039 2703 1102 venit,
2737 1038 3083 1107 populorum
3118 1037 3351 1106 agmina
3376 1038 3566 1091 crevit.
3602 1039 3662 1091 Et
3696 1039 3901 1108 impleta

2241 1132 2374 1179 sunt
2425 1126 2853 1179 vaticinantium
2912 1127 3078 1191 dicta,
3146 1127 3283 1196 quia
3324 1126 3509 1196 gloria
3562 1127 3778 1179 Domini
3822 1144 3900 1180 re-

2241 1216 2393 1285 pleta
2440 1222 2525 1267 est
2578 1216 2765 1268 omnis
2819 1220 2987 1267 terra.
3049 1215 3318 1284 Quisquis
3365 1230 3496 1268 vero
3546 1230 3610 1267 ex
3667 1215 3901 1283 gentibus

2237 1305 2368 1358 Jesu
2400 1309 2592 1356 nostro
2638 1303 2899 1367 credidit,
2957 1303 3254 1356 confestim
3304 1302 3363 1356 in
3419 1318 3655 1355 numero
3710 1302 3900 1355 Israelis

2240 1393 2523 1446 transivit.
2570 1395 2631 1445 Et
2679 1397 2743 1445 ut
2794 1393 2948 1462 quod
2981 1393 3107 1444 dico
3164 1391 3389 1444 clariori
3427 1392 3648 1445 ﬁrmem
3681 1392 3901 1461 eloquio,

2238 1481 2605 1549 temetipsum
2658 1480 2937 1534 misellule
2984 1480 3269 1550 conspice,
3305 1484 3359 1532 et
3414 1481 3539 1534 vide
3594 1480 3822 1550 qualiter
3854 1479 3901 1533 in

2236 1570 2567 1622 Iudaeorum
2626 1569 2920 1623 transieris
2977 1570 3137 1622 acie:
3188 1570 3267 1622 ita
3322 1574 3383 1622 ut
3426 1569 3546 1638 jam
3605 1585 3717 1622 non
3768 1585 3900 1621 com-

2237 1658 2457 1727 puteris
2491 1658 2550 1711 in
2597 1659 2885 1726 gentibus,
2932 1658 3026 1709 sed
3060 1658 3376 1727 applaudes
3424 1664 3479 1711 te
3518 1674 3583 1711 ex
3631 1657 3903 1711 Israelitico

2239 1746 2483 1800 existere
2528 1747 2808 1815 germine,
2844 1759 3066 1816 pr0‘eo
3115 1747 3267 1816 quod
3317 1762 3519 1799 eorum
3579 1745 3781 1799 existie
3828 1761 3901 1797 ve-

2240 1835 2436 1888 saniae.
2492 1835 2778 1905 Quidquid
2822 1835 2975 1888 enim
3014 1835 3153 1888 olim
3204 1836 3617 1905 prophetarum
3666 1834 3897 1887 vaticinia

2238 1923 2464 1989 cecinit,
2500 1930 2555 1977 et
2586 1923 2749 1993 quasi
2789 1940 2890 1993 per
2920 1924 3287 1993 sponsionem
3322 1922 3898 1993 promisitfcredenti-

2238 2012 2345 2065 bus
2374 2012 2539 2065 nobis
2567 2013 2804 2077 dictum,
2834 2028 2967 2065 nam
3000 2028 3114 2065 non
3147 2014 3489 2081 negantibus
3531 2012 3657 2065 fuit.
3706 2012 3767 2064 Et
3794 2011 3903 2063 ideo

2239 2101 2358 2153 noli
2391 2100 2582 2154 buccis
2608 2101 2965 2154 tumentibus
2996 2106 3052 2154 et
3083 2102 3279 2154 inﬂato
3309 2106 3541 2170 gutture
3575 2102 3634 2154 in
3655 2100 3905 2171 promissa

2239 2195 2293 2243 te
2334 2192 2601 2243 extollere
2630 2189 2727 2243 alti
2780 2189 2992 2253 throni,
3030 2205 3160 2243 cum
3195 2189 3335 2242 scias
3382 2205 3507 2243 mea
3550 2190 3759 2256 omnia,
3806 2204 3903 2241 non

2239 2282 2337 2331 tua
2369 2295 2507 2331 esse.

2312 2370 2360 2421 5.
2385 2366 2545 2430 Quod
2577 2372 2771 2421 autem
2818 2368 2919 2434 ais,
2956 2367 3091 2438 quia
3130 2383 3330 2421 omnes
3360 2368 3507 2437 apud
3541 2368 3720 2421 Deum
3769 2367 3908 2435 quasi

2239 2456 2391 2509 stilla
2421 2461 2547 2509 sunt
2585 2458 2764 2509 situla:
2800 2457 2925 2525 (Isa.
2985 2472 3035 2523 L,
3093 2459 3196 2523 l5),
3240 2461 3296 2510 et
3342 2456 3507 2526 quasi
3561 2473 3678 2510 non
3711 2457 3833 2521 sint,
3861 2458 3907 2505 et

2243 2548 2303 2596 ut
2345 2544 2513 2596 inane
2548 2550 2824 2613 reputatae
2866 2550 3019 2611 sunt,
3072 2545 3253 2597 miror
3291 2550 3344 2597 te
3376 2545 3712 2615 prudentem
3744 2544 3903 2596 virum

2239 2636 2353 2685 tam
2422 2632 2674 2686 inaniter
2732 2632 3018 2703 opiuasse.
3078 2633 3194 2687 Scis
3244 2634 3519 2703 profecto,
3591 2634 3722 2704 quia
3777 2634 3907 2702 apud

2240 2722 2419 2774 Deum
2452 2722 2644 2774 nullus
2675 2729 2761 2774 est
2807 2722 3044 2792 aliquid,
3095 2727 3190 2775 aut
3230 2723 3411 2775 neseis
3438 2722 3590 2792 quod
3650 2722 3812 2791 Moysi
3851 2720 3909 2772 de

2240 2826 2298 2861 se
2330 2809 2452 2879 ipse
2511 2811 2792 2865 retulerit.
2847 2812 2939 2864 Ait
2971 2812 3170 2864 enim:
3225 2814 3339 2879 Ego
3369 2826 3487 2865 sum
3543 2814 3643 2880 qui
3688 2827 3822 2873 sum;
3866 2814 3906 2861 et

2239 2899 2382 2951 dices
2421 2899 2564 2967 ﬁliis
2612 2900 2781 2954 Israel
2818 2916 2829 2953 :
2866 2900 2974 2964 Qui
2994 2907 3072 2955 est
3121 2902 3271 2954 misit
3300 2916 3380 2953 me
3410 2901 3612 2970 (Exod.
3665 2917 3741 2965 ιιι,
3787 2901 3904 2965 xiv).

434 2985 733 3041 doctorum
758 2986 1367 3055 tuorumjussionibus
1398 2988 1755 3055 compulsum
1788 2985 2126 3049 fuisse,non
2167 3005 2207 3058 ρ
2241 2988 2518 3056 Iutelligis
2576 3004 2782 3058 nempe
2836 3004 2951 3058 quo
3007 2989 3203 3042 tendat
3252 2988 3359 3042 ista
3414 2989 3687 3042 narratio.
3737 2988 3909 3055 Neque

434 3075 754 3129 intentione
795 3076 948 3139 fidei,
982 3076 1081 3129 sed
1131 3076 1303 3128 livore
1336 3075 1608 3145 perfidiae,
1650 3075 1975 3127 facundiam
2030 3092 2125 3128 ca-

435 3164 633 3217 ninam
686 3181 784 3217 ore
836 3164 1067 3234 vipereo
1124 3164 1419 3216 subilasse.
1478 3164 1543 3216 Et
1592 3163 1719 3215 ideo
1776 3163 1911 3232 quia
1956 3164 2129 3217 verba

434 3254 531 3304 tua
561 3267 625 3304 ex
656 3251 841 3304 alieno
872 3252 1167 3304 stomacho
1228 3251 1435 3314 fluunt,
1472 3255 1529 3302 et
1559 3266 1677 3302 non
1724 3248 1989 3312 doctoris,
2030 3250 2125 3301 sed

436 3340 729 3409 discipulis
764 3355 1087 3409 cognomen
1128 3339 1367 3404 sortiris,
1400 3338 1643 3390 libenter
1677 3337 1850 3390 debes
1897 3337 2127 3407 perqui-

436 3445 561 3481 rere
593 3444 859 3497 proceres
892 3428 1255 3498 Synogogze:
1310 3427 1506 3479 Utrum
1566 3426 1669 3479 iste
1723 3432 1908 3479 noster
1965 3426 2128 3478 Chri-

436 3520 575 3580 stus,
610 3532 782 3585 quem
816 3522 872 3569 tu
908 3532 1005 3569 ore
1055 3514 1424 3584 spurcissimo
1477 3514 1630 3567 visus
1691 3531 1749 3567 es
1803 3515 2125 3584 derogasse,

436 3608 668 3675 quando
700 3606 759 3657 in
795 3604 1007 3658 mundo
1039 3606 1231 3658 lumen
1262 3610 1346 3657 est
1397 3609 1577 3671 ortus,
1606 3604 1808 3673 aliquis
1834 3620 1962 3657 cum
1994 3604 2129 3657 Mes-

438 3694 580 3746 siam
611 3694 877 3763 cognovit
897 3709 965 3747 ex
1004 3694 1116 3747 illis
1148 3693 1335 3746 saltim
1371 3694 1456 3746 vel
1487 3692 1677 3747 unus?
1720 3694 1782 3746 Et
1825 3698 1976 3746 certe
2028 3709 2126 3746 ne-

435 3798 571 3851 gare
598 3800 708 3835 non
742 3787 979 3852 poteris,
1014 3783 1166 3854 quod
1200 3783 1364 3835 multi
1422 3782 1479 3834 in
1534 3798 1664 3835 eum
1712 3782 2001 3836 credidere
2061 3798 2125 3835 ex

432 3873 680 3939 ludatis;
710 3874 786 3927 ita
816 3880 875 3927 ut
900 3890 999 3944 per
1050 3874 1281 3927 millena
1330 3872 1629 3926 hominum
1661 3872 1956 3941 agminum
2026 3888 2128 3926 sua

433 3978 592 4015 sacra
665 3964 995 4033 disponeret
1040 3963 1313 4016 convivia.
1387 3962 1527 4015 Nam
1578 3977 1695 4014 non
1752 3962 1936 4015 solum
2005 3962 2128 4032 plu-

432 4067 543 4116 res,
580 4068 778 4105 verum
824 4054 995 4104 etiam
1042 4068 1221 4121 prope
1279 4066 1477 4103 omnes
1527 4050 1706 4104 Judaei
1760 4050 2128 4103 crediderunt

433 4140 492 4192 in
531 4156 682 4194 eum.
737 4141 1134 4210 EXspectantes
1174 4140 1326 4191 enim
1362 4138 1636 4203 Messiam,
1691 4137 1785 4191 alii
1836 4154 2127 4208 cognove—

430 4234 568 4280 runt
598 4229 786 4297 ipsum
819 4245 939 4281 esse
977 4228 1294 4281 errantium
1336 4228 1484 4279 viam
1521 4243 1532 4279 :
1580 4243 1749 4297 porro
1795 4228 1919 4281 aliis
1959 4244 2125 4280 scan-

2238 3077 2393 3129 enim
2426 3078 2656 3146 egregia
2696 3083 2752 3130 et
2782 3077 3091 3146 singularis
3121 3082 3206 3130 est
3249 3077 3357 3130 ista
3392 3078 3533 3143 laus,
3568 3079 3616 3131 si
3650 3092 3767 3131 esse
3818 3074 3909 3128 ali-

2238 3165 2330 3218 cui
2366 3172 2572 3233 przeter
2611 3165 2787 3217 Deum
2815 3165 3182 3219 concesseris.
3225 3166 3288 3218 Et
3318 3165 3462 3218 bene
3492 3167 3775 3235 propheta
3811 3177 3909 3216 non

2239 3259 2463 3307 tantum
2494 3258 2711 3322 gentes,
2748 3254 2845 3307 sed
2900 3268 3077 3307 omnes
3120 3253 3248 3322 (Isa.
3284 3270 3319 3317 ι,
3375 3254 3458 3323 l7)
3496 3254 3748 3308 addidit:
3795 3250 3912 3322 quia

2238 3346 2293 3394 et
2346 3348 2575 3410 gentem
2639 3343 3004 3395 lsraeliticam
3064 3342 3122 3394 in
3180 3357 3423 3395 numero
3455 3340 3910 3412 comprehendit;

2238 3430 2390 3482 enim
2433 3446 2610 3483 omnes
2642 3431 2802 3497 dixit,
2834 3431 3051 3483 nullam
3115 3430 3352 3499 excepit.
3390 3429 3448 3483 Si
3494 3436 3688 3483 autem
3737 3441 3912 3481 omnes

2238 3525 2435 3587 gentes
2464 3518 2543 3571 sic
2574 3524 2707 3573 sunt
2738 3520 2795 3571 in
2837 3524 3146 3590 conspectu
3197 3520 3319 3589 ejus
3368 3522 3529 3587 quasi
3556 3535 3667 3573 non
3713 3520 3834 3579 sint,
3874 3519 3915 3565 et

2237 3610 2398 3675 quasi
2423 3608 2583 3673 nihil,
2639 3613 2687 3661 et
2718 3610 2879 3661 inane
2908 3607 2925 3641 ί
2953 3613 3298 3677 reputantur,
3333 3607 3391 3661 in
3424 3608 3695 3661 omnibus
3744 3610 3912 3658 autem

2237 3696 2521 3765 gentibus,
2556 3702 2613 3749 et
2658 3697 2829 3750 Israel
2865 3702 2950 3751 est
2985 3713 2998 3750 :
3030 3713 3164 3767 ergo
3196 3702 3252 3749 et
3303 3696 3423 3766 ipse
3476 3702 3561 3750 est
3610 3695 3769 3767 quasi
3813 3707 3912 3745 non

2237 3784 2331 3849 sit,
2380 3790 2436 3837 et
2478 3785 2536 3837 in
2565 3784 2742 3837 nihilo
2775 3791 2947 3855 atque
2988 3785 3159 3838 inane
3190 3790 3506 3855 reputatur.
3543 3786 3619 3839 Et
3651 3786 3769 3837 hiec
3794 3781 3914 3835 dici-

2237 3889 2384 3938 mus,
2412 3877 2477 3926 ut
2509 3880 2693 3926 Vestra
2724 3874 3022 3943 frangatur
3042 3874 3327 3943 superbia.
3372 3874 3714 3926 retundatur
3750 3883 3915 3925 asser—

2234 3961 2409 4014 tionis
2467 3963 2734 4015 versutia.
2790 3963 3072 4017 Caeterum
3131 3962 3367 4016 liberior
3405 3960 3549 4015 mihi
3615 3957 3911 4030 responsio,

2236 4054 2293 4101 et
2322 4048 2568 4113 brevior,
2620 4050 2737 4103 imo
2769 4050 2980 4104 clarior
3012 4056 3195 4104 exstat
3226 4067 3240 4104 :
3276 4068 3343 4104 eo
3387 4050 3535 4121 quod
3597 4066 3662 4104 ex
3718 4046 3915 4102 lsraelis

2236 4138 2409 4207 stirpe
2478 4139 2827 4193 descendens
2877 4146 3078 4197 cuncta
3125 4140 3264 4194 mihi
3320 4140 3533 4209 glorier
3583 4140 3751 4202 dicta,
3803 4149 3913 4206 qum

2234 4225 2338 4279 tibi
2387 4230 2449 4279 tu
2504 4227 2801 4297 applaudis
2850 4233 3133 4299 excerpta.
3185 4228 3501 4281 Prudenter
3546 4226 3821 4295 intelligo.
3868 4225 3917 4274 et

434 4318 549 4369 dali
579 4318 795 4369 exstitit
827 4324 1007 4386 petra.
1043 4318 1105 4370 Et
1131 4317 1256 4369 ideo
1314 4332 1425 4368 uou
1485 4333 1588 4368 nos
1634 4322 1831 4386 gentes
1884 4316 2125 4370 dicimus
2164 4307 2208 4360 D
2237 4315 2455 4384 conjice
2486 4317 2775 4385 sapienter
2802 4322 2857 4369 et
2899 4333 3099 4387 mquus
3130 4317 3341 4370 arbiter
3369 4323 3505 4370 esto.
3552 4316 3695 4380 Quis
3754 4311 3916 4380 magis

434 4422 573 4471 esse,
627 4407 723 4459 sed
752 4406 941 4469 Israel,
974 4405 1111 4475 quia
1169 4422 1231 4459 ex
1288 4406 1413 4475 ipsa
1446 4406 1621 4476 stirpe
1678 4407 2126 4460 Israeliticaorti

430 4499 698 4563 parentes
739 4495 874 4547 olim
922 4494 1157 4548 fuerunt
1204 4496 1405 4548 nostri.
1453 4495 1560 4548 Sed
1614 4495 1709 4547 ubi
1769 4496 2125 4550 desideratus

429 4583 647 4636 cunctis
681 4583 943 4653 gentibus
977 4584 1149 4650 venit,
1201 4584 1352 4637 illico
1402 4584 1519 4653 jam
1568 4584 1790 4637 venisse
1842 4586 2123 4655 cognovi-

429 4687 578 4739 mus,
621 4688 793 4742 quem
852 4673 1031 4725 multa
1085 4689 1187 4742 per
1238 4681 1501 4742 tempora
1551 4674 1743 4727 venire
1776 4680 1944 4727 antea
2000 4691 2127 4744 pro-

430 4761 727 4830 phetatum
783 4762 1154 4831 perlegimus.
1202 4764 1484 4816 Conversa
1536 4769 1620 4816 est
1684 4763 1839 4815 enim
1901 4763 1971 4816 ad
2020 4780 2123 4816 nos

427 4849 737 4903 multitudo
781 4851 972 4915 maris,
1004 4854 1060 4903 et
1110 4851 1405 4904 diversitas
1461 4852 1719 4920 gentium
1770 4852 1840 4904 ad
1890 4867 1995 4905 nos
2041 4856 2126 4905 est

426 4954 652 4992 reversa
686 4938 820 5008 (Isa.
874 4939 979 5007 ιχ).
1017 4938 1200 5008 Super
1239 4958 1340 4993 nos
1390 4946 1547 4993 ortus
1580 4945 1664 4993 est
1712 4940 2008 5009 Dominus,
2068 4945 2124 4994 et

425 5027 614 5080 honor
645 5028 767 5096 ejus
819 5028 876 5079 in
923 5043 1027 5079 nos
1072 5033 1157 5080 est
1186 5027 1356 5081 visus.
1397 5029 1460 5082 Et
1504 5034 1753 5100 pergunt
1808 5035 2006 5098 gentes
2061 5030 2119 5083 in

426 5115 644 5169 lumine
672 5121 892 5181 nostro,
925 5121 981 5168 et
1012 5116 1071 5169 in
1103 5116 1405 5184 splendore
1462 5118 1650 5170 vultus
1680 5118 1862 5171 nostri
1923 5119 2121 5187 inclyti

422 5220 627 5274 reges;
657 5207 791 5275 quia
824 5210 1008 5260 notum
1036 5208 1168 5271 fecit
1210 5205 1473 5259 Dominus
1503 5207 1745 5261 salutare
1784 5222 1963 5273 suum,
1996 5212 2121 5261 ante

493 5354 517 5379 ⁸
554 5347 675 5411 Ms.,
713 5364 839 5416 qua.

493 5419 517 5459 ί)
556 5418 677 5477 Ms...
707 5419 967 5483 calcarit,
1002 5420 1229 5471 s/iltarit

493 5498 511 5519 ε
556 5490 611 5541 1,.
643 5495 837 5555 ﬂemus.

490 5560 516 5600 ἀ
556 5559 677 5623 Ms.,
712 5564 945 5625 cognitu.

2238 4403 2457 4455 lsraelis
2488 4406 2724 4457 nomine
2745 4406 2963 4458 censeri
2996 4411 3077 4458 est
3104 4406 3348 4475 dignus?
3371 4407 3451 4459 Tu
3492 4406 3615 4475 qui,
3678 4410 3737 4457 ut
3767 4401 3909 4463 dicis,

2236 4507 2302 4544 ex
2346 4492 2669 4546 idololatria
2718 4494 2787 4547 ad
2819 4495 3030 4547 summi
3064 4495 3163 4548 Dei
3201 4496 3417 4548 cultum
3447 4510 3713 4547 reversus
3747 4508 3820 4556 es,
3866 4494 3915 4540 et

2237 4595 2351 4632 non
2379 4586 2568 4650 gente,
2606 4582 2697 4634 sed
2729 4582 2841 4634 lide
2887 4582 3113 4635 Judaeus
3164 4598 3250 4647 es;
3298 4599 3370 4635 an
3420 4598 3527 4651 ego
3579 4582 3679 4653 qui
3712 4586 3766 4633 et
3818 4577 3913 4631 tide

2235 4673 2290 4721 et
2319 4675 2489 4737 gente
2522 4683 2550 4723 Β
2582 4670 2851 4723 Hebraeus
2898 4670 3064 4723 sum?
3090 4672 3184 4724 sed
3237 4671 3364 4724 ideo
3411 4672 3645 4725 Iudaeus
3687 4686 3797 4723 non
3829 4684 3914 4718 vo-

2234 4773 2350 4823 cor,
2386 4758 2521 4827 quia
2566 4774 2753 4812 nomen
2809 4774 3005 4812 novum
3054 4759 3196 4813 mihi
3256 4760 3591 4829 impositum
3649 4765 3753 4820 est,
3794 4754 3913 4826 quia

2236 4846 2387 4915 quod
2437 4862 2493 4900 os
2558 4850 2775 4900 Domini
2826 4851 3126 4901 nominavit
3182 4848 3315 4918 (Isa.
3379 4865 3510 4916 Lxu,
3568 4850 3651 4915 '2).
3718 4848 3914 4913 Nempe

2234 4935 2401 4988 Pater
2430 4950 2590 4987 meus
2620 4935 2904 4989 Abraham
2931 4944 3033 5003 est,
3070 4936 3205 5006 quia
3247 4936 3491 5006 majores
3536 4937 3653 4990 mei
3686 4951 3750 4988 ex
3807 4933 3914 5001 ipsa

2232 5022 2648 5076 descenderunt
2687 5025 2919 5079 traduce
2966 5043 2978 5079 :
3033 5031 3421 5096 exspectantes
3466 5027 3620 5079 enim
3676 5024 3914 5079 Messiam

2232 5117 2557 5178 venturum,
2591 5118 2645 5165 et
2677 5114 3015 5183 recipientes
3067 5115 3406 5177 venientem,
3465 5115 3652 5185 magis
3705 5114 3789 5167 illi
3844 5110 3912 5161 vi-

2230 5199 2438 5254 dentur
2482 5202 2655 5256 Israel
2703 5220 2843 5269 esse,
2900 5219 3073 5273 quam
3123 5204 3223 5275 qui
3273 5204 3684 5275 exspectabant
3730 5207 3786 5257 et
3841 5213 3915 5250 ve-

2297 5358 2318 5383 ⁶
2360 5346 2417 5400 L.
2458 5348 2680 5401 hwsisti.

2300 5418 2317 5451 τ
2359 5418 2478 5483 M3,,
2515 5422 2572 5470 in
2603 5420 2758 5471 hunc.

2300 5503 2328 5542 ε
2372 5489 2488 5540 Nic.
2521 5493 2651 5542 Ant.
2690 5492 2722 5541 l.
2759 5506 2834 5548 vr.
2871 5505 2927 5542 ιι.
2969 5493 3087 5555 l7l,
3121 5506 3324 5555 genere.
