  <div class='ocr_page' id='page_1' title='image "/cluster/home/n/w/nwhite01/storage/ocr_20150623/121/hvd.32044054759832/254.png"; bbox 0 0 4098 6180; ppageno 0'>
   <div class='ocr_carea' id='block_1_1' title="bbox 202 319 1838 374">
    <p class='ocr_par' dir='ltr' id='par_1_1' title="bbox 202 320 1831 374">
     <span class='ocr_line' id='line_1_1' title="bbox 202 320 1831 374; baseline 0.001 -2"><span class='ocrx_word' id='word_1_1' title='bbox 202 321 286 373; x_wconf 67' lang='grc'><strong>497</strong></span> <span class='ocrx_word' id='word_1_2' title='bbox 1725 320 1831 374; x_wconf 84' lang='grc' dir='ltr'><strong>ΕΡΙ</strong></span> 
     </span>
    </p>
   </div>
   <div class='ocr_carea' id='block_1_2' title="bbox 1951 319 2096 374">
    <p class='ocr_par' dir='ltr' id='par_1_2' title="bbox 1951 319 2096 374">
     <span class='ocr_line' id='line_1_2' title="bbox 1951 319 2096 374; baseline -0.028 0"><span class='ocrx_word' id='word_1_3' title='bbox 1951 319 2096 374; x_wconf 74' lang='lat' dir='ltr'><strong>)LAS.</strong></span> 
     </span>
    </p>
   </div>
   <div class='ocr_carea' id='block_1_3' title="bbox 3565 323 3671 377">
    <p class='ocr_par' dir='ltr' id='par_1_3' title="bbox 3565 323 3671 377">
     <span class='ocr_line' id='line_1_3' title="bbox 3565 323 3671 377; baseline 0.009 -1"><span class='ocrx_word' id='word_1_4' title='bbox 3565 323 3671 377; x_wconf 72' lang='grc'><strong>498</strong></span> 
     </span>
    </p>
   </div>
   <div class='ocr_carea' id='block_1_4' title="bbox 199 453 3668 526">
    <p class='ocr_par' dir='ltr' id='par_1_4' title="bbox 199 453 3668 526">
     <span class='ocr_line' id='line_1_4' title="bbox 199 453 3668 526; baseline 0.001 -16"><span class='ocrx_word' id='word_1_5' title='bbox 199 457 420 510; x_wconf 90' lang='lat' dir='ltr'><strong>nientem</strong></span> <span class='ocrx_word' id='word_1_6' title='bbox 443 459 799 525; x_wconf 80' lang='lat' dir='ltr'><strong>respuerant,</strong></span> <span class='ocrx_word' id='word_1_7' title='bbox 833 470 938 509; x_wconf 90' lang='lat' dir='ltr'><strong>nec</strong></span> <span class='ocrx_word' id='word_1_8' title='bbox 969 459 1159 508; x_wconf 87' lang='lat' dir='ltr'><strong>tamen</strong></span> <span class='ocrx_word' id='word_1_9' title='bbox 1204 470 1336 509; x_wconf 89' lang='lat' dir='ltr'><strong>eum</strong></span> <span class='ocrx_word' id='word_1_10' title='bbox 1377 471 1607 526; x_wconf 88' lang='lat' dir='ltr'><strong>sperare</strong></span> <span class='ocrx_word' id='word_1_11' title='bbox 1663 471 1847 509; x_wconf 90' lang='lat' dir='ltr'><strong>cessa-</strong></span> <span class='ocrx_word' id='word_1_12' title='bbox 1887 457 1933 508; x_wconf 82' lang='lat' dir='ltr'><strong>A</strong></span> <span class='ocrx_word' id='word_1_13' title='bbox 1965 453 2103 525; x_wconf 90' lang='lat' dir='ltr'><strong>quid</strong></span> <span class='ocrx_word' id='word_1_14' title='bbox 2135 454 2286 508; x_wconf 83' lang='lat' dir='ltr'>dicat</span> <span class='ocrx_word' id='word_1_15' title='bbox 2317 469 2506 508; x_wconf 84' lang='lat' dir='ltr'><strong>sermo</strong></span> <span class='ocrx_word' id='word_1_16' title='bbox 2544 454 2809 509; x_wconf 90' lang='lat' dir='ltr'><strong>divinus:</strong></span> <span class='ocrx_word' id='word_1_17' title='bbox 2859 458 3120 511; x_wconf 82' lang='lat' dir='ltr'><strong>Formans</strong></span> <span class='ocrx_word' id='word_1_18' title='bbox 3161 475 3243 512; x_wconf 88' lang='lat' dir='ltr'><strong>me</strong></span> <span class='ocrx_word' id='word_1_19' title='bbox 3267 475 3334 512; x_wconf 78' lang='lat' dir='ltr'><strong>ea:</strong></span> <span class='ocrx_word' id='word_1_20' title='bbox 3360 465 3509 514; x_wconf 89' lang='lat' dir='ltr'><strong>utero</strong></span> <span class='ocrx_word' id='word_1_21' title='bbox 3553 477 3668 515; x_wconf 85' lang='lat' dir='ltr'><strong>ser-</strong></span> 
     </span>
    </p>
   </div>
   <div class='ocr_carea' id='block_1_5' title="bbox 195 543 1857 614">
    <p class='ocr_par' dir='ltr' id='par_1_5' title="bbox 195 543 1857 614">
     <span class='ocr_line' id='line_1_5' title="bbox 195 543 1857 614; baseline -0.001 -15"><span class='ocrx_word' id='word_1_22' title='bbox 195 550 342 599; x_wconf 89' lang='lat' dir='ltr'><strong>runt:</strong></span> <span class='ocrx_word' id='word_1_23' title='bbox 373 543 699 614; x_wconf 81' lang='lat' dir='ltr'><strong>exspectatis</strong></span> <span class='ocrx_word' id='word_1_24' title='bbox 728 543 877 598; x_wconf 89' lang='lat' dir='ltr'><strong>enim</strong></span> <span class='ocrx_word' id='word_1_25' title='bbox 934 545 1253 614; x_wconf 85' lang='lat' dir='ltr'><strong>hucusque,</strong></span> <span class='ocrx_word' id='word_1_26' title='bbox 1305 559 1478 614; x_wconf 85' lang='lat' dir='ltr'><strong>quem</strong></span> <span class='ocrx_word' id='word_1_27' title='bbox 1519 548 1738 598; x_wconf 89' lang='lat' dir='ltr'><strong>certum</strong></span> <span class='ocrx_word' id='word_1_28' title='bbox 1773 549 1857 598; x_wconf 91' lang='lat' dir='ltr'><strong>est</strong></span> 
     </span>
    </p>
   </div>
   <div class='ocr_carea' id='block_1_6' title="bbox 189 630 1856 704">
    <p class='ocr_par' dir='ltr' id='par_1_6' title="bbox 189 630 1856 704">
     <span class='ocr_line' id='line_1_6' title="bbox 189 630 1856 704; baseline -0.001 -16"><span class='ocrx_word' id='word_1_29' title='bbox 189 636 290 704; x_wconf 86' lang='lat' dir='ltr'><strong>jam</strong></span> <span class='ocrx_word' id='word_1_30' title='bbox 314 648 406 685; x_wconf 91' lang='lat' dir='ltr'><strong>vos</strong></span> <span class='ocrx_word' id='word_1_31' title='bbox 436 630 726 702; x_wconf 87' lang='lat' dir='ltr'><strong>repulisse.</strong></span> <span class='ocrx_word' id='word_1_32' title='bbox 762 633 966 687; x_wconf 82' lang='lat' dir='ltr'><strong>Gentes</strong></span> <span class='ocrx_word' id='word_1_33' title='bbox 1011 647 1146 685; x_wconf 89' lang='lat' dir='ltr'><strong>vero</strong></span> <span class='ocrx_word' id='word_1_34' title='bbox 1181 632 1281 702; x_wconf 89' lang='lat' dir='ltr'><strong>qui</strong></span> <span class='ocrx_word' id='word_1_35' title='bbox 1326 631 1395 686; x_wconf 91' lang='lat' dir='ltr'><strong>ad</strong></span> <span class='ocrx_word' id='word_1_36' title='bbox 1427 632 1601 686; x_wconf 82' lang='lat' dir='ltr'><strong>ﬁdem</strong></span> <span class='ocrx_word' id='word_1_37' title='bbox 1634 633 1856 687; x_wconf 88' lang='lat' dir='ltr'><strong>Israelis</strong></span> 
     </span>
    </p>
   </div>
   <div class='ocr_carea' id='block_1_7' title="bbox 193 718 1856 791">
    <p class='ocr_par' dir='ltr' id='par_1_7' title="bbox 193 718 1856 791">
     <span class='ocr_line' id='line_1_7' title="bbox 193 718 1856 791; baseline 0 -16"><span class='ocrx_word' id='word_1_38' title='bbox 193 724 519 775; x_wconf 84' lang='lat' dir='ltr'><strong>revertuntur</strong></span> <span class='ocrx_word' id='word_1_39' title='bbox 551 719 826 790; x_wconf 80' lang='lat' dir='ltr'><strong>quotidie,</strong></span> <span class='ocrx_word' id='word_1_40' title='bbox 871 718 1206 773; x_wconf 88' lang='lat' dir='ltr'><strong>inseruntur</strong></span> <span class='ocrx_word' id='word_1_41' title='bbox 1255 721 1474 791; x_wconf 89' lang='lat' dir='ltr'><strong>populo</strong></span> <span class='ocrx_word' id='word_1_42' title='bbox 1517 721 1637 787; x_wconf 89' lang='lat' dir='ltr'><strong>Dei,</strong></span> <span class='ocrx_word' id='word_1_43' title='bbox 1689 721 1856 775; x_wconf 87' lang='lat' dir='ltr'><strong>sicuti</strong></span> 
     </span>
    </p>
   </div>
   <div class='ocr_carea' id='block_1_8' title="bbox 190 808 1855 874">
    <p class='ocr_par' dir='ltr' id='par_1_8' title="bbox 190 808 1855 874">
     <span class='ocr_line' id='line_1_8' title="bbox 190 808 1855 874; baseline 0 -10"><span class='ocrx_word' id='word_1_44' title='bbox 190 817 242 864; x_wconf 89' lang='lat' dir='ltr'><strong>tu</strong></span> <span class='ocrx_word' id='word_1_45' title='bbox 282 809 420 863; x_wconf 85' lang='lat' dir='ltr'><strong>visus</strong></span> <span class='ocrx_word' id='word_1_46' title='bbox 463 814 548 863; x_wconf 87' lang='lat' dir='ltr'><strong>est</strong></span> <span class='ocrx_word' id='word_1_47' title='bbox 587 809 915 862; x_wconf 68' lang='lat' dir='ltr'><strong>Iudaeorum</strong></span> <span class='ocrx_word' id='word_1_48' title='bbox 971 808 1277 862; x_wconf 68' lang='lat' dir='ltr'><strong>adhaesisse</strong></span> <span class='ocrx_word' id='word_1_49' title='bbox 1332 809 1536 862; x_wconf 92' lang='lat' dir='ltr'><strong>errori.</strong></span> <span class='ocrx_word' id='word_1_50' title='bbox 1589 810 1751 874; x_wconf 87' lang='lat' dir='ltr'><strong>Quod</strong></span> <span class='ocrx_word' id='word_1_51' title='bbox 1807 811 1855 864; x_wconf 92' lang='lat' dir='ltr'><strong>si</strong></span> 
     </span>
    </p>
   </div>
   <div class='ocr_carea' id='block_1_9' title="bbox 189 896 1849 968">
    <p class='ocr_par' dir='ltr' id='par_1_9' title="bbox 189 896 1849 968">
     <span class='ocr_line' id='line_1_9' title="bbox 189 896 1849 968; baseline 0.001 -17"><span class='ocrx_word' id='word_1_52' title='bbox 189 900 543 968; x_wconf 87' lang='lat' dir='ltr'><strong>conquereris,</strong></span> <span class='ocrx_word' id='word_1_53' title='bbox 589 913 691 950; x_wconf 92' lang='lat' dir='ltr'><strong>cur</strong></span> <span class='ocrx_word' id='word_1_54' title='bbox 719 896 1092 951; x_wconf 61' lang='lat' dir='ltr'><strong>caremonias</strong></span> <span class='ocrx_word' id='word_1_55' title='bbox 1123 896 1267 968; x_wconf 80' lang='lat' dir='ltr'><strong>legis</strong></span> <span class='ocrx_word' id='word_1_56' title='bbox 1299 913 1415 950; x_wconf 90' lang='lat' dir='ltr'><strong>non</strong></span> <span class='ocrx_word' id='word_1_57' title='bbox 1461 899 1849 966; x_wconf 82' lang='lat' dir='ltr'><strong>observamus,</strong></span> 
     </span>
    </p>
   </div>
   <div class='ocr_carea' id='block_1_10' title="bbox 187 985 1850 1056">
    <p class='ocr_par' dir='ltr' id='par_1_10' title="bbox 187 985 1850 1056">
     <span class='ocr_line' id='line_1_10' title="bbox 187 985 1850 1056; baseline 0.001 -16"><span class='ocrx_word' id='word_1_58' title='bbox 187 988 299 1040; x_wconf 89' lang='lat' dir='ltr'><strong>audi</strong></span> <span class='ocrx_word' id='word_1_59' title='bbox 329 986 522 1040; x_wconf 80' lang='lat' dir='ltr'><strong>lsaiam</strong></span> <span class='ocrx_word' id='word_1_60' title='bbox 552 985 768 1038; x_wconf 90' lang='lat' dir='ltr'><strong>cunctis</strong></span> <span class='ocrx_word' id='word_1_61' title='bbox 817 985 954 1038; x_wconf 89' lang='lat' dir='ltr'><strong>tuba</strong></span> <span class='ocrx_word' id='word_1_62' title='bbox 1003 985 1364 1056; x_wconf 87' lang='lat' dir='ltr'><strong>clangentem</strong></span> <span class='ocrx_word' id='word_1_63' title='bbox 1392 1003 1405 1039; x_wconf 90' lang='lat'><strong>:</strong></span> <span class='ocrx_word' id='word_1_64' title='bbox 1434 989 1510 1042; x_wconf 82' lang='lat' dir='ltr'><strong>Ne</strong></span> <span class='ocrx_word' id='word_1_65' title='bbox 1545 992 1850 1041; x_wconf 88' lang='lat' dir='ltr'><strong>memineri-</strong></span> 
     </span>
    </p>
   </div>
   <div class='ocr_carea' id='block_1_11' title="bbox 188 1078 1851 1144">
    <p class='ocr_par' dir='ltr' id='par_1_11' title="bbox 188 1078 1851 1144">
     <span class='ocr_line' id='line_1_11' title="bbox 188 1078 1851 1144; baseline 0.002 -17"><span class='ocrx_word' id='word_1_66' title='bbox 188 1079 446 1144; x_wconf 83' lang='lat' dir='ltr'><strong>tisprio-ra,</strong></span> <span class='ocrx_word' id='word_1_67' title='bbox 478 1080 529 1128; x_wconf 87' lang='lat' dir='ltr'><strong>et</strong></span> <span class='ocrx_word' id='word_1_68' title='bbox 552 1078 868 1139; x_wconf 80' lang='lat' dir='ltr'><strong>antiquiora</strong></span> <span class='ocrx_word' id='word_1_69' title='bbox 893 1091 958 1128; x_wconf 91' lang='lat' dir='ltr'><strong>ne</strong></span> <span class='ocrx_word' id='word_1_70' title='bbox 1001 1078 1342 1129; x_wconf 87' lang='lat' dir='ltr'><strong>intueamini.</strong></span> <span class='ocrx_word' id='word_1_71' title='bbox 1389 1078 1523 1129; x_wconf 87' lang='lat' dir='ltr'><strong>Ecce</strong></span> <span class='ocrx_word' id='word_1_72' title='bbox 1573 1093 1666 1142; x_wconf 81' lang='lat' dir='ltr'><strong>ego</strong></span> <span class='ocrx_word' id='word_1_73' title='bbox 1707 1078 1851 1143; x_wconf 86' lang='lat' dir='ltr'><strong>facio</strong></span> 
     </span>
    </p>
   </div>
   <div class='ocr_carea' id='block_1_12' title="bbox 185 1163 1848 1230">
    <p class='ocr_par' dir='ltr' id='par_1_12' title="bbox 185 1163 1848 1230">
     <span class='ocr_line' id='line_1_12' title="bbox 185 1163 1848 1230; baseline 0.003 -16"><span class='ocrx_word' id='word_1_74' title='bbox 185 1163 443 1230; x_wconf 82' lang='lat' dir='ltr'><strong>no-va(lsa.</strong></span> <span class='ocrx_word' id='word_1_75' title='bbox 477 1177 624 1227; x_wconf 73' lang='lat' dir='ltr'><strong>XLIII,</strong></span> <span class='ocrx_word' id='word_1_76' title='bbox 661 1165 744 1226; x_wconf 72' lang='lat'><strong>18,</strong></span> <span class='ocrx_word' id='word_1_77' title='bbox 783 1166 882 1230; x_wconf 79' lang='lat' dir='ltr'><strong>t9).</strong></span> <span class='ocrx_word' id='word_1_78' title='bbox 933 1164 1004 1216; x_wconf 88' lang='lat' dir='ltr'><strong>Ut</strong></span> <span class='ocrx_word' id='word_1_79' title='bbox 1036 1163 1195 1216; x_wconf 81' lang='lat' dir='ltr'><strong>vobis</strong></span> <span class='ocrx_word' id='word_1_80' title='bbox 1238 1164 1454 1216; x_wconf 83' lang='lat' dir='ltr'><strong>nullam</strong></span> <span class='ocrx_word' id='word_1_81' title='bbox 1493 1164 1848 1219; x_wconf 85' lang='lat' dir='ltr'><strong>occasionem</strong></span> 
     </span>
    </p>
   </div>
   <div class='ocr_carea' id='block_1_13' title="bbox 183 1249 1849 1324">
    <p class='ocr_par' dir='ltr' id='par_1_13' title="bbox 183 1249 1849 1324">
     <span class='ocr_line' id='line_1_13' title="bbox 183 1249 1849 1324; baseline 0.003 -22"><span class='ocrx_word' id='word_1_82' title='bbox 183 1249 448 1303; x_wconf 84' lang='lat' dir='ltr'><strong>cavillandi</strong></span> <span class='ocrx_word' id='word_1_83' title='bbox 496 1252 786 1304; x_wconf 89' lang='lat' dir='ltr'><strong>omitteret</strong></span> <span class='ocrx_word' id='word_1_84' title='bbox 817 1251 1075 1304; x_wconf 88' lang='lat' dir='ltr'><strong>futurum</strong></span> <span class='ocrx_word' id='word_1_85' title='bbox 1132 1257 1382 1321; x_wconf 85' lang='lat' dir='ltr'><strong>tempus,</strong></span> <span class='ocrx_word' id='word_1_86' title='bbox 1433 1268 1552 1306; x_wconf 90' lang='lat' dir='ltr'><strong>non</strong></span> <span class='ocrx_word' id='word_1_87' title='bbox 1613 1261 1849 1324; x_wconf 54' lang='lat' dir='ltr'><strong>prater-</strong></span> 
     </span>
    </p>
   </div>
   <div class='ocr_carea' id='block_1_14' title="bbox 181 1338 1848 1410">
    <p class='ocr_par' dir='ltr' id='par_1_14' title="bbox 181 1338 1848 1410">
     <span class='ocr_line' id='line_1_14' title="bbox 181 1338 1848 1410; baseline 0.003 -19"><span class='ocrx_word' id='word_1_88' title='bbox 181 1339 300 1392; x_wconf 88' lang='lat' dir='ltr'><strong>itam</strong></span> <span class='ocrx_word' id='word_1_89' title='bbox 329 1338 534 1408; x_wconf 87' lang='lat' dir='ltr'><strong>posuit.</strong></span> <span class='ocrx_word' id='word_1_90' title='bbox 583 1339 645 1393; x_wconf 85' lang='lat' dir='ltr'><strong>Et.</strong></span> <span class='ocrx_word' id='word_1_91' title='bbox 672 1344 736 1392; x_wconf 89' lang='lat' dir='ltr'><strong>ut</strong></span> <span class='ocrx_word' id='word_1_92' title='bbox 768 1339 1046 1393; x_wconf 88' lang='lat' dir='ltr'><strong>indicaret</strong></span> <span class='ocrx_word' id='word_1_93' title='bbox 1073 1356 1190 1394; x_wconf 90' lang='lat' dir='ltr'><strong>non</strong></span> <span class='ocrx_word' id='word_1_94' title='bbox 1212 1340 1397 1394; x_wconf 88' lang='lat' dir='ltr'><strong>solum</strong></span> <span class='ocrx_word' id='word_1_95' title='bbox 1429 1341 1714 1410; x_wconf 80' lang='lat' dir='ltr'><strong>gentibus,</strong></span> <span class='ocrx_word' id='word_1_96' title='bbox 1751 1343 1848 1396; x_wconf 91' lang='lat' dir='ltr'><strong>sed</strong></span> 
     </span>
    </p>
   </div>
   <div class='ocr_carea' id='block_1_15' title="bbox 181 1427 1849 1500">
    <p class='ocr_par' dir='ltr' id='par_1_15' title="bbox 181 1427 1849 1500">
     <span class='ocr_line' id='line_1_15' title="bbox 181 1427 1849 1500; baseline 0.002 -20"><span class='ocrx_word' id='word_1_97' title='bbox 181 1427 328 1481; x_wconf 87' lang='lat' dir='ltr'><strong>etiam</strong></span> <span class='ocrx_word' id='word_1_98' title='bbox 357 1433 412 1480; x_wconf 90' lang='lat' dir='ltr'><strong>et</strong></span> <span class='ocrx_word' id='word_1_99' title='bbox 439 1427 677 1494; x_wconf 71' lang='lat' dir='ltr'><strong>Judazis,</strong></span> <span class='ocrx_word' id='word_1_100' title='bbox 723 1427 824 1498; x_wconf 91' lang='lat' dir='ltr'><strong>qui</strong></span> <span class='ocrx_word' id='word_1_101' title='bbox 875 1445 979 1482; x_wconf 92' lang='lat' dir='ltr'><strong>nos</strong></span> <span class='ocrx_word' id='word_1_102' title='bbox 1009 1444 1226 1495; x_wconf 90' lang='lat' dir='ltr'><strong>sumus,</strong></span> <span class='ocrx_word' id='word_1_103' title='bbox 1265 1429 1400 1483; x_wconf 86' lang='lat' dir='ltr'><strong>data</strong></span> <span class='ocrx_word' id='word_1_104' title='bbox 1445 1429 1701 1500; x_wconf 84' lang='lat' dir='ltr'><strong>sequitur</strong></span> <span class='ocrx_word' id='word_1_105' title='bbox 1732 1447 1745 1484; x_wconf 91' lang='lat'><strong>:</strong></span> <span class='ocrx_word' id='word_1_106' title='bbox 1782 1433 1849 1484; x_wconf 88' lang='lat' dir='ltr'><strong>Et</strong></span> 
     </span>
    </p>
   </div>
   <div class='ocr_carea' id='block_1_16' title="bbox 181 1519 1846 1588">
    <p class='ocr_par' dir='ltr' id='par_1_16' title="bbox 181 1519 1846 1588">
     <span class='ocr_line' id='line_1_16' title="bbox 181 1519 1846 1588; baseline 0.003 -19"><span class='ocrx_word' id='word_1_107' title='bbox 181 1533 300 1570; x_wconf 87' lang='lat' dir='ltr'><strong>nunc</strong></span> <span class='ocrx_word' id='word_1_108' title='bbox 327 1519 600 1571; x_wconf 76' lang='lat' dir='ltr'><strong>orientur:</strong></span> <span class='ocrx_word' id='word_1_109' title='bbox 625 1522 813 1584; x_wconf 84' lang='lat' dir='ltr'><strong>utique</strong></span> <span class='ocrx_word' id='word_1_110' title='bbox 838 1523 1164 1585; x_wconf 82' lang='lat' dir='ltr'><strong>cognoscetis</strong></span> <span class='ocrx_word' id='word_1_111' title='bbox 1209 1535 1272 1572; x_wconf 84' lang='lat' dir='ltr'><strong>ea</strong></span> <span class='ocrx_word' id='word_1_112' title='bbox 1307 1519 1510 1588; x_wconf 82' lang='lat' dir='ltr'><strong>(Ibid).</strong></span> <span class='ocrx_word' id='word_1_113' title='bbox 1559 1520 1846 1574; x_wconf 88' lang='lat' dir='ltr'><strong>Delibera-</strong></span> 
     </span>
    </p>
   </div>
   <div class='ocr_carea' id='block_1_17' title="bbox 179 1606 1848 1679">
    <p class='ocr_par' dir='ltr' id='par_1_17' title="bbox 179 1606 1848 1679">
     <span class='ocr_line' id='line_1_17' title="bbox 179 1606 1848 1679; baseline 0.003 -21"><span class='ocrx_word' id='word_1_114' title='bbox 179 1606 273 1660; x_wconf 84' lang='lat' dir='ltr'><strong>tive</strong></span> <span class='ocrx_word' id='word_1_115' title='bbox 303 1607 645 1660; x_wconf 79' lang='lat' dir='ltr'><strong>conﬁrmans</strong></span> <span class='ocrx_word' id='word_1_116' title='bbox 673 1606 824 1676; x_wconf 93' lang='lat' dir='ltr'><strong>quod</strong></span> <span class='ocrx_word' id='word_1_117' title='bbox 857 1607 1042 1660; x_wconf 66' lang='lat' dir='ltr'><strong>Judaei</strong></span> <span class='ocrx_word' id='word_1_118' title='bbox 1075 1613 1486 1675; x_wconf 81' lang='lat' dir='ltr'><strong>cognoscerent</strong></span> <span class='ocrx_word' id='word_1_119' title='bbox 1517 1624 1582 1662; x_wconf 90' lang='lat' dir='ltr'><strong>ea</strong></span> <span class='ocrx_word' id='word_1_120' title='bbox 1613 1609 1711 1679; x_wconf 85' lang='lat' dir='ltr'><strong>qui</strong></span> <span class='ocrx_word' id='word_1_121' title='bbox 1743 1626 1848 1663; x_wconf 89' lang='lat' dir='ltr'><strong>nos</strong></span> 
     </span>
    </p>
   </div>
   <div class='ocr_carea' id='block_1_18' title="bbox 178 1694 1847 1766">
    <p class='ocr_par' dir='ltr' id='par_1_18' title="bbox 178 1694 1847 1766">
     <span class='ocr_line' id='line_1_18' title="bbox 178 1694 1847 1766; baseline 0.003 -20"><span class='ocrx_word' id='word_1_122' title='bbox 178 1710 364 1747; x_wconf 83' lang='lat' dir='ltr'><strong>sumus.</strong></span> <span class='ocrx_word' id='word_1_123' title='bbox 391 1697 577 1766; x_wconf 83' lang='lat' dir='ltr'><strong>Atque</strong></span> <span class='ocrx_word' id='word_1_124' title='bbox 607 1699 671 1748; x_wconf 88' lang='lat' dir='ltr'><strong>ut</strong></span> <span class='ocrx_word' id='word_1_125' title='bbox 695 1694 950 1763; x_wconf 82' lang='lat' dir='ltr'><strong>apertius</strong></span> <span class='ocrx_word' id='word_1_126' title='bbox 971 1695 1229 1764; x_wconf 90' lang='lat' dir='ltr'><strong>gentium</strong></span> <span class='ocrx_word' id='word_1_127' title='bbox 1253 1695 1625 1749; x_wconf 89' lang='lat' dir='ltr'><strong>salvationem</strong></span> <span class='ocrx_word' id='word_1_128' title='bbox 1657 1702 1847 1750; x_wconf 91' lang='lat' dir='ltr'><strong>osten-</strong></span> 
     </span>
    </p>
   </div>
   <div class='ocr_carea' id='block_1_19' title="bbox 176 1782 1848 1852">
    <p class='ocr_par' dir='ltr' id='par_1_19' title="bbox 176 1782 1848 1852">
     <span class='ocr_line' id='line_1_19' title="bbox 176 1782 1848 1852; baseline 0.003 -17"><span class='ocrx_word' id='word_1_129' title='bbox 176 1783 328 1848; x_wconf 85' lang='lat' dir='ltr'><strong>deret,</strong></span> <span class='ocrx_word' id='word_1_130' title='bbox 351 1782 646 1852; x_wconf 85' lang='lat' dir='ltr'><strong>subjunxit</strong></span> <span class='ocrx_word' id='word_1_131' title='bbox 672 1785 906 1836; x_wconf 90' lang='lat' dir='ltr'><strong>:Ponam</strong></span> <span class='ocrx_word' id='word_1_132' title='bbox 929 1786 984 1836; x_wconf 83' lang='lat' dir='ltr'><strong>in</strong></span> <span class='ocrx_word' id='word_1_133' title='bbox 1011 1784 1240 1849; x_wconf 81' lang='lat' dir='ltr'><strong>deserto,</strong></span> <span class='ocrx_word' id='word_1_134' title='bbox 1257 1800 1386 1852; x_wconf 68' lang='lat' dir='ltr'><strong>qua:</strong></span> <span class='ocrx_word' id='word_1_135' title='bbox 1407 1801 1525 1838; x_wconf 89' lang='lat' dir='ltr'><strong>non</strong></span> <span class='ocrx_word' id='word_1_136' title='bbox 1547 1785 1732 1839; x_wconf 88' lang='lat' dir='ltr'><strong>fuerat</strong></span> <span class='ocrx_word' id='word_1_137' title='bbox 1753 1786 1848 1840; x_wconf 94' lang='lat' dir='ltr'><strong>do-</strong></span> 
     </span>
    </p>
   </div>
   <div class='ocr_carea' id='block_1_20' title="bbox 178 1871 1850 1937">
    <p class='ocr_par' dir='ltr' id='par_1_20' title="bbox 178 1871 1850 1937">
     <span class='ocr_line' id='line_1_20' title="bbox 178 1871 1850 1937; baseline 0.002 -13"><span class='ocrx_word' id='word_1_138' title='bbox 178 1871 348 1926; x_wconf 86' lang='lat' dir='ltr'><strong>minici</strong></span> <span class='ocrx_word' id='word_1_139' title='bbox 375 1871 624 1925; x_wconf 86' lang='lat' dir='ltr'><strong>vomeris</strong></span> <span class='ocrx_word' id='word_1_140' title='bbox 653 1873 878 1925; x_wconf 84' lang='lat' dir='ltr'><strong>cultura</strong></span> <span class='ocrx_word' id='word_1_141' title='bbox 918 1873 1150 1925; x_wconf 87' lang='lat' dir='ltr'><strong>domata</strong></span> <span class='ocrx_word' id='word_1_142' title='bbox 1178 1881 1202 1905; x_wconf 65' lang='grc' dir='ltr'><strong>ι</strong></span> <span class='ocrx_word' id='word_1_143' title='bbox 1245 1877 1412 1937; x_wconf 77' lang='lat' dir='ltr'><strong>viam,</strong></span> <span class='ocrx_word' id='word_1_144' title='bbox 1462 1873 1518 1926; x_wconf 91' lang='lat' dir='ltr'><strong>id</strong></span> <span class='ocrx_word' id='word_1_145' title='bbox 1565 1879 1651 1927; x_wconf 87' lang='lat' dir='ltr'><strong>est</strong></span> <span class='ocrx_word' id='word_1_146' title='bbox 1681 1875 1850 1929; x_wconf 88' lang='lat' dir='ltr'><strong>Chri-</strong></span> 
     </span>
    </p>
   </div>
   <div class='ocr_carea' id='block_1_21' title="bbox 177 1960 1846 2035">
    <p class='ocr_par' dir='ltr' id='par_1_21' title="bbox 177 1960 1846 2035">
     <span class='ocr_line' id='line_1_21' title="bbox 177 1960 1846 2035; baseline 0.002 -22"><span class='ocrx_word' id='word_1_147' title='bbox 177 1966 291 2025; x_wconf 85' lang='lat' dir='ltr'><strong>stus,</strong></span> <span class='ocrx_word' id='word_1_148' title='bbox 335 1962 428 2030; x_wconf 87' lang='lat' dir='ltr'><strong>qui</strong></span> <span class='ocrx_word' id='word_1_149' title='bbox 470 1960 648 2014; x_wconf 86' lang='lat' dir='ltr'><strong>dixit:</strong></span> <span class='ocrx_word' id='word_1_150' title='bbox 701 1963 812 2028; x_wconf 75' lang='lat' dir='ltr'><strong>Ego</strong></span> <span class='ocrx_word' id='word_1_151' title='bbox 864 1977 984 2014; x_wconf 86' lang='lat' dir='ltr'><strong>sum</strong></span> <span class='ocrx_word' id='word_1_152' title='bbox 1026 1965 1136 2026; x_wconf 78' lang='lat' dir='ltr'><strong>via,</strong></span> <span class='ocrx_word' id='word_1_153' title='bbox 1181 1966 1403 2028; x_wconf 82' lang='lat' dir='ltr'><strong>veritas,</strong></span> <span class='ocrx_word' id='word_1_154' title='bbox 1449 1966 1501 2016; x_wconf 84' lang='lat' dir='ltr'><strong>et</strong></span> <span class='ocrx_word' id='word_1_155' title='bbox 1546 1967 1660 2016; x_wconf 80' lang='lat' dir='ltr'><strong>vita</strong></span> <span class='ocrx_word' id='word_1_156' title='bbox 1718 1961 1846 2035; x_wconf 90' lang='lat' dir='ltr'><strong>[Isa.</strong></span> 
     </span>
    </p>
   </div>
   <div class='ocr_carea' id='block_1_22' title="bbox 174 2050 1850 2120">
    <p class='ocr_par' dir='ltr' id='par_1_22' title="bbox 174 2050 1850 2120">
     <span class='ocr_line' id='line_1_22' title="bbox 174 2050 1850 2120; baseline 0.003 -19"><span class='ocrx_word' id='word_1_157' title='bbox 174 2064 264 2115; x_wconf 76' lang='lat' dir='ltr'><strong>inv,</strong></span> <span class='ocrx_word' id='word_1_158' title='bbox 315 2050 390 2120; x_wconf 87' lang='lat'><strong>6])</strong></span> <span class='ocrx_word' id='word_1_159' title='bbox 449 2054 500 2103; x_wconf 90' lang='lat' dir='ltr'><strong>et</strong></span> <span class='ocrx_word' id='word_1_160' title='bbox 544 2053 603 2102; x_wconf 87' lang='lat' dir='ltr'><strong>in</strong></span> <span class='ocrx_word' id='word_1_161' title='bbox 656 2052 798 2103; x_wconf 83' lang='lat' dir='ltr'><strong>invio</strong></span> <span class='ocrx_word' id='word_1_162' title='bbox 827 2053 1075 2118; x_wconf 83' lang='lat' dir='ltr'><strong>[lu-mina.</strong></span> <span class='ocrx_word' id='word_1_163' title='bbox 1114 2051 1253 2103; x_wconf 87' lang='lat' dir='ltr'><strong>Vere</strong></span> <span class='ocrx_word' id='word_1_164' title='bbox 1303 2055 1362 2103; x_wconf 86' lang='lat' dir='ltr'><strong>in</strong></span> <span class='ocrx_word' id='word_1_165' title='bbox 1408 2053 1554 2105; x_wconf 83' lang='lat' dir='ltr'><strong>invio</strong></span> <span class='ocrx_word' id='word_1_166' title='bbox 1608 2052 1850 2106; x_wconf 83' lang='lat' dir='ltr'><strong>ﬂumina</strong></span> 
     </span>
    </p>
   </div>
   <div class='ocr_carea' id='block_1_23' title="bbox 173 2137 1847 2207">
    <p class='ocr_par' dir='ltr' id='par_1_23' title="bbox 173 2137 1847 2207">
     <span class='ocr_line' id='line_1_23' title="bbox 173 2137 1847 2207; baseline 0.003 -18"><span class='ocrx_word' id='word_1_167' title='bbox 173 2137 354 2205; x_wconf 88' lang='lat' dir='ltr'><strong>posuit,</strong></span> <span class='ocrx_word' id='word_1_168' title='bbox 390 2137 623 2207; x_wconf 89' lang='lat' dir='ltr'><strong>quando</strong></span> <span class='ocrx_word' id='word_1_169' title='bbox 676 2143 874 2207; x_wconf 87' lang='lat' dir='ltr'><strong>gentes</strong></span> <span class='ocrx_word' id='word_1_170' title='bbox 919 2138 1251 2206; x_wconf 78' lang='lat' dir='ltr'><strong>ignorantes</strong></span> <span class='ocrx_word' id='word_1_171' title='bbox 1296 2139 1441 2205; x_wconf 78' lang='lat' dir='ltr'><strong>legis</strong></span> <span class='ocrx_word' id='word_1_172' title='bbox 1485 2139 1659 2204; x_wconf 88' lang='lat' dir='ltr'><strong>viam,</strong></span> <span class='ocrx_word' id='word_1_173' title='bbox 1697 2146 1758 2194; x_wconf 94' lang='lat' dir='ltr'><strong>ut</strong></span> <span class='ocrx_word' id='word_1_174' title='bbox 1790 2157 1847 2194; x_wconf 92' lang='lat' dir='ltr'><strong>se</strong></span> 
     </span>
    </p>
   </div>
   <div class='ocr_carea' id='block_1_24' title="bbox 172 2226 1848 2299">
    <p class='ocr_par' dir='ltr' id='par_1_24' title="bbox 172 2226 1848 2299">
     <span class='ocr_line' id='line_1_24' title="bbox 172 2226 1848 2299; baseline 0.004 -22"><span class='ocrx_word' id='word_1_175' title='bbox 172 2231 554 2294; x_wconf 85' lang='lat' dir='ltr'><strong>cognoscerent</strong></span> <span class='ocrx_word' id='word_1_176' title='bbox 595 2226 747 2289; x_wconf 85' lang='lat' dir='ltr'><strong>fecit,</strong></span> <span class='ocrx_word' id='word_1_177' title='bbox 806 2230 861 2278; x_wconf 90' lang='lat' dir='ltr'><strong>et</strong></span> <span class='ocrx_word' id='word_1_178' title='bbox 902 2229 1107 2280; x_wconf 86' lang='lat' dir='ltr'><strong>siccato</strong></span> <span class='ocrx_word' id='word_1_179' title='bbox 1155 2227 1384 2293; x_wconf 81' lang='lat' dir='ltr'><strong>vellere,</strong></span> <span class='ocrx_word' id='word_1_180' title='bbox 1441 2229 1594 2298; x_wconf 90' lang='lat' dir='ltr'><strong>quod</strong></span> <span class='ocrx_word' id='word_1_181' title='bbox 1623 2231 1649 2271; x_wconf 84' lang='lat' dir='ltr'><strong>b</strong></span> <span class='ocrx_word' id='word_1_182' title='bbox 1688 2230 1848 2299; x_wconf 90' lang='lat' dir='ltr'><strong>prius</strong></span> 
     </span>
    </p>
   </div>
   <div class='ocr_carea' id='block_1_25' title="bbox 171 2315 1848 2384">
    <p class='ocr_par' dir='ltr' id='par_1_25' title="bbox 171 2315 1848 2384">
     <span class='ocr_line' id='line_1_25' title="bbox 171 2315 1848 2384; baseline 0.003 -17"><span class='ocrx_word' id='word_1_183' title='bbox 171 2315 358 2368; x_wconf 90' lang='lat' dir='ltr'><strong>mundo</strong></span> <span class='ocrx_word' id='word_1_184' title='bbox 384 2320 588 2368; x_wconf 84' lang='lat' dir='ltr'><strong>arente</strong></span> <span class='ocrx_word' id='word_1_185' title='bbox 610 2317 849 2384; x_wconf 77' lang='lat' dir='ltr'><strong>plenum</strong></span> <span class='ocrx_word' id='word_1_186' title='bbox 876 2317 1062 2369; x_wconf 86' lang='lat' dir='ltr'><strong>fuerat</strong></span> <span class='ocrx_word' id='word_1_187' title='bbox 1090 2331 1238 2382; x_wconf 90' lang='lat' dir='ltr'><strong>rore,</strong></span> <span class='ocrx_word' id='word_1_188' title='bbox 1266 2317 1440 2370; x_wconf 88' lang='lat' dir='ltr'><strong>totius</strong></span> <span class='ocrx_word' id='word_1_189' title='bbox 1472 2317 1670 2371; x_wconf 90' lang='lat' dir='ltr'><strong>mundi</strong></span> <span class='ocrx_word' id='word_1_190' title='bbox 1703 2318 1848 2372; x_wconf 85' lang='lat' dir='ltr'><strong>ﬁnes</strong></span> 
     </span>
    </p>
   </div>
   <div class='ocr_carea' id='block_1_26' title="bbox 170 2402 1846 2476">
    <p class='ocr_par' dir='ltr' id='par_1_26' title="bbox 170 2402 1846 2476">
     <span class='ocr_line' id='line_1_26' title="bbox 170 2402 1846 2476; baseline 0.004 -22"><span class='ocrx_word' id='word_1_191' title='bbox 170 2402 350 2457; x_wconf 87' lang='lat' dir='ltr'><strong>humor</strong></span> <span class='ocrx_word' id='word_1_192' title='bbox 398 2404 656 2458; x_wconf 79' lang='lat' dir='ltr'><strong>veritatis</strong></span> <span class='ocrx_word' id='word_1_193' title='bbox 706 2405 985 2474; x_wconf 85' lang='lat' dir='ltr'><strong>implevit,</strong></span> <span class='ocrx_word' id='word_1_194' title='bbox 1043 2405 1280 2476; x_wconf 87' lang='lat' dir='ltr'><strong>soloque</strong></span> <span class='ocrx_word' id='word_1_195' title='bbox 1346 2407 1554 2460; x_wconf 87' lang='lat' dir='ltr'><strong>vellere</strong></span> <span class='ocrx_word' id='word_1_196' title='bbox 1625 2407 1846 2461; x_wconf 86' lang='lat' dir='ltr'><strong>siccitas</strong></span> 
     </span>
    </p>
   </div>
   <div class='ocr_carea' id='block_1_27' title="bbox 168 2491 1841 2562">
    <p class='ocr_par' dir='ltr' id='par_1_27' title="bbox 168 2491 1841 2562">
     <span class='ocr_line' id='line_1_27' title="bbox 168 2491 1841 2562; baseline 0.004 -18"><span class='ocrx_word' id='word_1_197' title='bbox 168 2491 333 2546; x_wconf 74' lang='lat' dir='ltr'><strong>haesit:</strong></span> <span class='ocrx_word' id='word_1_198' title='bbox 369 2493 707 2562; x_wconf 80' lang='lat' dir='ltr'><strong>Gloriﬁcabit</strong></span> <span class='ocrx_word' id='word_1_199' title='bbox 751 2510 835 2547; x_wconf 87' lang='lat' dir='ltr'><strong>me</strong></span> <span class='ocrx_word' id='word_1_200' title='bbox 879 2495 1050 2548; x_wconf 80' lang='lat' dir='ltr'><strong>bestia</strong></span> <span class='ocrx_word' id='word_1_201' title='bbox 1091 2497 1236 2562; x_wconf 81' lang='lat' dir='ltr'><strong>agri.</strong></span> <span class='ocrx_word' id='word_1_202' title='bbox 1270 2495 1551 2562; x_wconf 81' lang='lat' dir='ltr'><strong>dracones,</strong></span> <span class='ocrx_word' id='word_1_203' title='bbox 1601 2501 1652 2550; x_wconf 88' lang='lat' dir='ltr'><strong>et</strong></span> <span class='ocrx_word' id='word_1_204' title='bbox 1695 2502 1841 2550; x_wconf 86' lang='lat' dir='ltr'><strong>stru-</strong></span> 
     </span>
    </p>
   </div>
   <div class='ocr_carea' id='block_1_28' title="bbox 167 2579 1842 2651">
    <p class='ocr_par' dir='ltr' id='par_1_28' title="bbox 167 2579 1842 2651">
     <span class='ocr_line' id='line_1_28' title="bbox 167 2579 1842 2651; baseline 0.003 -20"><span class='ocrx_word' id='word_1_205' title='bbox 167 2579 371 2634; x_wconf 79' lang='lat' dir='ltr'><strong>ctliiones</strong></span> <span class='ocrx_word' id='word_1_206' title='bbox 408 2591 428 2613; x_wconf 71' lang='grc' dir='ltr'><strong>ε</strong></span> <span class='ocrx_word' id='word_1_207' title='bbox 477 2582 612 2646; x_wconf 86' lang='lat' dir='ltr'><strong>(Isa.</strong></span> <span class='ocrx_word' id='word_1_208' title='bbox 685 2596 836 2645; x_wconf 77' lang='lat' dir='ltr'><strong>XLIII,</strong></span> <span class='ocrx_word' id='word_1_209' title='bbox 901 2581 1008 2649; x_wconf 81' lang='lat'><strong>20).</strong></span> <span class='ocrx_word' id='word_1_210' title='bbox 1070 2581 1205 2645; x_wconf 64' lang='lat' dir='ltr'><strong>Quae</strong></span> <span class='ocrx_word' id='word_1_211' title='bbox 1272 2582 1469 2635; x_wconf 86' lang='lat' dir='ltr'><strong>omnia</strong></span> <span class='ocrx_word' id='word_1_212' title='bbox 1517 2582 1842 2651; x_wconf 87' lang='lat' dir='ltr'><strong>parabolice</strong></span> 
     </span>
    </p>
   </div>
   <div class='ocr_carea' id='block_1_29' title="bbox 168 2665 1839 2738">
    <p class='ocr_par' dir='ltr' id='par_1_29' title="bbox 168 2665 1839 2738">
     <span class='ocr_line' id='line_1_29' title="bbox 168 2665 1839 2738; baseline 0.002 -19"><span class='ocrx_word' id='word_1_213' title='bbox 168 2667 406 2735; x_wconf 82' lang='lat' dir='ltr'><strong>gentibus</strong></span> <span class='ocrx_word' id='word_1_214' title='bbox 459 2674 788 2738; x_wconf 89' lang='lat' dir='ltr'><strong>congruunt</strong></span> <span class='ocrx_word' id='word_1_215' title='bbox 835 2665 882 2733; x_wconf 76' lang='grc' dir='ltr'><strong>εί,</strong></span> <span class='ocrx_word' id='word_1_216' title='bbox 937 2684 1066 2738; x_wconf 64' lang='lat' dir='ltr'><strong>qua:</strong></span> <span class='ocrx_word' id='word_1_217' title='bbox 1111 2668 1266 2723; x_wconf 89' lang='lat' dir='ltr'><strong>vario</strong></span> <span class='ocrx_word' id='word_1_218' title='bbox 1307 2685 1497 2723; x_wconf 88' lang='lat' dir='ltr'><strong>errore</strong></span> <span class='ocrx_word' id='word_1_219' title='bbox 1527 2669 1839 2724; x_wconf 87' lang='lat' dir='ltr'><strong>bestiarum</strong></span> 
     </span>
    </p>
   </div>
   <div class='ocr_carea' id='block_1_30' title="bbox 167 2757 1840 2827">
    <p class='ocr_par' dir='ltr' id='par_1_30' title="bbox 167 2757 1840 2827">
     <span class='ocr_line' id='line_1_30' title="bbox 167 2757 1840 2827; baseline 0.003 -21"><span class='ocrx_word' id='word_1_220' title='bbox 167 2761 304 2809; x_wconf 84' lang='lat' dir='ltr'><strong>erant</strong></span> <span class='ocrx_word' id='word_1_221' title='bbox 324 2757 660 2811; x_wconf 69' lang='lat' dir='ltr'><strong>idololatriae</strong></span> <span class='ocrx_word' id='word_1_222' title='bbox 683 2763 1045 2810; x_wconf 62' lang='lat' dir='ltr'><strong>cunsecralai.</strong></span> <span class='ocrx_word' id='word_1_223' title='bbox 1069 2757 1295 2827; x_wconf 74' lang='lat' dir='ltr'><strong>Repetit</strong></span> <span class='ocrx_word' id='word_1_224' title='bbox 1312 2757 1464 2810; x_wconf 86' lang='lat' dir='ltr'><strong>enim</strong></span> <span class='ocrx_word' id='word_1_225' title='bbox 1487 2757 1840 2811; x_wconf 88' lang='lat' dir='ltr'><strong>vocationem</strong></span> 
     </span>
    </p>
   </div>
   <div class='ocr_carea' id='block_1_31' title="bbox 166 2845 1838 2913">
    <p class='ocr_par' dir='ltr' id='par_1_31' title="bbox 166 2845 1838 2913">
     <span class='ocr_line' id='line_1_31' title="bbox 166 2845 1838 2913; baseline 0.002 -16"><span class='ocrx_word' id='word_1_226' title='bbox 166 2845 416 2913; x_wconf 84' lang='lat' dir='ltr'><strong>gentium,</strong></span> <span class='ocrx_word' id='word_1_227' title='bbox 470 2850 541 2899; x_wconf 87' lang='lat' dir='ltr'><strong>ut</strong></span> <span class='ocrx_word' id='word_1_228' title='bbox 589 2845 904 2899; x_wconf 80' lang='lat' dir='ltr'><strong>ﬁrmiorem</strong></span> <span class='ocrx_word' id='word_1_229' title='bbox 954 2845 1244 2899; x_wconf 81' lang='lat' dir='ltr'><strong>ostendat:</strong></span> <span class='ocrx_word' id='word_1_230' title='bbox 1281 2845 1422 2910; x_wconf 80' lang='lat' dir='ltr'><strong>Quia.</strong></span> <span class='ocrx_word' id='word_1_231' title='bbox 1467 2847 1593 2899; x_wconf 84' lang='lat' dir='ltr'><strong>dedi</strong></span> <span class='ocrx_word' id='word_1_232' title='bbox 1641 2851 1696 2900; x_wconf 90' lang='lat' dir='ltr'><strong>in</strong></span> <span class='ocrx_word' id='word_1_233' title='bbox 1744 2847 1838 2900; x_wconf 89' lang='lat' dir='ltr'><strong>de-</strong></span> 
     </span>
    </p>
   </div>
   <div class='ocr_carea' id='block_1_32' title="bbox 167 2935 1838 3003">
    <p class='ocr_par' dir='ltr' id='par_1_32' title="bbox 167 2935 1838 3003">
     <span class='ocr_line' id='line_1_32' title="bbox 167 2935 1838 3003; baseline 0.002 -18"><span class='ocrx_word' id='word_1_234' title='bbox 167 2939 283 2988; x_wconf 85' lang='lat' dir='ltr'><strong>serto</strong></span> <span class='ocrx_word' id='word_1_235' title='bbox 323 2951 519 3000; x_wconf 85' lang='lat' dir='ltr'><strong>aquas,</strong></span> <span class='ocrx_word' id='word_1_236' title='bbox 547 2937 776 3003; x_wconf 83' lang='lat' dir='ltr'><strong>flumina</strong></span> <span class='ocrx_word' id='word_1_237' title='bbox 807 2939 864 2988; x_wconf 88' lang='lat' dir='ltr'><strong>in</strong></span> <span class='ocrx_word' id='word_1_238' title='bbox 893 2938 1052 2988; x_wconf 83' lang='lat' dir='ltr'><strong>invio.</strong></span> <span class='ocrx_word' id='word_1_239' title='bbox 1115 2935 1176 2987; x_wconf 88' lang='lat' dir='ltr'><strong>Et</strong></span> <span class='ocrx_word' id='word_1_240' title='bbox 1203 2939 1264 2986; x_wconf 86' lang='lat' dir='ltr'><strong>ut</strong></span> <span class='ocrx_word' id='word_1_241' title='bbox 1306 2936 1475 2988; x_wconf 86' lang='lat' dir='ltr'><strong>Israel</strong></span> <span class='ocrx_word' id='word_1_242' title='bbox 1509 2951 1621 2988; x_wconf 85' lang='lat' dir='ltr'><strong>non</strong></span> <span class='ocrx_word' id='word_1_243' title='bbox 1651 2937 1838 2988; x_wconf 86' lang='lat' dir='ltr'><strong>exclu-</strong></span> 
     </span>
    </p>
   </div>
   <div class='ocr_carea' id='block_1_33' title="bbox 1965 542 3663 618">
    <p class='ocr_par' dir='ltr' id='par_1_33' title="bbox 1965 542 3663 618">
     <span class='ocr_line' id='line_1_33' title="bbox 1965 542 3663 618; baseline 0.004 -22"><span class='ocrx_word' id='word_1_244' title='bbox 1965 559 2092 597; x_wconf 84' lang='lat' dir='ltr'><strong>vum</strong></span> <span class='ocrx_word' id='word_1_245' title='bbox 2141 544 2269 609; x_wconf 88' lang='lat' dir='ltr'><strong>sibi,</strong></span> <span class='ocrx_word' id='word_1_246' title='bbox 2301 542 2357 597; x_wconf 92' lang='lat' dir='ltr'><strong>id</strong></span> <span class='ocrx_word' id='word_1_247' title='bbox 2390 547 2472 596; x_wconf 90' lang='lat' dir='ltr'><strong>est</strong></span> <span class='ocrx_word' id='word_1_248' title='bbox 2499 559 2560 596; x_wconf 86' lang='lat' dir='ltr'><strong>ex</strong></span> <span class='ocrx_word' id='word_1_249' title='bbox 2595 559 2663 596; x_wconf 90' lang='lat' dir='ltr'><strong>eo</strong></span> <span class='ocrx_word' id='word_1_250' title='bbox 2712 544 2838 613; x_wconf 86' lang='lat' dir='ltr'><strong>ejus</strong></span> <span class='ocrx_word' id='word_1_251' title='bbox 2887 561 3010 598; x_wconf 91' lang='lat' dir='ltr'><strong>sum</strong></span> <span class='ocrx_word' id='word_1_252' title='bbox 3047 561 3261 613; x_wconf 88' lang='lat' dir='ltr'><strong>servus,</strong></span> <span class='ocrx_word' id='word_1_253' title='bbox 3317 563 3386 601; x_wconf 89' lang='lat' dir='ltr'><strong>ex</strong></span> <span class='ocrx_word' id='word_1_254' title='bbox 3437 564 3553 618; x_wconf 92' lang='lat' dir='ltr'><strong>quo</strong></span> <span class='ocrx_word' id='word_1_255' title='bbox 3592 549 3663 602; x_wconf 90' lang='lat' dir='ltr'><strong>de</strong></span> 
     </span>
    </p>
   </div>
   <div class='ocr_carea' id='block_1_34' title="bbox 1964 631 3662 700">
    <p class='ocr_par' dir='ltr' id='par_1_34' title="bbox 1964 631 3662 700">
     <span class='ocr_line' id='line_1_34' title="bbox 1964 631 3662 700; baseline 0.003 -17"><span class='ocrx_word' id='word_1_256' title='bbox 1964 637 2162 685; x_wconf 84' lang='lat' dir='ltr'><strong>ventre</strong></span> <span class='ocrx_word' id='word_1_257' title='bbox 2193 636 2351 685; x_wconf 84' lang='lat' dir='ltr'><strong>exsto</strong></span> <span class='ocrx_word' id='word_1_258' title='bbox 2393 631 2657 700; x_wconf 81' lang='lat' dir='ltr'><strong>jactatus,</strong></span> <span class='ocrx_word' id='word_1_259' title='bbox 2711 637 2774 683; x_wconf 88' lang='lat' dir='ltr'><strong>ut</strong></span> <span class='ocrx_word' id='word_1_260' title='bbox 2820 631 3049 684; x_wconf 90' lang='lat' dir='ltr'><strong>auditor</strong></span> <span class='ocrx_word' id='word_1_261' title='bbox 3099 649 3211 686; x_wconf 91' lang='lat' dir='ltr'><strong>non</strong></span> <span class='ocrx_word' id='word_1_262' title='bbox 3243 634 3662 690; x_wconf 87' lang='lat' dir='ltr'><strong>scandalizetur</strong></span> 
     </span>
    </p>
   </div>
   <div class='ocr_carea' id='block_1_35' title="bbox 1965 718 3668 790">
    <p class='ocr_par' dir='ltr' id='par_1_35' title="bbox 1965 718 3668 790">
     <span class='ocr_line' id='line_1_35' title="bbox 1965 718 3668 790; baseline 0.002 -17"><span class='ocrx_word' id='word_1_263' title='bbox 1965 735 2192 773; x_wconf 90' lang='lat' dir='ltr'><strong>servum</strong></span> <span class='ocrx_word' id='word_1_264' title='bbox 2225 719 2534 773; x_wconf 77' lang='lat' dir='ltr'><strong>Dominum</strong></span> <span class='ocrx_word' id='word_1_265' title='bbox 2566 718 2843 772; x_wconf 85' lang='lat' dir='ltr'><strong>audiens:</strong></span> <span class='ocrx_word' id='word_1_266' title='bbox 2875 719 3009 790; x_wconf 87' lang='lat' dir='ltr'><strong>quia</strong></span> <span class='ocrx_word' id='word_1_267' title='bbox 3037 720 3185 784; x_wconf 78' lang='lat' dir='ltr'><strong>sicut</strong></span> <span class='ocrx_word' id='word_1_268' title='bbox 3239 737 3303 775; x_wconf 83' lang='lat' dir='ltr'><strong>ex</strong></span> <span class='ocrx_word' id='word_1_269' title='bbox 3359 724 3523 777; x_wconf 85' lang='lat' dir='ltr'><strong>Patre</strong></span> <span class='ocrx_word' id='word_1_270' title='bbox 3583 728 3668 777; x_wconf 89' lang='lat' dir='ltr'><strong>est</strong></span> 
     </span>
    </p>
   </div>
   <div class='ocr_carea' id='block_1_36' title="bbox 1963 807 3661 881">
    <p class='ocr_par' dir='ltr' id='par_1_36' title="bbox 1963 807 3661 881">
     <span class='ocr_line' id='line_1_36' title="bbox 1963 807 3661 881; baseline 0.003 -20"><span class='ocrx_word' id='word_1_271' title='bbox 1963 809 2132 875; x_wconf 91' lang='lat' dir='ltr'><strong>Deus,</strong></span> <span class='ocrx_word' id='word_1_272' title='bbox 2182 807 2262 860; x_wconf 88' lang='lat' dir='ltr'><strong>ita</strong></span> <span class='ocrx_word' id='word_1_273' title='bbox 2308 823 2375 860; x_wconf 85' lang='lat' dir='ltr'><strong>ex</strong></span> <span class='ocrx_word' id='word_1_274' title='bbox 2409 813 2588 860; x_wconf 89' lang='lat' dir='ltr'><strong>matre</strong></span> <span class='ocrx_word' id='word_1_275' title='bbox 2632 811 2718 859; x_wconf 89' lang='lat' dir='ltr'><strong>est</strong></span> <span class='ocrx_word' id='word_1_276' title='bbox 2768 823 2988 872; x_wconf 90' lang='lat' dir='ltr'><strong>servus,</strong></span> <span class='ocrx_word' id='word_1_277' title='bbox 3024 824 3172 862; x_wconf 90' lang='lat' dir='ltr'><strong>unus</strong></span> <span class='ocrx_word' id='word_1_278' title='bbox 3202 809 3260 863; x_wconf 91' lang='lat' dir='ltr'><strong>in</strong></span> <span class='ocrx_word' id='word_1_279' title='bbox 3296 815 3536 881; x_wconf 89' lang='lat' dir='ltr'><strong>utraque</strong></span> <span class='ocrx_word' id='word_1_280' title='bbox 3568 829 3661 866; x_wconf 89' lang='lat' dir='ltr'><strong>na-</strong></span> 
     </span>
    </p>
   </div>
   <div class='ocr_carea' id='block_1_37' title="bbox 1963 895 3661 953">
    <p class='ocr_par' dir='ltr' id='par_1_37' title="bbox 1963 895 3661 953">
     <span class='ocr_line' id='line_1_37' title="bbox 1963 895 3661 953; baseline 0.002 -4"><span class='ocrx_word' id='word_1_281' title='bbox 1963 902 2093 951; x_wconf 88' lang='lat' dir='ltr'><strong>tura</strong></span> <span class='ocrx_word' id='word_1_282' title='bbox 2128 897 2406 950; x_wconf 90' lang='lat' dir='ltr'><strong>Dominus</strong></span> <span class='ocrx_word' id='word_1_283' title='bbox 2436 897 2597 949; x_wconf 85' lang='lat' dir='ltr'><strong>Jesus</strong></span> <span class='ocrx_word' id='word_1_284' title='bbox 2646 895 2922 950; x_wconf 83' lang='lat' dir='ltr'><strong>Christus.</strong></span> <span class='ocrx_word' id='word_1_285' title='bbox 2971 896 3077 950; x_wconf 88' lang='lat' dir='ltr'><strong>Sed</strong></span> <span class='ocrx_word' id='word_1_286' title='bbox 3115 897 3223 951; x_wconf 89' lang='lat' dir='ltr'><strong>ista</strong></span> <span class='ocrx_word' id='word_1_287' title='bbox 3256 914 3371 952; x_wconf 90' lang='lat' dir='ltr'><strong>non</strong></span> <span class='ocrx_word' id='word_1_288' title='bbox 3420 900 3512 953; x_wconf 92' lang='lat' dir='ltr'><strong>hic</strong></span> <span class='ocrx_word' id='word_1_289' title='bbox 3542 905 3661 953; x_wconf 89' lang='lat' dir='ltr'><strong>tra-</strong></span> 
     </span>
    </p>
   </div>
   <div class='ocr_carea' id='block_1_38' title="bbox 1962 984 3660 1055">
    <p class='ocr_par' dir='ltr' id='par_1_38' title="bbox 1962 984 3660 1055">
     <span class='ocr_line' id='line_1_38' title="bbox 1962 984 3660 1055; baseline 0.002 -17"><span class='ocrx_word' id='word_1_290' title='bbox 1962 985 2170 1039; x_wconf 89' lang='lat' dir='ltr'><strong>ctanda</strong></span> <span class='ocrx_word' id='word_1_291' title='bbox 2211 984 2582 1054; x_wconf 89' lang='lat' dir='ltr'><strong>suscepimus.</strong></span> <span class='ocrx_word' id='word_1_292' title='bbox 2634 985 2950 1037; x_wconf 83' lang='lat' dir='ltr'><strong>Audiamus</strong></span> <span class='ocrx_word' id='word_1_293' title='bbox 3003 985 3140 1055; x_wconf 82' lang='lat' dir='ltr'><strong>quid</strong></span> <span class='ocrx_word' id='word_1_294' title='bbox 3172 986 3278 1038; x_wconf 91' lang='lat' dir='ltr'><strong>iste</strong></span> <span class='ocrx_word' id='word_1_295' title='bbox 3324 1002 3519 1040; x_wconf 90' lang='lat' dir='ltr'><strong>servus</strong></span> <span class='ocrx_word' id='word_1_296' title='bbox 3552 990 3660 1041; x_wconf 92' lang='lat' dir='ltr'><strong>Do-</strong></span> 
     </span>
    </p>
   </div>
   <div class='ocr_carea' id='block_1_39' title="bbox 1962 1072 3660 1144">
    <p class='ocr_par' dir='ltr' id='par_1_39' title="bbox 1962 1072 3660 1144">
     <span class='ocr_line' id='line_1_39' title="bbox 1962 1072 3660 1144; baseline 0.002 -17"><span class='ocrx_word' id='word_1_297' title='bbox 1962 1073 2157 1127; x_wconf 89' lang='lat' dir='ltr'><strong>minici</strong></span> <span class='ocrx_word' id='word_1_298' title='bbox 2178 1072 2333 1140; x_wconf 90' lang='lat' dir='ltr'><strong>dicit,</strong></span> <span class='ocrx_word' id='word_1_299' title='bbox 2366 1073 2465 1144; x_wconf 91' lang='lat' dir='ltr'><strong>qui</strong></span> <span class='ocrx_word' id='word_1_300' title='bbox 2499 1073 2770 1126; x_wconf 88' lang='lat' dir='ltr'><strong>Dominus</strong></span> <span class='ocrx_word' id='word_1_301' title='bbox 2799 1078 2918 1126; x_wconf 89' lang='lat' dir='ltr'><strong>est:</strong></span> <span class='ocrx_word' id='word_1_302' title='bbox 2953 1076 3215 1127; x_wconf 86' lang='lat' dir='ltr'><strong>Dominus</strong></span> <span class='ocrx_word' id='word_1_303' title='bbox 3258 1079 3458 1128; x_wconf 84' lang='lat' dir='ltr'><strong>creavit</strong></span> <span class='ocrx_word' id='word_1_304' title='bbox 3487 1093 3570 1130; x_wconf 89' lang='lat' dir='ltr'><strong>me</strong></span> <span class='ocrx_word' id='word_1_305' title='bbox 3594 1094 3660 1130; x_wconf 78' lang='lat' dir='ltr'><strong>ea:</strong></span> 
     </span>
    </p>
   </div>
   <div class='ocr_carea' id='block_1_40' title="bbox 1962 1161 3656 1234">
    <p class='ocr_par' dir='ltr' id='par_1_40' title="bbox 1962 1161 3656 1234">
     <span class='ocr_line' id='line_1_40' title="bbox 1962 1161 3656 1234; baseline 0.002 -20"><span class='ocrx_word' id='word_1_306' title='bbox 1962 1167 2114 1216; x_wconf 82' lang='lat' dir='ltr'><strong>utero</strong></span> <span class='ocrx_word' id='word_1_307' title='bbox 2143 1163 2502 1222; x_wconf 84' lang='lat' dir='ltr'><strong>servumsibi.</strong></span> <span class='ocrx_word' id='word_1_308' title='bbox 2544 1167 2605 1214; x_wconf 92' lang='lat' dir='ltr'><strong>ut</strong></span> <span class='ocrx_word' id='word_1_309' title='bbox 2639 1161 2893 1215; x_wconf 83' lang='lat' dir='ltr'><strong>reducam</strong></span> <span class='ocrx_word' id='word_1_310' title='bbox 2931 1163 3093 1215; x_wconf 85' lang='lat' dir='ltr'><strong>Jacob</strong></span> <span class='ocrx_word' id='word_1_311' title='bbox 3124 1163 3199 1216; x_wconf 89' lang='lat' dir='ltr'><strong>ad</strong></span> <span class='ocrx_word' id='word_1_312' title='bbox 3224 1179 3378 1216; x_wconf 88' lang='lat' dir='ltr'><strong>eum:</strong></span> <span class='ocrx_word' id='word_1_313' title='bbox 3413 1180 3656 1234; x_wconf 81' lang='lat' dir='ltr'><strong>moxque</strong></span> 
     </span>
    </p>
   </div>
   <div class='ocr_carea' id='block_1_41' title="bbox 1961 1249 3661 1319">
    <p class='ocr_par' dir='ltr' id='par_1_41' title="bbox 1961 1249 3661 1319">
     <span class='ocr_line' id='line_1_41' title="bbox 1961 1249 3661 1319; baseline 0.001 -14"><span class='ocrx_word' id='word_1_314' title='bbox 1961 1251 2389 1306; x_wconf 85' lang='lat' dir='ltr'><strong>deliberativam</strong></span> <span class='ocrx_word' id='word_1_315' title='bbox 2422 1251 2763 1304; x_wconf 89' lang='lat' dir='ltr'><strong>sententiam</strong></span> <span class='ocrx_word' id='word_1_316' title='bbox 2813 1251 3054 1319; x_wconf 88' lang='lat' dir='ltr'><strong>protulit</strong></span> <span class='ocrx_word' id='word_1_317' title='bbox 3092 1249 3323 1303; x_wconf 89' lang='lat' dir='ltr'><strong>dicens:</strong></span> <span class='ocrx_word' id='word_1_318' title='bbox 3358 1253 3428 1304; x_wconf 80' lang='lat' dir='ltr'><strong>Et</strong></span> <span class='ocrx_word' id='word_1_319' title='bbox 3469 1253 3661 1308; x_wconf 85' lang='lat' dir='ltr'><strong>Srahel</strong></span> 
     </span>
    </p>
   </div>
   <div class='ocr_carea' id='block_1_42' title="bbox 1960 1338 3659 1410">
    <p class='ocr_par' dir='ltr' id='par_1_42' title="bbox 1960 1338 3659 1410">
     <span class='ocr_line' id='line_1_42' title="bbox 1960 1338 3659 1410; baseline 0 -16"><span class='ocrx_word' id='word_1_320' title='bbox 1960 1356 2067 1394; x_wconf 88' lang='lat' dir='ltr'><strong>non</strong></span> <span class='ocrx_word' id='word_1_321' title='bbox 2111 1341 2560 1407; x_wconf 85' lang='lat' dir='ltr'><strong>congregabitur:</strong></span> <span class='ocrx_word' id='word_1_322' title='bbox 2617 1338 2795 1393; x_wconf 88' lang='lat' dir='ltr'><strong>libere</strong></span> <span class='ocrx_word' id='word_1_323' title='bbox 2847 1343 3017 1409; x_wconf 88' lang='lat' dir='ltr'><strong>atque</strong></span> <span class='ocrx_word' id='word_1_324' title='bbox 3061 1339 3319 1392; x_wconf 89' lang='lat' dir='ltr'><strong>absolute</strong></span> <span class='ocrx_word' id='word_1_325' title='bbox 3367 1340 3659 1410; x_wconf 82' lang='lat' dir='ltr'><strong>professus</strong></span> 
     </span>
    </p>
   </div>
   <div class='ocr_carea' id='block_1_43' title="bbox 1960 1427 3659 1499">
    <p class='ocr_par' dir='ltr' id='par_1_43' title="bbox 1960 1427 3659 1499">
     <span class='ocr_line' id='line_1_43' title="bbox 1960 1427 3659 1499; baseline 0 -16"><span class='ocrx_word' id='word_1_326' title='bbox 1960 1435 2046 1483; x_wconf 90' lang='lat' dir='ltr'><strong>est</strong></span> <span class='ocrx_word' id='word_1_327' title='bbox 2093 1429 2245 1499; x_wconf 92' lang='lat' dir='ltr'><strong>quod</strong></span> <span class='ocrx_word' id='word_1_328' title='bbox 2304 1429 2503 1482; x_wconf 88' lang='lat' dir='ltr'><strong>Srahel</strong></span> <span class='ocrx_word' id='word_1_329' title='bbox 2536 1444 2650 1482; x_wconf 90' lang='lat' dir='ltr'><strong>non</strong></span> <span class='ocrx_word' id='word_1_330' title='bbox 2682 1427 3147 1498; x_wconf 85' lang='lat' dir='ltr'><strong>congregabitur.</strong></span> <span class='ocrx_word' id='word_1_331' title='bbox 3190 1427 3374 1482; x_wconf 89' lang='lat' dir='ltr'><strong>Sentis</strong></span> <span class='ocrx_word' id='word_1_332' title='bbox 3428 1445 3521 1493; x_wconf 91' lang='lat' dir='ltr'><strong>ne,</strong></span> <span class='ocrx_word' id='word_1_333' title='bbox 3563 1429 3659 1484; x_wconf 81' lang='lat' dir='ltr'><strong>ob-</strong></span> 
     </span>
    </p>
   </div>
   <div class='ocr_carea' id='block_1_44' title="bbox 1959 1517 3656 1588">
    <p class='ocr_par' dir='ltr' id='par_1_44' title="bbox 1959 1517 3656 1588">
     <span class='ocr_line' id='line_1_44' title="bbox 1959 1517 3656 1588; baseline -0.001 -17"><span class='ocrx_word' id='word_1_334' title='bbox 1959 1533 2139 1582; x_wconf 89' lang='lat' dir='ltr'><strong>secro,</strong></span> <span class='ocrx_word' id='word_1_335' title='bbox 2175 1533 2347 1586; x_wconf 88' lang='lat' dir='ltr'><strong>quam</strong></span> <span class='ocrx_word' id='word_1_336' title='bbox 2393 1517 2582 1586; x_wconf 81' lang='lat' dir='ltr'><strong>parvis</strong></span> <span class='ocrx_word' id='word_1_337' title='bbox 2614 1517 2801 1571; x_wconf 82' lang='lat' dir='ltr'><strong>verbis</strong></span> <span class='ocrx_word' id='word_1_338' title='bbox 2846 1533 3060 1587; x_wconf 90' lang='lat' dir='ltr'><strong>prunas</strong></span> <span class='ocrx_word' id='word_1_339' title='bbox 3110 1517 3502 1587; x_wconf 87' lang='lat' dir='ltr'><strong>liquefecerim</strong></span> <span class='ocrx_word' id='word_1_340' title='bbox 3532 1519 3656 1588; x_wconf 88' lang='lat' dir='ltr'><strong>gla-</strong></span> 
     </span>
    </p>
   </div>
   <div class='ocr_carea' id='block_1_45' title="bbox 1958 1605 3656 1676">
    <p class='ocr_par' dir='ltr' id='par_1_45' title="bbox 1958 1605 3656 1676">
     <span class='ocr_line' id='line_1_45' title="bbox 1958 1605 3656 1676; baseline 0.001 -18"><span class='ocrx_word' id='word_1_341' title='bbox 1958 1607 2150 1672; x_wconf 85' lang='lat' dir='ltr'><strong>ciales,</strong></span> <span class='ocrx_word' id='word_1_342' title='bbox 2184 1612 2239 1659; x_wconf 89' lang='lat' dir='ltr'><strong>et</strong></span> <span class='ocrx_word' id='word_1_343' title='bbox 2262 1606 2602 1676; x_wconf 82' lang='lat' dir='ltr'><strong>parvissimo</strong></span> <span class='ocrx_word' id='word_1_344' title='bbox 2624 1605 2865 1672; x_wconf 79' lang='lat' dir='ltr'><strong>digitulo</strong></span> <span class='ocrx_word' id='word_1_345' title='bbox 2893 1622 3064 1676; x_wconf 91' lang='lat' dir='ltr'><strong>quam</strong></span> <span class='ocrx_word' id='word_1_346' title='bbox 3098 1606 3289 1675; x_wconf 81' lang='lat' dir='ltr'><strong>plures</strong></span> <span class='ocrx_word' id='word_1_347' title='bbox 3330 1610 3454 1658; x_wconf 88' lang='lat' dir='ltr'><strong>tuas</strong></span> <span class='ocrx_word' id='word_1_348' title='bbox 3492 1605 3656 1659; x_wconf 88' lang='lat' dir='ltr'><strong>dissi-</strong></span> 
     </span>
    </p>
   </div>
   <div class='ocr_carea' id='block_1_46' title="bbox 1960 1695 2455 1766">
    <p class='ocr_par' dir='ltr' id='par_1_46' title="bbox 1960 1695 2455 1766">
     <span class='ocr_line' id='line_1_46' title="bbox 1960 1695 2455 1766; baseline 0.004 -18"><span class='ocrx_word' id='word_1_349' title='bbox 1960 1695 2085 1766; x_wconf 87' lang='lat' dir='ltr'><strong>pavi</strong></span> <span class='ocrx_word' id='word_1_350' title='bbox 2102 1695 2455 1765; x_wconf 76' lang='lat' dir='ltr'><strong>phalangas?</strong></span> 
     </span>
    </p>
   </div>
   <div class='ocr_carea' id='block_1_47' title="bbox 2028 1780 3656 1852">
    <p class='ocr_par' dir='ltr' id='par_1_47' title="bbox 2028 1780 3656 1852">
     <span class='ocr_line' id='line_1_47' title="bbox 2028 1780 3656 1852; baseline -0.001 -15"><span class='ocrx_word' id='word_1_351' title='bbox 2028 1787 2081 1838; x_wconf 90' lang='lat'><strong>8.</strong></span> <span class='ocrx_word' id='word_1_352' title='bbox 2115 1785 2322 1836; x_wconf 90' lang='lat' dir='ltr'><strong>Verum</strong></span> <span class='ocrx_word' id='word_1_353' title='bbox 2361 1783 2598 1837; x_wconf 88' lang='lat' dir='ltr'><strong>fractam</strong></span> <span class='ocrx_word' id='word_1_354' title='bbox 2630 1783 2908 1836; x_wconf 87' lang='lat' dir='ltr'><strong>cervicem</strong></span> <span class='ocrx_word' id='word_1_355' title='bbox 2946 1780 3174 1835; x_wconf 89' lang='lat' dir='ltr'><strong>interim</strong></span> <span class='ocrx_word' id='word_1_356' title='bbox 3213 1781 3421 1852; x_wconf 88' lang='lat' dir='ltr'><strong>erigis;</strong></span> <span class='ocrx_word' id='word_1_357' title='bbox 3460 1783 3656 1836; x_wconf 86' lang='lat' dir='ltr'><strong>ethoc</strong></span> 
     </span>
    </p>
   </div>
   <div class='ocr_carea' id='block_1_48' title="bbox 1957 1869 3654 1941">
    <p class='ocr_par' dir='ltr' id='par_1_48' title="bbox 1957 1869 3654 1941">
     <span class='ocr_line' id='line_1_48' title="bbox 1957 1869 3654 1941; baseline 0.001 -18"><span class='ocrx_word' id='word_1_358' title='bbox 1957 1870 2019 1924; x_wconf 92' lang='lat' dir='ltr'><strong>in</strong></span> <span class='ocrx_word' id='word_1_359' title='bbox 2053 1871 2290 1926; x_wconf 64' lang='lat' dir='ltr'><strong>Hebrmo</strong></span> <span class='ocrx_word' id='word_1_360' title='bbox 2326 1887 2438 1924; x_wconf 91' lang='lat' dir='ltr'><strong>non</strong></span> <span class='ocrx_word' id='word_1_361' title='bbox 2473 1870 2670 1926; x_wconf 89' lang='lat' dir='ltr'><strong>haberi</strong></span> <span class='ocrx_word' id='word_1_362' title='bbox 2709 1870 2853 1923; x_wconf 82' lang='lat' dir='ltr'><strong>forte</strong></span> <span class='ocrx_word' id='word_1_363' title='bbox 2882 1869 3151 1923; x_wconf 88' lang='lat' dir='ltr'><strong>causaris.</strong></span> <span class='ocrx_word' id='word_1_364' title='bbox 3187 1870 3299 1924; x_wconf 87' lang='lat' dir='ltr'><strong>Sed</strong></span> <span class='ocrx_word' id='word_1_365' title='bbox 3341 1869 3466 1924; x_wconf 85' lang='lat' dir='ltr'><strong>vide</strong></span> <span class='ocrx_word' id='word_1_366' title='bbox 3499 1871 3654 1941; x_wconf 89' lang='lat' dir='ltr'><strong>quod</strong></span> 
     </span>
    </p>
   </div>
   <div class='ocr_carea' id='block_1_49' title="bbox 1955 1957 3653 2027">
    <p class='ocr_par' dir='ltr' id='par_1_49' title="bbox 1955 1957 3653 2027">
     <span class='ocr_line' id='line_1_49' title="bbox 1955 1957 3653 2027; baseline 0 -15"><span class='ocrx_word' id='word_1_367' title='bbox 1955 1959 2192 2012; x_wconf 86' lang='lat' dir='ltr'><strong>verbum</strong></span> <span class='ocrx_word' id='word_1_368' title='bbox 2249 1959 2588 2012; x_wconf 85' lang='lat' dir='ltr'><strong>Hebraicum</strong></span> <span class='ocrx_word' id='word_1_369' title='bbox 2646 1957 2777 2013; x_wconf 71' lang='lat' dir='ltr'><strong>LOf</strong></span> <span class='ocrx_word' id='word_1_370' title='bbox 2827 1961 2956 2026; x_wconf 66' lang='lat' dir='ltr'><strong>{non</strong></span> <span class='ocrx_word' id='word_1_371' title='bbox 3014 1957 3281 2011; x_wconf 86' lang='lat' dir='ltr'><strong>scribitur</strong></span> <span class='ocrx_word' id='word_1_372' title='bbox 3332 1974 3436 2027; x_wconf 90' lang='lat' dir='ltr'><strong>per</strong></span> <span class='ocrx_word' id='word_1_373' title='bbox 3493 1960 3653 2012; x_wconf 89' lang='lat' dir='ltr'><strong>lamet</strong></span> 
     </span>
    </p>
   </div>
   <div class='ocr_carea' id='block_1_50' title="bbox 1955 2045 3654 2118">
    <p class='ocr_par' dir='ltr' id='par_1_50' title="bbox 1955 2045 3654 2118">
     <span class='ocr_line' id='line_1_50' title="bbox 1955 2045 3654 2118; baseline -0.001 -16"><span class='ocrx_word' id='word_1_374' title='bbox 1955 2055 2012 2102; x_wconf 91' lang='lat' dir='ltr'><strong>et</strong></span> <span class='ocrx_word' id='word_1_375' title='bbox 2039 2064 2176 2102; x_wconf 82' lang='lat' dir='ltr'><strong>vau:</strong></span> <span class='ocrx_word' id='word_1_376' title='bbox 2204 2048 2360 2118; x_wconf 92' lang='lat' dir='ltr'><strong>quod</strong></span> <span class='ocrx_word' id='word_1_377' title='bbox 2391 2048 2436 2100; x_wconf 91' lang='lat' dir='ltr'><strong>si</strong></span> <span class='ocrx_word' id='word_1_378' title='bbox 2467 2052 2636 2114; x_wconf 85' lang='lat' dir='ltr'><strong>esset,</strong></span> <span class='ocrx_word' id='word_1_379' title='bbox 2671 2045 3020 2116; x_wconf 84' lang='lat' dir='ltr'><strong>signiﬁcaret</strong></span> <span class='ocrx_word' id='word_1_380' title='bbox 3042 2047 3195 2118; x_wconf 91' lang='lat' dir='ltr'><strong>quod</strong></span> <span class='ocrx_word' id='word_1_381' title='bbox 3228 2047 3434 2117; x_wconf 77' lang='lat' dir='ltr'><strong>Aquila</strong></span> <span class='ocrx_word' id='word_1_382' title='bbox 3464 2047 3654 2117; x_wconf 90' lang='lat' dir='ltr'><strong>posuit</strong></span> 
     </span>
    </p>
   </div>
   <div class='ocr_carea' id='block_1_51' title="bbox 1953 2136 3652 2205">
    <p class='ocr_par' dir='ltr' id='par_1_51' title="bbox 1953 2136 3652 2205">
     <span class='ocr_line' id='line_1_51' title="bbox 1953 2136 3652 2205; baseline 0 -15"><span class='ocrx_word' id='word_1_383' title='bbox 1953 2141 2020 2202; x_wconf 90' lang='lat' dir='ltr'><strong>ei,</strong></span> <span class='ocrx_word' id='word_1_384' title='bbox 2077 2138 2164 2190; x_wconf 90' lang='lat' dir='ltr'><strong>vel</strong></span> <span class='ocrx_word' id='word_1_385' title='bbox 2218 2139 2302 2192; x_wconf 88' lang='lat' dir='ltr'><strong>illi</strong></span> <span class='ocrx_word' id='word_1_386' title='bbox 2360 2137 2799 2204; x_wconf 85' lang='lat' dir='ltr'><strong>congregabitur.</strong></span> <span class='ocrx_word' id='word_1_387' title='bbox 2869 2136 2976 2191; x_wconf 91' lang='lat' dir='ltr'><strong>Sed</strong></span> <span class='ocrx_word' id='word_1_388' title='bbox 3022 2152 3126 2205; x_wconf 90' lang='lat' dir='ltr'><strong>per</strong></span> <span class='ocrx_word' id='word_1_389' title='bbox 3171 2137 3333 2190; x_wconf 79' lang='lat' dir='ltr'><strong>tamet</strong></span> <span class='ocrx_word' id='word_1_390' title='bbox 3385 2141 3440 2190; x_wconf 88' lang='lat' dir='ltr'><strong>et</strong></span> <span class='ocrx_word' id='word_1_391' title='bbox 3493 2137 3652 2203; x_wconf 88' lang='lat' dir='ltr'><strong>aleb;</strong></span> 
     </span>
    </p>
   </div>
   <div class='ocr_carea' id='block_1_52' title="bbox 1955 2223 3657 2296">
    <p class='ocr_par' dir='ltr' id='par_1_52' title="bbox 1955 2223 3657 2296">
     <span class='ocr_line' id='line_1_52' title="bbox 1955 2223 3657 2296; baseline 0 -18"><span class='ocrx_word' id='word_1_392' title='bbox 1955 2226 2109 2296; x_wconf 91' lang='lat' dir='ltr'><strong>quod</strong></span> <span class='ocrx_word' id='word_1_393' title='bbox 2143 2225 2374 2296; x_wconf 88' lang='lat' dir='ltr'><strong>proprie</strong></span> <span class='ocrx_word' id='word_1_394' title='bbox 2413 2242 2520 2280; x_wconf 90' lang='lat' dir='ltr'><strong>non</strong></span> <span class='ocrx_word' id='word_1_395' title='bbox 2553 2228 2736 2278; x_wconf 89' lang='lat' dir='ltr'><strong>sonat.</strong></span> <span class='ocrx_word' id='word_1_396' title='bbox 2784 2223 2927 2288; x_wconf 87' lang='lat' dir='ltr'><strong>Quia</strong></span> <span class='ocrx_word' id='word_1_397' title='bbox 2973 2223 3152 2294; x_wconf 90' lang='lat' dir='ltr'><strong>igitur</strong></span> <span class='ocrx_word' id='word_1_398' title='bbox 3194 2224 3366 2278; x_wconf 83' lang='lat' dir='ltr'><strong>Jacob</strong></span> <span class='ocrx_word' id='word_1_399' title='bbox 3407 2241 3522 2278; x_wconf 92' lang='lat' dir='ltr'><strong>non</strong></span> <span class='ocrx_word' id='word_1_400' title='bbox 3572 2231 3657 2278; x_wconf 86' lang='lat' dir='ltr'><strong>est</strong></span> 
     </span>
    </p>
   </div>
   <div class='ocr_carea' id='block_1_53' title="bbox 1954 2313 3652 2383">
    <p class='ocr_par' dir='ltr' id='par_1_53' title="bbox 1954 2313 3652 2383">
     <span class='ocr_line' id='line_1_53' title="bbox 1954 2313 3652 2383; baseline 0 -17"><span class='ocrx_word' id='word_1_401' title='bbox 1954 2314 2224 2368; x_wconf 89' lang='lat' dir='ltr'><strong>reductus</strong></span> <span class='ocrx_word' id='word_1_402' title='bbox 2297 2314 2370 2368; x_wconf 91' lang='lat' dir='ltr'><strong>ad</strong></span> <span class='ocrx_word' id='word_1_403' title='bbox 2434 2313 2766 2379; x_wconf 92' lang='lat' dir='ltr'><strong>Dominum,</strong></span> <span class='ocrx_word' id='word_1_404' title='bbox 2834 2329 2939 2367; x_wconf 92' lang='lat' dir='ltr'><strong>nec</strong></span> <span class='ocrx_word' id='word_1_405' title='bbox 2987 2313 3186 2367; x_wconf 88' lang='lat' dir='ltr'><strong>Srahel</strong></span> <span class='ocrx_word' id='word_1_406' title='bbox 3235 2317 3652 2383; x_wconf 88' lang='lat' dir='ltr'><strong>congregatus;</strong></span> 
     </span>
    </p>
   </div>
   <div class='ocr_carea' id='block_1_54' title="bbox 1950 2401 3652 2473">
    <p class='ocr_par' dir='ltr' id='par_1_54' title="bbox 1950 2401 3652 2473">
     <span class='ocr_line' id='line_1_54' title="bbox 1950 2401 3652 2473; baseline -0.001 -18"><span class='ocrx_word' id='word_1_407' title='bbox 1950 2409 2258 2473; x_wconf 87' lang='lat' dir='ltr'><strong>propterea</strong></span> <span class='ocrx_word' id='word_1_408' title='bbox 2285 2401 2542 2458; x_wconf 85' lang='lat' dir='ltr'><strong>Christus</strong></span> <span class='ocrx_word' id='word_1_409' title='bbox 2579 2402 2867 2472; x_wconf 91' lang='lat' dir='ltr'><strong>loquitur:</strong></span> <span class='ocrx_word' id='word_1_410' title='bbox 2921 2401 3084 2456; x_wconf 89' lang='lat' dir='ltr'><strong>Vobis</strong></span> <span class='ocrx_word' id='word_1_411' title='bbox 3119 2418 3236 2455; x_wconf 90' lang='lat' dir='ltr'><strong>non</strong></span> <span class='ocrx_word' id='word_1_412' title='bbox 3287 2402 3652 2456; x_wconf 86' lang='lat' dir='ltr'><strong>credentibus</strong></span> 
     </span>
    </p>
   </div>
   <div class='ocr_carea' id='block_1_55' title="bbox 1949 2489 3651 2561">
    <p class='ocr_par' dir='ltr' id='par_1_55' title="bbox 1949 2489 3651 2561">
     <span class='ocr_line' id='line_1_55' title="bbox 1949 2489 3651 2561; baseline -0.001 -17"><span class='ocrx_word' id='word_1_413' title='bbox 1949 2493 2285 2561; x_wconf 76' lang='lat' dir='ltr'><strong>glori/tentus</strong></span> <span class='ocrx_word' id='word_1_414' title='bbox 2309 2507 2428 2545; x_wconf 89' lang='lat' dir='ltr'><strong>sum</strong></span> <span class='ocrx_word' id='word_1_415' title='bbox 2472 2496 2531 2544; x_wconf 88' lang='lat' dir='ltr'><strong>in</strong></span> <span class='ocrx_word' id='word_1_416' title='bbox 2560 2493 2730 2546; x_wconf 77' lang='lat' dir='ltr'><strong>oculis</strong></span> <span class='ocrx_word' id='word_1_417' title='bbox 2768 2493 3000 2557; x_wconf 82' lang='lat' dir='ltr'><strong>Domini,</strong></span> <span class='ocrx_word' id='word_1_418' title='bbox 3044 2490 3103 2544; x_wconf 91' lang='lat' dir='ltr'><strong>in</strong></span> <span class='ocrx_word' id='word_1_419' title='bbox 3137 2506 3225 2544; x_wconf 90' lang='lat' dir='ltr'><strong>me</strong></span> <span class='ocrx_word' id='word_1_420' title='bbox 3259 2489 3414 2544; x_wconf 90' lang='lat' dir='ltr'><strong>enim</strong></span> <span class='ocrx_word' id='word_1_421' title='bbox 3462 2490 3651 2544; x_wconf 90' lang='lat' dir='ltr'><strong>omnis</strong></span> 
     </span>
    </p>
   </div>
   <div class='ocr_carea' id='block_1_56' title="bbox 1949 2579 3651 2645">
    <p class='ocr_par' dir='ltr' id='par_1_56' title="bbox 1949 2579 3651 2645">
     <span class='ocr_line' id='line_1_56' title="bbox 1949 2579 3651 2645; baseline -0.001 -11"><span class='ocrx_word' id='word_1_422' title='bbox 1949 2581 2197 2634; x_wconf 90' lang='lat' dir='ltr'><strong>mundus</strong></span> <span class='ocrx_word' id='word_1_423' title='bbox 2236 2580 2494 2644; x_wconf 89' lang='lat' dir='ltr'><strong>credidit,</strong></span> <span class='ocrx_word' id='word_1_424' title='bbox 2555 2586 2606 2634; x_wconf 87' lang='lat' dir='ltr'><strong>et</strong></span> <span class='ocrx_word' id='word_1_425' title='bbox 2658 2582 2796 2634; x_wconf 83' lang='lat' dir='ltr'><strong>Deus</strong></span> <span class='ocrx_word' id='word_1_426' title='bbox 2840 2594 2986 2634; x_wconf 85' lang='lat' dir='ltr'><strong>meus</strong></span> <span class='ocrx_word' id='word_1_427' title='bbox 3033 2581 3215 2644; x_wconf 86' lang='lat' dir='ltr'><strong>factus</strong></span> <span class='ocrx_word' id='word_1_428' title='bbox 3267 2585 3344 2633; x_wconf 90' lang='lat' dir='ltr'><strong>est</strong></span> <span class='ocrx_word' id='word_1_429' title='bbox 3381 2579 3651 2645; x_wconf 80' lang='lat' dir='ltr'><strong>fortitudo</strong></span> 
     </span>
    </p>
   </div>
   <div class='ocr_carea' id='block_1_57' title="bbox 1948 2666 3650 2736">
    <p class='ocr_par' dir='ltr' id='par_1_57' title="bbox 1948 2666 3650 2736">
     <span class='ocr_line' id='line_1_57' title="bbox 1948 2666 3650 2736; baseline -0.002 -14"><span class='ocrx_word' id='word_1_430' title='bbox 1948 2685 2065 2722; x_wconf 90' lang='lat' dir='ltr'><strong>mea</strong></span> <span class='ocrx_word' id='word_1_431' title='bbox 2096 2669 2224 2734; x_wconf 86' lang='lat' dir='ltr'><strong>(Isa,</strong></span> <span class='ocrx_word' id='word_1_432' title='bbox 2274 2685 2418 2722; x_wconf 70' lang='grc' dir='ltr'><strong>χιιι.</strong></span> <span class='ocrx_word' id='word_1_433' title='bbox 2447 2670 2516 2736; x_wconf 79' lang='lat'><strong>5).</strong></span> <span class='ocrx_word' id='word_1_434' title='bbox 2563 2669 2743 2721; x_wconf 89' lang='lat' dir='ltr'><strong>Deum</strong></span> <span class='ocrx_word' id='word_1_435' title='bbox 2783 2683 2973 2720; x_wconf 90' lang='lat' dir='ltr'><strong>meum</strong></span> <span class='ocrx_word' id='word_1_436' title='bbox 3006 2666 3322 2720; x_wconf 90' lang='lat' dir='ltr'><strong>secundum</strong></span> <span class='ocrx_word' id='word_1_437' title='bbox 3353 2667 3650 2720; x_wconf 88' lang='lat' dir='ltr'><strong>hominem</strong></span> 
     </span>
    </p>
   </div>
   <div class='ocr_carea' id='block_1_58' title="bbox 1949 2755 3651 2826">
    <p class='ocr_par' dir='ltr' id='par_1_58' title="bbox 1949 2755 3651 2826">
     <span class='ocr_line' id='line_1_58' title="bbox 1949 2755 3651 2826; baseline -0.001 -16"><span class='ocrx_word' id='word_1_438' title='bbox 1949 2756 2106 2822; x_wconf 88' lang='lat' dir='ltr'><strong>dicit,</strong></span> <span class='ocrx_word' id='word_1_439' title='bbox 2150 2756 2285 2826; x_wconf 86' lang='lat' dir='ltr'><strong>quia</strong></span> <span class='ocrx_word' id='word_1_440' title='bbox 2316 2757 2463 2810; x_wconf 79' lang='lat' dir='ltr'><strong>sicut</strong></span> <span class='ocrx_word' id='word_1_441' title='bbox 2511 2762 2706 2809; x_wconf 89' lang='lat' dir='ltr'><strong>contra</strong></span> <span class='ocrx_word' id='word_1_442' title='bbox 2751 2761 2806 2808; x_wconf 90' lang='lat' dir='ltr'><strong>te</strong></span> <span class='ocrx_word' id='word_1_443' title='bbox 2842 2772 3066 2809; x_wconf 90' lang='lat' dir='ltr'><strong>necesse</strong></span> <span class='ocrx_word' id='word_1_444' title='bbox 3116 2760 3202 2808; x_wconf 91' lang='lat' dir='ltr'><strong>est</strong></span> <span class='ocrx_word' id='word_1_445' title='bbox 3250 2771 3340 2809; x_wconf 90' lang='lat' dir='ltr'><strong>me</strong></span> <span class='ocrx_word' id='word_1_446' title='bbox 3372 2772 3506 2810; x_wconf 91' lang='lat' dir='ltr'><strong>eum</strong></span> <span class='ocrx_word' id='word_1_447' title='bbox 3559 2755 3651 2808; x_wconf 85' lang='lat' dir='ltr'><strong>ﬁr-</strong></span> 
     </span>
    </p>
   </div>
   <div class='ocr_carea' id='block_1_59' title="bbox 1951 2844 3648 2915">
    <p class='ocr_par' dir='ltr' id='par_1_59' title="bbox 1951 2844 3648 2915">
     <span class='ocr_line' id='line_1_59' title="bbox 1951 2844 3648 2915; baseline -0.001 -17"><span class='ocrx_word' id='word_1_448' title='bbox 1951 2862 2106 2899; x_wconf 90' lang='lat' dir='ltr'><strong>mare</strong></span> <span class='ocrx_word' id='word_1_449' title='bbox 2157 2846 2335 2899; x_wconf 91' lang='lat' dir='ltr'><strong>Deum</strong></span> <span class='ocrx_word' id='word_1_450' title='bbox 2370 2845 2667 2898; x_wconf 88' lang='lat' dir='ltr'><strong>sententiis</strong></span> <span class='ocrx_word' id='word_1_451' title='bbox 2706 2845 3148 2915; x_wconf 88' lang='lat' dir='ltr'><strong>Scripturarum,</strong></span> <span class='ocrx_word' id='word_1_452' title='bbox 3205 2844 3282 2898; x_wconf 88' lang='lat' dir='ltr'><strong>ita</strong></span> <span class='ocrx_word' id='word_1_453' title='bbox 3321 2850 3521 2898; x_wconf 91' lang='lat' dir='ltr'><strong>contra</strong></span> <span class='ocrx_word' id='word_1_454' title='bbox 3547 2844 3648 2914; x_wconf 89' lang='lat' dir='ltr'><strong>qui</strong></span> 
     </span>
    </p>
   </div>
   <div class='ocr_carea' id='block_1_60' title="bbox 1947 2932 3644 3003">
    <p class='ocr_par' dir='ltr' id='par_1_60' title="bbox 1947 2932 3644 3003">
     <span class='ocr_line' id='line_1_60' title="bbox 1947 2932 3644 3003; baseline -0.001 -16"><span class='ocrx_word' id='word_1_455' title='bbox 1947 2950 2078 2988; x_wconf 91' lang='lat' dir='ltr'><strong>eum</strong></span> <span class='ocrx_word' id='word_1_456' title='bbox 2101 2935 2395 2988; x_wconf 89' lang='lat' dir='ltr'><strong>hominem</strong></span> <span class='ocrx_word' id='word_1_457' title='bbox 2428 2933 2725 3003; x_wconf 84' lang='lat' dir='ltr'><strong>negaverit</strong></span> <span class='ocrx_word' id='word_1_458' title='bbox 2749 2933 3014 3003; x_wconf 87' lang='lat' dir='ltr'><strong>congruit</strong></span> <span class='ocrx_word' id='word_1_459' title='bbox 3051 2932 3192 2985; x_wconf 90' lang='lat' dir='ltr'><strong>mihi</strong></span> <span class='ocrx_word' id='word_1_460' title='bbox 3221 2933 3644 3002; x_wconf 87' lang='lat' dir='ltr'><strong>Scripturarum</strong></span> 
     </span>
    </p>
   </div>
   <div class='ocr_carea' id='block_1_61' title="bbox 167 3018 3644 3095">
    <p class='ocr_par' dir='ltr' id='par_1_61' title="bbox 167 3018 3644 3095">
     <span class='ocr_line' id='line_1_61' title="bbox 167 3018 3644 3095; baseline 0.001 -24"><span class='ocrx_word' id='word_1_461' title='bbox 167 3018 318 3087; x_wconf 85' lang='lat' dir='ltr'><strong>deret,</strong></span> <span class='ocrx_word' id='word_1_462' title='bbox 348 3021 464 3075; x_wconf 90' lang='lat' dir='ltr'><strong>imo</strong></span> <span class='ocrx_word' id='word_1_463' title='bbox 491 3027 560 3076; x_wconf 85' lang='lat' dir='ltr'><strong>ut</strong></span> <span class='ocrx_word' id='word_1_464' title='bbox 587 3031 787 3091; x_wconf 87' lang='lat' dir='ltr'><strong>gentes</strong></span> <span class='ocrx_word' id='word_1_465' title='bbox 814 3023 1088 3092; x_wconf 89' lang='lat' dir='ltr'><strong>populum</strong></span> <span class='ocrx_word' id='word_1_466' title='bbox 1121 3038 1288 3075; x_wconf 88' lang='lat' dir='ltr'><strong>suum</strong></span> <span class='ocrx_word' id='word_1_467' title='bbox 1320 3022 1443 3091; x_wconf 87' lang='lat' dir='ltr'><strong>jam</strong></span> <span class='ocrx_word' id='word_1_468' title='bbox 1483 3038 1604 3090; x_wconf 86' lang='lat' dir='ltr'><strong>esse</strong></span> <span class='ocrx_word' id='word_1_469' title='bbox 1651 3029 1837 3076; x_wconf 89' lang='lat' dir='ltr'><strong>osten-</strong></span> <span class='ocrx_word' id='word_1_470' title='bbox 1877 3041 1916 3095; x_wconf 73' lang='grc' dir='ltr'><strong>ρ</strong></span> <span class='ocrx_word' id='word_1_471' title='bbox 1947 3023 2200 3093; x_wconf 91' lang='lat' dir='ltr'><strong>arripere</strong></span> <span class='ocrx_word' id='word_1_472' title='bbox 2238 3023 2524 3091; x_wconf 68' lang='lat' dir='ltr'><strong>prmlium,</strong></span> <span class='ocrx_word' id='word_1_473' title='bbox 2578 3027 2632 3075; x_wconf 91' lang='lat' dir='ltr'><strong>et</strong></span> <span class='ocrx_word' id='word_1_474' title='bbox 2662 3021 2856 3074; x_wconf 91' lang='lat' dir='ltr'><strong>omnia</strong></span> <span class='ocrx_word' id='word_1_475' title='bbox 2903 3021 3001 3074; x_wconf 89' lang='lat' dir='ltr'><strong>illa</strong></span> <span class='ocrx_word' id='word_1_476' title='bbox 3049 3020 3424 3074; x_wconf 83' lang='lat' dir='ltr'><strong>humanitatis</strong></span> <span class='ocrx_word' id='word_1_477' title='bbox 3457 3037 3644 3075; x_wconf 88' lang='lat' dir='ltr'><strong>exem-</strong></span> 
     </span>
    </p>
   </div>
   <div class='ocr_carea' id='block_1_62' title="bbox 165 3103 1835 3176">
    <p class='ocr_par' dir='ltr' id='par_1_62' title="bbox 165 3103 1835 3176">
     <span class='ocr_line' id='line_1_62' title="bbox 165 3103 1835 3176; baseline 0.003 -21"><span class='ocrx_word' id='word_1_478' title='bbox 165 3103 320 3173; x_wconf 85' lang='lat' dir='ltr'><strong>deret,</strong></span> <span class='ocrx_word' id='word_1_479' title='bbox 375 3108 497 3161; x_wconf 90' lang='lat' dir='ltr'><strong>ait:</strong></span> <span class='ocrx_word' id='word_1_480' title='bbox 550 3109 755 3176; x_wconf 84' lang='lat' dir='ltr'><strong>Populo</strong></span> <span class='ocrx_word' id='word_1_481' title='bbox 806 3123 940 3168; x_wconf 89' lang='lat' dir='ltr'><strong>meo,</strong></span> <span class='ocrx_word' id='word_1_482' title='bbox 999 3108 1160 3160; x_wconf 86' lang='lat' dir='ltr'><strong>electo</strong></span> <span class='ocrx_word' id='word_1_483' title='bbox 1220 3123 1334 3160; x_wconf 86' lang='lat' dir='ltr'><strong>meo</strong></span> <span class='ocrx_word' id='word_1_484' title='bbox 1404 3107 1612 3174; x_wconf 74' lang='lat' dir='ltr'><strong>(Ibid).</strong></span> <span class='ocrx_word' id='word_1_485' title='bbox 1673 3107 1835 3160; x_wconf 88' lang='lat' dir='ltr'><strong>Vides</strong></span> 
     </span>
    </p>
   </div>
   <div class='ocr_carea' id='block_1_63' title="bbox 165 3191 1834 3265">
    <p class='ocr_par' dir='ltr' id='par_1_63' title="bbox 165 3191 1834 3265">
     <span class='ocr_line' id='line_1_63' title="bbox 165 3191 1834 3265; baseline 0.003 -22"><span class='ocrx_word' id='word_1_486' title='bbox 165 3191 279 3260; x_wconf 85' lang='lat' dir='ltr'><strong>quia</strong></span> <span class='ocrx_word' id='word_1_487' title='bbox 307 3211 480 3265; x_wconf 89' lang='lat' dir='ltr'><strong>aquas</strong></span> <span class='ocrx_word' id='word_1_488' title='bbox 527 3194 839 3264; x_wconf 85' lang='lat' dir='ltr'><strong>Evangelii,</strong></span> <span class='ocrx_word' id='word_1_489' title='bbox 875 3199 930 3247; x_wconf 88' lang='lat' dir='ltr'><strong>et</strong></span> <span class='ocrx_word' id='word_1_490' title='bbox 961 3193 1204 3247; x_wconf 84' lang='lat' dir='ltr'><strong>ﬂumina</strong></span> <span class='ocrx_word' id='word_1_491' title='bbox 1233 3194 1624 3264; x_wconf 88' lang='lat' dir='ltr'><strong>apostolorum</strong></span> <span class='ocrx_word' id='word_1_492' title='bbox 1671 3195 1834 3248; x_wconf 91' lang='lat' dir='ltr'><strong>nobis</strong></span> 
     </span>
    </p>
   </div>
   <div class='ocr_carea' id='block_1_64' title="bbox 159 3279 1832 3352">
    <p class='ocr_par' dir='ltr' id='par_1_64' title="bbox 159 3279 1832 3352">
     <span class='ocr_line' id='line_1_64' title="bbox 159 3279 1832 3352; baseline 0.004 -22"><span class='ocrx_word' id='word_1_493' title='bbox 159 3279 216 3332; x_wconf 87' lang='lat' dir='ltr'><strong>ad</strong></span> <span class='ocrx_word' id='word_1_494' title='bbox 243 3279 550 3336; x_wconf 85' lang='lat' dir='ltr'><strong>bibendum</strong></span> <span class='ocrx_word' id='word_1_495' title='bbox 581 3294 714 3336; x_wconf 83' lang='lat' dir='ltr'><strong>sunt</strong></span> <span class='ocrx_word' id='word_1_496' title='bbox 745 3282 913 3348; x_wconf 64' lang='lat' dir='ltr'><strong>datae,</strong></span> <span class='ocrx_word' id='word_1_497' title='bbox 943 3282 999 3335; x_wconf 92' lang='lat' dir='ltr'><strong>id</strong></span> <span class='ocrx_word' id='word_1_498' title='bbox 1031 3287 1115 3335; x_wconf 84' lang='lat' dir='ltr'><strong>est</strong></span> <span class='ocrx_word' id='word_1_499' title='bbox 1139 3281 1367 3347; x_wconf 69' lang='lat' dir='ltr'><strong>Judazis,</strong></span> <span class='ocrx_word' id='word_1_500' title='bbox 1401 3283 1499 3352; x_wconf 90' lang='lat' dir='ltr'><strong>qui</strong></span> <span class='ocrx_word' id='word_1_501' title='bbox 1544 3283 1832 3337; x_wconf 86' lang='lat' dir='ltr'><strong>Christum</strong></span> 
     </span>
    </p>
   </div>
   <div class='ocr_carea' id='block_1_65' title="bbox 159 3371 1832 3441">
    <p class='ocr_par' dir='ltr' id='par_1_65' title="bbox 159 3371 1832 3441">
     <span class='ocr_line' id='line_1_65' title="bbox 159 3371 1832 3441; baseline 0.004 -23"><span class='ocrx_word' id='word_1_502' title='bbox 159 3375 526 3438; x_wconf 82' lang='lat' dir='ltr'><strong>exspectantes</strong></span> <span class='ocrx_word' id='word_1_503' title='bbox 554 3371 879 3424; x_wconf 89' lang='lat' dir='ltr'><strong>venientem</strong></span> <span class='ocrx_word' id='word_1_504' title='bbox 915 3375 1272 3439; x_wconf 87' lang='lat' dir='ltr'><strong>receperunt,</strong></span> <span class='ocrx_word' id='word_1_505' title='bbox 1320 3371 1401 3423; x_wconf 90' lang='lat' dir='ltr'><strong>vel</strong></span> <span class='ocrx_word' id='word_1_506' title='bbox 1440 3371 1708 3424; x_wconf 86' lang='lat' dir='ltr'><strong>omnibus</strong></span> <span class='ocrx_word' id='word_1_507' title='bbox 1734 3372 1832 3441; x_wconf 93' lang='lat' dir='ltr'><strong>qui</strong></span> 
     </span>
    </p>
   </div>
   <div class='ocr_carea' id='block_1_66' title="bbox 161 3458 1832 3529">
    <p class='ocr_par' dir='ltr' id='par_1_66' title="bbox 161 3458 1832 3529">
     <span class='ocr_line' id='line_1_66' title="bbox 161 3458 1832 3529; baseline 0.005 -22"><span class='ocrx_word' id='word_1_508' title='bbox 161 3469 314 3528; x_wconf 85' lang='lat' dir='ltr'><strong>usque</strong></span> <span class='ocrx_word' id='word_1_509' title='bbox 342 3458 518 3512; x_wconf 88' lang='lat' dir='ltr'><strong>hodie</strong></span> <span class='ocrx_word' id='word_1_510' title='bbox 562 3458 961 3529; x_wconf 80' lang='lat' dir='ltr'><strong>resipisceutes</strong></span> <span class='ocrx_word' id='word_1_511' title='bbox 988 3475 1021 3511; x_wconf 89' lang='lat' dir='ltr'><strong>a</strong></span> <span class='ocrx_word' id='word_1_512' title='bbox 1061 3458 1274 3512; x_wconf 88' lang='lat' dir='ltr'><strong>diaboli</strong></span> <span class='ocrx_word' id='word_1_513' title='bbox 1329 3459 1536 3529; x_wconf 83' lang='lat' dir='ltr'><strong>laquei,</strong></span> <span class='ocrx_word' id='word_1_514' title='bbox 1575 3461 1832 3515; x_wconf 71' lang='lat' dir='ltr'><strong>Ecclesiae</strong></span> 
     </span>
    </p>
   </div>
   <div class='ocr_carea' id='block_1_67' title="bbox 158 3546 1827 3618">
    <p class='ocr_par' dir='ltr' id='par_1_67' title="bbox 158 3546 1827 3618">
     <span class='ocr_line' id='line_1_67' title="bbox 158 3546 1827 3618; baseline 0.005 -23"><span class='ocrx_word' id='word_1_515' title='bbox 158 3559 204 3596; x_wconf 85' lang='lat' dir='ltr'><strong>se</strong></span> <span class='ocrx_word' id='word_1_516' title='bbox 245 3546 499 3602; x_wconf 90' lang='lat' dir='ltr'><strong>inserunt</strong></span> <span class='ocrx_word' id='word_1_517' title='bbox 548 3547 839 3601; x_wconf 87' lang='lat' dir='ltr'><strong>membris.</strong></span> <span class='ocrx_word' id='word_1_518' title='bbox 896 3549 970 3601; x_wconf 88' lang='lat' dir='ltr'><strong>De</strong></span> <span class='ocrx_word' id='word_1_519' title='bbox 1014 3563 1128 3618; x_wconf 90' lang='lat' dir='ltr'><strong>quo</strong></span> <span class='ocrx_word' id='word_1_520' title='bbox 1160 3548 1371 3618; x_wconf 90' lang='lat' dir='ltr'><strong>p0pulo</strong></span> <span class='ocrx_word' id='word_1_521' title='bbox 1423 3548 1827 3618; x_wconf 84' lang='lat' dir='ltr'><strong>subjungitur:</strong></span> 
     </span>
    </p>
   </div>
   <div class='ocr_carea' id='block_1_68' title="bbox 157 3634 1829 3706">
    <p class='ocr_par' dir='ltr' id='par_1_68' title="bbox 157 3634 1829 3706">
     <span class='ocr_line' id='line_1_68' title="bbox 157 3634 1829 3706; baseline 0.003 -20"><span class='ocrx_word' id='word_1_522' title='bbox 157 3634 395 3702; x_wconf 84' lang='lat' dir='ltr'><strong>Populum</strong></span> <span class='ocrx_word' id='word_1_523' title='bbox 453 3641 624 3691; x_wconf 87' lang='lat' dir='ltr'><strong>istum</strong></span> <span class='ocrx_word' id='word_1_524' title='bbox 670 3641 885 3706; x_wconf 78' lang='lat' dir='ltr'><strong>ﬁrmavi</strong></span> <span class='ocrx_word' id='word_1_525' title='bbox 931 3636 1084 3701; x_wconf 75' lang='lat' dir='ltr'><strong>mihi,</strong></span> <span class='ocrx_word' id='word_1_526' title='bbox 1144 3637 1360 3690; x_wconf 84' lang='lat' dir='ltr'><strong>laudem</strong></span> <span class='ocrx_word' id='word_1_527' title='bbox 1409 3653 1582 3691; x_wconf 89' lang='lat' dir='ltr'><strong>meam</strong></span> <span class='ocrx_word' id='word_1_528' title='bbox 1634 3654 1829 3691; x_wconf 83' lang='lat' dir='ltr'><strong>narra-</strong></span> 
     </span>
    </p>
   </div>
   <div class='ocr_carea' id='block_1_69' title="bbox 155 3721 1829 3797">
    <p class='ocr_par' dir='ltr' id='par_1_69' title="bbox 155 3721 1829 3797">
     <span class='ocr_line' id='line_1_69' title="bbox 155 3721 1829 3797; baseline 0.005 -25"><span class='ocrx_word' id='word_1_529' title='bbox 155 3721 218 3775; x_wconf 85' lang='lat' dir='ltr'><strong>bit</strong></span> <span class='ocrx_word' id='word_1_530' title='bbox 264 3732 283 3758; x_wconf 71' lang='grc' dir='ltr'><strong>ε</strong></span> <span class='ocrx_word' id='word_1_531' title='bbox 331 3726 522 3792; x_wconf 76' lang='grc' dir='ltr'><strong>(Ιὸὶά.,</strong></span> <span class='ocrx_word' id='word_1_532' title='bbox 581 3725 692 3794; x_wconf 77' lang='grc'><strong>21).</strong></span> <span class='ocrx_word' id='word_1_533' title='bbox 761 3726 978 3780; x_wconf 62' lang='lat' dir='ltr'><strong>Cetera</strong></span> <span class='ocrx_word' id='word_1_534' title='bbox 1032 3740 1162 3795; x_wconf 63' lang='lat' dir='ltr'><strong>quae</strong></span> <span class='ocrx_word' id='word_1_535' title='bbox 1217 3729 1559 3797; x_wconf 83' lang='lat' dir='ltr'><strong>sequuntur,</strong></span> <span class='ocrx_word' id='word_1_536' title='bbox 1620 3727 1829 3795; x_wconf 90' lang='lat' dir='ltr'><strong>partim</strong></span> 
     </span>
    </p>
   </div>
   <div class='ocr_carea' id='block_1_70' title="bbox 152 3807 1830 3885">
    <p class='ocr_par' dir='ltr' id='par_1_70' title="bbox 152 3807 1830 3885">
     <span class='ocr_line' id='line_1_70' title="bbox 152 3807 1830 3885; baseline 0.005 -25"><span class='ocrx_word' id='word_1_537' title='bbox 152 3807 293 3878; x_wconf 82' lang='lat' dir='ltr'><strong>facta,</strong></span> <span class='ocrx_word' id='word_1_538' title='bbox 347 3815 563 3883; x_wconf 88' lang='lat' dir='ltr'><strong>partim</strong></span> <span class='ocrx_word' id='word_1_539' title='bbox 619 3813 803 3866; x_wconf 90' lang='lat' dir='ltr'><strong>adhuc</strong></span> <span class='ocrx_word' id='word_1_540' title='bbox 848 3813 1040 3866; x_wconf 78' lang='lat' dir='ltr'><strong>futura</strong></span> <span class='ocrx_word' id='word_1_541' title='bbox 1110 3813 1274 3867; x_wconf 90' lang='lat' dir='ltr'><strong>nobis</strong></span> <span class='ocrx_word' id='word_1_542' title='bbox 1344 3815 1522 3868; x_wconf 89' lang='lat' dir='ltr'><strong>multa</strong></span> <span class='ocrx_word' id='word_1_543' title='bbox 1589 3815 1830 3885; x_wconf 91' lang='lat' dir='ltr'><strong>promit-</strong></span> 
     </span>
    </p>
   </div>
   <div class='ocr_carea' id='block_1_71' title="bbox 153 3901 276 3953">
    <p class='ocr_par' dir='ltr' id='par_1_71' title="bbox 153 3901 276 3953">
     <span class='ocr_line' id='line_1_71' title="bbox 153 3901 276 3953; baseline 0.041 -5"><span class='ocrx_word' id='word_1_544' title='bbox 153 3901 276 3953; x_wconf 90' lang='lat' dir='ltr'><strong>tuut.</strong></span> 
     </span>
    </p>
   </div>
   <div class='ocr_carea' id='block_1_72' title="bbox 209 3988 1828 4057">
    <p class='ocr_par' dir='ltr' id='par_1_72' title="bbox 209 3988 1828 4057">
     <span class='ocr_line' id='line_1_72' title="bbox 209 3988 1828 4057; baseline 0.004 -19"><span class='ocrx_word' id='word_1_545' title='bbox 209 3989 254 4039; x_wconf 87' lang='lat'><strong>6.</strong></span> <span class='ocrx_word' id='word_1_546' title='bbox 285 3988 445 4052; x_wconf 87' lang='lat' dir='ltr'><strong>Quod</strong></span> <span class='ocrx_word' id='word_1_547' title='bbox 488 3993 687 4043; x_wconf 88' lang='lat' dir='ltr'><strong>autem</strong></span> <span class='ocrx_word' id='word_1_548' title='bbox 717 3989 921 4043; x_wconf 90' lang='lat' dir='ltr'><strong>asseris</strong></span> <span class='ocrx_word' id='word_1_549' title='bbox 951 4005 1041 4043; x_wconf 91' lang='lat' dir='ltr'><strong>me</strong></span> <span class='ocrx_word' id='word_1_550' title='bbox 1073 3989 1154 4043; x_wconf 92' lang='lat' dir='ltr'><strong>ire</strong></span> <span class='ocrx_word' id='word_1_551' title='bbox 1185 3989 1244 4043; x_wconf 90' lang='lat' dir='ltr'><strong>in</strong></span> <span class='ocrx_word' id='word_1_552' title='bbox 1291 3991 1574 4057; x_wconf 84' lang='lat' dir='ltr'><strong>tenebras,</strong></span> <span class='ocrx_word' id='word_1_553' title='bbox 1626 3997 1682 4045; x_wconf 87' lang='lat' dir='ltr'><strong>et</strong></span> <span class='ocrx_word' id='word_1_554' title='bbox 1734 3992 1828 4044; x_wconf 91' lang='lat' dir='ltr'><strong>ni-</strong></span> 
     </span>
    </p>
   </div>
   <div class='ocr_carea' id='block_1_73' title="bbox 148 4075 1828 4147">
    <p class='ocr_par' dir='ltr' id='par_1_73' title="bbox 148 4075 1828 4147">
     <span class='ocr_line' id='line_1_73' title="bbox 148 4075 1828 4147; baseline 0.005 -21"><span class='ocrx_word' id='word_1_555' title='bbox 148 4075 262 4128; x_wconf 86' lang='lat' dir='ltr'><strong>teris</strong></span> <span class='ocrx_word' id='word_1_556' title='bbox 305 4078 413 4131; x_wconf 91' lang='lat' dir='ltr'><strong>hoc</strong></span> <span class='ocrx_word' id='word_1_557' title='bbox 465 4078 715 4147; x_wconf 90' lang='lat' dir='ltr'><strong>probare</strong></span> <span class='ocrx_word' id='word_1_558' title='bbox 765 4078 1094 4132; x_wconf 88' lang='lat' dir='ltr'><strong>testimonio</strong></span> <span class='ocrx_word' id='word_1_559' title='bbox 1141 4078 1301 4132; x_wconf 67' lang='lat' dir='ltr'><strong>Isaia:</strong></span> <span class='ocrx_word' id='word_1_560' title='bbox 1355 4080 1634 4134; x_wconf 87' lang='lat' dir='ltr'><strong>dicentis:</strong></span> <span class='ocrx_word' id='word_1_561' title='bbox 1687 4080 1828 4145; x_wconf 86' lang='lat' dir='ltr'><strong>Quia</strong></span> 
     </span>
    </p>
   </div>
   <div class='ocr_carea' id='block_1_74' title="bbox 150 4167 1822 4238">
    <p class='ocr_par' dir='ltr' id='par_1_74' title="bbox 150 4167 1822 4238">
     <span class='ocr_line' id='line_1_74' title="bbox 150 4167 1822 4238; baseline 0.004 -25"><span class='ocrx_word' id='word_1_562' title='bbox 150 4177 244 4217; x_wconf 78' lang='lat' dir='ltr'><strong>ecce</strong></span> <span class='ocrx_word' id='word_1_563' title='bbox 291 4167 522 4221; x_wconf 69' lang='lat' dir='ltr'><strong>tenebrz</strong></span> <span class='ocrx_word' id='word_1_564' title='bbox 565 4172 808 4236; x_wconf 82' lang='lat' dir='ltr'><strong>operient</strong></span> <span class='ocrx_word' id='word_1_565' title='bbox 857 4172 1078 4230; x_wconf 87' lang='lat' dir='ltr'><strong>terram,</strong></span> <span class='ocrx_word' id='word_1_566' title='bbox 1127 4172 1177 4221; x_wconf 88' lang='lat' dir='ltr'><strong>et</strong></span> <span class='ocrx_word' id='word_1_567' title='bbox 1207 4169 1380 4235; x_wconf 85' lang='lat' dir='ltr'><strong>caligo</strong></span> <span class='ocrx_word' id='word_1_568' title='bbox 1430 4171 1662 4237; x_wconf 83' lang='lat' dir='ltr'><strong>populos</strong></span> <span class='ocrx_word' id='word_1_569' title='bbox 1690 4171 1822 4238; x_wconf 86' lang='lat' dir='ltr'><strong>(Isa.</strong></span> 
     </span>
    </p>
   </div>
   <div class='ocr_carea' id='block_1_75' title="bbox 147 4253 1826 4325">
    <p class='ocr_par' dir='ltr' id='par_1_75' title="bbox 147 4253 1826 4325">
     <span class='ocr_line' id='line_1_75' title="bbox 147 4253 1826 4325; baseline 0.005 -22"><span class='ocrx_word' id='word_1_570' title='bbox 147 4253 329 4321; x_wconf 78' lang='lat' dir='ltr'><strong>Lx.2):</strong></span> <span class='ocrx_word' id='word_1_571' title='bbox 372 4254 561 4308; x_wconf 90' lang='lat' dir='ltr'><strong>miror</strong></span> <span class='ocrx_word' id='word_1_572' title='bbox 605 4259 660 4308; x_wconf 90' lang='lat' dir='ltr'><strong>te</strong></span> <span class='ocrx_word' id='word_1_573' title='bbox 689 4260 944 4308; x_wconf 89' lang='lat' dir='ltr'><strong>astutum</strong></span> <span class='ocrx_word' id='word_1_574' title='bbox 991 4255 1285 4309; x_wconf 90' lang='lat' dir='ltr'><strong>hominem</strong></span> <span class='ocrx_word' id='word_1_575' title='bbox 1323 4262 1438 4309; x_wconf 82' lang='lat' dir='ltr'><strong>tam</strong></span> <span class='ocrx_word' id='word_1_576' title='bbox 1480 4257 1678 4310; x_wconf 85' lang='lat' dir='ltr'><strong>leviter</strong></span> <span class='ocrx_word' id='word_1_577' title='bbox 1707 4257 1826 4325; x_wconf 77' lang='lat' dir='ltr'><strong>opi-</strong></span> 
     </span>
    </p>
   </div>
   <div class='ocr_carea' id='block_1_76' title="bbox 1945 3109 3640 3182">
    <p class='ocr_par' dir='ltr' id='par_1_76' title="bbox 1945 3109 3640 3182">
     <span class='ocr_line' id='line_1_76' title="bbox 1945 3109 3640 3182; baseline -0.002 -17"><span class='ocrx_word' id='word_1_578' title='bbox 1945 3112 2036 3182; x_wconf 79' lang='lat' dir='ltr'><strong>pla</strong></span> <span class='ocrx_word' id='word_1_579' title='bbox 2077 3111 2410 3179; x_wconf 90' lang='lat' dir='ltr'><strong>producere,</strong></span> <span class='ocrx_word' id='word_1_580' title='bbox 2448 3125 2551 3178; x_wconf 91' lang='lat' dir='ltr'><strong>per</strong></span> <span class='ocrx_word' id='word_1_581' title='bbox 2597 3125 2727 3180; x_wconf 70' lang='lat' dir='ltr'><strong>qua:</strong></span> <span class='ocrx_word' id='word_1_582' title='bbox 2766 3125 2898 3162; x_wconf 90' lang='lat' dir='ltr'><strong>eum</strong></span> <span class='ocrx_word' id='word_1_583' title='bbox 2933 3109 3227 3162; x_wconf 91' lang='lat' dir='ltr'><strong>hominem</strong></span> <span class='ocrx_word' id='word_1_584' title='bbox 3271 3125 3468 3164; x_wconf 91' lang='lat' dir='ltr'><strong>verum</strong></span> <span class='ocrx_word' id='word_1_585' title='bbox 3498 3125 3640 3165; x_wconf 88' lang='lat' dir='ltr'><strong>con-</strong></span> 
     </span>
    </p>
   </div>
   <div class='ocr_carea' id='block_1_77' title="bbox 1943 3197 3638 3265">
    <p class='ocr_par' dir='ltr' id='par_1_77' title="bbox 1943 3197 3638 3265">
     <span class='ocr_line' id='line_1_77' title="bbox 1943 3197 3638 3265; baseline -0.001 -13"><span class='ocrx_word' id='word_1_586' title='bbox 1943 3199 2170 3253; x_wconf 81' lang='lat' dir='ltr'><strong>ﬁrmem</strong></span> <span class='ocrx_word' id='word_1_587' title='bbox 2193 3214 2353 3264; x_wconf 89' lang='lat' dir='ltr'><strong>esse;</strong></span> <span class='ocrx_word' id='word_1_588' title='bbox 2389 3197 2436 3250; x_wconf 90' lang='lat' dir='ltr'><strong>si</strong></span> <span class='ocrx_word' id='word_1_589' title='bbox 2490 3197 2645 3250; x_wconf 91' lang='lat' dir='ltr'><strong>enim</strong></span> <span class='ocrx_word' id='word_1_590' title='bbox 2695 3213 2874 3250; x_wconf 90' lang='lat' dir='ltr'><strong>unum</strong></span> <span class='ocrx_word' id='word_1_591' title='bbox 2907 3213 2973 3250; x_wconf 81' lang='lat' dir='ltr'><strong>ex</strong></span> <span class='ocrx_word' id='word_1_592' title='bbox 3004 3197 3090 3250; x_wconf 86' lang='lat' dir='ltr'><strong>his</strong></span> <span class='ocrx_word' id='word_1_593' title='bbox 3135 3213 3441 3265; x_wconf 87' lang='lat' dir='ltr'><strong>negavero,</strong></span> <span class='ocrx_word' id='word_1_594' title='bbox 3475 3198 3638 3253; x_wconf 83' lang='lat' dir='ltr'><strong>Chri-</strong></span> 
     </span>
    </p>
   </div>
   <div class='ocr_carea' id='block_1_78' title="bbox 1942 3284 3642 3352">
    <p class='ocr_par' dir='ltr' id='par_1_78' title="bbox 1942 3284 3642 3352">
     <span class='ocr_line' id='line_1_78' title="bbox 1942 3284 3642 3352; baseline -0.001 -12"><span class='ocrx_word' id='word_1_595' title='bbox 1942 3287 2163 3341; x_wconf 89' lang='lat' dir='ltr'><strong>stiauus</strong></span> <span class='ocrx_word' id='word_1_596' title='bbox 2196 3303 2309 3339; x_wconf 92' lang='lat' dir='ltr'><strong>non</strong></span> <span class='ocrx_word' id='word_1_597' title='bbox 2353 3301 2472 3339; x_wconf 92' lang='lat' dir='ltr'><strong>ero.</strong></span> <span class='ocrx_word' id='word_1_598' title='bbox 2528 3287 2734 3338; x_wconf 87' lang='lat' dir='ltr'><strong>Verum</strong></span> <span class='ocrx_word' id='word_1_599' title='bbox 2781 3286 2852 3339; x_wconf 90' lang='lat' dir='ltr'><strong>ad</strong></span> <span class='ocrx_word' id='word_1_600' title='bbox 2891 3284 3153 3338; x_wconf 92' lang='lat' dir='ltr'><strong>ordinem</strong></span> <span class='ocrx_word' id='word_1_601' title='bbox 3211 3286 3532 3352; x_wconf 87' lang='lat' dir='ltr'><strong>redeamus,</strong></span> <span class='ocrx_word' id='word_1_602' title='bbox 3586 3290 3642 3338; x_wconf 91' lang='lat' dir='ltr'><strong>et</strong></span> 
     </span>
    </p>
   </div>
   <div class='ocr_carea' id='block_1_79' title="bbox 1940 3372 3640 3444">
    <p class='ocr_par' dir='ltr' id='par_1_79' title="bbox 1940 3372 3640 3444">
     <span class='ocr_line' id='line_1_79' title="bbox 1940 3372 3640 3444; baseline 0 -16"><span class='ocrx_word' id='word_1_603' title='bbox 1940 3374 2336 3444; x_wconf 89' lang='lat' dir='ltr'><strong>prophetalem</strong></span> <span class='ocrx_word' id='word_1_604' title='bbox 2389 3373 2574 3427; x_wconf 90' lang='lat' dir='ltr'><strong>adhuc</strong></span> <span class='ocrx_word' id='word_1_605' title='bbox 2632 3372 2976 3427; x_wconf 88' lang='lat' dir='ltr'><strong>sententiam</strong></span> <span class='ocrx_word' id='word_1_606' title='bbox 3021 3373 3345 3428; x_wconf 90' lang='lat' dir='ltr'><strong>videamus:</strong></span> <span class='ocrx_word' id='word_1_607' title='bbox 3382 3377 3453 3429; x_wconf 90' lang='lat' dir='ltr'><strong>Et</strong></span> <span class='ocrx_word' id='word_1_608' title='bbox 3497 3378 3640 3430; x_wconf 85' lang='lat' dir='ltr'><strong>Deus</strong></span> 
     </span>
    </p>
   </div>
   <div class='ocr_carea' id='block_1_80' title="bbox 1940 3461 3640 3532">
    <p class='ocr_par' dir='ltr' id='par_1_80' title="bbox 1940 3461 3640 3532">
     <span class='ocr_line' id='line_1_80' title="bbox 1940 3461 3640 3532; baseline -0.001 -17"><span class='ocrx_word' id='word_1_609' title='bbox 1940 3477 2084 3515; x_wconf 89' lang='lat' dir='ltr'><strong>meus</strong></span> <span class='ocrx_word' id='word_1_610' title='bbox 2114 3464 2296 3528; x_wconf 85' lang='lat' dir='ltr'><strong>factus</strong></span> <span class='ocrx_word' id='word_1_611' title='bbox 2325 3465 2405 3515; x_wconf 86' lang='lat' dir='ltr'><strong>est</strong></span> <span class='ocrx_word' id='word_1_612' title='bbox 2443 3461 2716 3526; x_wconf 79' lang='lat' dir='ltr'><strong>fortitudo</strong></span> <span class='ocrx_word' id='word_1_613' title='bbox 2748 3477 2885 3525; x_wconf 87' lang='lat' dir='ltr'><strong>mea,</strong></span> <span class='ocrx_word' id='word_1_614' title='bbox 2934 3462 3033 3532; x_wconf 91' lang='lat' dir='ltr'><strong>qui</strong></span> <span class='ocrx_word' id='word_1_615' title='bbox 3063 3462 3387 3515; x_wconf 88' lang='lat' dir='ltr'><strong>consolatus</strong></span> <span class='ocrx_word' id='word_1_616' title='bbox 3435 3467 3520 3516; x_wconf 91' lang='lat' dir='ltr'><strong>est</strong></span> <span class='ocrx_word' id='word_1_617' title='bbox 3550 3478 3640 3514; x_wconf 88' lang='lat' dir='ltr'><strong>me</strong></span> 
     </span>
    </p>
   </div>
   <div class='ocr_carea' id='block_1_81' title="bbox 1938 3549 3639 3620">
    <p class='ocr_par' dir='ltr' id='par_1_81' title="bbox 1938 3549 3639 3620">
     <span class='ocr_line' id='line_1_81' title="bbox 1938 3549 3639 3620; baseline 0.001 -18"><span class='ocrx_word' id='word_1_618' title='bbox 1938 3549 2160 3603; x_wconf 89' lang='lat' dir='ltr'><strong>tristem</strong></span> <span class='ocrx_word' id='word_1_619' title='bbox 2217 3567 2389 3620; x_wconf 89' lang='lat' dir='ltr'><strong>super</strong></span> <span class='ocrx_word' id='word_1_620' title='bbox 2435 3550 2810 3619; x_wconf 88' lang='lat' dir='ltr'><strong>abjectionem</strong></span> <span class='ocrx_word' id='word_1_621' title='bbox 2860 3550 3059 3620; x_wconf 90' lang='lat' dir='ltr'><strong>populi</strong></span> <span class='ocrx_word' id='word_1_622' title='bbox 3108 3550 3242 3616; x_wconf 90' lang='lat' dir='ltr'><strong>mei,</strong></span> <span class='ocrx_word' id='word_1_623' title='bbox 3292 3550 3436 3605; x_wconf 88' lang='lat' dir='ltr'><strong>sicut</strong></span> <span class='ocrx_word' id='word_1_624' title='bbox 3481 3556 3538 3604; x_wconf 88' lang='lat' dir='ltr'><strong>et</strong></span> <span class='ocrx_word' id='word_1_625' title='bbox 3579 3551 3639 3603; x_wconf 91' lang='lat' dir='ltr'><strong>in</strong></span> 
     </span>
    </p>
   </div>
   <div class='ocr_carea' id='block_1_82' title="bbox 1939 3637 3642 3708">
    <p class='ocr_par' dir='ltr' id='par_1_82' title="bbox 1939 3637 3642 3708">
     <span class='ocr_line' id='line_1_82' title="bbox 1939 3637 3642 3708; baseline 0 -16"><span class='ocrx_word' id='word_1_626' title='bbox 1939 3639 2325 3692; x_wconf 87' lang='lat' dir='ltr'><strong>Pentateucho</strong></span> <span class='ocrx_word' id='word_1_627' title='bbox 2385 3637 2617 3708; x_wconf 89' lang='lat' dir='ltr'><strong>legitur:</strong></span> <span class='ocrx_word' id='word_1_628' title='bbox 2697 3640 2922 3692; x_wconf 72' lang='lat' dir='ltr'><strong>Pwnitet</strong></span> <span class='ocrx_word' id='word_1_629' title='bbox 2987 3655 3069 3692; x_wconf 90' lang='lat' dir='ltr'><strong>me</strong></span> <span class='ocrx_word' id='word_1_630' title='bbox 3138 3640 3401 3693; x_wconf 85' lang='lat' dir='ltr'><strong>hominem</strong></span> <span class='ocrx_word' id='word_1_631' title='bbox 3452 3640 3642 3704; x_wconf 82' lang='lat' dir='ltr'><strong>fecisse</strong></span> 
     </span>
    </p>
   </div>
   <div class='ocr_carea' id='block_1_83' title="bbox 1937 3726 3636 3796">
    <p class='ocr_par' dir='ltr' id='par_1_83' title="bbox 1937 3726 3636 3796">
     <span class='ocr_line' id='line_1_83' title="bbox 1937 3726 3636 3796; baseline -0.001 -15"><span class='ocrx_word' id='word_1_632' title='bbox 1937 3742 2101 3796; x_wconf 86' lang='lat' dir='ltr'><strong>super</strong></span> <span class='ocrx_word' id='word_1_633' title='bbox 2127 3732 2330 3782; x_wconf 85' lang='lat' dir='ltr'><strong>terram</strong></span> <span class='ocrx_word' id='word_1_634' title='bbox 2359 3743 2371 3780; x_wconf 94' lang='lat'><strong>:</strong></span> <span class='ocrx_word' id='word_1_635' title='bbox 2398 3732 2448 3780; x_wconf 87' lang='lat' dir='ltr'><strong>et</strong></span> <span class='ocrx_word' id='word_1_636' title='bbox 2480 3732 2655 3781; x_wconf 86' lang='lat' dir='ltr'><strong>tactus</strong></span> <span class='ocrx_word' id='word_1_637' title='bbox 2685 3726 2867 3780; x_wconf 88' lang='lat' dir='ltr'><strong>dolore</strong></span> <span class='ocrx_word' id='word_1_638' title='bbox 2912 3727 3090 3780; x_wconf 81' lang='lat' dir='ltr'><strong>cordis</strong></span> <span class='ocrx_word' id='word_1_639' title='bbox 3128 3729 3473 3792; x_wconf 83' lang='lat' dir='ltr'><strong>intrinsecus,</strong></span> <span class='ocrx_word' id='word_1_640' title='bbox 3517 3729 3636 3780; x_wconf 86' lang='lat' dir='ltr'><strong>ait:</strong></span> 
     </span>
    </p>
   </div>
   <div class='ocr_carea' id='block_1_84' title="bbox 1938 3814 3634 3884">
    <p class='ocr_par' dir='ltr' id='par_1_84' title="bbox 1938 3814 3634 3884">
     <span class='ocr_line' id='line_1_84' title="bbox 1938 3814 3634 3884; baseline -0.002 -14"><span class='ocrx_word' id='word_1_641' title='bbox 1938 3816 2126 3870; x_wconf 86' lang='lat' dir='ltr'><strong>Delebo</strong></span> <span class='ocrx_word' id='word_1_642' title='bbox 2161 3817 2423 3869; x_wconf 84' lang='lat' dir='ltr'><strong>hominem</strong></span> <span class='ocrx_word' id='word_1_643' title='bbox 2469 3831 2624 3882; x_wconf 84' lang='lat' dir='ltr'><strong>quem</strong></span> <span class='ocrx_word' id='word_1_644' title='bbox 2648 3816 2758 3880; x_wconf 88' lang='lat' dir='ltr'><strong>feci</strong></span> <span class='ocrx_word' id='word_1_645' title='bbox 2787 3830 2821 3868; x_wconf 88' lang='lat' dir='ltr'><strong>a</strong></span> <span class='ocrx_word' id='word_1_646' title='bbox 2867 3817 3012 3880; x_wconf 89' lang='lat' dir='ltr'><strong>facie</strong></span> <span class='ocrx_word' id='word_1_647' title='bbox 3045 3819 3203 3868; x_wconf 61' lang='lat' dir='ltr'><strong>terra</strong></span> <span class='ocrx_word' id='word_1_648' title='bbox 3243 3814 3402 3884; x_wconf 86' lang='lat' dir='ltr'><strong>(Gen.</strong></span> <span class='ocrx_word' id='word_1_649' title='bbox 3453 3832 3525 3876; x_wconf 85' lang='lat' dir='ltr'><strong>vI,</strong></span> <span class='ocrx_word' id='word_1_650' title='bbox 3559 3815 3634 3883; x_wconf 84' lang='lat'><strong>6).</strong></span> 
     </span>
    </p>
   </div>
   <div class='ocr_carea' id='block_1_85' title="bbox 1937 3902 3635 3972">
    <p class='ocr_par' dir='ltr' id='par_1_85' title="bbox 1937 3902 3635 3972">
     <span class='ocr_line' id='line_1_85' title="bbox 1937 3902 3635 3972; baseline 0 -16"><span class='ocrx_word' id='word_1_651' title='bbox 1937 3903 2099 3967; x_wconf 88' lang='lat' dir='ltr'><strong>Quod</strong></span> <span class='ocrx_word' id='word_1_652' title='bbox 2125 3903 2170 3955; x_wconf 89' lang='lat' dir='ltr'><strong>si</strong></span> <span class='ocrx_word' id='word_1_653' title='bbox 2193 3902 2619 3956; x_wconf 87' lang='lat' dir='ltr'><strong>contradicendi</strong></span> <span class='ocrx_word' id='word_1_654' title='bbox 2642 3904 2971 3956; x_wconf 89' lang='lat' dir='ltr'><strong>calcaneum</strong></span> <span class='ocrx_word' id='word_1_655' title='bbox 2995 3902 3187 3972; x_wconf 88' lang='lat' dir='ltr'><strong>erigis,</strong></span> <span class='ocrx_word' id='word_1_656' title='bbox 3212 3918 3432 3971; x_wconf 90' lang='lat' dir='ltr'><strong>expone</strong></span> <span class='ocrx_word' id='word_1_657' title='bbox 3456 3905 3635 3972; x_wconf 88' lang='lat' dir='ltr'><strong>quali-</strong></span> 
     </span>
    </p>
   </div>
   <div class='ocr_carea' id='block_1_86' title="bbox 1938 3990 3632 4061">
    <p class='ocr_par' dir='ltr' id='par_1_86' title="bbox 1938 3990 3632 4061">
     <span class='ocr_line' id='line_1_86' title="bbox 1938 3990 3632 4061; baseline -0.001 -16"><span class='ocrx_word' id='word_1_658' title='bbox 1938 3996 2026 4045; x_wconf 89' lang='lat' dir='ltr'><strong>ter</strong></span> <span class='ocrx_word' id='word_1_659' title='bbox 2046 3991 2186 4044; x_wconf 92' lang='lat' dir='ltr'><strong>illud</strong></span> <span class='ocrx_word' id='word_1_660' title='bbox 2211 3990 2482 4059; x_wconf 89' lang='lat' dir='ltr'><strong>intelligis</strong></span> <span class='ocrx_word' id='word_1_661' title='bbox 2500 3991 2652 4061; x_wconf 91' lang='lat' dir='ltr'><strong>quod</strong></span> <span class='ocrx_word' id='word_1_662' title='bbox 2672 4007 2735 4043; x_wconf 90' lang='lat' dir='ltr'><strong>ex</strong></span> <span class='ocrx_word' id='word_1_663' title='bbox 2752 4006 2995 4059; x_wconf 86' lang='lat' dir='ltr'><strong>persona</strong></span> <span class='ocrx_word' id='word_1_664' title='bbox 3014 3991 3111 4043; x_wconf 87' lang='lat' dir='ltr'><strong>Dei</strong></span> <span class='ocrx_word' id='word_1_665' title='bbox 3124 3990 3182 4043; x_wconf 90' lang='lat' dir='ltr'><strong>in</strong></span> <span class='ocrx_word' id='word_1_666' title='bbox 3196 3991 3486 4044; x_wconf 85' lang='lat' dir='ltr'><strong>Ezechiele</strong></span> <span class='ocrx_word' id='word_1_667' title='bbox 3503 4007 3632 4060; x_wconf 66' lang='lat' dir='ltr'><strong>pro«</strong></span> 
     </span>
    </p>
   </div>
   <div class='ocr_carea' id='block_1_87' title="bbox 1935 4079 3626 4150">
    <p class='ocr_par' dir='ltr' id='par_1_87' title="bbox 1935 4079 3626 4150">
     <span class='ocr_line' id='line_1_87' title="bbox 1935 4079 3626 4150; baseline 0 -17"><span class='ocrx_word' id='word_1_668' title='bbox 1935 4079 2105 4150; x_wconf 87' lang='lat' dir='ltr'><strong>pheta</strong></span> <span class='ocrx_word' id='word_1_669' title='bbox 2132 4079 2269 4149; x_wconf 88' lang='lat' dir='ltr'><strong>legis</strong></span> <span class='ocrx_word' id='word_1_670' title='bbox 2297 4095 2312 4132; x_wconf 89' lang='lat'><strong>:</strong></span> <span class='ocrx_word' id='word_1_671' title='bbox 2338 4081 2406 4133; x_wconf 89' lang='lat' dir='ltr'><strong>Et</strong></span> <span class='ocrx_word' id='word_1_672' title='bbox 2443 4082 2502 4132; x_wconf 84' lang='lat' dir='ltr'><strong>in</strong></span> <span class='ocrx_word' id='word_1_673' title='bbox 2539 4079 2783 4132; x_wconf 87' lang='lat' dir='ltr'><strong>omnibus</strong></span> <span class='ocrx_word' id='word_1_674' title='bbox 2834 4080 2953 4134; x_wconf 84' lang='lat' dir='ltr'><strong>istis</strong></span> <span class='ocrx_word' id='word_1_675' title='bbox 2997 4079 3357 4133; x_wconf 82' lang='lat' dir='ltr'><strong>contristabas</strong></span> <span class='ocrx_word' id='word_1_676' title='bbox 3398 4094 3499 4132; x_wconf 87' lang='lat' dir='ltr'><strong>me.</strong></span> <span class='ocrx_word' id='word_1_677' title='bbox 3533 4079 3626 4134; x_wconf 68' lang='lat' dir='ltr'><strong>Se-</strong></span> 
     </span>
    </p>
   </div>
   <div class='ocr_carea' id='block_1_88' title="bbox 1937 4167 3636 4237">
    <p class='ocr_par' dir='ltr' id='par_1_88' title="bbox 1937 4167 3636 4237">
     <span class='ocr_line' id='line_1_88' title="bbox 1937 4167 3636 4237; baseline 0.001 -17"><span class='ocrx_word' id='word_1_678' title='bbox 1937 4167 2157 4237; x_wconf 88' lang='lat' dir='ltr'><strong>quitur:</strong></span> <span class='ocrx_word' id='word_1_679' title='bbox 2193 4170 2427 4222; x_wconf 80' lang='lat' dir='ltr'><strong>Parvum</strong></span> <span class='ocrx_word' id='word_1_680' title='bbox 2449 4171 2526 4220; x_wconf 87' lang='lat' dir='ltr'><strong>est</strong></span> <span class='ocrx_word' id='word_1_681' title='bbox 2541 4170 2590 4221; x_wconf 88' lang='lat' dir='ltr'><strong>si</strong></span> <span class='ocrx_word' id='word_1_682' title='bbox 2617 4170 2823 4221; x_wconf 82' lang='lat' dir='ltr'><strong>servias</strong></span> <span class='ocrx_word' id='word_1_683' title='bbox 2844 4169 2982 4220; x_wconf 82' lang='lat' dir='ltr'><strong>mihi</strong></span> <span class='ocrx_word' id='word_1_684' title='bbox 2995 4167 3072 4220; x_wconf 89' lang='lat' dir='ltr'><strong>ad</strong></span> <span class='ocrx_word' id='word_1_685' title='bbox 3092 4167 3439 4221; x_wconf 84' lang='lat' dir='ltr'><strong>suscitandas</strong></span> <span class='ocrx_word' id='word_1_686' title='bbox 3462 4168 3636 4222; x_wconf 79' lang='lat' dir='ltr'><strong>tribus</strong></span> 
     </span>
    </p>
   </div>
   <div class='ocr_carea' id='block_1_89' title="bbox 1933 4254 3632 4324">
    <p class='ocr_par' dir='ltr' id='par_1_89' title="bbox 1933 4254 3632 4324">
     <span class='ocr_line' id='line_1_89' title="bbox 1933 4254 3632 4324; baseline 0 -15"><span class='ocrx_word' id='word_1_687' title='bbox 1933 4256 2117 4319; x_wconf 78' lang='lat' dir='ltr'><strong>Iacob,</strong></span> <span class='ocrx_word' id='word_1_688' title='bbox 2163 4255 2260 4324; x_wconf 84' lang='lat' dir='ltr'><strong>qui</strong></span> <span class='ocrx_word' id='word_1_689' title='bbox 2302 4271 2405 4308; x_wconf 88' lang='lat' dir='ltr'><strong>suo</strong></span> <span class='ocrx_word' id='word_1_690' title='bbox 2442 4254 2579 4307; x_wconf 90' lang='lat' dir='ltr'><strong>vitio</strong></span> <span class='ocrx_word' id='word_1_691' title='bbox 2610 4260 2972 4320; x_wconf 87' lang='lat' dir='ltr'><strong>corruerunt,</strong></span> <span class='ocrx_word' id='word_1_692' title='bbox 3004 4260 3054 4308; x_wconf 81' lang='lat' dir='ltr'><strong>et</strong></span> <span class='ocrx_word' id='word_1_693' title='bbox 3083 4255 3157 4307; x_wconf 89' lang='lat' dir='ltr'><strong>ad</strong></span> <span class='ocrx_word' id='word_1_694' title='bbox 3183 4257 3360 4322; x_wconf 77' lang='lat' dir='ltr'><strong>faeces,</strong></span> <span class='ocrx_word' id='word_1_695' title='bbox 3403 4255 3516 4308; x_wconf 88' lang='lat' dir='ltr'><strong>sive</strong></span> <span class='ocrx_word' id='word_1_696' title='bbox 3546 4271 3632 4309; x_wconf 87' lang='lat' dir='ltr'><strong>re-</strong></span> 
     </span>
    </p>
   </div>
   <div class='ocr_carea' id='block_1_90' title="bbox 148 4340 3632 4415">
    <p class='ocr_par' dir='ltr' id='par_1_90' title="bbox 148 4340 3632 4415">
     <span class='ocr_line' id='line_1_90' title="bbox 148 4340 3632 4415; baseline 0.002 -24"><span class='ocrx_word' id='word_1_697' title='bbox 148 4345 342 4408; x_wconf 87' lang='lat' dir='ltr'><strong>natum,</strong></span> <span class='ocrx_word' id='word_1_698' title='bbox 388 4350 451 4396; x_wconf 87' lang='lat' dir='ltr'><strong>ut</strong></span> <span class='ocrx_word' id='word_1_699' title='bbox 480 4359 578 4396; x_wconf 90' lang='lat' dir='ltr'><strong>me</strong></span> <span class='ocrx_word' id='word_1_700' title='bbox 630 4344 779 4397; x_wconf 87' lang='lat' dir='ltr'><strong>inter</strong></span> <span class='ocrx_word' id='word_1_701' title='bbox 822 4345 1066 4414; x_wconf 89' lang='lat' dir='ltr'><strong>populos</strong></span> <span class='ocrx_word' id='word_1_702' title='bbox 1098 4360 1428 4405; x_wconf 87' lang='lat' dir='ltr'><strong>numerans,</strong></span> <span class='ocrx_word' id='word_1_703' title='bbox 1474 4349 1526 4398; x_wconf 85' lang='lat' dir='ltr'><strong>te</strong></span> <span class='ocrx_word' id='word_1_704' title='bbox 1554 4363 1586 4398; x_wconf 86' lang='lat' dir='ltr'><strong>a</strong></span> <span class='ocrx_word' id='word_1_705' title='bbox 1612 4347 1824 4415; x_wconf 89' lang='lat' dir='ltr'><strong>populo</strong></span> <span class='ocrx_word' id='word_1_706' title='bbox 1867 4340 1907 4393; x_wconf 89' lang='lat' dir='ltr'><strong>D</strong></span> <span class='ocrx_word' id='word_1_707' title='bbox 1941 4343 2144 4414; x_wconf 88' lang='lat' dir='ltr'><strong>liquas,</strong></span> <span class='ocrx_word' id='word_1_708' title='bbox 2181 4343 2780 4399; x_wconf 86' lang='lat' dir='ltr'><strong>Srahelconvertendas</strong></span> <span class='ocrx_word' id='word_1_709' title='bbox 2830 4345 2968 4409; x_wconf 87' lang='lat' dir='ltr'><strong>(Isa.</strong></span> <span class='ocrx_word' id='word_1_710' title='bbox 3021 4359 3170 4412; x_wconf 74' lang='lat' dir='ltr'><strong>XLIX,</strong></span> <span class='ocrx_word' id='word_1_711' title='bbox 3217 4346 3294 4411; x_wconf 89' lang='lat'><strong>6).</strong></span> <span class='ocrx_word' id='word_1_712' title='bbox 3332 4345 3451 4398; x_wconf 85' lang='lat' dir='ltr'><strong>Hoc</strong></span> <span class='ocrx_word' id='word_1_713' title='bbox 3481 4345 3632 4398; x_wconf 90' lang='lat' dir='ltr'><strong>enim</strong></span> 
     </span>
    </p>
   </div>
   <div class='ocr_carea' id='block_1_91' title="bbox 147 4427 1822 4504">
    <p class='ocr_par' dir='ltr' id='par_1_91' title="bbox 147 4427 1822 4504">
     <span class='ocr_line' id='line_1_91' title="bbox 147 4427 1822 4504; baseline 0.005 -26"><span class='ocrx_word' id='word_1_714' title='bbox 147 4427 445 4487; x_wconf 86' lang='lat' dir='ltr'><strong>subtrahas.</strong></span> <span class='ocrx_word' id='word_1_715' title='bbox 508 4433 638 4486; x_wconf 82' lang='lat' dir='ltr'><strong>Jam</strong></span> <span class='ocrx_word' id='word_1_716' title='bbox 689 4431 842 4486; x_wconf 89' lang='lat' dir='ltr'><strong>enim</strong></span> <span class='ocrx_word' id='word_1_717' title='bbox 901 4431 1164 4501; x_wconf 89' lang='lat' dir='ltr'><strong>superius</strong></span> <span class='ocrx_word' id='word_1_718' title='bbox 1229 4433 1413 4486; x_wconf 87' lang='lat' dir='ltr'><strong>fassus</strong></span> <span class='ocrx_word' id='word_1_719' title='bbox 1466 4449 1613 4496; x_wconf 87' lang='lat' dir='ltr'><strong>sum,</strong></span> <span class='ocrx_word' id='word_1_720' title='bbox 1669 4433 1822 4504; x_wconf 90' lang='lat' dir='ltr'><strong>quod</strong></span> 
     </span>
    </p>
   </div>
   <div class='ocr_carea' id='block_1_92' title="bbox 145 4519 1826 4590">
    <p class='ocr_par' dir='ltr' id='par_1_92' title="bbox 145 4519 1826 4590">
     <span class='ocr_line' id='line_1_92' title="bbox 145 4519 1826 4590; baseline 0.002 -19"><span class='ocrx_word' id='word_1_721' title='bbox 145 4531 291 4586; x_wconf 83' lang='lat' dir='ltr'><strong>super</strong></span> <span class='ocrx_word' id='word_1_722' title='bbox 319 4535 420 4572; x_wconf 87' lang='lat' dir='ltr'><strong>nos</strong></span> <span class='ocrx_word' id='word_1_723' title='bbox 452 4524 616 4574; x_wconf 88' lang='lat' dir='ltr'><strong>ortus</strong></span> <span class='ocrx_word' id='word_1_724' title='bbox 648 4524 735 4574; x_wconf 87' lang='lat' dir='ltr'><strong>est</strong></span> <span class='ocrx_word' id='word_1_725' title='bbox 761 4519 1060 4587; x_wconf 90' lang='lat' dir='ltr'><strong>Dominus,</strong></span> <span class='ocrx_word' id='word_1_726' title='bbox 1095 4525 1146 4572; x_wconf 93' lang='lat' dir='ltr'><strong>et</strong></span> <span class='ocrx_word' id='word_1_727' title='bbox 1190 4525 1386 4590; x_wconf 89' lang='lat' dir='ltr'><strong>gentes</strong></span> <span class='ocrx_word' id='word_1_728' title='bbox 1419 4520 1476 4572; x_wconf 92' lang='lat' dir='ltr'><strong>in</strong></span> <span class='ocrx_word' id='word_1_729' title='bbox 1521 4527 1711 4574; x_wconf 83' lang='lat' dir='ltr'><strong>nostro</strong></span> <span class='ocrx_word' id='word_1_730' title='bbox 1746 4522 1826 4574; x_wconf 88' lang='lat' dir='ltr'><strong>lu-</strong></span> 
     </span>
    </p>
   </div>
   <div class='ocr_carea' id='block_1_93' title="bbox 146 4602 587 4677">
    <p class='ocr_par' dir='ltr' id='par_1_93' title="bbox 146 4602 587 4677">
     <span class='ocr_line' id='line_1_93' title="bbox 146 4602 587 4677; baseline 0.009 -21"><span class='ocrx_word' id='word_1_731' title='bbox 146 4602 278 4660; x_wconf 88' lang='lat' dir='ltr'><strong>mine</strong></span> <span class='ocrx_word' id='word_1_732' title='bbox 307 4612 587 4677; x_wconf 86' lang='lat' dir='ltr'><strong>pergunt.</strong></span> 
     </span>
    </p>
   </div>
   <div class='ocr_carea' id='block_1_94' title="bbox 201 4695 1824 4769">
    <p class='ocr_par' dir='ltr' id='par_1_94' title="bbox 201 4695 1824 4769">
     <span class='ocr_line' id='line_1_94' title="bbox 201 4695 1824 4769; baseline 0.003 -24"><span class='ocrx_word' id='word_1_733' title='bbox 201 4697 245 4746; x_wconf 87' lang='lat'><strong>7.</strong></span> <span class='ocrx_word' id='word_1_734' title='bbox 273 4695 336 4748; x_wconf 86' lang='lat' dir='ltr'><strong>Et</strong></span> <span class='ocrx_word' id='word_1_735' title='bbox 368 4702 434 4749; x_wconf 87' lang='lat' dir='ltr'><strong>ut</strong></span> <span class='ocrx_word' id='word_1_736' title='bbox 487 4696 634 4750; x_wconf 88' lang='lat' dir='ltr'><strong>scias</strong></span> <span class='ocrx_word' id='word_1_737' title='bbox 668 4696 803 4766; x_wconf 89' lang='lat' dir='ltr'><strong>quia</strong></span> <span class='ocrx_word' id='word_1_738' title='bbox 848 4712 1149 4768; x_wconf 87' lang='lat' dir='ltr'><strong>nunquam</strong></span> <span class='ocrx_word' id='word_1_739' title='bbox 1186 4701 1267 4760; x_wconf 93' lang='lat' dir='ltr'><strong>tu,</strong></span> <span class='ocrx_word' id='word_1_740' title='bbox 1301 4697 1499 4769; x_wconf 87' lang='lat' dir='ltr'><strong>tuique</strong></span> <span class='ocrx_word' id='word_1_741' title='bbox 1531 4713 1824 4768; x_wconf 87' lang='lat' dir='ltr'><strong>sequaces,</strong></span> 
     </span>
    </p>
   </div>
   <div class='ocr_carea' id='block_1_95' title="bbox 143 4782 1824 4856">
    <p class='ocr_par' dir='ltr' id='par_1_95' title="bbox 143 4782 1824 4856">
     <span class='ocr_line' id='line_1_95' title="bbox 143 4782 1824 4856; baseline 0.005 -24"><span class='ocrx_word' id='word_1_742' title='bbox 143 4782 334 4850; x_wconf 89' lang='lat' dir='ltr'><strong>populo</strong></span> <span class='ocrx_word' id='word_1_743' title='bbox 370 4784 471 4838; x_wconf 90' lang='lat' dir='ltr'><strong>Dei</strong></span> <span class='ocrx_word' id='word_1_744' title='bbox 506 4784 803 4852; x_wconf 89' lang='lat' dir='ltr'><strong>aduneris,</strong></span> <span class='ocrx_word' id='word_1_745' title='bbox 855 4786 954 4839; x_wconf 91' lang='lat' dir='ltr'><strong>sed</strong></span> <span class='ocrx_word' id='word_1_746' title='bbox 1009 4801 1236 4855; x_wconf 88' lang='lat' dir='ltr'><strong>semper</strong></span> <span class='ocrx_word' id='word_1_747' title='bbox 1264 4785 1576 4856; x_wconf 84' lang='lat' dir='ltr'><strong>dispersus,</strong></span> <span class='ocrx_word' id='word_1_748' title='bbox 1611 4803 1714 4841; x_wconf 78' lang='lat' dir='ltr'><strong>nec</strong></span> <span class='ocrx_word' id='word_1_749' title='bbox 1756 4787 1824 4840; x_wconf 90' lang='lat' dir='ltr'><strong>ad</strong></span> 
     </span>
    </p>
   </div>
   <div class='ocr_carea' id='block_1_96' title="bbox 142 4868 1828 4946">
    <p class='ocr_par' dir='ltr' id='par_1_96' title="bbox 142 4868 1828 4946">
     <span class='ocr_line' id='line_1_96' title="bbox 142 4868 1828 4946; baseline 0.005 -25"><span class='ocrx_word' id='word_1_750' title='bbox 142 4868 272 4923; x_wconf 82' lang='lat' dir='ltr'><strong>viam</strong></span> <span class='ocrx_word' id='word_1_751' title='bbox 325 4889 666 4926; x_wconf 88' lang='lat' dir='ltr'><strong>reversurus</strong></span> <span class='ocrx_word' id='word_1_752' title='bbox 714 4873 789 4926; x_wconf 90' lang='lat' dir='ltr'><strong>sis</strong></span> <span class='ocrx_word' id='word_1_753' title='bbox 833 4874 1009 4943; x_wconf 89' lang='lat' dir='ltr'><strong>pacis,</strong></span> <span class='ocrx_word' id='word_1_754' title='bbox 1041 4874 1178 4928; x_wconf 89' lang='lat' dir='ltr'><strong>audi</strong></span> <span class='ocrx_word' id='word_1_755' title='bbox 1221 4875 1429 4930; x_wconf 88' lang='lat' dir='ltr'><strong>Isaiam</strong></span> <span class='ocrx_word' id='word_1_756' title='bbox 1485 4891 1552 4929; x_wconf 88' lang='lat' dir='ltr'><strong>ex</strong></span> <span class='ocrx_word' id='word_1_757' title='bbox 1585 4891 1828 4946; x_wconf 86' lang='lat' dir='ltr'><strong>persona</strong></span> 
     </span>
    </p>
   </div>
   <div class='ocr_carea' id='block_1_97' title="bbox 143 4953 1828 5034">
    <p class='ocr_par' dir='ltr' id='par_1_97' title="bbox 143 4953 1828 5034">
     <span class='ocr_line' id='line_1_97' title="bbox 143 4953 1828 5034; baseline 0.005 -26"><span class='ocrx_word' id='word_1_758' title='bbox 143 4953 329 5012; x_wconf 86' lang='lat' dir='ltr'><strong>Christi</strong></span> <span class='ocrx_word' id='word_1_759' title='bbox 361 4961 543 5013; x_wconf 86' lang='lat' dir='ltr'><strong>verba</strong></span> <span class='ocrx_word' id='word_1_760' title='bbox 588 4961 859 5015; x_wconf 75' lang='lat' dir='ltr'><strong>humanae</strong></span> <span class='ocrx_word' id='word_1_761' title='bbox 899 4967 1120 5016; x_wconf 68' lang='lat' dir='ltr'><strong>naturae</strong></span> <span class='ocrx_word' id='word_1_762' title='bbox 1171 4963 1547 5033; x_wconf 89' lang='lat' dir='ltr'><strong>congruentia</strong></span> <span class='ocrx_word' id='word_1_763' title='bbox 1597 4965 1828 5034; x_wconf 87' lang='lat' dir='ltr'><strong>procla-</strong></span> 
     </span>
    </p>
   </div>
   <div class='ocr_carea' id='block_1_98' title="bbox 141 5049 1830 5117">
    <p class='ocr_par' dir='ltr' id='par_1_98' title="bbox 141 5049 1830 5117">
     <span class='ocr_line' id='line_1_98' title="bbox 141 5049 1830 5117; baseline 0.005 -20"><span class='ocrx_word' id='word_1_764' title='bbox 141 5051 402 5101; x_wconf 89' lang='lat' dir='ltr'><strong>mantem:</strong></span> <span class='ocrx_word' id='word_1_765' title='bbox 460 5050 534 5100; x_wconf 89' lang='lat' dir='ltr'><strong>Et</strong></span> <span class='ocrx_word' id='word_1_766' title='bbox 605 5064 749 5102; x_wconf 87' lang='lat' dir='ltr'><strong>nunc</strong></span> <span class='ocrx_word' id='word_1_767' title='bbox 803 5049 936 5102; x_wconf 85' lang='lat' dir='ltr'><strong>dicit</strong></span> <span class='ocrx_word' id='word_1_768' title='bbox 989 5053 1273 5114; x_wconf 87' lang='lat' dir='ltr'><strong>Dominus,</strong></span> <span class='ocrx_word' id='word_1_769' title='bbox 1331 5053 1575 5117; x_wconf 85' lang='lat' dir='ltr'><strong>formans</strong></span> <span class='ocrx_word' id='word_1_770' title='bbox 1623 5068 1706 5105; x_wconf 84' lang='lat' dir='ltr'><strong>me</strong></span> <span class='ocrx_word' id='word_1_771' title='bbox 1763 5069 1830 5105; x_wconf 67' lang='lat' dir='ltr'><strong>ex</strong></span> 
     </span>
    </p>
   </div>
   <div class='ocr_carea' id='block_1_99' title="bbox 143 5137 1824 5202">
    <p class='ocr_par' dir='ltr' id='par_1_99' title="bbox 143 5137 1824 5202">
     <span class='ocr_line' id='line_1_99' title="bbox 143 5137 1824 5202; baseline 0.005 -17"><span class='ocrx_word' id='word_1_772' title='bbox 143 5138 276 5187; x_wconf 82' lang='lat' dir='ltr'><strong>utero</strong></span> <span class='ocrx_word' id='word_1_773' title='bbox 295 5151 515 5189; x_wconf 80' lang='lat' dir='ltr'><strong>servum</strong></span> <span class='ocrx_word' id='word_1_774' title='bbox 551 5137 677 5201; x_wconf 83' lang='lat' dir='ltr'><strong>sibi,</strong></span> <span class='ocrx_word' id='word_1_775' title='bbox 716 5142 776 5190; x_wconf 89' lang='lat' dir='ltr'><strong>ut</strong></span> <span class='ocrx_word' id='word_1_776' title='bbox 813 5138 1068 5192; x_wconf 86' lang='lat' dir='ltr'><strong>reducam</strong></span> <span class='ocrx_word' id='word_1_777' title='bbox 1106 5139 1268 5192; x_wconf 87' lang='lat' dir='ltr'><strong>Jacob</strong></span> <span class='ocrx_word' id='word_1_778' title='bbox 1309 5139 1383 5192; x_wconf 86' lang='lat' dir='ltr'><strong>ad</strong></span> <span class='ocrx_word' id='word_1_779' title='bbox 1422 5155 1562 5202; x_wconf 89' lang='lat' dir='ltr'><strong>eum,</strong></span> <span class='ocrx_word' id='word_1_780' title='bbox 1605 5145 1657 5193; x_wconf 88' lang='lat' dir='ltr'><strong>et</strong></span> <span class='ocrx_word' id='word_1_781' title='bbox 1694 5143 1824 5196; x_wconf 89' lang='lat' dir='ltr'><strong>Sra-</strong></span> 
     </span>
    </p>
   </div>
   <div class='ocr_carea' id='block_1_100' title="bbox 141 5218 1826 5297">
    <p class='ocr_par' dir='ltr' id='par_1_100' title="bbox 141 5218 1826 5297">
     <span class='ocr_line' id='line_1_100' title="bbox 141 5218 1826 5297; baseline 0.005 -25"><span class='ocrx_word' id='word_1_782' title='bbox 141 5218 213 5274; x_wconf 79' lang='lat' dir='ltr'><strong>hei</strong></span> <span class='ocrx_word' id='word_1_783' title='bbox 259 5240 364 5277; x_wconf 87' lang='lat' dir='ltr'><strong>non</strong></span> <span class='ocrx_word' id='word_1_784' title='bbox 411 5225 839 5292; x_wconf 76' lang='lat' dir='ltr'><strong>congregabitur</strong></span> <span class='ocrx_word' id='word_1_785' title='bbox 900 5225 1029 5295; x_wconf 88' lang='lat' dir='ltr'><strong>(Isa.</strong></span> <span class='ocrx_word' id='word_1_786' title='bbox 1078 5242 1229 5294; x_wconf 77' lang='lat' dir='ltr'><strong>XLIX,</strong></span> <span class='ocrx_word' id='word_1_787' title='bbox 1289 5228 1365 5297; x_wconf 83' lang='lat'><strong>5).</strong></span> <span class='ocrx_word' id='word_1_788' title='bbox 1424 5228 1826 5282; x_wconf 87' lang='lat' dir='ltr'><strong>Animadverte</strong></span> 
     </span>
    </p>
   </div>
   <div class='ocr_carea' id='block_1_101' title="bbox 201 5365 726 5434">
    <p class='ocr_par' dir='ltr' id='par_1_101' title="bbox 201 5365 726 5434">
     <span class='ocr_line' id='line_1_101' title="bbox 201 5365 726 5434; baseline 0.008 -15"><span class='ocrx_word' id='word_1_789' title='bbox 201 5371 224 5396; x_wconf 80' lang='grc'><strong>⁸</strong></span> <span class='ocrx_word' id='word_1_790' title='bbox 258 5365 376 5434; x_wconf 77' lang='lat' dir='ltr'><strong>lls.,</strong></span> <span class='ocrx_word' id='word_1_791' title='bbox 418 5367 726 5424; x_wconf 87' lang='lat' dir='ltr'><strong>domatum.</strong></span> 
     </span>
    </p>
   </div>
   <div class='ocr_carea' id='block_1_102' title="bbox 200 5436 537 5504">
    <p class='ocr_par' dir='ltr' id='par_1_102' title="bbox 200 5436 537 5504">
     <span class='ocr_line' id='line_1_102' title="bbox 200 5436 537 5504; baseline -0.003 -14"><span class='ocrx_word' id='word_1_792' title='bbox 200 5436 222 5475; x_wconf 64' lang='grc' dir='ltr'>δ</span> <span class='ocrx_word' id='word_1_793' title='bbox 256 5436 375 5504; x_wconf 65' lang='lat' dir='ltr'><strong>Ms,</strong></span> <span class='ocrx_word' id='word_1_794' title='bbox 412 5442 537 5504; x_wconf 86' lang='lat' dir='ltr'><strong>qui.</strong></span> 
     </span>
    </p>
   </div>
   <div class='ocr_carea' id='block_1_103' title="bbox 197 5507 810 5574">
    <p class='ocr_par' dir='ltr' id='par_1_103' title="bbox 197 5507 810 5574">
     <span class='ocr_line' id='line_1_103' title="bbox 197 5507 810 5574; baseline 0.005 -16"><span class='ocrx_word' id='word_1_795' title='bbox 197 5513 216 5535; x_wconf 68' lang='grc' dir='ltr'><strong>ε’</strong></span> <span class='ocrx_word' id='word_1_796' title='bbox 252 5507 368 5574; x_wconf 79' lang='lat' dir='ltr'><strong>Ms.,</strong></span> <span class='ocrx_word' id='word_1_797' title='bbox 401 5513 810 5564; x_wconf 83' lang='lat' dir='ltr'><strong>instructiones.</strong></span> 
     </span>
    </p>
   </div>
   <div class='ocr_carea' id='block_1_104' title="bbox 198 5576 830 5647">
    <p class='ocr_par' dir='ltr' id='par_1_104' title="bbox 198 5576 830 5647">
     <span class='ocr_line' id='line_1_104' title="bbox 198 5576 830 5647; baseline 0.002 -16"><span class='ocrx_word' id='word_1_798' title='bbox 198 5576 220 5616; x_wconf 73' lang='grc' dir='ltr'>ἀ</span> <span class='ocrx_word' id='word_1_799' title='bbox 258 5577 377 5647; x_wconf 77' lang='lat' dir='ltr'><strong>Ms.,</strong></span> <span class='ocrx_word' id='word_1_800' title='bbox 410 5584 687 5646; x_wconf 81' lang='lat' dir='ltr'><strong>congruit,</strong></span> <span class='ocrx_word' id='word_1_801' title='bbox 719 5585 830 5646; x_wconf 89' lang='lat' dir='ltr'><strong>qui.</strong></span> 
     </span>
    </p>
   </div>
   <div class='ocr_carea' id='block_1_105' title="bbox 1939 4431 3638 4502">
    <p class='ocr_par' dir='ltr' id='par_1_105' title="bbox 1939 4431 3638 4502">
     <span class='ocr_line' id='line_1_105' title="bbox 1939 4431 3638 4502; baseline 0.002 -20"><span class='ocrx_word' id='word_1_802' title='bbox 1939 4433 2173 4486; x_wconf 87' lang='lat' dir='ltr'><strong>verbum</strong></span> <span class='ocrx_word' id='word_1_803' title='bbox 2208 4432 2547 4486; x_wconf 83' lang='lat' dir='ltr'><strong>llebrnicum</strong></span> <span class='ocrx_word' id='word_1_804' title='bbox 2577 4448 2768 4486; x_wconf 88' lang='lat' dir='ltr'><strong>nesure</strong></span> <span class='ocrx_word' id='word_1_805' title='bbox 2809 4437 3010 4495; x_wconf 87' lang='lat' dir='ltr'><strong>sonat;</strong></span> <span class='ocrx_word' id='word_1_806' title='bbox 3042 4449 3145 4502; x_wconf 92' lang='lat' dir='ltr'><strong>pro</strong></span> <span class='ocrx_word' id='word_1_807' title='bbox 3176 4431 3289 4485; x_wconf 89' lang='lat' dir='ltr'><strong>illis</strong></span> <span class='ocrx_word' id='word_1_808' title='bbox 3321 4432 3476 4486; x_wconf 90' lang='lat' dir='ltr'><strong>enim</strong></span> <span class='ocrx_word' id='word_1_809' title='bbox 3508 4432 3638 4486; x_wconf 87' lang='lat' dir='ltr'><strong>dedi</strong></span> 
     </span>
    </p>
   </div>
   <div class='ocr_carea' id='block_1_106' title="bbox 1939 4520 3622 4590">
    <p class='ocr_par' dir='ltr' id='par_1_106' title="bbox 1939 4520 3622 4590">
     <span class='ocr_line' id='line_1_106' title="bbox 1939 4520 3622 4590; baseline 0 -16"><span class='ocrx_word' id='word_1_810' title='bbox 1939 4526 1987 4574; x_wconf 89' lang='lat' dir='ltr'><strong>te</strong></span> <span class='ocrx_word' id='word_1_811' title='bbox 2011 4523 2068 4574; x_wconf 85' lang='lat' dir='ltr'><strong>in</strong></span> <span class='ocrx_word' id='word_1_812' title='bbox 2091 4523 2258 4575; x_wconf 88' lang='lat' dir='ltr'><strong>lucem</strong></span> <span class='ocrx_word' id='word_1_813' title='bbox 2287 4520 2546 4574; x_wconf 89' lang='lat' dir='ltr'><strong>omnium</strong></span> <span class='ocrx_word' id='word_1_814' title='bbox 2573 4523 2814 4586; x_wconf 88' lang='lat' dir='ltr'><strong>gentium</strong></span> <span class='ocrx_word' id='word_1_815' title='bbox 2838 4520 3066 4590; x_wconf 65' lang='lat' dir='ltr'><strong>(Ibid),</strong></span> <span class='ocrx_word' id='word_1_816' title='bbox 3099 4525 3162 4573; x_wconf 90' lang='lat' dir='ltr'><strong>ut</strong></span> <span class='ocrx_word' id='word_1_817' title='bbox 3184 4521 3475 4574; x_wconf 90' lang='lat' dir='ltr'><strong>illumines</strong></span> <span class='ocrx_word' id='word_1_818' title='bbox 3498 4521 3622 4574; x_wconf 89' lang='lat' dir='ltr'><strong>uni--</strong></span> 
     </span>
    </p>
   </div>
   <div class='ocr_carea' id='block_1_107' title="bbox 1935 4609 3634 4679">
    <p class='ocr_par' dir='ltr' id='par_1_107' title="bbox 1935 4609 3634 4679">
     <span class='ocr_line' id='line_1_107' title="bbox 1935 4609 3634 4679; baseline -0.001 -18"><span class='ocrx_word' id='word_1_819' title='bbox 1935 4625 2162 4662; x_wconf 89' lang='lat' dir='ltr'><strong>versum</strong></span> <span class='ocrx_word' id='word_1_820' title='bbox 2196 4609 2500 4671; x_wconf 90' lang='lat' dir='ltr'><strong>mundum,</strong></span> <span class='ocrx_word' id='word_1_821' title='bbox 2534 4612 2590 4662; x_wconf 90' lang='lat' dir='ltr'><strong>et</strong></span> <span class='ocrx_word' id='word_1_822' title='bbox 2611 4609 2849 4661; x_wconf 89' lang='lat' dir='ltr'><strong>salutem</strong></span> <span class='ocrx_word' id='word_1_823' title='bbox 2875 4623 3084 4674; x_wconf 85' lang='lat' dir='ltr'><strong>meam,</strong></span> <span class='ocrx_word' id='word_1_824' title='bbox 3115 4624 3218 4678; x_wconf 92' lang='lat' dir='ltr'><strong>per</strong></span> <span class='ocrx_word' id='word_1_825' title='bbox 3238 4624 3410 4679; x_wconf 89' lang='lat' dir='ltr'><strong>quam</strong></span> <span class='ocrx_word' id='word_1_826' title='bbox 3435 4625 3634 4662; x_wconf 90' lang='lat' dir='ltr'><strong>omnes</strong></span> 
     </span>
    </p>
   </div>
   <div class='ocr_carea' id='block_1_108' title="bbox 1937 4695 3636 4766">
    <p class='ocr_par' dir='ltr' id='par_1_108' title="bbox 1937 4695 3636 4766">
     <span class='ocr_line' id='line_1_108' title="bbox 1937 4695 3636 4766; baseline 0 -16"><span class='ocrx_word' id='word_1_827' title='bbox 1937 4697 2169 4750; x_wconf 77' lang='lat' dir='ltr'><strong>credant</strong></span> <span class='ocrx_word' id='word_1_828' title='bbox 2203 4702 2258 4750; x_wconf 87' lang='lat' dir='ltr'><strong>et</strong></span> <span class='ocrx_word' id='word_1_829' title='bbox 2305 4696 2446 4750; x_wconf 90' lang='lat' dir='ltr'><strong>salvi</strong></span> <span class='ocrx_word' id='word_1_830' title='bbox 2497 4697 2656 4762; x_wconf 82' lang='lat' dir='ltr'><strong>ﬁant,</strong></span> <span class='ocrx_word' id='word_1_831' title='bbox 2693 4711 2871 4766; x_wconf 90' lang='lat' dir='ltr'><strong>usque</strong></span> <span class='ocrx_word' id='word_1_832' title='bbox 2928 4695 2996 4749; x_wconf 87' lang='lat' dir='ltr'><strong>ad</strong></span> <span class='ocrx_word' id='word_1_833' title='bbox 3043 4703 3295 4750; x_wconf 85' lang='lat' dir='ltr'><strong>extrema</strong></span> <span class='ocrx_word' id='word_1_834' title='bbox 3346 4702 3514 4752; x_wconf 57' lang='lat' dir='ltr'><strong>terra;</strong></span> <span class='ocrx_word' id='word_1_835' title='bbox 3563 4698 3636 4752; x_wconf 82' lang='lat' dir='ltr'><strong>fa-</strong></span> 
     </span>
    </p>
   </div>
   <div class='ocr_carea' id='block_1_109' title="bbox 1937 4784 3631 4855">
    <p class='ocr_par' dir='ltr' id='par_1_109' title="bbox 1937 4784 3631 4855">
     <span class='ocr_line' id='line_1_109' title="bbox 1937 4784 3631 4855; baseline 0.001 -17"><span class='ocrx_word' id='word_1_836' title='bbox 1937 4785 2052 4839; x_wconf 91' lang='lat' dir='ltr'><strong>cias</strong></span> <span class='ocrx_word' id='word_1_837' title='bbox 2106 4785 2425 4855; x_wconf 80' lang='lat' dir='ltr'><strong>pervenire.</strong></span> <span class='ocrx_word' id='word_1_838' title='bbox 2470 4784 2747 4855; x_wconf 90' lang='lat' dir='ltr'><strong>Quodque</strong></span> <span class='ocrx_word' id='word_1_839' title='bbox 2779 4784 3070 4854; x_wconf 90' lang='lat' dir='ltr'><strong>sequitur:</strong></span> <span class='ocrx_word' id='word_1_840' title='bbox 3105 4787 3365 4852; x_wconf 80' lang='lat' dir='ltr'><strong>Magnum</strong></span> <span class='ocrx_word' id='word_1_841' title='bbox 3407 4787 3512 4840; x_wconf 88' lang='lat' dir='ltr'><strong>tibi</strong></span> <span class='ocrx_word' id='word_1_842' title='bbox 3534 4793 3631 4849; x_wconf 83' lang='lat' dir='ltr'><strong>est,</strong></span> 
     </span>
    </p>
   </div>
   <div class='ocr_carea' id='block_1_110' title="bbox 1938 4873 3631 4944">
    <p class='ocr_par' dir='ltr' id='par_1_110' title="bbox 1938 4873 3631 4944">
     <span class='ocr_line' id='line_1_110' title="bbox 1938 4873 3631 4944; baseline -0.001 -17"><span class='ocrx_word' id='word_1_843' title='bbox 1938 4880 1998 4928; x_wconf 90' lang='lat' dir='ltr'><strong>ut</strong></span> <span class='ocrx_word' id='word_1_844' title='bbox 2017 4877 2217 4928; x_wconf 85' lang='lat' dir='ltr'><strong>voceris</strong></span> <span class='ocrx_word' id='word_1_845' title='bbox 2246 4890 2382 4942; x_wconf 86' lang='lat' dir='ltr'><strong>puer</strong></span> <span class='ocrx_word' id='word_1_846' title='bbox 2405 4888 2571 4927; x_wconf 87' lang='lat' dir='ltr'><strong>meus.</strong></span> <span class='ocrx_word' id='word_1_847' title='bbox 2606 4873 2874 4944; x_wconf 85' lang='lat' dir='ltr'><strong>Magnum</strong></span> <span class='ocrx_word' id='word_1_848' title='bbox 2928 4873 3174 4927; x_wconf 82' lang='lat' dir='ltr'><strong>refertur</strong></span> <span class='ocrx_word' id='word_1_849' title='bbox 3214 4874 3281 4927; x_wconf 89' lang='lat' dir='ltr'><strong>ad</strong></span> <span class='ocrx_word' id='word_1_850' title='bbox 3312 4874 3631 4938; x_wconf 89' lang='lat' dir='ltr'><strong>hominem,</strong></span> 
     </span>
    </p>
   </div>
   <div class='ocr_carea' id='block_1_111' title="bbox 1938 4961 3634 5033">
    <p class='ocr_par' dir='ltr' id='par_1_111' title="bbox 1938 4961 3634 5033">
     <span class='ocr_line' id='line_1_111' title="bbox 1938 4961 3634 5033; baseline -0.002 -17"><span class='ocrx_word' id='word_1_851' title='bbox 1938 4967 1997 5016; x_wconf 87' lang='lat' dir='ltr'><strong>et</strong></span> <span class='ocrx_word' id='word_1_852' title='bbox 2024 4963 2092 5016; x_wconf 91' lang='lat' dir='ltr'><strong>ad</strong></span> <span class='ocrx_word' id='word_1_853' title='bbox 2126 4979 2389 5032; x_wconf 87' lang='lat' dir='ltr'><strong>puerum,</strong></span> <span class='ocrx_word' id='word_1_854' title='bbox 2419 4961 2518 5033; x_wconf 90' lang='lat' dir='ltr'><strong>qui</strong></span> <span class='ocrx_word' id='word_1_855' title='bbox 2551 4961 2980 5032; x_wconf 87' lang='lat' dir='ltr'><strong>comparatione</strong></span> <span class='ocrx_word' id='word_1_856' title='bbox 3020 4962 3121 5015; x_wconf 89' lang='lat' dir='ltr'><strong>Dei</strong></span> <span class='ocrx_word' id='word_1_857' title='bbox 3153 4975 3359 5031; x_wconf 86' lang='lat' dir='ltr'><strong>parvus</strong></span> <span class='ocrx_word' id='word_1_858' title='bbox 3408 4965 3508 5014; x_wconf 90' lang='lat' dir='ltr'><strong>est.</strong></span> <span class='ocrx_word' id='word_1_859' title='bbox 3534 4961 3634 5014; x_wconf 86' lang='lat' dir='ltr'><strong>Illa</strong></span> 
     </span>
    </p>
   </div>
   <div class='ocr_carea' id='block_1_112' title="bbox 1937 5049 3631 5122">
    <p class='ocr_par' dir='ltr' id='par_1_112' title="bbox 1937 5049 3631 5122">
     <span class='ocr_line' id='line_1_112' title="bbox 1937 5049 3631 5122; baseline 0 -20"><span class='ocrx_word' id='word_1_860' title='bbox 1937 5067 2071 5104; x_wconf 89' lang='lat' dir='ltr'><strong>vero</strong></span> <span class='ocrx_word' id='word_1_861' title='bbox 2100 5051 2430 5104; x_wconf 78' lang='lat' dir='ltr'><strong>testimonia</strong></span> <span class='ocrx_word' id='word_1_862' title='bbox 2463 5067 2612 5122; x_wconf 64' lang='lat' dir='ltr'><strong>quae,</strong></span> <span class='ocrx_word' id='word_1_863' title='bbox 2646 5057 2706 5105; x_wconf 91' lang='lat' dir='ltr'><strong>ut</strong></span> <span class='ocrx_word' id='word_1_864' title='bbox 2738 5050 3026 5105; x_wconf 85' lang='lat' dir='ltr'><strong>unitatem</strong></span> <span class='ocrx_word' id='word_1_865' title='bbox 3059 5052 3335 5115; x_wconf 80' lang='lat' dir='ltr'><strong>ﬁrmares,</strong></span> <span class='ocrx_word' id='word_1_866' title='bbox 3369 5049 3526 5102; x_wconf 87' lang='lat' dir='ltr'><strong>inani</strong></span> <span class='ocrx_word' id='word_1_867' title='bbox 3551 5049 3631 5102; x_wconf 86' lang='lat' dir='ltr'><strong>la-</strong></span> 
     </span>
    </p>
   </div>
   <div class='ocr_carea' id='block_1_113' title="bbox 1939 5139 3630 5210">
    <p class='ocr_par' dir='ltr' id='par_1_113' title="bbox 1939 5139 3630 5210">
     <span class='ocr_line' id='line_1_113' title="bbox 1939 5139 3630 5210; baseline -0.002 -16"><span class='ocrx_word' id='word_1_868' title='bbox 1939 5141 2077 5194; x_wconf 90' lang='lat' dir='ltr'><strong>bore</strong></span> <span class='ocrx_word' id='word_1_869' title='bbox 2110 5140 2368 5209; x_wconf 89' lang='lat' dir='ltr'><strong>posuisti,</strong></span> <span class='ocrx_word' id='word_1_870' title='bbox 2405 5141 2646 5210; x_wconf 90' lang='lat' dir='ltr'><strong>legendo</strong></span> <span class='ocrx_word' id='word_1_871' title='bbox 2675 5139 3046 5206; x_wconf 89' lang='lat' dir='ltr'><strong>advertimus,</strong></span> <span class='ocrx_word' id='word_1_872' title='bbox 3081 5145 3137 5193; x_wconf 92' lang='lat' dir='ltr'><strong>et</strong></span> <span class='ocrx_word' id='word_1_873' title='bbox 3164 5139 3328 5193; x_wconf 90' lang='lat' dir='ltr'><strong>nobis</strong></span> <span class='ocrx_word' id='word_1_874' title='bbox 3357 5153 3630 5208; x_wconf 89' lang='lat' dir='ltr'><strong>congrua,</strong></span> 
     </span>
    </p>
   </div>
   <div class='ocr_carea' id='block_1_114' title="bbox 1940 5226 3629 5298">
    <p class='ocr_par' dir='ltr' id='par_1_114' title="bbox 1940 5226 3629 5298">
     <span class='ocr_line' id='line_1_114' title="bbox 1940 5226 3629 5298; baseline -0.001 -17"><span class='ocrx_word' id='word_1_875' title='bbox 1940 5244 2056 5281; x_wconf 89' lang='lat' dir='ltr'><strong>non</strong></span> <span class='ocrx_word' id='word_1_876' title='bbox 2085 5228 2322 5283; x_wconf 87' lang='lat' dir='ltr'><strong>adversa</strong></span> <span class='ocrx_word' id='word_1_877' title='bbox 2372 5227 2760 5298; x_wconf 66' lang='lat' dir='ltr'><strong>praevidimus.</strong></span> <span class='ocrx_word' id='word_1_878' title='bbox 2808 5228 2952 5291; x_wconf 89' lang='lat' dir='ltr'><strong>Quia</strong></span> <span class='ocrx_word' id='word_1_879' title='bbox 2995 5243 3113 5281; x_wconf 90' lang='lat' dir='ltr'><strong>non</strong></span> <span class='ocrx_word' id='word_1_880' title='bbox 3169 5231 3282 5281; x_wconf 87' lang='lat' dir='ltr'><strong>tres</strong></span> <span class='ocrx_word' id='word_1_881' title='bbox 3329 5226 3465 5280; x_wconf 88' lang='lat' dir='ltr'><strong>deos</strong></span> <span class='ocrx_word' id='word_1_882' title='bbox 3494 5227 3629 5280; x_wconf 91' lang='lat' dir='ltr'><strong>coli-</strong></span> 
     </span>
    </p>
   </div>
   <div class='ocr_carea' id='block_1_115' title="bbox 2007 5372 2426 5436">
    <p class='ocr_par' dir='ltr' id='par_1_115' title="bbox 2007 5372 2426 5436">
     <span class='ocr_line' id='line_1_115' title="bbox 2007 5372 2426 5436; baseline 0 -11"><span class='ocrx_word' id='word_1_883' title='bbox 2007 5380 2030 5405; x_wconf 81' lang='lat'><strong><em>°</em></strong></span> <span class='ocrx_word' id='word_1_884' title='bbox 2070 5372 2158 5436; x_wconf 81' lang='lat' dir='ltr'><strong>M.,</strong></span> <span class='ocrx_word' id='word_1_885' title='bbox 2179 5373 2426 5426; x_wconf 81' lang='lat' dir='ltr'><strong>narravi.</strong></span> 
     </span>
    </p>
   </div>
   <div class='ocr_carea' id='block_1_116' title="bbox 2011 5441 3634 5512">
    <p class='ocr_par' dir='ltr' id='par_1_116' title="bbox 2011 5441 3634 5512">
     <span class='ocr_line' id='line_1_116' title="bbox 2011 5441 3634 5512; baseline -0.001 -16"><span class='ocrx_word' id='word_1_886' title='bbox 2011 5441 2028 5476; x_wconf 71' lang='grc' dir='ltr'><em>τ</em></span> <span class='ocrx_word' id='word_1_887' title='bbox 2065 5441 2188 5506; x_wconf 83' lang='lat' dir='ltr'><strong>Ms.,</strong></span> <span class='ocrx_word' id='word_1_888' title='bbox 2220 5443 2331 5498; x_wconf 85' lang='lat' dir='ltr'><strong>EO.</strong></span> <span class='ocrx_word' id='word_1_889' title='bbox 2367 5441 2740 5497; x_wconf 90' lang='lat' dir='ltr'><strong>Scribendum</strong></span> <span class='ocrx_word' id='word_1_890' title='bbox 2777 5446 2968 5512; x_wconf 85' lang='lat' dir='ltr'><strong>autem</strong></span> <span class='ocrx_word' id='word_1_891' title='bbox 3009 5443 3100 5495; x_wconf 92' lang='lat' dir='ltr'><strong>L0</strong></span> <span class='ocrx_word' id='word_1_892' title='bbox 3146 5455 3248 5510; x_wconf 91' lang='lat' dir='ltr'><strong>per</strong></span> <span class='ocrx_word' id='word_1_893' title='bbox 3293 5442 3355 5506; x_wconf 90' lang='lat' dir='ltr'><strong>L,</strong></span> <span class='ocrx_word' id='word_1_894' title='bbox 3387 5456 3504 5495; x_wconf 90' lang='lat' dir='ltr'><strong>non</strong></span> <span class='ocrx_word' id='word_1_895' title='bbox 3534 5458 3634 5512; x_wconf 86' lang='lat' dir='ltr'><strong>per</strong></span> 
     </span>
    </p>
   </div>
   <div class='ocr_carea' id='block_1_117' title="bbox 1941 5511 3631 5592">
    <p class='ocr_par' dir='ltr' id='par_1_117' title="bbox 1941 5511 3631 5592">
     <span class='ocr_line' id='line_1_117' title="bbox 1941 5511 3631 5592; baseline 0 -26"><span class='ocrx_word' id='word_1_896' title='bbox 1941 5515 2004 5578; x_wconf 89' lang='lat' dir='ltr'><strong>E,</strong></span> <span class='ocrx_word' id='word_1_897' title='bbox 2039 5512 2284 5592; x_wconf 76' lang='lat' dir='ltr'><strong>ipsemet</strong></span> <span class='ocrx_word' id='word_1_898' title='bbox 2329 5529 2597 5592; x_wconf 42' lang='lat' dir='ltr'><strong>namque.</strong></span> <span class='ocrx_word' id='word_1_899' title='bbox 2627 5516 2825 5566; x_wconf 87' lang='lat' dir='ltr'><strong>auctor</strong></span> <span class='ocrx_word' id='word_1_900' title='bbox 2865 5511 3114 5566; x_wconf 84' lang='lat' dir='ltr'><strong>aflirmat</strong></span> <span class='ocrx_word' id='word_1_901' title='bbox 3156 5513 3340 5566; x_wconf 87' lang='lat' dir='ltr'><strong>Lamet</strong></span> <span class='ocrx_word' id='word_1_902' title='bbox 3385 5511 3631 5583; x_wconf 79' lang='lat' dir='ltr'><strong>primam</strong></span> 
     </span>
    </p>
   </div>
   <div class='ocr_carea' id='block_1_118' title="bbox 1941 5583 2646 5638">
    <p class='ocr_par' dir='ltr' id='par_1_118' title="bbox 1941 5583 2646 5638">
     <span class='ocr_line' id='line_1_118' title="bbox 1941 5583 2646 5638; baseline -0.001 -2"><span class='ocrx_word' id='word_1_903' title='bbox 1941 5600 2060 5637; x_wconf 88' lang='lat' dir='ltr'><strong>esse</strong></span> <span class='ocrx_word' id='word_1_904' title='bbox 2084 5583 2335 5638; x_wconf 88' lang='lat' dir='ltr'><strong>littera</strong></span> <span class='ocrx_word' id='word_1_905' title='bbox 2367 5583 2646 5638; x_wconf 88' lang='lat' dir='ltr'><strong>dictionis.</strong></span> 
     </span>
    </p>
   </div>
  </div>
