4098 6180
373 300 478 356 499

1792 285 2052 344 ALVARI
2087 283 2585 344 CORDUBENSIS.

3764 276 3866 326 500

375 452 523 503 mus,
558 433 655 489 sed
684 447 865 489 unum
894 430 956 485 in
975 429 1253 486 Trinitate
1280 427 1582 481 asserimus
1609 429 1666 479 et
1693 438 2050 478 veneramus.
2093 422 2138 473 A
2169 425 2556 491 exspectatum
2624 417 2882 472 Messiam
2939 415 3163 487 suscepi
3219 417 3508 485 pastorem
3559 417 3865 466 aeternum.

376 525 557 590 Quem
578 523 682 578 tibi
712 523 941 576 firmare
971 535 1274 590 possumus
1321 515 1539 570 idoneis
1569 515 1830 578 testibus,
1864 517 1921 566 et
1949 512 2066 565 elo-

377 614 526 685 quiis
569 611 979 682 prophetarum
1034 607 1396 662 tonantibus:
1461 607 1742 659 Faciamus
1794 604 2069 655 “hominem

376 703 450 755 ad
469 702 785 767 imaginem,
818 704 869 753 et
910 697 1324 752 similitudinem
1357 699 1615 758 nostram,
1661 692 1742 744 ait
1780 691 2069 759 Scriptura

375 790 566 844 divina
599 789 751 855 (Gen.
785 786 961 857 1,26).
999 787 1064 838 Et
1113 790 1170 838 ut
1221 800 1337 836 non
1387 783 1454 835 ad
1500 782 1734 850 angelos
1783 780 1888 832 ista
1942 793 2066 842 vox,

379 879 473 932 sed
507 878 574 930 ad
607 877 810 931 Filium
843 875 1206 938 formaretur,
1242 888 1371 924 mox
1399 870 1649 923 addidit:
1684 871 1754 923 Et
1773 869 1901 929 fecit
1933 870 2069 921 Deus

377 968 659 1031 hominem,
691 965 764 1018 ad
807 955 1094 1029 imaginem
1125 963 1218 1014 Dei
1265 963 1394 1026 fecit
1439 959 1612 1011 illum.
1657 957 1821 1020 Audi,
1856 956 2070 1026 perlide

378 1060 436 1108 et
469 1053 598 1108 tidei
647 1057 853 1106 sanctas
895 1051 1148 1113 adverse,
1193 1050 1367 1101 Deum
1408 1047 1712 1099 facientem
1751 1045 1821 1098 ad
1869 1041 2069 1112 imagi-

382 1159 513 1196 nem
563 1141 682 1209 Dei,
732 1147 789 1193 et
835 1155 1115 1207 cognosce
1149 1135 1438 1190 Trinitatis
1472 1133 1808 1203 mysterium
1857 1132 1915 1184 in
1959 1136 2069 1183 tua:

379 1231 682 1285 creationis
741 1228 1110 1298 principium.
1194 1225 1361 1279 Verbo
1423 1225 1657 1286 Domini,
1731 1221 1810 1274 ait
1878 1219 2069 1284 David,

381 1322 504 1374 caeli
554 1321 760 1385 ﬁrmati
812 1323 957 1380 sunt,
1007 1321 1056 1369 et
1113 1316 1314 1382 spiritu
1363 1315 1472 1366 oris
1518 1314 1633 1378 ejus
1690 1311 1860 1363 omnis
1899 1311 2072 1360 virtus

381 1425 560 1463 eorum
593 1407 756 1476 (Psal.
793 1423 848 1472 ιι,
903 1409 980 1469 6).
1030 1404 1118 1457 Sic
1143 1409 1197 1454 et.
1226 1401 1396 1455 Isaias
1442 1406 1631 1452 vatum
1665 1413 1838 1468 quam
1891 1396 2074 1448 maxi-

382 1515 474 1552 me
522 1498 743 1567 primus
790 1501 876 1547 ter
920 1497 1136 1547 sanctus
1189 1497 1453 1560 repetens
1501 1489 1626 1558 (Isa.
1684 1503 1755 1551 vr,
1809 1488 1902 1552 3.),
1950 1485 2075 1538 Tri—

381 1586 620 1640 nitatem
672 1583 1058 1645 demonstrat;
1119 1579 1218 1632 sed
1270 1579 1553 1632 Dominum
1595 1576 1786 1640 Deum,
1845 1580 1900 1628 et
1958 1588 2075 1626 non

387 1673 610 1728 Domini
647 1672 744 1725 Dei
775 1670 1036 1735 dicendo,
1069 1668 1345 1721 unitatem
1371 1665 1636 1719 declarat.

453 1765 504 1814 9.
538 1762 744 1814 Verum
775 1759 916 1829 quid
948 1757 1090 1810 mihi
1123 1772 1268 1825 opus
1298 1760 1382 1808 est
1411 1755 1470 1807 in
1503 1769 1562 1806 re
1608 1755 1717 1806 tam
1755 1755 1952 1821 aperta
1980 1749 2078 1804 diu

384 1849 712 1913 consistere,
746 1863 875 1918 quae
916 1863 1032 1899 non
1078 1846 1247 1898 unius
1269 1842 1598 1908 voluminis,
1635 1841 1731 1893 sed
1768 1840 2078 1892 multorum

385 1943 762 1992 monumenta
797 1934 1157 1989 voluminum
1190 1933 1356 1986 debet
1380 1931 1674 1985 continere
1697 1929 1723 1982 ?
1769 1928 1913 1982 Illud
1943 1942 2078 1980 sane

384 2025 631 2080 breviter
660 2024 944 2090 intimam,
985 2021 1119 2092 quia
1151 2021 1196 2074 si
1231 2021 1404 2074 totius
1432 2019 1572 2088 legis
1612 2018 1904 2071 historiam
1943 2033 2076 2070 ven-

385 2114 552 2168 tilare
598 2111 874 2166 acerrime
905 2109 1169 2176 volueris,
1203 2113 1303 2161 aut
1345 2108 1557 2160 trinum
1592 2108 1769 2160 Deum
1802 2105 2078 2170 credebis,

387 2208 485 2256 aut
521 2201 856 2256 idololatriae
890 2215 1082 2251 errore
1103 2199 1312 2250 multos
1339 2202 1395 2248 et
1428 2197 1620 2265 plures
1652 2194 1904 2248 induces.
1939 2195 2080 2248 Cum

387 2295 444 2345 et
479 2292 748 2357 faciamus
803 2294 859 2340 et
903 2286 1311 2350 descendamus,
1368 2290 1424 2338 et
1474 2286 1595 2352 quis
1652 2285 1751 2336 ibit
1801 2283 1976 2347 nobis,
2028 2287 2084 2333 et

388 2380 498 2432 alia
530 2393 702 2449 quam
754 2375 1023 2446 plurima,
1083 2374 1143 2426 in
1179 2374 1443 2426 litterulis
1493 2371 1804 2442 pel-legeris
1862 2370 2078 2423 sacris:

391 2468 528 2521 dum
561 2472 615 2519 et
648 2468 823 2519 Deum
858 2481 890 2516 a
921 2465 1034 2516 Deo
1084 2463 1320 2515 missum
1367 2461 1428 2514 in
1460 2462 1728 2514 Zacharia
1776 2458 2078 2517 inveneris,

390 2561 448 2609 et
495 2555 880 2625 pluralitatem
930 2553 1168 2605 deorum
1197 2562 1219 2586 ³
1251 2551 1309 2602 in
1340 2549 1531 2603 multis
1581 2548 1888 2602 adverteris
1922 2547 2080 2600 locis.

391 2643 550 2708 Quod
582 2642 769 2695 studio
819 2639 1113 2694 brevitatis
1153 2638 1254 2690 tibi
1303 2637 1686 2707 perquirenda
1717 2635 2082 2700 dimittimus,

394 2737 457 2784 ut
485 2731 682 2784 audias
713 2736 766 2782 et
797 2733 1001 2792 taceas,
1037 2731 1098 2779 ut
1128 2727 1412 2795 intelligas
1459 2731 1514 2778 et
1552 2726 1629 2778 sic
1681 2725 1949 2794 loquaris.
1981 2724 2084 2776 Ve-

393 2820 587 2873 nimus
627 2818 697 2870 ad
749 2817 1006 2886 epilogos
1057 2821 1204 2878 tuos,
1251 2814 1305 2868 id
1353 2819 1434 2866 est
1483 2813 1552 2866 ad
1621 2813 1922 2866 maledicta
1966 2817 2080 2874 tua,

396 2908 489 2962 ubi
536 2923 626 2960 me
677 2907 949 2958 miserum
985 2920 1165 2967 vocas,
1206 2908 1263 2956 et
1300 2902 1508 2955 oblitus
1538 2901 1744 2954 veteris
1777 2899 2084 2971 proverbii,

2118 1719 2157 1770 Β

2175 511 2322 564 Dum
2379 509 2534 564 enim
2589 507 2728 560 dicis
2778 520 3059 561 conversus
3106 520 3179 570 es,
3230 502 3482 557 ostendis
3537 500 3688 572 quod
3753 513 3870 552 non

2175 615 2333 667 gens,
2379 597 2475 652 sed
2525 597 2772 667 populus
2821 595 2924 659 fui,
2983 594 3083 665 qui
3132 597 3322 647 tecum
3379 591 3558 644 multo
3607 595 3869 659 tempore

2174 686 2430 741 Messiam
2458 685 2898 754 Rcdemptorvm
2925 682 3182 736 omnium
3211 677 3547 750 exspectavi.

2251 777 2332 829 lO.
2370 775 2534 828 Vides
2579 773 2716 844 quia
2757 789 2914 826 casso
2958 771 3198 836 laboras,
3243 770 3379 822 dum
3429 767 3568 820 nihil
3609 764 3786 832 vides,
3818 766 3875 816 et

2176 863 2394 935 palpas,
2435 863 2569 916 dum
2617 867 2713 915 tua
2751 866 2814 915 tu
2846 861 2965 930 ipse
3013 859 3162 912 dicta
3209 858 3533 926 impugnas.
3587 855 3711 907 Jam
3757 867 3874 906 non

2177 954 2318 1008 mihi
2372 951 2651 1022 promissa
2719 954 2776 1003 et
2848 946 3321 1018 repromissiones
3377 957 3666 1014 opponas:
3731 957 3872 1011 gen-

2176 1048 2372 1114 tesque
2397 1056 2589 1094 coram
2625 1039 2736 1092 Deo
2767 1053 2960 1091 exosas
2990 1042 3046 1090 et
3075 1033 3483 1104 improbabiles
3518 1032 3705 1086 dicas:
3738 1029 3877 1100 quia

2179 1148 2295 1186 non
2337 1147 2428 1184 me
2468 1134 2718 1200 gentem,
2754 1135 2849 1181 sed
2895 1127 3158 1180 Judaeum
3215 1124 3538 1176 conﬁrmas.
3587 1120 3732 1174 Illud
3785 1135 3880 1171 au-

2177 1225 2293 1274 tem
2331 1219 2478 1289 quod
2519 1219 2588 1271 de
2627 1219 2814 1271 cloaca
2865 1214 3074 1268 ventris
3118 1211 3202 1266 tui
3257 1210 3532 1264 ructando
3577 1208 3792 1274 educis,
3822 1211 3881 1260 et

2179 1313 2413 1380 spargat
2442 1311 2467 1350 ι)
2490 1306 2656 1361 fallea
2686 1305 2746 1358 in
2782 1305 3222 1373 Redemptorem
3253 1299 3609 1369 conjiciendo
3641 1298 3878 1367 adspar-

2182 1398 2290 1468 gis,
2311 1397 2496 1450 cordis
2527 1395 2610 1448 tui
2641 1394 2975 1447 thesaurum
3007 1391 3294 1455 ostendis;
3329 1389 3464 1458 quia
3505 1389 3681 1441 malus
3725 1387 3881 1440 homo

2181 1487 2246 1539 de
2276 1487 2414 1538 malo
2442 1485 2690 1536 thesauro
2716 1483 2930 1550 pro/ert
2958 1497 3026 1536 ea
3065 1495 3184 1547 qua
3214 1483 3340 1531 sunt
3382 1477 3594 1544 (Matth.
3631 1491 3726 1539 xu,
3757 1478 3879 1541 35),

2181 1579 2231 1627 et
2285 1575 2458 1627 omnis
2509 1571 2672 1624 arbor
2721 1571 2865 1623 mala
2919 1571 3135 1635 fructus
3208 1567 3376 1620 malos
3445 1567 3585 1631 facit
3645 1563 3880 1630 (Matth.

2187 1679 2282 1729 vn,
2321 1664 2425 1728 t7).
2470 1662 2679 1714 Fatuus
2723 1662 2885 1722 enim,
2913 1659 3074 1728 juxta
3124 1657 3348 1712 Isaiam.
3391 1657 3553 1720 fatua
3591 1652 3881 1720 loquitur;

2188 1759 2238 1808 et
2268 1769 2360 1807 cor
2389 1753 2503 1820 ejus
2535 1766 2677 1804 vana
2727 1750 3010 1816 intelliget,
3049 1752 3108 1801 ut
3155 1747 3416 1814 compleat
3458 1746 3797 1812 iniquitates,
3832 1745 3886 1793 et

2187 1845 2441 1913 loquatur
2485 1845 2672 1894 contra
2705 1841 2997 1892 Dominum
3033 1837 3374 1890 mendacium
3423 1834 3556 1903 (Isa.
3594 1848 3764 1895 xxxu,
3803 1830 3880 1893 6).

2188 1931 2287 1984 Ille
2319 1931 2587 1999 loquatur
2639 1927 2939 1997 spurcitias
2986 1924 3300 1978 secundum
3346 1923 3755 1992 Hieronymum
3805 1919 3888 1972 in-

2190 2019 2505 2090 quientem,
2531 2016 2629 2087 qui
2661 2020 2846 2086 potest
2875 2030 3079 2084 spurca
3101 2013 3477 2066 committere.
3512 2013 3570 2064 In
3597 2025 3695 2063 ore
3729 2007 3887 2061 enim

2189 2106 2348 2160 stulti
2378 2105 2539 2175 virga
2567 2103 2870 2174 superbiae.
2925 2102 3079 2156 Unde
3109 2110 3166 2155 et
3218 2101 3510 2154 Psalmista
3539 2099 3607 2152 de
3648 2103 3704 2150 te
3738 2096 3884 2150 tuis-

2190 2211 2300 2266 que
2331 2194 2611 2248 similibus
2651 2193 2821 2246 dicit:
2875 2193 3182 2245 Posuerunt
3236 2192 3294 2242 in
3333 2189 3457 2242 cwlo
3504 2203 3559 2242 os
3607 2202 3786 2249 suum,
3838 2189 3888 2237 et

2191 2286 2379 2350 lingua
2426 2298 2606 2337 eorum
2648 2283 2870 2335 transiit
2921 2295 3084 2349 super
3117 2284 3315 2332 terram
3347 2278 3515 2344 (Psal.
3576 2291 3741 2340 Lxxu,
3778 2277 3836 2340 9)
3870 2289 3882 2336 ;

2193 2374 2261 2427 de
2291 2372 2499 2441 quibus
2530 2377 2586 2424 et
2619 2370 2754 2423 alibi
2783 2369 2916 2422 dicit
2942 2385 2955 2422 :
3008 2367 3309 2436 Disperdat
3340 2368 3594 2419 Dominus
3626 2366 3891 2416 universa

2193 2463 2340 2514 labia
2371 2461 2572 2519 dolosa.
2629 2464 2679 2512 et
2709 2459 2954 2528 linguam
3006 2457 3412 2523 magniloquam
3462 2454 3624 2519 (Psal.
3660 2468 3733 2513 x1,
3798 2451 3884 2516 vi);

2193 2555 2249 2603 et
2267 2551 2411 2602 alter
2441 2552 2699 2601 econtra:
2735 2548 2852 2601 Non
2877 2547 3067 2613 recipit
3106 2547 3296 2610 fatuus
3350 2542 3511 2595 verba
3561 2540 3888 2609 prudentiae,

2192 2640 2304 2691 nisi
2332 2653 2394 2689 ra
2437 2637 2645 2688 dia-eris
2691 2650 2808 2702 quae
2858 2639 3144 2688 versantur
3199 2635 3258 2685 in
3321 2631 3477 2684 corde
3523 2629 3638 2698 r-jus
3696 2628 3888 2698 (Prov.

2195 2729 2452 2791 xvnl,2);
2481 2729 2535 2778 et
2579 2725 2700 2794 ipse
2752 2723 2851 2793 qui
2882 2737 3082 2791 supra:
3123 2721 3288 2785 Juda,
3346 2719 3482 2789 quid
3525 2720 3783 2785 gloriaris
3837 2718 3894 2768 in

2194 2816 2430 2878 malitia,
2464 2815 2560 2881 qui
2588 2818 2773 2882 potens
2803 2826 2856 2865 es
2895 2813 2951 2864 in
2998 2812 3345 2878 iniquitatem
3377 2812 3487 2861 tota
3535 2807 3669 2860 die?
3721 2806 3891 2874 (Psal.

2195 2919 2265 2968 LI,
2301 2903 2375 2973 3.)
2407 2904 2466 2955 Et
2496 2902 2666 2954 totius
2695 2899 2992 2971 sequentia
3027 2898 3231 2967 psalmi
3284 2913 3461 2966 usque
3501 2899 3551 2948 et
3592 2895 3891 2964 praevaluit

398 2996 538 3050 dum
567 2994 719 3048 aliud
744 2993 845 3056 ais,
875 2992 1090 3046 crimen
1119 2990 1491 3044 fortissimum
1521 2989 1746 3059 perdis:
1797 2989 2090 3042 Meudaces
2130 3016 2169 3069 ρ
2199 2994 2257 3044 in
2286 2993 2528 3044 vanitate
2555 3006 2675 3043 sua.
2733 2990 2841 3042 Ista
2889 2993 2972 3040 est
3019 2987 3278 3040 adversio
3312 2990 3515 3051 vestra,
3568 2989 3622 3036 et
3662 2995 3894 3035 conten-

399 3099 683 3138 memores
711 3099 832 3136 esse
864 3081 1088 3135 debere.
1121 3080 1359 3134 Sursum
1391 3082 1454 3131 ut
1485 3095 1575 3131 me
1607 3094 1722 3131 non
1754 3078 1957 3142 tilium,
1994 3077 2091 3131 sed

399 3180 630 3243 gentem
662 3173 935 3234 tirmares,
971 3169 1366 3223 testimonium
1396 3169 1554 3221 Isaiae
1590 3167 1868 3238 posuisti:
1901 3167 2090 3221 Omnes

398 3268 576 3330 gentes
607 3263 768 3329 quasi
797 3261 956 3313 stillae
975 3261 1170 3324 situlae,
1203 3263 1254 3310 et
1286 3259 1447 3324 quasi
1475 3272 1578 3309 non
1608 3258 1737 3309 sint.
1769 3256 1927 3309 Nunc
1959 3270 2090 3307 vero

399 3350 482 3401 tui
542 3350 751 3401 oblitus
801 3346 1081 3416 propositi
1132 3349 1183 3397 te
1238 3345 1424 3413 ipsum
1477 3343 1763 3412 infringis,
1822 3343 2089 3396 dicendo:

403 3441 570 3492 Deum
617 3439 712 3503 qui
787 3441 834 3488 te
895 3435 1080 3501 genuit
1125 3432 1467 3499 dereliquisti
1527 3433 1703 3499 (Deut.
1761 3446 1926 3494 xxxn,
1984 3429 2092 3498 18).

401 3526 459 3578 Si
491 3524 643 3576 enim
679 3538 768 3575 me
810 3521 1027 3587 genuit,
1066 3523 1227 3588 pater
1257 3534 1416 3571 meus
1444 3525 1546 3582 est,
1581 3525 1638 3572 et
1669 3535 1782 3571 non
1814 3523 1949 3571 estu
1971 3519 2095 3587 ejus

402 3613 558 3666 titius
606 3611 779 3662 solus.
809 3610 1148 3677 Quanquam
1165 3611 1222 3660 et
1254 3607 1540 3660 subtiliter
1581 3607 1716 3660 dum
1751 3605 2098 3676 primogeni-

404 3706 526 3754 tum
558 3699 724 3752 Israel
756 3697 922 3761 dicat,
965 3695 1106 3748 alios
1141 3700 1268 3764 post
1308 3695 1758 3766 primogenitum
1795 3712 1853 3747 se
1885 3695 2096 3749 habere

403 3788 668 3842 declarat.
715 3784 1137 3855 Primogenitus
1168 3784 1322 3837 enim
1356 3801 1470 3837 non
1512 3784 1718 3838 dicitur
1748 3783 1854 3836 nisi
1894 3783 2098 3837 fratres

405 3877 626 3936 habeat,
659 3890 902 3945 quorum
936 3873 1040 3926 iste
1073 3872 1146 3925 sit
1185 3873 1404 3941 primus
1432 3890 1444 3936 ;
1487 3878 1544 3926 et
1571 3873 1714 3926 bene
1749 3872 2096 3942 primogeni-

407 3970 515 4028 tus,
549 3979 665 4018 non
717 3963 1068 4031 unigenitus,
1119 3961 1304 4014 dictus
1353 3965 1452 4014 est.
1504 3960 1563 4014 Si
1613 3966 1803 4014 autem
1853 3976 2005 4020 eum.
2041 3964 2102 4013 ut

405 4053 564 4117 dicis,
610 4050 911 4121 dereliqui,
949 4054 1173 4103 constat
1202 4065 1291 4101 me
1325 4064 1454 4100 eum
1487 4051 1653 4101 antea
1707 4063 1901 4100 nosse:
1945 4047 2100 4117 quod

408 4141 624 4208 Israeli,
658 4155 774 4192 non
807 4138 1072 4206 gentibus
1102 4135 1407 4203 congruit:
1443 4136 1575 4204 quia
1616 4141 1815 4204 gentes
1847 4135 2099 4204 nonjam

408 4229 701 4298 cognitum
732 4227 1106 4295 reliquerunt,
1143 4224 1239 4277 sed
1274 4223 1531 4277 nondum
1551 4224 1842 4293 cognitum
1874 4239 2100 4276 assum-

2199 3082 2276 3135 tio
2311 3081 2473 3144 dura,
2506 3095 2632 3148 quae
2667 3094 2769 3131 nec
2799 3076 3074 3130 sacriﬁcio
3105 3075 3388 3144 expiatur,
3437 3091 3540 3126 nec
3570 3071 3777 3125 hostia.
3818 3072 3894 3124 De

2199 3187 2312 3240 qua
2337 3168 2616 3240 propheta
2641 3167 2751 3220 ait:
2803 3169 3083 3222 Peccatum
3113 3164 3283 3217 Juch
3331 3165 3596 3230 scriptum
3636 3166 3713 3214 est
3755 3161 3899 3226 stylo

2197 3262 2394 3334 ferreo,
2435 3260 2492 3310 in
2524 3271 2701 3323 ungue
2733 3255 3085 3309 adamantina
3110 3262 3396 3306 exaratum
3446 3253 3569 3319 (Jer.
3611 3266 3742 3315 xvn,
3781 3251 3896 3316 ll).

2206 3349 2273 3401 Ut
2321 3351 2375 3398 et
2422 3361 2524 3414 per
2572 3346 2788 3398 ferrum
2844 3348 2899 3396 et
2937 3359 3040 3413 per
3085 3340 3496 3395 indomabilem
3530 3339 3901 3392 adamantem

2202 3439 2549 3505 perpetuum
2579 3431 2924 3503 designaret.

2278 3526 2359 3575 ll.
2419 3522 2526 3576 Sed
2578 3521 2714 3592 quia
2769 3519 3023 3590 pollutus
3071 3518 3255 3572 multa
3301 3516 3520 3586 polluta
3579 3513 3790 3581 dixisti,
3847 3518 3907 3567 et.

2203 3608 2611 3663 contumeliam
2635 3607 2847 3661 summi
2880 3607 2978 3660 Dei
3001 3605 3171 3659 surda
3212 3621 3437 3674 nequeo
3472 3619 3608 3657 aure
3632 3601 3902 3664 transire,

2205 3699 2335 3752 audi
2375 3713 2504 3767 quae
2537 3697 2762 3762 veritas,
2798 3712 2916 3749 non
2947 3694 3230 3765 superbia,
3267 3694 3422 3747 dicit.
3456 3691 3622 3757 Audi,
3667 3690 3906 3744 inimice

2209 3787 2305 3840 Dei
2353 3785 2578 3850 excelsi,
2631 3785 2764 3838 audi
2810 3784 3143 3854 profanator
3187 3781 3331 3852 juris
3379 3780 3580 3846 divini,
3625 3779 3779 3842 audi,
3815 3795 3906 3831 sa-

2205 3875 2373 3928 crarii
2401 3884 2421 3908 °
2460 3875 2699 3927 violator
2730 3873 2931 3940 sancti,
2965 3871 3121 3936 audi,
3154 3886 3421 3924 vasorum
3457 3868 3684 3922 Domini
3726 3869 3904 3921 latro:

2207 3963 2341 4034 quia
2372 3963 2430 4016 in
2474 3967 2697 4014 tantum
2744 3976 2999 4030 unquam
3029 3961 3098 4013 de
3137 3957 3481 4013 Sodomitica
3522 3957 3688 4010 vinea
3735 3955 3904 4021 bibit,

2208 4058 2264 4105 et
2296 4052 2489 4104 vinum
2532 4049 2747 4114 livoris,
2791 4049 3100 4102 draconum
3148 4047 3529 4116 aspidumque
3575 4043 3793 4109 libavit,
3848 4049 3910 4098 ut

2208 4145 2270 4193 tu
2297 4139 2393 4208 qui
2428 4155 2598 4190 ausus
2626 4155 2684 4191 es
2737 4143 2936 4190 contra
2979 4136 3269 4188 Excelsum
3319 4134 3379 4186 in
3419 4132 3685 4202 superbia
3727 4133 3907 4186 extol-

2208 4227 2346 4292 lere,
2382 4231 2437 4279 et
2465 4243 2592 4279 cum
2625 4225 2854 4279 diabolo
2885 4224 3234 4278 calumniam
3269 4223 3408 4277 Filio
3445 4221 3544 4276 Dei
3575 4221 3909 4274 instruere?

410 4322 666 4387 pserunt.
708 4317 820 4368 Aut
867 4314 1021 4366 enim
1073 4329 1163 4365 me
1211 4313 1472 4366 Judaeum
1508 4311 1761 4365 lirmabis
1810 4318 1867 4365 et
1918 4313 2100 4365 tilium
2139 4311 2182 4364 D
2215 4315 2351 4378 Quis
2383 4331 2636 4386 unquam
2668 4320 2824 4368 tanta
2855 4313 3103 4368 cmcitate
3141 4327 3442 4381 percussus
3477 4315 3580 4375 est,
3626 4309 3728 4380 qui
3759 4309 3911 4363 dicat

412 4405 531 4470 Dei,
585 4408 647 4456 ut
696 4418 825 4455 eum
857 4401 954 4471 qui
1006 4417 1096 4454 me
1127 4400 1325 4470 genuit
1358 4399 1728 4469 dereliquisse
1779 4401 2102 4465 confirmes,

414 4497 509 4545 aut
541 4496 793 4561 gentem,
827 4495 884 4544 et
912 4496 966 4543 te
1007 4491 1065 4542 in
1094 4504 1298 4541 vanum
1331 4493 1534 4541 cuncta
1567 4487 1821 4557 posuisse
1863 4488 2100 4542 dolebis.

412 4580 520 4634 Sed
569 4587 629 4632 tu
681 4579 817 4632 dum
869 4575 1284 4630 invectionibus
1313 4581 1372 4628 et
1423 4576 1783 4628 contumeliis
1823 4581 1976 4629 totus
2007 4593 2105 4628 vo-

411 4667 648 4722 lutando
679 4666 940 4729 desudas,
972 4669 1097 4718 tuas
1141 4679 1250 4716 non
1301 4663 1540 4733 corrigis
1585 4679 1786 4732 nugas.
1835 4665 1999 4719 Vides
2052 4669 2107 4717 te

411 4757 717 4810 verborum
766 4759 996 4807 tuorum
1062 4752 1336 4806 lanternis
1386 4754 1660 4819 vinctum,
1722 4759 1939 4807 etnon
1995 4770 2110 4806 ara-

413 4861 653 4900 nearum
711 4841 1019 4906 cassiculis,
1077 4841 1172 4894 sed
1234 4839 1543 4894 fortissimo
1600 4846 1655 4894 et
1727 4842 1907 4894 solido
1956 4847 2107 4894 recte

414 4933 804 4989 constrictum.
842 4932 905 4984 Et
961 4946 1268 4984 conversus
1305 4945 1384 4995 es,
1415 4929 1518 4996 ais,
1554 4930 1623 4983 ad
1673 4930 1963 4984 hominem
2010 4947 2107 5000 pe-

412 5021 681 5076 riturum.
734 5020 940 5074 Eadem
987 5021 1140 5072 enim
1200 5019 1429 5089 repetis,
1471 5023 1527 5072 et
1581 5019 1948 5072 stoliditatem
1995 5025 2108 5073 tuae

413 5110 673 5181 segnitiae
705 5107 880 5162 semel
913 5124 1023 5161 non
1071 5107 1279 5161 sufﬁcit
1306 5107 1741 5161 demonstrasse.
1775 5108 1871 5160 Ais
1915 5107 2065 5160 enim
2093 5124 2105 5160 :

413 5201 707 5255 Conversus
753 5211 806 5251 es
859 5197 933 5250 ad
983 5198 1247 5250 hominem
1300 5197 1636 5264 periturum;
1690 5211 1825 5266 ergo
1871 5202 1933 5249 tu
1968 5196 2110 5249 mihi

415 5287 574 5341 testis
599 5302 678 5352 es,
707 5284 862 5356 quod
904 5284 1079 5337 Deum
1129 5283 1485 5337 adoraverim
1515 5283 1706 5337 vivum
1735 5299 1746 5337 :
1783 5300 1961 5354 usque
2011 5284 2110 5338 diu

486 5423 511 5447 ι
547 5411 880 5466 Trinitatem
910 5411 969 5465 in
993 5411 1128 5466 Deo.

487 5486 512 5526 δ
550 5485 786 5550 Spurca.

487 5562 507 5588 ε
547 5554 663 5616 Ms.,
683 5551 822 5621 jura
950 5553 1270 5607 sacrarium.

2217 4403 2559 4456 munditiam
2598 4402 2915 4472 pollutione
2958 4401 3108 4454 vinci
3131 4401 3208 4456 d?
3242 4402 3489 4463 Intuere,
3524 4398 3716 4465 miser,
3753 4398 3907 4468 quod

2215 4491 2414 4545 Phaabi
2462 4491 2608 4544 radii
2650 4491 2896 4544 cloacam
2938 4494 3258 4559 penetrant,
3309 4504 3413 4541 nec
3464 4492 3658 4540 tamen
3688 4492 3790 4539 aut
3824 4487 3908 4538 lu-

2216 4581 2370 4635 mine
2413 4580 2645 4650 proprio
2677 4587 2697 4613 °
2731 4583 2943 4646 carent,
2991 4583 3090 4631 aut
3120 4576 3547 4630 immunditiam
3577 4576 3783 4628 cloacas
3815 4591 3908 4626 su-

2218 4677 2398 4722 munt.
2431 4669 2581 4732 Quin
2607 4668 2796 4738 potius
2835 4667 3149 4721 exsiccatur
3179 4667 3388 4728 cloaca,
3426 4672 3482 4718 et
3522 4665 3657 4717 solis
3691 4664 3912 4716 lumina

2215 4774 2444 4828 semper
2471 4762 2808 4828 permanent
2836 4758 3006 4810 clara.
3039 4755 3198 4820 Quod
3231 4755 3275 4807 si
3308 4755 3508 4808 oculus
3549 4753 3700 4819 cceli,
3723 4754 3907 4806 famu-

2219 4848 2304 4899 lus
2333 4861 2504 4915 super
2533 4854 2681 4898 astra
2713 4845 2982 4910 tonantis,
3017 4845 3099 4898 sol
3130 4844 3250 4896 haec
3280 4843 3429 4907 facit,
3478 4846 3696 4912 quanto
3730 4840 3910 4908 magis

2217 4937 2310 4988 ille
2353 4936 2451 5005 qui
2482 4935 2660 4988 solem
2699 4934 2956 4988 creavit?
2997 4935 3058 4986 Et
3102 4932 3312 4986 difﬁdis
3365 4932 3433 4983 de
3478 4931 3575 4984 Dei
3628 4931 3905 4999 potentia,

2216 5025 2376 5094 cujus
2423 5040 2596 5094 opera
2642 5023 2898 5094 quotidie
2958 5021 3238 5092 conspicis
3295 5021 3479 5074 mira?
3537 5019 3682 5072 Dicis
3740 5017 3903 5083 mihi,

2217 5113 2506 5182 quomodo
2547 5128 2676 5166 caro
2714 5127 2944 5166 carnem
2987 5111 3205 5181 genuit,
3249 5115 3304 5163 et
3334 5109 3539 5162 violata
3588 5124 3707 5161 non
3741 5107 3906 5161 exsti-

2217 5201 2334 5255 tit?
2375 5201 2506 5255 Dico
2535 5201 2656 5268 tibi,
2691 5202 2936 5271 qualiter
2980 5200 3138 5268 virga
3174 5201 3362 5252 Aaron
3409 5213 3582 5251 nuces
3620 5197 3907 5266 produxit,

2218 5295 2274 5344 et
2302 5291 2555 5361 plantata
2587 5304 2704 5342 non
2749 5289 2857 5342 fuit
2907 5288 3151 5358 qualiter
3197 5287 3278 5343 sol
3321 5285 3646 5340 naturalem
3689 5290 3907 5338 motum

2288 5414 2315 5454 ἀ
2361 5413 2480 5473 Ms,
2514 5412 2738 5464 vinceri.

2287 5495 2310 5519 ε
2349 5483 2446 5538 Ms.
2476 5481 2656 5536 lumen
2684 5481 2984 5550 proprium.
