4098 6180
225 300 305 348 501
1756 301 2128 357 ΕΡῘδΤΟΙπΕ.

3592 314 3693 367 502

220 426 531 497 relinquens
551 467 567 493 ,
627 427 983 499 longiuscule
1060 428 1214 483 diem
1286 430 1527 485 lucendo
1581 432 1902 501 protraxit?
1937 436 1983 487 Α
2012 432 2112 486 alti
2142 432 2336 488 throni
2367 434 2632 489 manibus
2662 434 2934 489 fabricata
2964 439 3320 507 receptacula
3349 438 3550 495 vulvas.
3584 444 3705 495 Au-

222 516 495 581 Quomodo
530 516 701 569 maris
744 517 915 583 unda,
962 518 1198 571 ﬂuentia
1247 523 1465 573 natura:
1514 535 1633 573 sure
1695 520 1892 586 oblita,

220 605 404 659 erectis
444 605 821 675 marginibus,
869 606 1094 676 glaciali
1142 607 1332 677 rigore
1354 608 1612 661 solidatis
1642 608 1893 679 gurgiti-

217 695 329 759 bus,
360 700 423 748 ut
460 710 658 748 murus
690 694 888 750 ﬁrmus
919 695 1117 749 stetit?
1156 696 1412 759 Qualiter
1460 696 1641 763 asina,
1683 698 1893 751 animal

216 783 450 853 pecuale,
501 783 781 836 humanas
835 783 941 837 rite
995 784 1252 854 loquelas
1301 785 1611 855 produxit?
1675 785 1893 849 Quibus

215 871 381 925 modis
407 872 488 924 sol
511 888 612 941 per
637 871 955 941 orelegium
986 882 1007 907 ³
1041 872 1315 941 gradibus
1352 872 1683 942 quindecim
1736 879 1890 927 retro

215 976 264 1014 se
291 959 490 1013 vertit?
526 948 587 1014 Et
613 960 752 1013 dum
781 960 888 1013 ista
925 961 1120 1013 omnia
1150 977 1262 1014 non
1309 962 1744 1022 rationabiliter,
1792 962 1887 1015 sed

214 1048 586 1119 potentialiter
632 1049 777 1102 facta
814 1049 1169 1118 cognoveris,
1218 1049 1357 1102 velis
1403 1050 1553 1102 nolis
1604 1052 1629 1093 Β
1677 1050 1888 1103 invitus

212 1136 422 1191 silentio
453 1137 711 1207 linguam
760 1137 1143 1205 constringes.
1186 1139 1411 1191 Etcum
1462 1154 1560 1191 ore
1616 1139 1885 1208 pestifero

212 1226 375 1279 multa
423 1226 693 1296 pestifera
743 1227 902 1294 dicis,
950 1227 1087 1281 dum
1135 1243 1239 1296 per
1281 1226 1587 1296 virginalia
1642 1228 1887 1281 claustra

211 1314 591 1386 pollutumque
623 1320 874 1368 meatum
924 1316 1171 1385 propriis
1208 1315 1373 1369 labiis
1393 1316 1674 1370 osculasse
1723 1317 1885 1386 geni-

209 1402 330 1455 talia
356 1403 738 1473 astruis,quae
790 1402 1175 1457 inverecunda
1214 1405 1402 1458 fronte
1448 1421 1656 1474 procax
1711 1405 1885 1475 satius

206 1491 498 1561 protulisti,
529 1492 664 1545 dum
699 1494 895 1544 matris
938 1497 1049 1546 tua:
1089 1496 1447 1564 receptacula
1488 1499 1544 1547 et
1588 1494 1747 1547 sinus
1790 1494 1884 1547 in-

208 1586 379 1633 ternos
407 1581 593 1634 vulvae
622 1580 1027 1634 exsecrabilem
1056 1582 1407 1652 approbasti.
1439 1583 1607 1650 Audi,
1632 1584 1881 1648 sceleste,

207 1676 254 1723 et
291 1670 545 1723 omnium
593 1670 1045 1724 exsecrationum
1103 1671 1191 1724 vel
1248 1672 1741 1726 abominationum
1793 1689 1882 1726 re-

205 1760 361 1827 plete,
394 1758 630 1828 spiritus
663 1758 979 1826 immunde,
1013 1764 1069 1813 et
1110 1760 1395 1814 horrende
1448 1767 1619 1833 atque
1674 1777 1779 1831 per
1828 1766 1882 1815 te

206 1847 365 1899 Deum
391 1847 584 1899 vivum
616 1846 1015 1917 blasphemare
1057 1864 1115 1900 es
1144 1857 1164 1882 °
1221 1864 1409 1915 ausus,
1445 1854 1502 1902 et
1564 1865 1667 1919 per
1710 1865 1883 1903 vanas

203 1951 385 1989 vocum
428 1935 711 1989 novitates
763 1941 1151 1990 commentare
1192 1953 1250 1990 es
1292 1934 1319 1973 ἀ
1351 1938 1524 1991 nisus.
1588 1940 1774 2008 Atque
1820 1937 1882 1991 in

202 2023 381 2094 primis
427 2028 551 2077 toto
600 2039 836 2094 corpore
893 2030 1169 2092 tremens,
1230 2025 1394 2079 funes
1457 2031 1586 2079 tuos
1627 2027 1667 2094 θ]
1691 2027 1881 2080 oculos

203 2128 342 2166 meos
387 2112 708 2166 maledictis
735 2113 1082 2167 clamoribus
1115 2114 1346 2179 damno,
1382 2114 1519 2185 quia
1556 2115 1692 2168 talia
1744 2131 1880 2185 per-

203 2206 460 2268 ceperunt
491 2201 777 2270 legendo:
828 2202 872 2253 si
906 2201 1058 2255 enim
1109 2203 1279 2256 Isaias
1340 2204 1563 2274 polluta
1620 2203 1770 2257 labia
1822 2219 1880 2258 se

204 2288 388 2342 habere
419 2294 662 2342 testatus
694 2294 780 2342 est
798 2288 930 2360 (Isa.
963 2308 1035 2357 v1,
1088 2289 1160 2359 5),
1196 2290 1333 2361 quia
1361 2291 1421 2345 in
1452 2292 1636 2345 medio
1676 2292 1878 2361 populi

204 2380 398 2448 polluta
425 2379 583 2433 labia
619 2379 882 2433 habentis
913 2380 1238 2447 habitabat;
1276 2381 1414 2451 quid
1447 2382 1515 2435 de
1557 2397 1646 2434 me
1688 2381 1876 2435 dicen-

201 2468 320 2521 dum
356 2473 479 2533 'est,
529 2468 627 2538 qui
674 2484 789 2521 non
839 2470 1024 2522 solum
1067 2468 1270 2523 merito
1328 2470 1613 2540 exigente,
1680 2486 1877 2523 verum

202 2556 353 2609 etiam
388 2557 461 2611 ob
509 2561 635 2609 tuas
669 2556 905 2621 naenias,
962 2557 1420 2629 frivolorumque
1459 2557 1880 2611 commentitias

201 2642 419 2709 fabulas,
481 2659 625 2713 quas
702 2644 899 2709 oculis,
962 2645 1313 2715 auribusque
1367 2646 1580 2712 audivi,
1625 2646 1879 2716 pollutus

200 2729 469 2782 consisto?
506 2730 619 2793 Vae,
667 2745 773 2795 vae,
807 2746 888 2784 vte
924 2729 1050 2792 tibi,
1093 2730 1265 2783 miser
1305 2730 1521 2799 infelix,
1554 2732 1654 2801 qui
1699 2730 1877 2800 impie

199 2816 461 2871 discutere
496 2817 667 2871 audes
704 2834 875 2888 quem
908 2818 1079 2888 digne
1127 2835 1334 2890 rogare
1385 2836 1503 2874 non
1548 2821 1717 2873 vales.
1768 2820 1877 2875 Sed

199 2904 277 2958 dic
328 2907 515 2960 mihi:
558 2906 1053 2972 Adulterantibus,
1110 2911 1282 2977 atque
1310 2907 1487 2961 veluti
1545 2906 1679 2977 equi
1724 2906 1877 2960 insa-

199 2993 401 3047 nientes
462 2994 535 3048 ad
594 3010 795 3048 uxores
839 2994 1233 3065 proximorum
1291 2996 1747 3065 respicientibus,
1806 3010 1873 3049 ex

196 3082 304 3151 ipso
333 3082 555 3136 incestu
600 3083 962 3138 nascentibus
1011 3083 1147 3152 quia
1176 3099 1413 3153 corpora
1459 3084 1717 3150 fabricat,
1768 3083 1876 3153 spi-

196 3171 432 3242 ritusque
474 3171 663 3226 vitalis
695 3171 934 3227 tribuit?
982 3188 1173 3225 nonne
1211 3171 1395 3225 Deus?
1425 3172 1484 3225 Si
1542 3172 1689 3226 Deus
1734 3187 1871 3241 ergo

196 3275 295 3312 non
324 3261 514 3314 solum
549 3260 609 3313 in
638 3266 883 3313 stercore
911 3276 1116 3313 manus
1155 3260 1548 3330 plasmationis
1598 3276 1715 3313 suae
1762 3261 1871 3313 im-

197 3348 367 3413 mittit,
399 3365 604 3402 verum
641 3348 833 3413 etiam,
866 3349 1023 3418 quod
1054 3348 1218 3412 absit,
1255 3348 1539 3401 malorum
1592 3363 1873 3417 coopera-

196 3440 273 3489 tor
306 3438 496 3491 existit
535 3454 663 3491 cum
706 3438 775 3490 de
821 3437 923 3490 tali
974 3436 1319 3506 contagione
1353 3437 1718 3491 nascentibus
1749 3435 1873 3490 ani-

195 3526 352 3580 males
382 3527 771 3580 tribuitllatos
796 3525 833 3579 ‘.
866 3525 1024 3589 Quod
1059 3531 1253 3578 noster
1290 3526 1544 3594 prudens
1593 3541 1872 3595 magnus-

196 3628 289 3681 que
317 3615 700 3684 Hieronymus
730 3613 830 3667 tali
858 3613 963 3668 sub
994 3612 1178 3683 figura
1220 3612 1502 3683 exposuit,
1532 3618 1595 3666 ut
1628 3612 1871 3667 sementi

194 3701 324 3755 truta
367 3703 595 3756 sublata
634 3701 805 3755 sulcis
850 3701 1035 3755 indita
1074 3705 1451 3772 compararet.
1505 3704 1593 3754 An
1632 3701 1866 3766 idcirco,

194 3789 276 3855 ait,
331 3795 482 3845 terra
526 3790 869 3845 fructiﬁcare
916 3790 1018 3844 tali
1071 3789 1288 3843 satione
1344 3806 1459 3843 non
1493 3789 1682 3854 debet,
1733 3789 1870 3859 quia

194 3883 329 3932 sator
356 3896 421 3933 ea
447 3892 479 3934 ε
507 3879 807 3933 immunda
826 3878 1137 3950 projecerit
1165 3894 1338 3932 manu
1350 3880 1597 3949 ?.verum
1621 3893 1741 3931 non
1760 3878 1870 3932 ista

191 3965 268 4020 hic
291 3968 585 4022 tractanda
616 3968 990 4038 suscepimus.

252 4060 327 4110 l2.
372 4056 585 4119 Nescis,
620 4056 837 4127 inique,
875 4056 1010 4127 quia
1028 4055 1085 4108 in
1117 4055 1277 4109 omni
1318 4056 1465 4122 loco,
1496 4059 1613 4109 tam
1650 4055 1866 4109 mundo

190 4158 342 4211 quam
374 4145 630 4211 horrido,
676 4146 823 4198 Deus
860 4144 1040 4198 astitit
1065 4145 1131 4210 h;
1192 4144 1290 4198 sed
1321 4160 1434 4197 non
1499 4144 1869 4198 immunditia

188 4229 299 4294 loci,
329 4233 423 4287 sed
449 4232 737 4286 munditia
755 4232 983 4286 Domini
1012 4232 1136 4286 loco
1158 4231 1483 4287 redundat?
1506 4237 1592 4286 An
1613 4233 1864 4303 ignoras,

2002 520 2058 574 di
2083 525 2138 574 et
2167 522 2321 576 aliud
2357 539 2369 576 :
2407 525 2695 577 Faciamus
2724 526 2985 579 hominem
3013 528 3087 580 ad
3130 529 3422 595 imaginem
3458 534 3510 584 et
3555 532 3706 583 simi-

2002 610 2286 665 litudinem
2323 617 2568 666 nostram
2615 614 2768 680 (Gen.
2802 631 2840 677 ι,
2872 616 2983 684 26).
3040 617 3103 668 Et
3134 622 3190 669 tu
3228 617 3541 687 imaginem
3600 618 3702 673 Dei

2003 698 2144 751 dicis
2166 715 2285 753 esse
2318 701 2635 769 pollutam?
2660 702 2940 757 Praevides
2962 703 3259 758 hominem
3287 706 3355 759 ad
3386 707 3697 777 imaginem

2004 787 2101 841 Dei
2138 804 2259 841 esse
2290 788 2599 842 formatum
2633 789 2889 844 linealim
2922 808 3025 861 per
3057 794 3312 847 membra
3334 795 3698 849 distinctum:

2001 879 2057 927 et
2102 875 2160 929 in
2220 878 2644 947 exprobabilem
2705 878 2843 932 dicis
2904 886 3187 947 naturam,
3219 884 3378 952 cujus
3443 884 3694 937 divinam

1999 964 2279 1035 prospicis
2309 966 2590 1020 formam?
2622 969 2732 1021 Nec
2758 973 2944 1037 potest
2972 969 3158 1022 dicere
3178 972 3425 1024 animam
3458 973 3527 1025 ad
3553 972 3695 1026 ima-

1998 1052 2191 1122 ginem
2231 1053 2329 1106 Dei
2357 1070 2478 1107 esse
2516 1055 2838 1108 formatam.
2878 1058 3060 1110 Homo
3108 1058 3260 1111 enim
3292 1059 3361 1113 ab
3402 1060 3573 1113 humo
3605 1060 3696 1113 di-

1996 1141 2162 1207 citur,
2206 1141 2260 1195 id
2302 1147 2386 1196 est
2424 1148 2596 1208 terra,
2630 1145 2781 1197 unde
2814 1160 3021 1215 corpus
3051 1153 3244 1199 noster
3283 1153 3367 1200 est
3406 1148 3691 1214 Conditus,

1997 1245 2113 1282 non
2142 1230 2213 1283 ab
2246 1231 2460 1297 anima,
2493 1232 2655 1301 cujus
2706 1233 2989 1303 originem
3028 1236 3219 1287 nullus
3264 1236 3414 1288 norit
3448 1242 3686 1289 creatus.

1994 1319 2071 1370 Ac
2100 1334 2203 1387 per
2231 1318 2337 1371 hoc
2368 1336 2482 1372 non
2514 1319 2922 1389 ignominioso,
2962 1327 3025 1374 ut
3055 1328 3115 1375 tu
3143 1323 3370 1387 astruis,
3394 1324 3695 1393 virginalia

1993 1406 2232 1476 virginis
2271 1407 2516 1477 propriis
2559 1408 2748 1478 tetigit
2789 1408 2973 1473 labiis,
3022 1410 3114 1463 sed
3166 1411 3436 1480 gloriose,
3502 1417 3564 1465 ut
3593 1428 3693 1466 nos

1993 1495 2239 1548 veridice
2288 1495 2552 1559 dicimus,
2588 1496 3018 1550 similitudinem
3069 1499 3165 1551 Dei
3218 1516 3331 1552 non
3384 1499 3568 1553 solum
3600 1505 3690 1554 te-

1994 1584 2141 1653 tigit,
2202 1584 2298 1638 sed
2354 1585 2471 1637 suis
2521 1585 2735 1655 recepit
2790 1586 2850 1639 in
2898 1586 3253 1640 membrulis.
3294 1591 3480 1659 Atque
3512 1589 3571 1643 in
3625 1606 3691 1643 ea

1996 1672 2182 1725 forma
2218 1673 2278 1726 in
2326 1678 2586 1743 tempore
2629 1674 2782 1726 nasci
2826 1674 3093 1743 dignatus
3147 1680 3249 1741 est,
3302 1676 3361 1729 in
3410 1693 3523 1745 qua
3556 1684 3688 1732 ante

1925 1735 1964 1787 Β
1995 1766 2254 1830 tempore
2284 1777 2400 1815 non
2450 1762 2794 1831 specialiter,
2829 1764 2925 1816 sed
2981 1764 3271 1829 usualiter,
3307 1768 3689 1819 monstratum

1992 1865 2051 1903 se
2101 1866 2219 1902 esse
2251 1851 2517 1903 omnibus
2563 1857 2767 1904 notum
2820 1856 2948 1904 est:
3000 1853 3133 1921 quia
3164 1853 3261 1922 qui
3308 1852 3365 1905 in
3404 1853 3687 1924 principio

1991 1938 2287 1992 hominem
2321 1956 2388 1992 ex
2418 1939 2636 1992 cunctis
2667 1939 2863 1993 bestiis
2884 1940 3272 2010 pulchriorem
3328 1942 3519 2010 elegit,
3570 1958 3685 1995 non

1991 2026 2100 2079 nisi
2129 2043 2261 2081 eum
2312 2028 2381 2081 de
2424 2028 2661 2081 consilio
2686 2028 2755 2082 ad
2792 2044 2952 2081 suam
2991 2029 3305 2099 imaginem
3356 2030 3505 2084 fecit.
3555 2031 3683 2084 Haec

1990 2121 2193 2169 cuncta
2223 2133 2351 2187 qua:
2379 2116 2610 2187 protuli,
2644 2118 2796 2170 salvo
2830 2118 2943 2170 alio
2974 2134 3166 2183 sensu,
3207 2135 3320 2188 quo
3351 2118 3686 2174 Christianis

1989 2209 2231 2259 tractare
2261 2205 2499 2259 insitum
2540 2210 2623 2259 est
2651 2206 2918 2271 diximus,
2964 2210 3028 2259 ut
3053 2207 3315 2260 Iudaicos
3345 2207 3687 2261 elideremus

1990 2308 2236 2360 errores,
2283 2310 2395 2347 non
2431 2299 2491 2347 ut
2519 2296 2726 2364 dogma
2764 2294 3105 2348 conﬁcerem
3136 2295 3491 2349 Christianis.
3535 2297 3687 2350 Con-

1990 2382 2228 2435 tumelia
2258 2398 2412 2447 vero,
2454 2398 2626 2452 quam
2660 2382 2717 2436 in
2755 2386 2931 2437 Deum
2969 2384 3169 2437 inﬂato
3218 2400 3335 2450 ore,
3369 2384 3681 2438 vesicarum

1990 2484 2147 2523 more
2185 2474 2469 2539 turgente,
2521 2471 2801 2524 diabolico
2853 2471 3077 2525 afﬂatus
3132 2472 3358 2541 spiritu,
3394 2478 3683 2527 venenatae

1990 2557 2280 2611 multoties
2324 2558 2675 2628 excerpsisti,
2722 2560 2851 2612 licet
2888 2560 3067 2614 multa
3119 2560 3442 2625 inhonesta,
3498 2566 3553 2614 et
3594 2578 3680 2615 re-

1988 2646 2294 2716 sponsione
2325 2661 2446 2701 non
2494 2647 2668 2717 digna
2707 2648 3015 2710 contineat,
3068 2653 3263 2702 tamen
3304 2649 3445 2702 nihil
3498 2650 3682 2718 majus

1988 2752 2159 2805 quam
2210 2751 2436 2789 crucem
2466 2737 2551 2789 vel
2609 2742 2873 2800 mortem,
2906 2753 3007 2790 seu
3052 2737 3121 2791 ad
3180 2737 3389 2791 inferos
3439 2738 3679 2791 descen-

1988 2824 2228 2877 sionem.
2262 2824 2542 2894 designat.
2574 2825 2862 2890 Quodnos
2884 2841 2999 2879 non
3024 2826 3207 2878 solum
3236 2842 3349 2879 non
3373 2842 3672 2896 negamus,

1986 2929 2182 2966 verum
2218 2913 2391 2967 etiam
2424 2914 2494 2966 ad
2534 2930 2632 2967 ore
2673 2930 2835 2967 arum
2866 2918 3095 2983 tropeos
3128 2914 3160 2979 ί,
3194 2930 3323 2967 cum
3378 2930 3490 2967 uno
3535 2915 3674 2967 ami-

1986 3017 2182 3055 corum
2232 3002 2424 3071 sponsi
2457 3002 2613 3055 velut
2644 3001 2897 3055 victricia
2936 3017 3038 3054 seu
3069 3002 3488 3069 triumphantia
3516 3018 3677 3055 arma

1982 3091 2340 3155 extollentes,
2381 3089 2648 3154 diximus,
2683 3090 2769 3142 vel
2824 3089 3078 3143 dicemus
3114 3106 3125 3143 :
3178 3090 3341 3145 Nobis
3382 3090 3527 3144 absit
3558 3091 3672 3157 glo-

1979 3180 2141 3244 riari,
2185 3178 2304 3233 nisi
2348 3181 2407 3231 in
2454 3193 2607 3231 cruce
2654 3179 2870 3231 Domini
2898 3180 3075 3230 nostri
3110 3182 3238 3232 Jesu
3282 3178 3489 3233 Christi
3528 3178 3667 3245 (Gai.

1978 3284 2053 3334 v1,
2104 3267 2207 3336 14),
2257 3267 2470 3320 Cuncta
2495 3282 2627 3319 vero
2667 3282 2797 3337 quae
2848 3266 3063 3332 dixisti,
3100 3272 3155 3320 et
3185 3267 3462 3336 ampliora
3501 3267 3674 3320 Isaias

1977 3356 2259 3426 propheta
2291 3355 2360 3408 de
2397 3360 2471 3417 te,
2508 3353 2736 3423 tuisque
2776 3354 3058 3407 similibus
3103 3360 3321 3419 texens,
3354 3354 3671 3424 proposuit,

1980 3445 2076 3498 ubi
2111 3444 2232 3497 haec
2264 3443 2529 3497 universa
2562 3460 2655 3496 vos
2682 3443 2870 3497 dicere
2911 3443 3301 3513 prophetavit,
3353 3443 3423 3496 ab
3454 3459 3519 3496 eo
3553 3442 3674 3496 loco

1978 3532 2036 3585 in
2066 3549 2179 3603 quo
2219 3531 2297 3585 ait
2346 3534 2478 3600 (Isa.
2522 3549 2612 3593 ιιι,
2646 3533 2732 3597 13)
2761 3548 2773 3585 :
2820 3533 2963 3586 Ecce
2991 3533 3253 3600 intelliget
3281 3548 3472 3585 servus
3503 3546 3669 3597 meus,

1976 3637 2157 3691 usque
2188 3621 2257 3674 ad
2289 3636 2421 3674 eum
2452 3621 2552 3675 ubi
2595 3620 2673 3674 sic
2713 3620 2883 3674 verba
2922 3620 3107 3673 finivit
3139 3636 3151 3673 :
3188 3623 3257 3674 Et
3300 3622 3417 3689 ipse
3452 3624 3674 3688 peccata

1975 3710 2266 3763 multorum
2324 3710 2451 3762 tulit
2510 3713 2561 3762 et
2610 3723 2710 3777 pro
2768 3708 3259 3775 transgressoribus
3320 3710 3499 3761 oravit
3558 3707 3668 3775 (Ιά.

1975 3813 2089 3862 Lm,
2121 3800 2225 3859 l2).

2050 3888 2132 3939 l3.
2192 3883 2405 3955 Adjicis
2472 3883 2644 3937 aliam
2701 3883 3096 3955 gravissimam
3158 3884 3368 3936 molem
3433 3883 3666 3937 dicens:

1971 3974 2289 4028 Maledictus
2318 3975 2415 4043 qui
2443 3973 2663 4041 conﬁdit
2716 3980 2771 4025 in
2811 3974 3020 4026 homine
3047 3972 3174 4041 (Je-r.
3226 3988 3333 4025 xvu
3368 3971 3439 4039 5),
3505 3971 3668 4041 quasi

1970 4063 2100 4116 ideo
2141 4062 2432 4115 hominem
2456 4061 2704 4126 credam,
2736 4060 2870 4131 quia
2899 4060 3072 4113 homo
3096 4065 3197 4125 est,
3229 4066 3285 4112 et
3314 4076 3427 4113 non
3472 4059 3667 4129 potius

1974 4166 2104 4204 eum
2136 4151 2391 4214 adorem,
2442 4149 2577 4220 quia
2622 4151 2769 4203 Deus
2825 4154 2922 4201 est.
2978 4150 3147 4203 Recte
3181 4149 3289 4201 hoc
3338 4148 3575 4213 diceres,
3619 4147 3668 4200 si

1974 4256 2064 4293 me
2120 4256 2331 4309 purum
2375 4255 2505 4292 eum
2567 4238 2863 4292 hominem
2912 4241 2969 4290 et
3029 4253 3144 4290 non
3199 4238 3378 4291 Deum
3436 4236 3667 4289 credere

189 4320 320 4387 QUOd
352 4320 501 4375 nihil
532 4320 897 4374 immundum
932 4321 1064 4386 Οθο,
1097 4320 1195 4390 qui
1228 4337 1297 4374 8X
1344 4320 1646 4374 ἱωσιυῑιάο
1678 4324 1864 4391 potest
1903 4332 1947 4384 D
1976 4343 2125 4398 saepe
2178 4327 2449 4381 audisses.
2499 4327 2605 4381 Sed
2663 4326 2799 4397 quia
2869 4326 3007 4379 dum
3077 4326 3291 4379 nimius
3348 4324 3566 4379 incedis
3613 4328 3670 4378 et

187 4406 351 4461 facere
374 4408 702 4463 mundum?
745 4409 867 4463 Non
896 4409 1162 4477 attendis,
1196 4409 1346 4479 quod
1398 4410 1571 4463 etiam
1616 4410 1864 4463 inferna-

190 4492 287 4549 lem
315 4496 504 4551 locum
557 4498 883 4561 horrorum,
929 4498 1355 4568 pedoribusque
1389 4498 1693 4552 fetentium
1744 4514 1865 4551 om-

191 4582 332 4639 nium
362 4587 623 4657 pejorem
654 4590 917 4657 penetrat
950 4586 1138 4640 Deus?
1186 4590 1296 4641 Aut
1325 4586 1479 4640 enim
1514 4588 1692 4641 Deum
1719 4603 1868 4641 crea-

186 4676 350 4728 torem
380 4691 593 4745 corpus
625 4679 881 4729 nostrum
912 4675 1247 4729 frabricasse
1268 4675 1544 4741 firmabis,
1567 4682 1666 4729 aut
1688 4677 1866 4729 alium

188 4767 485 4816 creatorem
524 4768 726 4833 praeter
780 4765 960 4818 Deum
992 4779 1113 4817 esse
1152 4763 1439 4819 defendes.
1480 4764 1652 4818 David
1712 4765 1865 4817 enim

188 4849 341 4903 audet
369 4857 425 4905 et
452 4852 589 4905 dicit
620 4868 632 4905 :
674 4853 877 4907 Manus
925 4858 1027 4907 tua
1045 4854 1288 4919 fecerunt
1325 4869 1423 4919 me,
1476 4858 1526 4906 et
1555 4855 1866 4923 plusmave-

188 4943 303 4991 runt
333 4956 414 4992 me
455 4941 631 5009 (Psal.
665 4956 844 5002 CXVIII,
880 4944 999 5011 73).
1054 4943 1124 4995 Et
1152 4945 1303 4995 certe
1334 4941 1468 4995 alibi
1503 4942 1639 4996 dicit
1672 4958 1685 4995 :
1734 4945 1867 4997 Ecce

187 5025 236 5075 iu
262 5028 645 5096 iniquitatibus
696 5034 975 5098 conceptus
1032 5044 1170 5097 sum,
1202 5035 1251 5084 ei
1300 5032 1359 5084 in
1411 5030 1621 5084 delictis
1659 5034 1867 5100 peperit

188 5124 257 5163 me
298 5121 471 5168 mater
527 5131 646 5169 mea
695 5117 866 5185 (Psal,
923 5133 973 5183 L,
1036 5122 1109 5185 7).
1170 5117 1336 5171 Vides
1395 5134 1599 5171 manus
1641 5119 1867 5173 Domini

186 5198 297 5268 ipsa
334 5204 612 5273 genitalia
654 5220 783 5275 quas
818 5210 879 5259 tu
912 5222 1083 5280 exosa
1120 5206 1278 5272 dicis,
1326 5206 1559 5274 fecisse;
1590 5208 1866 5279 conspicis

249 5349 272 5373 ⁸
307 5343 363 5396 ld
392 5349 477 5398 est
506 5347 859 5414 horologium.

249 5414 272 5455 ι)
307 5415 427 5480 M5,,
458 5417 631 5471 nobis.

251 5485 294 5525 (ἀ
331 5485 454 5551 Ms.,
488 5492 585 5542 est.

252 5564 271 5589 ο
309 5555 364 5608 F.
397 5559 659 5622 funestos.

1977 4432 2172 4469 amore
2197 4415 2619 4469 contradicendi
2650 4416 2906 4485 linguam
2944 4415 3315 4484 maliloquam
3346 4419 3668 4485 temperare

1978 4522 2006 4558 a
2035 4505 2395 4558 contumeliis
2435 4504 2638 4567 nescis,
2672 4508 2727 4557 te
2766 4504 2955 4573 ipsum
2988 4509 3085 4556 tuo
3132 4519 3265 4557 ense
3300 4503 3524 4556 occidis.
3572 4503 3669 4558 Dic

1976 4592 2140 4659 mihi,
2173 4608 2293 4659 oro,
2327 4592 2375 4645 si
2424 4607 2722 4661 nunquam
2762 4592 2991 4661 penitus
3040 4592 3228 4644 valeas
3261 4607 3273 4645 :
3310 4593 3487 4645 Istum
3535 4592 3668 4645 Mes-

1976 4682 2139 4746 siam,
2174 4695 2345 4750 quem
2394 4679 2650 4748 speratis,
2689 4678 2981 4731 hominem
3026 4695 3167 4746 esse,
3220 4695 3290 4732 an
3326 4680 3503 4733 Deum
3546 4696 3666 4732 cre-

1976 4769 2151 4824 ditis?
2180 4768 2237 4822 Si
2264 4768 2434 4821 homo
2481 4772 2585 4832 est,
2633 4766 2920 4820 maledicti
2968 4783 3061 4819 vos
3091 4783 3289 4821 omnes
3322 4767 3474 4831 estis,
3533 4767 3669 4835 quia

1976 4872 2204 4911 carnem
2238 4855 2536 4909 brachium
2570 4854 2728 4907 vobis
2761 4870 2883 4908 esse
2913 4855 3215 4909 confiditis.
3260 4854 3316 4909 Si
3366 4855 3513 4907 Deus
3560 4858 3664 4917 est,

1976 4962 2110 5016 ergo
2140 4961 2254 4997 non
2288 4949 2372 4997 est
2398 4942 2591 5005 David,
2632 4960 2747 4996 non
2796 4942 2949 4996 ﬁlius
2979 4944 3122 5013 ejus,
3160 4960 3262 4996 nec
3292 4940 3531 4995 vinculis
3578 4957 3667 4994 re-

1976 5035 2213 5103 ligatus;
2279 5033 2413 5102 quia
2467 5032 2611 5085 Deus
2657 5031 2800 5085 liber
2849 5036 2951 5098 est,
3002 5047 3104 5084 nec
3147 5030 3535 5099 cujuscunque
3584 5034 3667 5082 est

1976 5138 2185 5176 servus.
2240 5121 2362 5173 Non
2392 5125 2446 5174 te
2475 5120 2673 5190 pudet,
2706 5119 3093 5174 infelicissima
3146 5118 3497 5184 mortalium,
3548 5123 3667 5171 tam

1975 5208 2284 5264 ridiculosa
2315 5208 2517 5262 sectari
2567 5210 2863 5279 ﬁgmenta,
2906 5212 2970 5261 ut
3016 5212 3338 5260 monstrum
3369 5209 3665 5275 portenlo-
3734 5280 3739 5286 ἡ

2047 5350 2064 5383 ί
2101 5349 2330 5419 Aliquid
2363 5349 2533 5403 deest.

2048 5433 2077 5475 ε
2116 5421 2238 5485 Ms.,
2274 5423 2406 5489 quia
2435 5425 2702 5474 asatorea.

2046 5492 2748 5630 ῗιῇῐάίέῗένῗὲίξῗάγηίινορκα.
2783 5558 2844 5614 id
2891 5564 2994 5625 est,
3036 5558 3233 5630 glorias
3273 5564 3665 5616 monumenta.
