4022 6178
376 281 476 333 503

1772 283 2023 339 ALVARI
2066 283 2551 338 CORDUBENSIS
3745 286 3828 337 504

380 429 529 480 sum,
576 429 748 483 quem
796 411 1030 465 vinculis
1086 412 1455 465 constrictum
1502 416 1557 465 et
1605 413 1819 466 catenis
1879 414 2076 467 ferreis
2114 419 2158 471 Α
2189 421 2285 469 tua
2316 415 2733 486 prosecutione,
2767 430 2903 485 ergo
2942 418 2997 468 et
3029 418 3226 484 gentes
3267 413 3461 467 liberte
3505 421 3631 469 sunt
3670 433 3699 469 a
3727 433 3833 487 snp-

383 504 544 558 audis
598 504 859 571 ligatum,
902 506 1064 555 tuum
1106 505 1168 554 ut
1206 500 1279 553 sit
1309 506 1597 571 exspectes
1641 503 1967 572 refugium?
2011 505 2076 558 Et

382 592 511 646 ideo
561 590 895 644 maledictus
946 595 1009 643 tu
1068 589 1127 642 in
1180 589 1369 655 domp,
1429 590 1763 644 maledictus
1813 591 1871 645 in
1917 608 2075 663 agro,

383 679 681 735 Psalmista
733 678 947 748 pariter
990 684 1412 748 concrepante:
1466 680 1731 749 Deﬁciunt
1776 687 2079 749 peccatores

382 785 418 821 a
490 773 637 821 terra
708 772 757 820 et
815 768 1018 837 iniqui,
1098 770 1179 821 ita
1250 772 1309 820 ut
1384 782 1489 821 non
1556 768 1857 824 subsistant
1907 771 2073 839 (Psal.

382 874 494 925 cm,
525 860 636 925 35).

458 947 541 999 14.
582 945 828 1014 Reliqua
869 960 1002 997 vero
1043 960 1171 1015 qum
1233 945 1470 1014 posuisti
1520 947 1889 1016 responsione
1936 948 2083 1002 indi-

384 1050 500 1104 gna
576 1034 774 1103 judico
850 1050 990 1097 esse,
1074 1049 1175 1103 pro
1248 1051 1313 1087 eo
1373 1035 1523 1103 quod
1590 1052 1656 1088 ea
1717 1053 1932 1105 ponere
1977 1037 2079 1091 tibi

385 1126 583 1176 contra
614 1138 704 1175 me
756 1122 989 1191 placuit,
1042 1138 1171 1191 quae
1223 1130 1319 1177 tua
1368 1124 1612 1193 segnitia
1662 1141 1958 1195 nunquam
1990 1142 2081 1179 me

2187 506 2358 576 plicio
2389 504 2673 558 saevientis
2701 502 3001 573 gehennte,
3035 502 3171 572 quia
3204 502 3348 555 nihil
3388 501 3469 555 eis
3509 507 3834 559 commenda-

2187 594 2270 648 vit
2303 594 2631 648 divitiarum
2664 594 2851 661 legem
2893 608 3155 657 suarum;
3191 592 3373 645 solum
3409 592 3571 644 Israel
3610 593 3837 648 immani-

2188 683 2365 732 tatem
2444 678 2747 732 sustinebit
2801 694 3122 745 pinnarum,
3185 678 3320 747 quia
3372 678 3455 731 illi
3507 680 3608 733 soli
3656 682 3839 735 credita

2187 774 2322 821 sunt
2364 777 2383 801 ο
2436 767 2661 838 eloquia
2715 769 3149 837 ριύιιὶιιλιηνιιιιι.
3187 768 3253 820 Et
3302 767 3441 821 dum
3494 769 3671 821 omnis
3718 771 3839 824 liber

2191 857 2508 911 abscederit
2539 856 2806 918 mundus,
2851 858 3020 909 lsracl
3054 862 3271 909 tantum
3306 856 3541 927 lugebit,
3592 858 3646 910 in
3692 875 3839 927 quem

2188 947 2299 1000 fuit
2330 962 2604 1016 magnum
2633 952 2690 999 et
2727 946 3065 999 admirabile
3095 962 3307 999 nomen
3341 947 3463 1015 ejus
3494 947 3653 1015 (Psal.
3703 964 3839 1013 Lxxv,

2190 1039 2264 1104 2).
2300 1036 2464 1089 Vides
2497 1035 2651 1105 quod
2682 1036 2819 1089 dum
2877 1035 3041 1089 idolis
3096 1035 3269 1101 faves,
3307 1035 3449 1101 Jovi,
3500 1036 3753 1090 Mercurio
3799 1042 3844 1090 et

2190 1126 2419 1189 lunoni,
2464 1132 2519 1178 te
2566 1124 2753 1193 ipsum
2791 1125 3013 1189 aduris;
3072 1133 3127 1177 et
3171 1124 3308 1178 dum
3367 1126 3576 1195 satagis
3622 1126 3844 1178 occidere

389 1216 698 1280 negantem
728 1210 963 1263 audivit.
1005 1212 1143 1264 Nam
1178 1212 1330 1279 quod
1377 1212 1514 1265 dicis
1551 1230 1562 1266 :
1596 1215 1711 1268 Non
1740 1216 1869 1279 fecit
1899 1218 2085 1269 taliter

390 1302 536 1354 omni
572 1302 783 1353 nationi
811 1300 977 1368 (Psal.
1013 1315 1208 1364 CXLVII,
1244 1300 1352 1369 '26),
1398 1301 1518 1371 jam
1553 1318 1641 1355 me
1674 1303 1858 1372 ipsam
1894 1303 2085 1356 natio-

391 1404 544 1455 nem,
569 1389 660 1441 cni
686 1392 846 1441 tanta
875 1388 1028 1455 fecit,
1061 1405 1181 1441 esse
1210 1390 1450 1443 firmavi.
1485 1392 1548 1443 Et
1582 1407 1685 1443 nec
1727 1407 1955 1445 necesse
2003 1396 2086 1445 est

393 1477 536 1530 mihi
582 1476 752 1530 latius
792 1493 1160 1547 prosequere,
1216 1479 1369 1548 quod
1411 1479 1658 1532 breviter
1687 1480 1951 1550 snperius
2004 1481 2089 1534 in-

395 1565 608 1619 tentavi
644 1582 656 1618 :
686 1564 821 1635 quia
852 1571 908 1618 et
934 1566 1227 1619 fastidium
1274 1573 1550 1635 generant
1584 1568 1792 1637 smpius
1825 1570 2082 1638 repetita,

396 1658 453 1708 et
490 1653 930 1723 intelligentiam
972 1655 1277 1708 obscurant
1326 1655 1616 1709 multoties
1664 1656 1832 1710 dicta.
1883 1660 2087 1712 Fumos

396 1759 530 1796 vero
575 1748 691 1795 tuae
730 1742 997 1796 caecitatis
1029 1743 1398 1813 adspargens,
1438 1745 1856 1816 domorumque
1899 1748 2090 1819 caligi—

396 1848 516 1897 nes,
551 1831 759 1901 quibus
792 1832 987 1884 lumen
1036 1836 1293 1885 nostrum
1346 1833 1653 1888 obcludere
1706 1836 1866 1906 cupis
1897 1836 2037 1890 dicis
2065 1851 2089 1879 ει

393 1926 448 1974 te
475 1923 533 1973 in
568 1921 915 1974 Francorum
962 1921 1111 1990 regis
1142 1921 1355 1989 palatio
1406 1923 1612 1977 vidisse
1655 1925 2089 1994 quatuordecim

392 2005 543 2058 viros
573 2006 721 2059 inter
765 2023 822 2060 se
852 2007 1005 2077 ipsos
1049 2009 1206 2061 cultu
1256 2009 1530 2063 diversos.
1573 2012 1744 2075 Quasi
1783 2014 2088 2067 nescienti-

392 2095 499 2147 bus
525 2095 734 2149 videris
759 2096 970 2166 jactare
1004 2097 1342 2151 doctrinam.
1377 2099 1522 2163 Quid
1560 2102 1713 2155 enim
1753 2102 1894 2156 mihi
1932 2103 2092 2156 obest

395 2184 550 2254 quod
582 2184 794 2251 vidisti,
830 2191 887 2238 et
919 2186 1058 2238 mihi
1101 2188 1395 2240 renuntias
1437 2190 1589 2258 quod
1640 2191 1813 2244 etiam
1867 2192 1913 2244 si
1972 2208 2089 2246 non

394 2272 652 2340 vidisses,
726 2278 780 2326 et
838 2273 1045 2327 vidisse
1117 2280 1171 2328 te
1211 2276 1397 2330 dicere
1474 2279 1743 2347 poteras?
1819 2281 2089 2351 Nunquid

396 2361 602 2431 ignoro
663 2362 977 2416 novitatuni
1036 2379 1275 2430 errores,
1332 2370 1387 2418 et
1440 2368 1805 2437 septuaginta
1849 2369 2092 2424 duarum

395 2451 681 2504 haeresum
705 2452 1030 2520 pravitates,
1052 2452 1168 2505 imo
1206 2453 1377 2507 etiam
1404 2454 1546 2507 ritus
1565 2456 1816 2510 diversos
1848 2457 2090 2527 legendo

2194 1214 2501 1279 Christum,
2536 1214 2854 1268 Barabbam
2883 1214 3071 1282 eligis,
3109 1213 3287 1283 patris
3314 1214 3399 1266 tui
3444 1214 3658 1283 antiqui
3695 1214 3845 1267 hostis

2193 1303 2540 1356 ministrum.
2584 1303 2769 1356 Dicis:
2821 1302 3002 1366 Quem
3037 1303 3048 1335 ί
3078 1303 3304 1356 ,Ιυόωιιε
3346 1303 3471 1367 fuit,
3521 1308 3575 1355 et
3632 1303 3847 1356 circum—

2193 1391 2467 1444 cisioncin
2496 1390 2775 1460 implevit,
2829 1395 2884 1443 et
2934 1392 3042 1443 alia
3090 1406 3189 1460 [er
3239 1407 3368 1460 quae
3406 1391 3508 1444 tibi
3561 1392 3848 1445 revertendi

2195 1480 2412 1533 aditum
2444 1479 2681 1544 claudis,
2716 1479 2854 1532 dum
2904 1478 2962 1531 in
3024 1479 3305 1533 Belzebub
3352 1479 3501 1532 facta
3546 1479 3848 1546 calumnias,

2196 1574 2253 1622 et
2278 1569 2553 1640 Spiritum
2602 1573 2860 1621 sanctum
2906 1567 3303 1637 blasphemare
3344 1584 3640 1638 nunquam
3682 1568 3852 1622 formi-

2196 1659 2314 1712 das.
2348 1658 2455 1713 Sed
2486 1658 2668 1711 dicam
2702 1656 2805 1711 tibi
2836 1656 2991 1710 unde
3035 1673 3164 1710 cum
3197 1659 3453 1727 pejorem
3504 1658 3591 1711 his
3621 1657 3854 1711 omnibus

2198 1746 2493 1800 habuisti:
2546 1746 2689 1810 Quia
2735 1762 2864 1801 cum
2899 1750 3081 1800 castos
3136 1746 3472 1816 diligentem
3533 1752 3588 1800 et
3639 1747 3855 1817 virgines

2198 1835 2533 1905 cognovisti.
2570 1835 2826 1889 Dicerem
2858 1835 2982 1898 tibi,
3035 1840 3101 1888 ut
3144 1835 3282 1905 quid
3330 1835 3547 1888 exstitit
3596 1834 3855 1888 circumci-

2197 1941 2311 1991 sus,
2346 1924 2456 1978 nisi
2487 1941 2613 1979 eam
2641 1924 2743 1979 tibi
2774 1925 3061 1995 cognitam
3112 1926 3339 1977 scirem.
3374 1924 3524 1987 Quid
3554 1924 3700 1978 enim
3738 1940 3857 1994 opus

2200 2020 2284 2067 est
2331 2015 2387 2066 in
2436 2030 2591 2066 casso
2625 2014 2818 2067 labore
2868 2029 3027 2066 arma
3074 2014 3369 2077 ventilare,
3405 2019 3462 2065 et
3518 2029 3645 2065 eum
3685 2013 3856 2066 docere

2200 2098 2299 2169 qui
2330 2115 2386 2151 se
2410 2098 2699 2168 perditum
2732 2114 2845 2151 non
2874 2098 3051 2152 nescit
3082 2098 3240 2152 esse?
3271 2099 3444 2151 Doleo
3496 2114 3663 2167 super
3702 2102 3767 2163 te,
3796 2097 3859 2150 mi

2200 2204 2490 2254 conserve,
2528 2193 2585 2241 et
2613 2194 2677 2241 ut
2721 2189 2867 2241 Deus
2912 2188 3087 2254 novit,
3122 2186 3307 2240 veraci
3345 2187 3521 2241 corde
3578 2187 3859 2256 compatior

2201 2276 2323 2343 tibi,
2379 2275 2480 2345 qui
2536 2281 2667 2345 post
2745 2280 2901 2329 tanta
2953 2280 3011 2329 et
3078 2276 3213 2329 talia
3285 2276 3442 2328 nisus
3506 2292 3564 2328 es
3620 2275 3861 2329 ventilare

2200 2365 2421 2419 inania.

2276 2457 2353 2508 16.
2413 2453 2572 2517 Quod
2620 2470 2754 2508 vero
2814 2453 3094 2507 sententia
3142 2453 3557 2523 prophetarum
3614 2469 3713 2522 per
3760 2452 3860 2505 cola

2129 1718 2167 1769 Β

394 2539 656 2609 cognovi,
692 2539 824 2593 licet
862 2545 915 2593 te
959 2556 1257 2610 nunquam
1297 2543 1747 2596 renuntiatorem
1796 2545 2086 2600 haberem.

396 2629 642 2682 Deorum
676 2644 809 2681 vero
842 2628 1147 2697 gentilium
1174 2646 1273 2683 cur
1300 2633 1695 2685 enumerando
1726 2635 2092 2703 prosequeris

393 2716 651 2779 nomina,
705 2732 954 2786 quorum
1001 2718 1107 2769 hoc
1162 2723 1423 2786 tempore
1473 2722 1663 2773 nullus
1704 2722 1997 2789 praeliatur
2043 2726 2085 2775 ιι.

396 2803 507 2856 Sed
540 2803 679 2857 dicis
708 2820 721 2857 :
773 2804 1043 2874 Nunquid
1079 2809 1138 2858 tu
1171 2806 1414 2874 majores
1445 2807 1640 2860 domos
1669 2810 1797 2862 Jesu
1829 2816 1925 2863 tuo
1956 2810 2092 2863 facis

395 2908 567 2961 quam
589 2892 673 2945 illi
702 2892 806 2946 diis
838 2893 955 2945 suis
985 2894 1258 2961 fecerunt,
1296 2911 1426 2948 cum
1467 2911 1614 2948 unus
1643 2913 1707 2950 ex
1747 2898 1835 2949 his
1885 2898 1961 2951 ita
2003 2900 2090 2951 sui

399 2981 624 3034 delubri
658 2981 866 3035 deﬂeat
896 2998 1063 3035 causa
1094 2992 1113 3015 °
1140 2999 1152 3036 :

521 3086 632 3152 ljei,
654 3087 918 3152 mihijam
950 3089 1101 3152 video
1132 3090 1317 3138 subitis
1353 3090 1563 3152 lapsura
1590 3092 1757 3140 ruinis

521 3148 743 3197 Condita
772 3148 911 3198 fama
939 3151 1049 3210 diu,
1080 3152 1259 3214 templi
1289 3148 1497 3215 quoque
1534 3154 1728 3202 nobilis
1761 3154 1946 3203 aedem.

396 3247 500 3299 Pro
532 3262 646 3316 quo
675 3264 778 3301 nos
800 3248 907 3301 ista
929 3249 1336 3320 subjungimus
1369 3267 1381 3304 :

521 3353 867 3402 Rancidolum
900 3354 1148 3415 quiddam
1177 3356 1331 3403 balba
1360 3356 1424 3403 de
1456 3370 1579 3405 nare
1611 3357 1819 3406 locutus

524 3415 845 3477 Prwstrepis,
876 3430 935 3464 ac
970 3422 1149 3465 tenero
1185 3417 1205 3449 ἀ
1259 3418 1567 3480 supplantas
1600 3422 1751 3467 verba
1776 3423 1967 3482 palato.

399 3512 496 3567 Dic
546 3509 709 3575 mihi,
762 3510 956 3575 miser,
1019 3517 1075 3564 et
1118 3518 1310 3565 tamen
1370 3530 1486 3566 non
1533 3514 1896 3583 miserabilis,
1954 3517 2092 3586 quid

400 3598 772 3652 emolumenti
832 3598 935 3652 tibi
984 3600 1085 3651 ista
1135 3600 1359 3653 advexit
1423 3602 1771 3655 narrationis
1812 3604 2095 3659 invectio?

399 3688 582 3757 placet
605 3702 673 3739 ne
691 3687 815 3754 tibi,
850 3692 910 3740 ut
930 3692 1026 3740 tuo
1056 3688 1159 3741 tibi
1183 3694 1239 3741 et
1256 3706 1361 3759 ego
1386 3706 1652 3745 sermone
1688 3694 2089 3761 respondeam,

400 3776 748 3845 dicamque:
813 3776 1086 3846 Nunquid
1136 3785 1198 3829 tu
1248 3778 1362 3831 Deo
1421 3782 1519 3832 tuo
1574 3781 1822 3849 majores
1868 3783 2089 3848 domos,

400 3880 573 3935 quam
601 3864 680 3917 dii
707 3864 969 3919 homines
999 3866 1107 3918 diis
1137 3866 1253 3919 suis
1299 3867 1598 3936 fabricare,
1636 3875 1797 3939 potes
1829 3872 2093 3941 erigere?

398 3952 615 4007 Addam
648 3952 695 4005 si
730 3954 888 4021 velis,
918 3954 1089 4007 etiam
1120 3956 1271 4007 aliud
1316 3960 1370 4008 et
1397 3956 1661 4010 Jeremiae
1690 3974 1791 4027 per
1819 3960 2092 4028 alphabe-

398 4041 573 4094 ticum
604 4042 919 4110 planctum,
967 4058 1094 4095 cum
1145 4044 1316 4111 hujus
1346 4044 1577 4113 gentilis
1606 4061 1933 4115 comparem
1967 4049 2089 4102 ido-

400 4130 464 4182 lis
492 4129 754 4184 deﬂentis
804 4146 1016 4183 casum.
1053 4132 1180 4183 Haec
1229 4148 1341 4183 non
1373 4133 1535 4202 culpa
1582 4140 1777 4186 nostra
1824 4141 1928 4201 est,
1992 4139 2089 4190 sed

397 4223 517 4282 tua,
576 4217 677 4285 qui
714 4233 819 4269 nos
866 4217 1119 4286 coegisti,
1169 4224 1222 4271 et
1273 4221 1636 4274 centumeliis
1694 4222 1861 4291 plena
1918 4225 2087 4280 verba

399 4304 748 4374 prompsisti.

476 4396 558 4446 15.
610 4392 771 4456 Quod
819 4398 1009 4446 autem
1055 4395 1310 4464 pejorem
1353 4396 1639 4451 Christum
1684 4400 1870 4454 dicere
1919 4418 2090 4456 ausus

401 4498 481 4547 es,
531 4486 644 4534 tua:
692 4482 899 4535 animae
931 4482 1220 4537 homicida
1278 4500 1351 4549 es,
1401 4486 1500 4556 qui
1548 4486 1783 4542 veritate
1837 4491 2091 4559 neglecta

401 4569 587 4623 verbis
642 4574 698 4623 te
728 4571 1089 4641 purgandum
1142 4573 1320 4642 cupis,
1356 4576 1454 4645 qui
1513 4576 1684 4630 rebus
1715 4580 1956 4649 urgeris,
2007 4580 2092 4635 di-

400 4674 575 4712 cens:
617 4658 706 4712 Illi
753 4675 856 4712 nec
908 4660 1096 4731 legem
1134 4661 1406 4730 habuere,
1454 4680 1557 4718 nec
1585 4666 1700 4719 illis
1743 4668 1887 4721 Deus
1920 4669 2089 4738 quid-

401 4761 575 4818 quam
618 4746 891 4817 requiret,
944 4749 1099 4818 quod
1145 4766 1442 4821 nunquam
1486 4754 1929 4809 commendavit.
1980 4758 2093 4810 Hac

470 4900 494 4924 ι
534 4890 650 4955 Ms.,
680 4889 853 4944 ducis.

470 4965 495 5003 ὓ
532 4961 653 5028 Ms.,
683 4962 1063 5029 prelibattura.

470 5041 490 5065 ο
532 5032 652 5097 Ms.,
694 5047 786 5085 sue
805 5032 1044 5086 delubris
1075 5034 1267 5101 deﬂeat
1294 5050 1478 5101 causa,
1514 5038 1552 5090 f.
1589 5053 1804 5091 casum.

468 5101 513 5178 d_
534 5102 701 5178 Apud
742 5104 1073 5178 Persium:
1122 5107 1375 5173 Eliquat;
1437 5114 1486 5161 et
1538 5113 1713 5162 tenero
1772 5111 2094 5178 supplantat

397 5174 563 5226 verba
592 5174 799 5241 palato.
835 5173 952 5228 Sat.
981 5191 1019 5239 1,
1050 5190 1101 5227 v.
1128 5179 1215 5230 35.

470 5252 491 5277 ε
531 5244 649 5310 Ms.,
676 5250 771 5297 est.

472 5312 491 5346 ί
530 5314 731 5385 Ι.Ωυὶ,
753 5314 837 5366 vel
870 5313 1013 5367 forte
1047 5332 1058 5368 :
1101 5317 1374 5385 Dicisque.

430 5384 598 5462 'sAId
631 5389 733 5451 est,
783 5385 936 5462 quod
986 5386 1195 5439 nostris
1238 5384 1407 5455 punio
1438 5406 1472 5457 ῃ
1503 5405 1672 5453 coma,
1717 5390 1937 5462 virgulo
1983 5393 2095 5447 sci-

403 5452 538 5506 licet
565 5469 694 5506 cum
716 5452 948 5523 puncto.

476 5525 501 5565 h
546 5523 712 5577 Idida
764 5524 1026 5579 hebraica
1081 5544 1208 5593 vox,
1265 5528 1413 5583 idem
1470 5546 1533 5583 ac
1588 5532 1862 5600 amabilis,
1918 5538 1978 5586 ut
2030 5550 2092 5588 ex

2204 2548 2261 2597 et
2290 2548 2573 2596 commata
2602 2556 2630 2596 ε
2660 2542 2883 2607 indicis,
2915 2558 3191 2612 cognosse
3223 2558 3312 2595 me
3336 2558 3430 2595 eas
3454 2541 3607 2597 bene
3633 2542 3861 2601 rimasse,

2205 2631 2461 2700 mihique
2493 2630 2685 2683 omnia
2745 2637 3129 2683 consentanea
3186 2646 3345 2683 esse:
3407 2630 3683 2700 pleraque
3728 2627 3861 2683 enim

2194 2720 2313 2788 jam
2346 2718 2492 2771 facta
2544 2718 2621 2771 ibi
2668 2723 2992 2785 narrantur,
3029 2718 3138 2770 alia
3169 2717 3331 2775 mihi.
3378 2717 3477 2787 qui
3524 2718 3689 2771 Israel
3738 2732 3862 2780 sum,

2201 2806 2392 2859 futura
2440 2811 2728 2859 texuntur.
2783 2806 3063 2859 Nonnulla
3111 2806 3579 2858 convertentibus
3628 2804 3775 2858 vobis
3815 2804 3864 2856 in

2202 2896 2314 2949 line
2346 2896 2416 2949 ad
2440 2895 2901 2965 praedicationem
2933 2896 3064 2949 Eliae
3098 2900 3461 2965 promuntur,
3500 2896 3726 2966 quando
3753 2910 3863 2947 cen-

2132 3012 2170 3065 ρ
2205 2991 2327 3037 tum
2353 2984 2731 3053 quadraginta
2758 2988 3004 3054 quatuor
3053 2984 3232 3037 millia
3275 2984 3347 3037 ad
3398 2985 3573 3038 ﬁdem
3619 2984 3730 3037 veri
3783 2982 3865 3035 Dei

2204 3074 2410 3127 Christi
2442 3073 2655 3126 reversi
2684 3072 2917 3138 fuerint,
2950 3072 3123 3142 quiet
3150 3075 3471 3143 sequuntur
3494 3077 3714 3142 Agnum
3746 3088 3861 3142 quo-

2202 3178 2428 3231 cunque
2459 3161 2589 3214 ierit
2616 3161 2809 3230 (Apoc.
2843 3161 2979 3230 XIV).
3024 3162 3224 3215 Omnia
3265 3163 3420 3215 enim
3452 3179 3585 3231 quae
3635 3160 3868 3231 promisit

2202 3250 2489 3304 exhibebit
2546 3266 2663 3302 non
2712 3250 2954 3303 mendax
3006 3250 3172 3315 Deus,
3206 3251 3572 3320 temporibus
3617 3251 3744 3313 suis,
3786 3265 3868 3302 nov

2202 3339 2310 3403 bis,
2362 3356 2474 3392 non
2516 3338 2707 3403 vobis;
2760 3338 2921 3391 vobis
2961 3338 3134 3391 etiam
3190 3354 3319 3392 cum
3360 3338 3589 3391 fueritis
3638 3337 3865 3391 conversi

2204 3428 2270 3480 ad
2331 3434 2617 3497 pastorem
2675 3433 2729 3479 et
2785 3426 3135 3480 visitatorem
3193 3426 3518 3480 animarum
3579 3436 3867 3481 vestrarum

2204 3518 2245 3583 (1
2294 3518 2433 3569 Petr.
2470 3533 2526 3581 ιι,
2559 3516 2667 3579 25).
2698 3514 2807 3568 Sed
2841 3532 2977 3584 rogo
3007 3521 3082 3580 te,
3128 3520 3189 3567 ut
3230 3515 3484 3568 fraterno
3537 3532 3694 3569 more
3741 3514 3867 3568 veri-

2202 3609 2377 3657 tatem
2423 3605 2562 3657 mihi
2608 3620 2719 3657 non
2762 3604 3122 3657 mendacium
3168 3605 3442 3673 proferas.
3508 3605 3655 3659 Dicis
3687 3606 3864 3658 enim:

2203 3695 2324 3746 lstse
2347 3695 2641 3746 sententiae
2675 3709 2763 3745 me
2781 3692 3073 3762 judaizare
3102 3698 3430 3761 coegerunt.
3465 3695 3531 3747 Et
3556 3710 3656 3747 cur
3699 3695 3869 3761 lingua

2203 3799 2233 3835 a
2255 3782 2423 3835 corde
2454 3781 2748 3835 dissentit?
2779 3798 2880 3835 cur
2911 3798 2972 3834 os
3012 3782 3203 3834 animo
3245 3798 3358 3834 non
3394 3781 3738 3836 concordat?
3786 3796 3871 3833 cur

2202 3869 2356 3923 aliud
2387 3869 2555 3936 labia,
2587 3870 2741 3922 aliud
2782 3870 2949 3923 corda
2972 3869 3247 3924 volutant.
3269 3870 3386 3924 Scis
3408 3872 3667 3939 profecto
3696 3870 3869 3940 quiste

2197 3958 2485 4026 judaizare
2517 3959 2835 4028 compellit;
2872 3959 2970 4028 qui
3002 3959 3179 4011 Adam
3210 3975 3241 4011 a
3268 3960 3537 4028 paradiso
3561 3960 3756 4029 ejecit;
3786 3957 3869 4027 qui

2201 4046 2585 4113 Salomouem,
2613 4048 2769 4100 idida
2802 4050 2828 4090 h
2860 4047 3107 4112 Domini,
3144 4063 3333 4101 errare
3373 4048 3543 4113 fecit;
3582 4049 3676 4118 qui
3728 4047 3870 4101 Sam—

2203 4135 2327 4188 soni
2382 4136 2573 4188 oculos
2630 4136 2792 4202 tulit;
2851 4137 2950 4206 qui
3004 4136 3180 4188 Etiam
3261 4137 3627 4207 per-umquel
3686 4137 3871 4189 timore

2203 4223 2501 4276 concussit.
2538 4222 2630 4276 Vis
2676 4223 2819 4277 scire
2850 4224 2977 4294 quis
3020 4224 3163 4277 tanti
3216 4230 3414 4278 auctor
3463 4232 3548 4278 est
3583 4225 3751 4278 mali?
3792 4225 3871 4277 Fe-

2204 4312 2380 4377 mina,
2410 4328 2537 4382 quze
2568 4316 2651 4364 est
2683 4312 2863 4365 animi
2894 4318 2947 4365 et
2976 4312 3231 4382 corporis
3251 4314 3422 4366 tinea.
3460 4315 3529 4367 Et
3561 4314 3713 4384 quod
3742 4313 3869 4367 male

2200 4400 2439 4469 cmpisti,
2472 4417 2573 4453 cur
2602 4400 2827 4471 perficis
2872 4406 2998 4454 actu
3027 4402 3247 4472 pejori?
3279 4418 3380 4455 cur
3421 4419 3694 4457 venereas
3730 4402 3869 4455 volu-

2182 4493 2381 4559 ptates
2410 4497 2656 4555 secutus,
2699 4490 2930 4543 Veneris
2972 4491 3152 4544 factus
3182 4507 3240 4543 es
3271 4494 3503 4544 servus?
3528 4493 3586 4546 Si
3631 4498 3686 4545 te
3716 4489 3869 4544 libido

2201 4577 2465 4641 delectat,
2526 4584 2581 4631 et
2637 4578 2934 4648 virginitas
2989 4579 3305 4648 tloridaque
3381 4581 3610 4635 castitas
3678 4581 3866 4641 horret,

2203 4684 2317 4721 non
2346 4668 2594 4734 Judreos,
2626 4669 2719 4721 sed
2755 4668 3162 4721 Mamentianos
3204 4668 3217 4711 l
3270 4669 3519 4739 inquire,
3563 4668 3659 4721 ubi
3689 4680 3867 4720 secun-

2202 4758 2338 4811 dum
2379 4757 2649 4809 saeculum
2696 4757 2936 4826 fulgeas,
2989 4763 3046 4810 et
3093 4774 3203 4810 non
3259 4773 3433 4811 unam
3483 4772 3739 4821 uxorem,
3788 4751 3867 4805 sed

2202 4897 2576 4951 Vocabulario
2619 4897 2813 4951 Bibliaz
2855 4897 3277 4966 Compluteusis
3308 4902 3566 4966 apparet.
3603 4896 3739 4949 lliuc
3776 4893 3871 4966 lor-

2200 4976 2346 5022 tasse
2380 4968 2619 5021 ldithum
2658 4968 2718 5021 in
2758 4984 2918 5021 versu
2971 4964 3121 5037 apud
3156 4964 3399 5021 Glossai';
3445 4970 3727 5036 Caugean.
3768 4964 3871 5015 inli-

2202 5056 2307 5092 maa
2357 5039 2561 5092 latinit.
2613 5042 2797 5107 Atque
2846 5043 3232 5107 prophetarum
3300 5040 3553 5105 psalmos,
3605 5037 3871 5101 Idithique

2206 5112 2406 5163 libellos
2445 5127 2456 5163 :
2494 5110 2587 5161 ubi
2630 5126 2731 5176 per
2760 5110 2981 5163 libellos
3023 5110 3198 5164 Idithi
3251 5109 3569 5163 Salomonis
3629 5109 3872 5161 videntur

2202 5182 2334 5234 libri
2392 5182 2747 5248 signiﬁcari:
2804 5182 2965 5252 quasi
3039 5180 3270 5252 diceres
3304 5181 3487 5252 dilecti
3535 5176 3867 5252 veliamabi-

2203 5252 2293 5315 lis,
2328 5257 2388 5304 ut
2446 5252 2536 5305 hic
2595 5252 2835 5305 Alvarus
2889 5251 3161 5305 Salomon
3215 5251 3369 5303 idida
3438 5251 3669 5304 Domini.
3721 5249 3780 5302 Et
3820 5249 3869 5296 in

2204 5325 2396 5376 Poeni.
2455 5339 2573 5384 vm,
2644 5338 2758 5374 ver.
2817 5325 2882 5375 35
2943 5321 3233 5375 inculcat:
3291 5321 3472 5386 ldida,
3539 5320 3640 5390 qui
3705 5319 3871 5386 signat

2203 5394 2495 5450 Christum
2528 5409 2678 5445 nunc
2701 5393 2820 5461 ipse
2852 5393 3140 5445 Salomon.

2274 5463 2285 5498 ί
2319 5464 2375 5517 ι..
2418 5458 2738 5532 pereamque
2793 5478 2857 5515 ex
2911 5464 3005 5516 lib.
3054 5479 3117 5515 Ill
3173 5462 3310 5530 Reg.
3345 5478 3467 5531 cap.
3501 5477 3612 5527 xiv,
3644 5476 3695 5512 v.
3726 5458 3772 5511 i.

2265 5562 2278 5603 ί
2335 5534 2395 5588 ld
2417 5540 2517 5601 est,
2554 5550 2695 5604 quos
2715 5535 2883 5603 vulgo
2907 5534 3149 5587 dicimus
3178 5535 3599 5589 Mahometanos.
