4022 6178
183 284 269 335 505
1699 275 1743 330 Ε
1753 275 1945 330 1³18Το
1953 274 2062 330 ΙΛΕ
2077 317 2088 328 .

3555 280 3655 332 506

181 417 351 487 plures
381 428 650 476 assumas,
678 415 734 465 et
765 412 917 464 velut
946 425 1127 480 equus
1157 410 1398 465 infrenis
1427 408 1641 479 passim
1671 408 1835 464 femi-
1878 413 1922 464 A
1950 407 2159 475 buerit,
2207 408 2568 463 concluditur
2600 425 2613 461 :
2672 414 2771 462 aut
2826 425 2938 462 non
2993 408 3038 462 si
3079 415 3345 466 mortuus
3395 413 3568 483 (quod
3614 413 3660 466 si

178 503 371 558 nalium
420 500 680 554 aviditate
726 499 785 551 in
853 498 1074 553 diversa
1111 497 1342 564 feraris;
1393 497 1493 551 ubi
1540 498 1845 567 lupanario

178 608 316 647 more
347 589 575 643 libidine
621 586 862 650 satiaris,
893 591 949 640 et
990 587 1134 639 male
1180 586 1471 655 castigatae
1522 586 1844 640 voracitatis

178 679 415 733 sordibus
454 675 794 748 inquineris,
834 680 1006 745 atque
1036 674 1488 728 concubinarum
1525 674 1845 729 incestuoso

176 768 381 821 tramite
423 765 721 833 sagineris.
773 764 884 817 Cur
936 768 991 817 et
1040 763 1213 816 istum
1256 767 1313 817 et
1365 763 1528 817 illum
1574 764 1843 818 saeculum

176 855 384 927 perdis?
423 855 507 907 vel
552 854 742 907 saltim
791 853 1040 905 lucriﬁca
1089 852 1285 917 istum,
1333 852 1379 904 si
1428 853 1620 921 perdis
1672 854 1845 907 aethe-

174 961 316 999 reum
351 945 530 997 illum.
573 943 892 997 Debueram
927 949 1038 996 tuae
1089 942 1335 996 vesaniae
1376 944 1555 996 multa
1598 943 1842 997 conscri-

172 1034 317 1095 bere;
353 1033 469 1097 sed,
504 1037 644 1085 teste
694 1034 826 1093 Deo,
858 1031 1029 1085 etiam
1061 1032 1130 1085 ad
1171 1032 1287 1085 haec
1318 1048 1494 1102 parva
1539 1032 1714 1086 invite
1747 1032 1841 1086 de-

174 1121 365 1175 scendi.
402 1121 547 1189 Non,
581 1127 644 1174 ut
669 1126 731 1174 tu
764 1120 923 1186 dicis,
959 1120 1255 1174 doctorum
1288 1136 1548 1174 meorum
1581 1120 1844 1190 imperio,

176 1210 261 1263 sed
288 1208 553 1261 audiendi
594 1208 677 1262 tui
722 1208 982 1261 fastidio:
1036 1208 1172 1277 quia
1202 1213 1481 1277 quantum
1511 1210 1639 1278 plus
1682 1214 1737 1262 te
1768 1210 1847 1263 le-

175 1297 343 1367 gendo
395 1296 631 1350 auribus
678 1298 883 1362 sentio,
942 1301 1099 1350 tanto
1173 1296 1419 1367 amplius
1475 1314 1566 1351 me
1616 1314 1847 1368 peccare

176 1386 451 1440 condoleo.

242 1477 317 1527 Π.
369 1474 541 1528 Multa
586 1490 719 1526 vero
775 1489 905 1542 quas
954 1472 1013 1526 in
1063 1475 1178 1528 ﬁne
1228 1474 1491 1543 Epistolas
1534 1476 1695 1541 texis,
1748 1476 1847 1530 ubi

179 1561 334 1616 David
366 1577 605 1630 regnare
635 1561 696 1613 in
728 1565 1073 1630 perpetuum
1103 1561 1204 1625 ais,
1240 1562 1449 1615 idcirco
1480 1564 1849 1633 responsione

176 1650 253 1703 vix
278 1650 494 1704 aestimo
525 1650 787 1719 dignum,
821 1650 956 1718 quia
987 1649 1305 1718 spiritalem
1335 1651 1509 1704 totius
1540 1652 1684 1722 legis
1708 1669 1850 1722 prm-

174 1739 282 1794 dico
333 1744 568 1793 textum.
618 1739 726 1793 Sed
770 1738 1066 1791 videamus
1110 1739 1251 1809 quid
1292 1740 1361 1793 de
1392 1746 1577 1793 vestra
1609 1756 1849 1794 conver-

175 1827 315 1882 sione
345 1828 627 1898 propheta
657 1827 844 1881 dicat:
879 1830 1062 1893 Neque
1087 1830 1424 1896 polluentur,
1463 1829 1668 1899 inquit,
1702 1832 1850 1885 ultra

174 1922 221 1970 in
268 1918 439 1983 idolis,
474 1922 526 1969 et
570 1922 628 1970 in
675 1918 1169 1971 abominationibus
1216 1924 1329 1971 suis
1381 1919 1592 1985 (Ezech.
1640 1936 1847 1985 xxxv",

172 2006 265 2066 23).
310 2006 449 2075 Ergo
492 2004 861 2075 perspicuum
896 2010 1001 2072 est,
1032 2007 1187 2075 quod
1221 2022 1372 2060 nunc
1397 2007 1551 2060 idola
1580 2009 1783 2074 colitis,
1816 2025 1849 2062 a

172 2111 393 2165 quarum
442 2106 464 2129 ει
519 2094 888 2148 inimunditia
916 2094 1057 2148 eluti
1088 2095 1263 2148 eritis.
1298 2097 1365 2149 Et
1396 2102 1458 2150 tu
1503 2097 1644 2150 mihi
1680 2101 1849 2152 testes

170 2182 385 2236 idoneos
428 2199 606 2252 super
637 2183 922 2236 Christum
958 2183 1210 2247 deducis,
1261 2201 1329 2237 ex
1362 2185 1503 2254 ipsis
1533 2202 1677 2255 quos
1714 2203 1842 2256 pro-

172 2272 409 2340 pheticus
458 2288 651 2325 sermo
682 2273 955 2326 idolatras
1003 2273 1318 2343 appellasse
1340 2290 1453 2327 non
1495 2275 1717 2329 nescis?
1750 2276 1844 2329 Vel

171 2360 223 2413 in
264 2362 365 2415 hoc
392 2362 686 2427 erubesce,
720 2361 937 2415 infelix.
985 2361 1199 2415 Caetera
1233 2378 1361 2431 quae
1411 2370 1733 2433 sequuntur
1760 2364 1845 2419 illi

170 2449 304 2515 parti
344 2454 678 2519 congruunt
724 2451 748 2491 δ
793 2465 922 2519 quae
965 2465 1067 2519 per
1120 2450 1387 2520 baptismi
1441 2468 1619 2522 aquas
1664 2453 1847 2507 Iavata

170 2535 278 2603 fuit,
330 2553 500 2607 quam
534 2538 831 2607 hucusque
862 2554 1010 2606 aqua
1042 2538 1255 2592 munda
1288 2538 1473 2592 lavare
1504 2542 1795 2594 consuevit
1828 2558 1840 2608 ;

170 2641 271 2678 non
301 2626 380 2679 illi
414 2627 568 2695 parti
600 2642 727 2696 qua:
764 2627 917 2679 velut
946 2642 1075 2680 suas
1105 2626 1162 2679 in
1193 2628 1490 2681 volutabro
1523 2628 1627 2681 luti
1654 2646 1842 2683 cceno-

168 2730 264 2785 que
293 2731 348 2769 se
386 2715 585 2768 volvit.
625 2714 797 2769 David
825 2731 959 2769 vero
1008 2721 1296 2785 pastorem
1326 2717 1649 2785 parabolice
1680 2719 1842 2772 Chri-

168 2808 297 2858 stum
338 2804 644 2874 signilicat,
686 2803 777 2857 cui
825 2804 986 2874 regni
1025 2804 1158 2858 ﬁnis
1193 2821 1309 2858 non
1344 2806 1472 2859 erit.
1515 2806 1622 2870 Qui
1659 2814 1716 2859 et
1750 2807 1843 2876 gi-

166 2898 370 2961 gantem
402 2898 458 2945 et
482 2894 731 2958 leonem,
765 2892 820 2945 id
855 2898 941 2946 est
980 2893 1298 2959 diabolum,
1333 2893 1550 2962 occisit,
1584 2901 1640 2969 et
1676 2912 1841 2949 manu

1956 514 2071 552 non
2102 504 2188 552 est
2236 503 2521 564 mortuus,
2555 497 2710 551 ﬁlius
2739 498 2860 568 ejus
2894 498 3119 552 Messias
3169 515 3284 553 non
3320 500 3446 568 erit,
3498 502 3659 571 cujus

1954 591 2087 657 post
2136 591 2380 640 mortem
2429 586 2762 657 prmdicitur
2800 589 3014 654 ortus);
3058 592 3158 641 aut
3196 588 3349 642 enim
3394 595 3657 645 mortuus

1956 680 2059 741 est,
2122 680 2179 729 et
2229 676 2411 729 ﬁlium
2456 691 2571 728 non
2620 674 2881 741 habebit;
2927 680 3025 728 aut
3072 691 3192 729 non
3241 681 3325 729 est
3371 682 3652 743 mortuus,

1955 767 2014 817 et
2069 763 2254 817 ﬁlium
2309 763 2486 817 alium
2548 779 2561 815 :
2626 778 2759 816 nam
2833 780 2946 817 non
3009 764 3267 818 Messiam
3325 764 3515 818 habet.
3580 767 3651 819 Ex

1958 868 2070 922 qua
2125 868 2347 905 summa
2405 851 2714 921 colligitur,
2763 868 2877 905 non
2929 852 3053 921 ejus
3106 853 3293 906 ﬁlium
3347 870 3469 908 esse
3517 855 3652 908 Mes-

1960 942 2128 995 siam.
2198 941 2363 994 Vides
2420 941 2735 994 secundum
2797 940 3098 994 historiam
3154 945 3311 995 tuam
3368 943 3647 997 corruisse

1957 1030 2320 1083 sententiam.
2369 1030 2531 1093 Quod
2583 1030 2628 1083 si
2691 1030 2875 1083 ﬁlium
2924 1030 3100 1083 David
3158 1046 3289 1084 eum
3346 1030 3474 1085 ideo
3528 1048 3649 1085 esse

1957 1118 2268 1185 contendis,
2348 1118 2485 1188 quia
2540 1135 2607 1171 ex
2684 1118 2808 1189 ejus
2862 1135 3071 1188 genere
3126 1135 3257 1173 eum
3350 1120 3655 1174 oriendum

1957 1211 2269 1276 exspectas,
2325 1222 2425 1259 cur
2455 1212 2509 1260 et
2558 1207 2700 1260 mihi
2750 1223 2865 1260 non
2915 1207 3084 1261 liceat
3132 1208 3421 1262 Christum
3482 1209 3654 1264 David

1958 1296 2142 1350 ﬁlium
2193 1296 2402 1363 dicere,
2458 1312 2521 1349 ex
2571 1295 2732 1364 cujus
2766 1296 3017 1349 manavit
3043 1296 3305 1367 origine?
3337 1313 3471 1351 nam
3503 1298 3656 1368 quod

1959 1385 2083 1457 ejus
2122 1401 2367 1455 regnum
2410 1390 2755 1455 perpetuum
2788 1401 2908 1438 esse
2944 1386 3320 1451 contendunt,
3356 1385 3566 1440 Christi
3594 1385 3655 1438 in

1961 1491 2192 1528 omnem
2244 1479 2457 1527 terram
2497 1475 2765 1527 virtutem
2799 1480 3031 1527 canunt.
3066 1475 3246 1538 Quem
3296 1475 3343 1528 si
3379 1479 3655 1545 perpetue

1960 1580 2161 1616 eorum
2203 1563 2309 1617 iste
2360 1562 2532 1617 David
2582 1563 2924 1633 regnaverit,
2977 1580 3272 1634 nunquam
3325 1564 3651 1633 paradisum

1890 1692 1929 1745 Β
1962 1650 2174 1705 videbit
2206 1668 2219 1704 ε
2255 1652 2392 1722 quia
2420 1667 2647 1721 semper
2674 1667 2789 1704 non
2811 1651 2872 1705 in
2901 1651 3167 1718 coelestia,
3203 1651 3301 1706 sed
3331 1652 3390 1705 in
3422 1658 3651 1706 terrena

1958 1740 2239 1810 regnavit.
2303 1740 2595 1809 Conspicis
2641 1745 2869 1794 terrena
2914 1744 2991 1805 te,
3044 1745 3101 1794 et
3144 1742 3399 1810 peritura
3439 1747 3653 1795 sectare

1958 1829 2229 1894 labentia,
2260 1836 2317 1882 et
2344 1829 2404 1882 in
2429 1829 2605 1882 ﬁnem
2637 1845 2739 1898 per
2769 1835 3063 1883 momenta
3088 1830 3308 1884 cunctis
3337 1830 3647 1899 vergentia,

1956 1934 2070 1973 non
2102 1919 2377 1972 diuturna
2409 1918 2704 1988 potentiali
2734 1918 2938 1971 robore
2969 1918 3237 1979 coelestia,
3279 1918 3374 1971 sed
3402 1918 3650 1987 fragilia,

1955 2008 2168 2061 caduca
2223 2012 2277 2060 et
2322 2007 2567 2060 modica.
2627 2007 2769 2062 Cave
2818 2023 2890 2060 ne
2938 2008 3190 2078 serpenti
3241 2007 3317 2061 sis
3359 2008 3537 2073 cibus,
3574 2024 3652 2061 ne

1954 2095 2143 2164 pulvis
2175 2096 2249 2147 sis
2281 2111 2313 2147 a
2346 2094 2490 2149 facie
2521 2100 2688 2149 terra:
2718 2100 3029 2165 projectus,
3067 2096 3165 2166 qui
3198 2111 3438 2167 regnum
3471 2102 3647 2149 terre-

1955 2200 2116 2249 num,
2152 2201 2269 2237 non
2299 2185 2523 2238 caeleste
2554 2184 2814 2256 inquiris.
2853 2185 2990 2239 Ossa
3015 2191 3205 2239 autem
3239 2202 3366 2256 quas
3399 2184 3650 2239 Ezechiel

1954 2274 2159 2328 domus
2207 2273 2375 2326 Israel
2426 2274 2583 2339 dicit,
2626 2290 2757 2344 quae
2807 2278 2863 2327 et
2911 2274 3183 2329 suscitare
3232 2274 3291 2327 in
3342 2272 3650 2327 novissimo

1954 2362 2125 2428 canit,
2186 2363 2315 2416 licet
2367 2363 2485 2432 jam
2527 2379 2594 2415 ex
2646 2367 2806 2432 parte
2850 2364 2907 2416 in
2954 2362 3182 2416 Domini
3230 2362 3650 2417 resurrectione

1953 2452 2146 2520 aliqua
2198 2450 2329 2504 inde
2384 2450 2530 2503 facta
2578 2452 2851 2516 recolam,
2911 2456 3103 2504 tamen
3156 2451 3343 2504 adhuc
3391 2450 3652 2504 facienda

1953 2540 2163 2592 iterum
2222 2540 2281 2591 in
2341 2539 2513 2592 tinem
2577 2539 2839 2592 omnium
2898 2540 3109 2593 dicant.
3168 2541 3286 2593 Non
3343 2540 3494 2610 quod
3551 2556 3649 2593 eos

1952 2628 2215 2681 inducam
2251 2628 2442 2681 denuo
2474 2628 2533 2681 in
2574 2632 2725 2681 terra
2757 2629 3237 2697 repromissionis,
3272 2629 3365 2682 sed
3399 2630 3456 2682 in
3496 2635 3649 2683 terra

1952 2722 2298 2781 sanctorum,
2352 2723 2504 2770 terra
2554 2717 2893 2785 viventium,
2940 2734 3113 2788 quam
3173 2718 3465 2786 suspirans
3506 2719 3649 2772 Pro-

1952 2806 2126 2874 pheta
2148 2806 2259 2860 ait:
2294 2807 2460 2860 Credo
2482 2807 2665 2860 videre
2699 2808 2837 2860 bona
2856 2810 3072 2861 Domini
3100 2812 3157 2859 in
3188 2812 3333 2861 terra
3354 2810 3648 2861 viventium

1953 2894 2120 2962 (Psal.
2156 2910 2304 2961 xxvr,
2355 2894 2464 2961 23).
2503 2896 2564 2948 Et
2596 2896 2793 2965 utique
2827 2896 3019 2949 vivens
3052 2901 3175 2949 erat
3204 2896 3263 2948 in
3297 2901 3446 2949 terra
3493 2898 3643 2949 vivo-

165 2981 307 3045 fortis
352 2982 436 3033 vel
485 2981 867 3034 desiderabilis
914 2979 1035 3033 fuit.
1090 2980 1250 3044 Quod
1295 2980 1342 3034 si
1388 2982 1562 3035 stulta
1605 2970 1839 3037 c‘onten-
1879 2994 1919 3047 ί]
1952 2999 2100 3048 rum,
2129 2984 2357 3052 quando
2380 2984 2550 3036 aliam
2574 2988 2871 3039 viventium
2902 2984 3241 3054 suspirabat.
3274 2983 3463 3037 Sancti
3492 2985 3646 3038 enim

165 3069 301 3122 tione
346 3068 525 3122 David
574 3083 889 3138 congruere
930 3068 1147 3133 dicunt,
1200 3069 1471 3137 probent,
1536 3072 1615 3123 uti
1666 3072 1841 3125 David

164 3156 417 3225 majorem
482 3156 757 3210 omnibus
825 3156 1061 3226 legunt?
1134 3160 1246 3210 Aut
1301 3159 1595 3228 quomodo
1663 3176 1837 3230 super

165 3245 368 3314 Moysen
413 3250 757 3314 potestatem
803 3245 1081 3310 tribuunt,
1115 3262 1285 3316 quem
1336 3247 1613 3317 majorem
1659 3250 1841 3302 omni-

166 3331 255 3384 bus
297 3334 350 3386 in
410 3334 590 3387 Israel
636 3334 826 3389 cuncti
878 3334 1175 3388 inducunt.
1235 3339 1349 3389 Aut
1393 3337 1680 3404 quomodo
1748 3338 1841 3391 hic

166 3421 316 3474 David
374 3429 569 3491 pastor
623 3422 966 3492 praedicitur,
1002 3439 1130 3476 cum
1163 3424 1298 3477 alibi
1348 3424 1498 3478 ﬁlius
1544 3442 1666 3479 esse
1696 3426 1841 3481 dica-

165 3515 262 3574 tur,
319 3511 414 3564 ubi
473 3511 724 3565 dicitur:
782 3513 1018 3577 Cumque
1074 3514 1357 3567 dormieris
1413 3530 1533 3567 cum
1580 3517 1840 3583 patribus

166 3601 276 3665 tuis,
322 3601 600 3653 suscitabo
648 3599 713 3653 de
762 3601 957 3653 lumbis
1010 3604 1117 3654 tuis
1169 3602 1248 3667 (II
1287 3602 1417 3668 Reg.
1465 3617 1559 3667 vn,
1614 3604 1720 3671 12).
1778 3604 1841 3656 Et

162 3692 294 3740 certe
338 3689 615 3742 Salomon
662 3705 779 3742 non
816 3694 946 3758 post
987 3698 1229 3743 mortem
1275 3690 1396 3760 ejus
1436 3690 1508 3743 ab
1549 3706 1614 3743 eo
1660 3695 1842 3745 exstat

162 3778 494 3844 progenitus,
532 3777 631 3830 sed
663 3777 836 3830 etiam
861 3782 991 3830 ante
1021 3777 1241 3831 obitum
1270 3778 1393 3848 ejus
1426 3778 1487 3831 in
1519 3795 1697 3848 regno
1730 3781 1840 3833 ele-

161 3868 283 3918 ctus.
349 3866 639 3936 Prospicis
696 3882 1019 3920 sermonem
1069 3867 1470 3936 propheticum
1522 3868 1841 3938 aenigmati-

160 3967 270 4006 cum
320 3970 462 4023 esse,
497 3961 557 4008 et
588 3971 702 4007 non
731 3959 843 4008 tua:
874 3955 1171 4009 sententiae
1203 3956 1567 4010 concordare.
1619 3958 1756 4010 Nam
1792 3957 1836 4011 si

159 4040 216 4093 de
246 4044 472 4097 renibus
511 4043 684 4097 David
719 4043 909 4106 fuerit,
938 4049 1160 4097 constat
1190 4045 1365 4098 David
1388 4061 1519 4098 eum
1553 4061 1669 4098 non
1694 4062 1833 4111 esse,

157 4130 240 4183 sed
291 4132 465 4185 alium
514 4132 615 4201 qui
661 4132 782 4202 jam
830 4133 899 4185 de
954 4133 1144 4187 cinere
1190 4138 1245 4186 et
1286 4135 1601 4202 putrefacta
1648 4135 1837 4189 favilla

158 4226 421 4290 exsurget,
466 4221 733 4273 existere.
778 4220 935 4284 Quod
975 4221 1022 4274 si
1056 4221 1176 4290 jam
1218 4228 1416 4275 uatum
1457 4239 1587 4276 eum
1630 4224 1834 4276 asseris

1951 3088 2152 3125 omnes
2198 3071 2287 3124 hic
2325 3072 2618 3142 peregrini
2650 3078 2705 3125 et
2748 3073 2984 3127 advena:
3014 3089 3133 3126 esse
3165 3073 3433 3126 dicuntur
3464 3089 3477 3126 :
3529 3089 3645 3127 non

1952 3160 2086 3229 quia
2116 3176 2424 3230 supernam
2459 3160 2754 3230 regionem
2784 3162 3028 3231 patriam
3062 3162 3337 3215 habentes
3369 3161 3435 3215 ad
3465 3166 3646 3214 terras

1950 3248 2155 3318 dilapsi
2209 3254 2359 3315 sunt,
2412 3250 2508 3303 sed
2547 3249 2684 3319 quia
2730 3266 2763 3302 a
2812 3256 2972 3321 patre
3012 3250 3271 3304 omnium
3316 3255 3372 3304 et
3413 3254 3645 3303 auctore

1951 3338 2171 3392 sidereo
2231 3340 2414 3392 multo
2465 3344 2725 3408 tempore
2787 3340 2845 3392 in
2911 3340 3017 3393 hac
3062 3340 3206 3393 valle
3262 3340 3642 3411 lacrymarum

1949 3425 2298 3496 peregrinati
2333 3432 2486 3494 sunt,
2520 3443 2635 3481 non
2668 3444 2929 3498 corpore,
2965 3428 3060 3481 sed
3095 3428 3311 3494 animo,
3346 3444 3449 3482 nec
3478 3432 3639 3481 natu-

1951 3514 2146 3567 raliter
2185 3515 2403 3580 animo,
2440 3516 2539 3569 sed
2584 3516 2866 3569 desiderio
2902 3522 2956 3569 et
2998 3518 3366 3569 amabilitatis
3416 3516 3640 3570 aﬁ'ectu.

2028 3605 2107 3656 18.
2171 3603 2277 3657 Sed
2338 3604 2632 3657 videamus
2685 3604 2731 3657 si
2792 3607 3105 3659 secundum
3162 3606 3411 3659 litteram
3462 3609 3645 3675 potest

1949 3694 2096 3744 stare
2142 3697 2327 3745 vestra
2396 3693 2728 3761 promissio.
2768 3696 2984 3752 Faciam
3043 3710 3147 3749 eos.
3197 3694 3405 3764 inquit,
3456 3694 3510 3746 id
3560 3705 3645 3746 est

1946 3780 2195 3843 Judaeos,
2234 3784 2291 3833 in
2341 3786 2551 3847 gentem
2601 3798 2765 3835 unam
2812 3783 3021 3847 (Ezech.
3062 3799 3271 3849 xxxvu,
3320 3786 3435 3850 2t).
3487 3783 3639 3835 Nun-

1949 3867 2086 3936 quid
2145 3867 2203 3919 in
2262 3868 2528 3936 gentibus
2584 3875 2748 3922 erant
2802 3868 3005 3922 divisi?
3055 3871 3116 3922 Et
3162 3869 3451 3939 quomodo
3504 3868 3640 3921 alibi

1949 3954 2130 4009 dicit:
2178 3959 2247 4009 Et
2294 3960 2434 4010 inter
2471 3962 2654 4024 gentes
2702 3975 2809 4011 non
2855 3959 3202 4027 reputabitur
3251 3960 3436 4027 (Num.
3480 3973 3638 4022 xxm,

1948 4044 2039 4111 9)?
2087 4044 2144 4099 Si
2194 4045 2378 4099 adhuc
2426 4046 2485 4098 in
2532 4047 2644 4100 ﬁne
2692 4052 2860 4099 erunt
2892 4048 2947 4099 in
3002 4064 3112 4098 una
3142 4055 3310 4116 gente
3358 4046 3635 4109 conversi,

1944 4133 2233 4203 quomodo
2275 4139 2409 4186 sunt
2443 4133 2498 4186 in
2536 4134 2742 4187 inultas
2782 4135 3016 4204 partiti?
3064 4134 3377 4203 Sequitur:
3438 4136 3504 4187 Et
3544 4149 3640 4186 rea:

1947 4226 2049 4275 erit
2090 4238 2232 4275 unus
2275 4224 2542 4284 omnibus,
2612 4229 2661 4276 et
2718 4241 2824 4278 non
2876 4229 3035 4277 erunt
3097 4226 3247 4278 ultra
3294 4224 3414 4277 dum
3456 4228 3639 4290 gentes

158 4321 281 4373 esse,
314 4308 401 4361 dic
433 4309 578 4362 mihi
609 4308 706 4361 ubi
743 4308 851 4362 hoc
880 4308 1101 4379 legisti;
1132 4314 1189 4363 et
1218 4308 1362 4363 sicut
1397 4315 1614 4380 patrem
1652 4312 1826 4364 David
1867 4320 1910 4373 υ
1942 4310 2154 4379 (Ezech.
2200 4327 2403 4371 xxxvn,
2460 4312 2570 4380 ‘23).
2606 4314 2751 4382 Ergo
2784 4313 2904 4365 sola
2934 4312 3107 4366 Israel
3156 4313 3283 4371 erit,
3327 4318 3383 4364 et
3431 4312 3638 4383 quibus

158 4397 411 4459 ostendis,
461 4397 544 4450 ita
588 4402 643 4450 et
671 4402 914 4450 matrem
947 4397 1165 4451 edicere
1205 4398 1399 4452 debes.
1431 4398 1591 4463 Quod
1637 4400 1684 4453 si
1716 4417 1835 4452 ma-

160 4486 290 4535 trem
323 4500 436 4538 non
470 4485 660 4551 habet,
695 4485 846 4539 ﬁlius
879 4485 1056 4540 David
1103 4501 1219 4539 non
1250 4487 1361 4539 erit
1390 4502 1402 4539 :
1435 4486 1571 4557 quia
1600 4503 1717 4541 non
1751 4492 1835 4541 est

158 4570 291 4624 ﬁlius
336 4573 503 4642 cujus
538 4578 868 4628 maternum
901 4575 1061 4629 deest
1101 4575 1376 4641 ofﬁcium,
1411 4580 1467 4629 et
1497 4592 1667 4646 quem
1712 4578 1832 4629 vul-

155 4672 227 4712 va
262 4676 375 4715 non
418 4661 640 4730 bajulat
668 4662 856 4727 sinus;
889 4668 986 4716 aut
1018 4662 1168 4717 enim
1214 4663 1388 4717 David
1422 4668 1524 4730 est,
1574 4670 1631 4717 et
1674 4679 1829 4719 mor-

158 4751 273 4801 tuus
318 4767 435 4804 non
495 4756 625 4805 est:
686 4751 839 4821 quod
896 4751 943 4804 si
1001 4757 1263 4805 mortuus
1309 4757 1411 4817 est,
1462 4752 1671 4823 ligatus
1717 4769 1832 4806 non

157 4841 270 4888 est:
318 4839 475 4908 quod
523 4838 570 4892 si
619 4839 827 4909 ligatus
871 4844 972 4903 est,
1027 4840 1198 4894 David
1250 4857 1361 4894 non
1403 4847 1505 4896 est.
1560 4841 1616 4895 Si
1660 4842 1829 4895 David

152 4921 284 4977 ﬁlius
312 4934 413 4991 est,
468 4929 701 4997 quando
728 4945 861 4983 eum
892 4928 1093 4997 genuit
1122 4929 1411 4999 inquirere
1457 4946 1682 4983 necesse
1714 4936 1824 4985 est.

153 5010 200 5063 Si
227 5016 371 5067 enim
404 5024 714 5086 antequam
748 5023 1086 5072 moreretur.
1122 5019 1350 5073 Messias
1377 5036 1491 5072 non
1523 5024 1629 5084 est,
1659 5020 1826 5090 cujus

151 5100 397 5155 nativitas
459 5110 590 5174 post
645 5111 891 5160 mortem
950 5107 1225 5175 praedicta
1262 5113 1366 5160 est.
1413 5108 1573 5170 Quod
1606 5107 1649 5159 si
1699 5113 1833 5177 post

61 5240 71 5259 ε
150 5197 374 5246 mortem
420 5197 591 5246 natus
621 5198 725 5259 est,
762 5194 879 5261 ubi,
917 5201 1015 5247 aut
1050 5196 1301 5264 quando,
1339 5203 1435 5249 aut
1465 5212 1529 5249 ex
1562 5212 1694 5266 qua,
1744 5197 1830 5250 vel

149 5278 378 5345 qualiter
432 5286 602 5335 natus
659 5288 762 5349 est,
823 5282 1240 5353 inquirendum
1299 5289 1401 5338 est.
1456 5286 1689 5340 Certum
1742 5290 1830 5339 est

149 5367 285 5431 quod
317 5374 574 5421 mortuus
606 5370 790 5424 ﬁlium
816 5371 1029 5425 habere
1062 5389 1174 5427 non
1206 5373 1383 5445 possit
1415 5391 1427 5427 :
1454 5374 1607 5446 quod
1640 5375 1687 5428 si
1726 5376 1828 5429 lia-

213 5496 234 5519 ⁸
268 5490 321 5541 l-‘.
355 5508 387 5541 α
420 5508 669 5555 quorum.

216 5560 237 5598 δ
265 5560 374 5621 Ms,
408 5568 677 5627 congruit.

1944 4398 2274 4452 dominetur
2304 4416 2421 4453 non
2453 4400 2679 4454 habebit
2708 4418 2721 4455 :
2762 4407 2860 4455 aut
2888 4403 3043 4454 enim
3073 4408 3213 4455 tunc
3244 4401 3423 4455 Juin
3449 4400 3639 4454 cuncti

1942 4488 2120 4542 futuri
2166 4492 2355 4554 erunt,
2398 4490 2607 4558 quibus
2655 4489 2763 4544 ista
2808 4490 3086 4560 promissa
3135 4496 3288 4552 sunt,
3348 4495 3405 4543 et
3450 4491 3640 4543 nullus

1940 4575 2269 4629 incredulus
2322 4592 2390 4630 ex
2448 4577 2717 4646 gentibus
2768 4578 3108 4644 remanebit,
3172 4584 3273 4631 aut
3319 4582 3467 4632 certe
3519 4579 3639 4632 haec

1942 4664 2230 4718 sententia
2267 4666 2433 4719 ﬁrma
2464 4674 2485 4699 ο
2525 4682 2645 4719 non
2674 4666 2803 4721 erit.
2848 4666 3117 4736 Sequitur
3144 4683 3156 4720 :
3189 4670 3293 4723 Nec
3326 4668 3641 4721 dividentur

1942 4754 2183 4821 amplius
2222 4758 2280 4806 in
2316 4754 2422 4808 duo
2453 4770 2643 4821 regna,
2680 4754 2736 4808 id
2767 4760 2851 4807 est
2882 4756 2942 4808 in
2974 4756 3143 4809 Israel
3175 4762 3232 4808 et
3261 4756 3424 4821 Juda,
3467 4771 3638 4819 neque

1938 4843 2258 4909 pollicentur
2302 4845 2539 4912 amplius
2590 4848 2648 4896 in
2696 4844 2856 4897 idolis
2904 4848 3019 4897 suis
3062 4844 3245 4913 (Ibid.,
3300 4844 3410 4911 22).
3473 4843 3638 4897 \‘ides

1941 4934 1996 4983 te
2054 4930 2337 4984 idolorum
2402 4929 2711 4985 adhaesisse
2764 4931 3024 4996 culturis,
3083 4950 3115 4984 a
3167 4932 3373 5001 quibus
3420 4932 3476 4983 in
3523 4931 3636 4983 ﬁne

1942 5020 2204 5072 omnium
2262 5020 2628 5073 mundandus
2676 5020 2806 5073 eris.
2865 5021 3107 5074 Adverte
3162 5020 3299 5091 quid
3356 5020 3525 5082 dicat,
3577 5023 3635 5071 in

1941 5108 2102 5161 idolis
2129 5124 2243 5161 non
2274 5108 2554 5177 gentium,
2574 5108 2675 5163 sed
2705 5114 2840 5163 suis.
2874 5111 3135 5163 Poteram
3171 5125 3285 5161 uno
3307 5110 3423 5161 sole
3453 5109 3636 5161 Eccle-

1940 5196 2038 5250 siae
2084 5195 2429 5265 opinionum
2458 5200 2689 5250 tuarum
2722 5196 2937 5251 rivulos
2969 5198 3027 5250 in
3068 5201 3360 5250 momento
3392 5196 3629 5260 siccare;

1940 5284 2037 5338 sed
2095 5289 2394 5339 contentus
2451 5301 2569 5352 ero,
2639 5292 2696 5341 et
2749 5286 2863 5340 tuis
2934 5291 3158 5339 tantum
3220 5284 3635 5339 assertionibus

1937 5373 2319 5443 respondebo.
2375 5374 2536 5438 Quod
2590 5375 2634 5428 si
2688 5392 2775 5428 me
2818 5375 3057 5428 ulterius
3106 5373 3506 5444 provocaveris
3562 5376 3631 5429 ad

2010 5507 2028 5529 ε
2060 5497 2179 5561 Ms.,
2212 5501 2383 5566 ﬁrmis
2417 5516 2519 5551 non
2552 5506 2682 5552 erat.
