4098 6180
1978 162 2007 176 \

411 302 511 353 507

1789 298 2045 353 ALVARI
2085 297 2564 354 CORDUBENSIS

3784 307 3871 357 3308

409 432 657 501 cholera,
693 436 998 503 consputus
1027 427 1296 483 abscedes
1330 434 1390 482 ut
1410 430 1638 499 ﬁegma.
1673 430 1914 483 Gustum
1945 427 2098 482 enim
2136 430 2183 483 Α
2212 432 2397 482 vestra
2450 445 2569 483 non
2620 429 2973 500 suscipitur?
3026 428 3173 494 Quid
3232 445 3323 483 me
3382 428 3731 502 interrogas?
3781 433 3871 487 Se-

410 529 673 577 nostrum
704 519 806 574 tibi
836 517 1167 582 indidimus,
1204 521 1264 570 ut
1296 532 1398 587 per
1427 517 1534 570 ista
1568 533 1742 587 parva
1770 517 1973 570 timeas
2001 517 2101 570 illa

409 627 539 683 quae
584 625 791 677 magna
821 612 970 672 sunt,
1014 623 1144 659 cum
1178 608 1285 659 ista
1314 610 1368 660 te
1422 607 1500 659 ita
1529 606 1920 671 contriverint,
1971 622 2098 675 quas

407 714 583 771 parva
613 702 765 751 sunt.
804 696 1075 767 Nunquid
1109 712 1222 749 non
1257 701 1518 764 poteram
1548 694 1653 749 tibi
1684 696 1858 748 totius
1896 695 2098 749 Danie-

406 788 476 841 lis
535 786 786 858 proferre
855 786 1175 848 historiam,
1252 785 1382 838 ﬁdei
1441 789 1648 838 nostrae
1704 784 1976 851 radicem,
2046 789 2102 838 et

406 881 630 930 scutum
664 874 1054 945 praevalidum,
1093 873 1186 927 ubi
1218 890 1333 927 non
1366 873 1549 927 solum
1584 874 1821 926 Sanctus
1873 878 2099 927 sancto-

404 980 534 1019 rum
564 964 865 1030 occiditur,
902 978 1100 1016 verum
1127 961 1301 1016 etiam
1333 967 1595 1032 tempora
1625 977 1911 1015 annorum
1946 978 2097 1032 prte-

405 1054 533 1109 ﬁxis
576 1052 1032 1107 hebdomadibus
1072 1056 1471 1115 numerantur,
1516 1055 1571 1104 et
1602 1067 1782 1120 usque
1836 1050 1906 1104 ad
1960 1067 2100 1104 con-

406 1142 852 1197 summationem
928 1146 983 1194 et
1032 1141 1204 1193 ﬁnem
1264 1155 1628 1209 perseverare
1683 1140 2096 1193 desolationem

406 1246 504 1283 ore
538 1229 877 1299 prophetico
909 1227 1155 1281 dicitur?
1191 1229 1522 1281 lletexerem
1552 1228 1659 1280 hoc
1692 1230 1813 1281 ioco
1846 1228 1914 1281 ab
1945 1230 2099 1281 exitu

404 1321 663 1374 sermonis
712 1322 769 1371 ut
820 1321 1013 1371 iterum
1060 1316 1360 1387 zdiﬁcetur
1402 1319 1739 1371 Hierusalem
1799 1334 1966 1385 usque
2026 1316 2099 1369 ad

406 1409 688 1460 Christum
736 1407 922 1460 ducem
972 1408 1131 1476 (Dan.
1185 1422 1258 1466 ix.
1302 1406 1415 1473 22),
1455 1422 1636 1458 annos
1682 1406 2097 1475 imperatorum

406 1495 770 1565 regnantium
804 1512 983 1566 usque
1024 1495 1095 1548 ad
1127 1494 1334 1548 Christi
1364 1494 1692 1559 adventum,
1738 1502 1795 1549 et
1829 1496 2096 1549 docerem

398 1587 520 1657 jam
562 1601 681 1638 esse
726 1585 1051 1653 impletum,
1094 1584 1245 1654 quod
1287 1585 1459 1637 stulta
1497 1584 1866 1653 persuasione
1916 1584 2099 1637 adhuc

404 1673 614 1745 putatis
645 1672 1024 1743 implendum.
1057 1672 1161 1726 Sed
1184 1672 1633 1726 etdefectionem
1664 1673 1821 1726 illam
1854 1672 2099 1725 traducis

406 1764 466 1817 in
515 1761 765 1833 regibus,
818 1776 990 1830 quam
1033 1761 1204 1814 Jacob
1253 1760 1425 1814 sacris
1472 1761 1737 1830 praedixit
1777 1761 2096 1831 praesagiis,

404 1856 663 1921 tempore
720 1849 1096 1903 afﬁrmassem
1155 1849 1425 1903 accidisse
1501 1850 1757 1917 Herodis,
1818 1850 1917 1920 qui
1987 1866 2101 1903 non

402 1940 754 2005 Iudaeorum,
791 1939 888 1992 sed
913 1938 1250 2008 alienigenae
1282 1938 1495 1991 exstitit
1526 1939 1726 2007 prolis.
1765 1940 1829 1992 Et
1859 1938 1964 1992 hoc
1984 1955 2101 1991 non

405 2029 548 2081 meis
586 2027 875 2081 ﬁrmarem
916 2025 1121 2091 verbis,
1170 2026 1266 2079 sed
1299 2026 1437 2079 olim
1465 2026 1635 2079 vestri
1667 2027 1936 2091 doctoris,
1983 2044 2099 2080 non

404 2117 590 2170 solum
620 2116 792 2169 unius
821 2115 1058 2185 Josippi,
1083 2131 1279 2168 verum
1302 2121 1473 2168 etiam
1498 2121 1553 2169 et
1579 2116 1850 2170 Philonis.
1885 2118 2099 2170 Tamen

405 2204 542 2274 quia
598 2209 660 2257 tu
709 2220 825 2257 non
874 2204 1060 2257 studio
1103 2203 1378 2257 doctrinas
1427 2204 1745 2270 contendis,
1779 2203 1877 2257 sed
1924 2203 2101 2257 livore

407 2292 738 2347 destruendi
794 2292 1065 2361 assurgis,
1115 2291 1185 2345 ob
1236 2292 1344 2345 hoc
1394 2308 1621 2345 necesse
1666 2290 1806 2346 mihi
1862 2292 2099 2359 exstitit,

407 2396 521 2435 non
555 2397 685 2435 mea
723 2382 823 2435 tibi
858 2380 1054 2434 omnia
1085 2382 1385 2450 propalare
1418 2380 1707 2449 mysteria,
1742 2380 1837 2433 sed
1875 2385 2097 2434 tantum

405 2470 696 2525 destruere
726 2486 970 2539 quasque
1002 2486 1110 2522 vox
1141 2470 1447 2540 protulerit
1474 2470 1642 2523 nuda.
1679 2469 2102 2523 Assertionibus

408 2558 621 2628 quippe
653 2559 765 2611 tuis
800 2558 1002 2612 obvius
1019 2558 1229 2613 exstiti:
1255 2575 1389 2612 nam
1419 2574 1533 2611 non
1565 2574 1656 2612 me
1678 2558 1841 2628 quasi
1871 2558 2101 2611 ﬁrmare

408 2647 628 2711 conavi,
664 2647 762 2717 qui
796 2663 883 2700 me
914 2647 1145 2701 ﬁrmum
1178 2663 1297 2701 esse
1329 2662 1555 2716 semper
1585 2646 1843 2716 cognovi.
1881 2647 1944 2699 Et
1974 2647 2102 2699 ideo

408 2740 543 2789 tuus
573 2734 675 2787 tibi
708 2750 897 2788 sermo
933 2735 1246 2805 respondit,
1280 2740 1336 2788 et
1363 2735 1421 2787 in
1454 2741 1506 2787 te
1534 2735 1732 2804 lingua
1763 2740 1861 2787 tua
1889 2741 2101 2787 retorta

410 2824 535 2877 fuit.
586 2824 964 2893 Quapropter,
998 2824 1043 2876 si
1096 2824 1310 2894 aliquid
1346 2823 1543 2877 durius
1584 2824 1959 2893 promanavit,
2020 2823 2101 2875 vi-

409 2913 552 2966 tium
604 2912 829 2981 a-groti,
877 2928 990 2965 non
1047 2912 1252 2965 medici
1295 2912 1434 2979 fuit;
1482 2914 1637 2966 unde
1690 2917 1745 2965 et
1784 2913 2103 2965 mordacius

408 3002 584 3071 stylus
623 3000 852 3054 incessit
895 3000 1027 3053 locis
1058 3001 1267 3070 quibus
1301 3000 1636 3070 sacrilegam
1677 3000 2099 3071 oppositionem

409 3090 505 3161 pia
539 3090 909 3159 responsione
933 3091 1286 3159 compressit.
1320 3092 1399 3144 Tu
1428 3107 1559 3144 vero
1609 3090 1818 3144 amodo
1841 3105 1907 3143 ea
1938 3089 2103 3143 nobis

410 3178 691 3249 responde
719 3195 847 3249 quae
877 3179 1085 3248 placita
1112 3180 1227 3232 Deo
1248 3180 1542 3249 cognoscis
1574 3179 1715 3234 fore.
1748 3178 1864 3233 Scis
1895 3194 2102 3249 nempe

409 3269 544 3339 quia
582 3267 642 3321 in
686 3268 992 3337 praesentia
1024 3269 1379 3335 angelorum,
1416 3285 1512 3320 seu
1545 3273 1883 3321 cunctarum
1914 3268 2102 3320 virtu-

408 3362 552 3421 tum,
602 3357 710 3409 erit
739 3357 861 3410 haec
891 3359 1179 3409 contentio
1228 3362 1419 3409 nostra
1448 3356 1701 3409 discussa
1737 3372 1750 3408 :
1786 3356 1863 3409 ita
1898 3362 1961 3409 ut
1999 3371 2104 3409 nec

412 3461 525 3498 una
578 3450 884 3515 praetereat
935 3444 1072 3509 iota,
1129 3461 1257 3514 quas
1286 3460 1401 3497 non
1446 3445 1603 3514 quali
1654 3446 1847 3498 animo
1893 3444 2105 3497 sciatur

410 3549 528 3587 esse
567 3533 912 3602 conscripta,
948 3538 1005 3585 et
1037 3538 1132 3585 aut
1163 3532 1739 3598 remunerationibus,
1772 3537 1870 3586 aut
1898 3531 2100 3603 plagis,

409 3621 877 3690 compensabitur
906 3620 1096 3689 digna.

482 3711 564 3762 19.
600 3708 762 3762 Libet
800 3708 859 3762 in
890 3708 1067 3762 ﬁnem
1100 3709 1170 3762 ad
1218 3713 1532 3780 utrumque
1583 3708 1687 3762 tibi
1733 3708 2099 3780 respondere.

408 3797 467 3852 Si
505 3813 705 3868 pacem
754 3797 1064 3863 desideras,
1108 3814 1267 3851 arma
1297 3798 1553 3869 depone;
1583 3797 1630 3851 si
1663 3804 1854 3852 autem
1898 3804 1954 3852 te
1985 3804 2102 3852 tor-

410 3890 604 3939 menta
644 3887 947 3953 delectant,
987 3887 1100 3940 tela
1131 3902 1432 3957 compone.
1467 3887 1573 3940 Sed
1605 3893 1851 3957 quantus
1878 3887 2017 3941 velis
2044 3887 2103 3940 iu

411 3976 675 4046 clypeum
718 3992 919 4046 surge;
946 3992 1060 4047 quo
1094 3977 1312 4041 malles,
1344 3976 1602 4029 turbines
1640 3980 1843 4045 torque
1878 3991 1891 4029 :
1942 3976 2104 4029 hasta

410 4064 575 4117 fortis
616 4069 720 4131 est,
772 4070 829 4118 et
873 4064 933 4117 in
963 4063 1380 4134 disputationes
1415 4065 1723 4117 vehemens
1752 4067 1905 4116 texat
1938 4071 1962 4095 ⁸
1999 4078 2102 4116 no-

411 4154 582 4207 dosus
628 4153 979 4223 dignoscitur
1025 4169 1166 4215 esse,
1213 4160 1268 4206 et
1301 4153 1397 4224 qui
1438 4158 1601 4205 acuto
1640 4152 1823 4221 capite
1864 4155 2100 4222 pugnet,

411 4243 747 4311 hostemque
794 4257 911 4294 non
956 4242 1139 4294 solum
1180 4242 1457 4306 vulneret,
1507 4241 1606 4295 sed
1656 4241 1973 4296 detruncet.
2028 4241 2105 4293 De

413 4329 677 4400 qualibus
710 4329 975 4398 Virgilius
1008 4330 1145 4383 dicit
1176 4344 1188 4383 :

660 4417 949 4466 Acntonico
974 4417 1080 4465 ritu
1107 4417 1247 4466 soliti
1271 4420 1514 4480 torquere
1538 4418 1754 4466 catellas

417 4510 623 4561 Parvas
696 4506 1067 4561 sententiolas
1126 4507 1538 4576 prophetarum
1599 4507 1690 4561 hic
1747 4507 2105 4562 annotandas

414 4596 679 4650 duximus
717 4601 927 4662 ratum,
985 4602 1050 4649 ut
1100 4602 1359 4650 nostrum
1405 4601 1772 4668 vestrumque
1822 4597 1954 4651 ﬁdei
2006 4597 2104 4650 de-

416 4692 801 4739 monstremus
852 4690 1083 4738 statum.
1143 4686 1237 4738 Ait
1300 4686 1574 4739 Dominus
1628 4702 1728 4755 per
1776 4685 2103 4739 Malachiam

414 4773 757 4843 prophetam
808 4774 963 4839 (Mal.
1008 4790 1043 4838 ι,
1092 4776 1174 4841 10,
1220 4775 1345 4843 11);
1399 4776 1517 4829 Νοη
1558 4780 1635 4828 est
1676 4776 1921 4828 voluntas
1970 4775 2106 4827 mihi

412 4865 471 4916 in
511 4862 683 4929 vobis,
740 4861 876 4915 dicit
931 4865 1222 4927 Dominus;
1286 4868 1335 4916 et
1388 4878 1581 4917 munus
1638 4879 1743 4917 non
1806 4865 2104 4931 suscipiam

413 4951 478 5003 de
528 4966 693 5003 manu
744 4955 943 5004 vestra.
996 4950 1219 5015 Quare?
1274 4952 1415 5015 Quia
1470 4953 1536 5005 ab
1596 4958 1717 5005 ortu
1772 4954 1898 5005 solis
1938 4966 2107 5020 usque

412 5038 487 5092 ad
531 5053 776 5092 occasum
821 5054 1079 5106 magnum
1131 5046 1209 5093 est
1264 5056 1452 5094 nomen
1505 5056 1697 5093 meum.
1749 5040 1811 5092 ln
1860 5038 2105 5108 quibus?

412 5126 685 5196 Sequitur
746 5142 758 5179 :
819 5129 876 5180 in
947 5128 1213 5195 gentibus.
1270 5129 1333 5181 Et
1388 5144 1489 5180 cur
1541 5142 1751 5180 munus
1809 5126 1878 5180 de
1932 5142 2105 5179 manu

486 5279 507 5303 ⁸
548 5272 633 5323 An
675 5274 902 5335 textum,
949 5271 1034 5323 vel
1075 5274 1295 5324 textus?
1336 5272 1501 5325 Juxta
1551 5270 1693 5324 illud
1750 5269 1969 5339 Virgilii
2011 5286 2105 5323 vm

2140 1728 2178 1781 Β

2211 517 2445 589 quentia
2489 518 2786 587 conspice:
2833 518 2978 583 Quia
3026 521 3083 573 in
3121 520 3266 572 omni
3307 519 3415 573 loco
3461 520 3791 589 sacriﬁcatur
3825 528 3868 576 et

2209 608 2437 675 offertur
2486 610 2694 663 nomini
2724 624 2835 663 meo
2875 610 3074 663 oblatio
3109 624 3221 661 non
3270 609 3505 676 polluta,
3548 610 3643 663 sed
3674 612 3871 665 munda.

2209 696 2373 760 Quod
2422 697 2722 766 proprium
2769 697 3223 751 Christianorum
3278 704 3391 762 est;
3434 703 3490 751 et
3530 704 3592 751 ut
3631 699 3746 753 haec
3787 717 3875 754 vox

2210 802 2327 839 non
2358 790 2839 853 contemneretur,
2869 787 3055 841 denuo
3087 787 3251 857 quasi
3283 803 3410 840 cum
3444 788 3624 857 gloria
3654 790 3872 859 repetit:

2210 878 2343 943 quia
2380 891 2635 942 magnum
2681 882 2758 930 est
2802 892 2987 930 nomen
3028 892 3223 943 meum,
3265 893 3377 929 non
3416 877 3477 929 in
3514 877 3754 946 populis,
3791 880 3874 932 sed

2208 965 2267 1016 in
2313 965 2579 1029 gentibus.
2616 966 2756 1018 Item
2790 965 2959 1018 Isaias
2996 968 3020 1008 b
3052 964 3190 1018 dicit
3223 982 3234 1019 :
3272 968 3718 1019 Praevaricatione
3744 983 3873 1035 prm-

2207 1055 2455 1106 varicata
2505 1057 2582 1107 est
2612 1056 2668 1107 in
2706 1069 2787 1107 me
2824 1054 3012 1108 domus
3055 1054 3217 1108 Juda.
3254 1054 3433 1117 Quam
3475 1054 3874 1123 praevaricatio-

2208 1156 2341 1194 nem
2393 1142 2647 1210 apertius
2699 1142 3061 1211 designavit:
3114 1144 3461 1208 Negaverunt
3507 1158 3605 1207 me,
3658 1149 3706 1195 et
3745 1143 3881 1196 dixe-

2210 1234 2385 1283 runt:
2441 1232 2555 1283 Non
2605 1235 2684 1284 est
2720 1232 2835 1298 ipse
2879 1230 3009 1297 (Jer.
3062 1246 3113 1294 v,
3171 1233 3270 1295 t2).
3319 1230 3423 1293 Qui
3474 1230 3636 1299 ipse?
3676 1230 3879 1283 Messias

2209 1334 2328 1371 non
2371 1323 2453 1371 est
2486 1319 2587 1371 iste
2633 1318 2732 1389 qui
2775 1319 2950 1386 venit,
2995 1318 3091 1372 sed
3136 1318 3311 1371 alium
3352 1323 3758 1387 exspectamus.
3805 1318 3881 1370 Vi-

2208 1405 2305 1458 des
2347 1422 2520 1475 quam
2554 1412 2746 1475 aperte
2790 1405 3039 1459 insanias
3071 1412 3282 1458 vestras
3316 1406 3594 1474 propheta
3624 1404 3879 1473 depinxit.

2211 1495 2355 1547 Item
2404 1494 2559 1562 ipse:
2607 1496 2738 1549 Ecce
2784 1494 2900 1547 dies
2942 1497 3172 1559 venient,
3227 1495 3362 1548 dicit
3404 1497 3683 1557 Dominus,
3726 1500 3773 1546 et
3808 1496 3881 1558 fe-

2206 1586 2349 1637 riam
2397 1583 2582 1637 domui
2636 1592 2656 1617 °
2711 1583 2879 1643 Iuda,
2912 1583 2966 1637 id
3002 1588 3105 1650 est,
3156 1583 3402 1651 duabus,
3438 1589 3659 1652 pactum
3707 1598 3882 1636 novum

2207 1675 2331 1729 (Jer.
2380 1688 2528 1738 xxxr,
2586 1672 2693 1741 31).
2754 1672 2909 1727 Unde
2960 1672 3069 1726 hoc
3113 1687 3328 1734 novum,
3379 1672 3488 1724 nisi
3547 1676 3707 1724 vetus
3749 1686 3885 1740 prae-

2209 1761 2476 1815 cederet?
2520 1762 2587 1813 Et
2625 1761 2753 1814 ideo
2786 1776 2997 1814 novum
3042 1765 3293 1831 pactum,
3328 1765 3389 1813 ut
3420 1766 3669 1813 veterem
3713 1760 3886 1813 abole-

2210 1855 2328 1915 rct;
2363 1855 2421 1902 et
2460 1854 2523 1903 ut
2568 1850 2675 1903 hoc
2714 1855 2943 1919 pactum
2982 1866 3097 1902 non
3136 1849 3344 1917 legem,
3371 1850 3465 1902 sed
3512 1848 3884 1919 Evangelium,

2210 1953 2327 1991 non
2370 1943 2595 1992 tantum
2642 1938 2925 2007 gentibus,
2981 1939 3080 1991 sed
3137 1938 3310 1991 etiam
3357 1938 3587 2005 Judaeis,
3650 1937 3749 2008 qui
3799 1953 3888 1990 nos

2210 2042 2427 2089 sumus,
2476 2026 2728 2096 positum
2764 2027 2924 2088 scias,
2973 2026 3140 2079 audi:
3193 2029 3308 2081 Non
3350 2027 3641 2080 secundum
3686 2030 3889 2094 pactum

2211 2115 2355 2183 quod
2388 2118 2576 2184 pepigi
2611 2131 2730 2168 cum
2768 2116 3021 2183 patribus
3065 2131 3271 2181 eorum,
3314 2115 3532 2183 quando
3562 2114 3885 2183 apprehendi

2209 2219 2429 2271 manum
2479 2219 2678 2270 eorum,
2712 2209 2770 2258 ut
2824 2204 3095 2257 educerem
3127 2220 3209 2257 eos
3260 2204 3325 2257 de
3357 2210 3504 2256 terra
3551 2206 3793 2274 Egypti,
3840 2202 3889 2256 id

2210 2296 2295 2345 est
2341 2304 2567 2361 pactum
2622 2292 2781 2362 legis.
2840 2292 3005 2345 Vides
3055 2292 3240 2362 legem
3290 2291 3580 2358 abolitam,
3628 2298 3689 2345 et
3740 2291 3889 2361 quasi

2212 2381 2514 2452 reprobam
2556 2381 2762 2434 factam
2798 2398 2810 2435 :
2864 2387 2916 2434 et
2970 2382 3115 2435 bene
3157 2383 3435 2452 propheta
3468 2382 3573 2435 hoc
3605 2385 3736 2450 post
3773 2387 3893 2432 tem-

2210 2486 2315 2539 pus
2348 2469 2575 2523 evenire
2602 2469 2867 2539 prazdixit
2902 2487 2912 2520 :
2952 2468 3088 2540 quia
3119 2485 3234 2521 non
3266 2486 3369 2522 suo
3399 2470 3457 2522 in
3490 2474 3771 2536 tempore,
3805 2467 3890 2519 sed

2210 2558 2268 2611 in
2299 2557 2420 2612 dies
2449 2564 2717 2612 venturos
2750 2558 3040 2629 Evangelii
3071 2562 3477 2611 testamentum
3512 2558 3762 2611 dandum
3786 2571 3892 2608 esse

2212 2645 2494 2717 praevidit.
2541 2647 2691 2701 Audi
2741 2648 2948 2700 iterum
3010 2647 3261 2701 Ezechiel
3299 2661 3309 2671 '
3367 2647 3507 2699 Dedi
3534 2649 3608 2699 eis
3637 2648 3893 2715 praerepta

2209 2751 2315 2788 non
2349 2736 2503 2801 bona,
2554 2741 2602 2790 et
2628 2737 2845 2804 judicia
2872 2739 2929 2789 in
2960 2738 3155 2805 quibus
3185 2752 3289 2789 non
3318 2739 3507 2789 vivant
3547 2736 3759 2802 (Ezech.
3807 2748 3891 2795 xx,

2212 2824 2316 2891 20).
2367 2824 2537 2877 Isaias
2581 2830 2775 2877 autem
2808 2825 3003 2889 audet,
3050 2829 3107 2877 et
3143 2824 3323 2879 dicit:
3362 2823 3586 2888 Audite,
3632 2824 3894 2891 principes

2211 2913 2584 2977 Sodomorum,
2631 2915 2892 2982 percipite
2921 2913 3149 2966 auribus
3178 2914 3343 2980 legem
3376 2914 3470 2966 Dei
3506 2914 3700 2975 vestri,
3734 2925 3896 2979 popu-

2143 3029 2182 3082 Ο
2214 3002 2294 3054 lus
2347 3001 2671 3056 Gomorrhaz.
2721 3003 2831 3067 Quo
2889 3002 3026 3054 mihi
3082 3001 3374 3054 multitudo
3422 3002 3769 3053 victimarum
3812 3010 3893 3049 ve-

2211 3095 2466 3149 strarum.
2545 3089 2678 3142 dicit
2752 3091 3048 3143 Dominus:
3103 3090 3308 3142 Plenus
3370 3102 3518 3150 sum,
3596 3087 3897 3141 holocausta

2212 3180 2462 3242 arietum,
2505 3182 2555 3231 et
2602 3178 2819 3245 adipem
2857 3180 3170 3247 pinguium,
3217 3179 3537 3244 sanguinem
3587 3177 3895 3236 vitulorum,

2212 3271 2261 3319 et
2299 3268 2591 3333 hircorum,
2631 3272 2681 3319 et
2729 3282 2989 3332 agnorum
3028 3268 3201 3320 noluit
3240 3266 3366 3335 (Isa.
3417 3283 3452 3333 ι,
3509 3268 3614 3329 10).
3665 3267 3735 3320 Ut
3780 3279 3897 3316 om-

2212 3354 2309 3407 nia
2356 3360 2541 3407 vestra
2582 3355 2879 3421 sacriﬁcia,
2922 3356 2980 3408 in
3041 3372 3155 3425 qua
3198 3361 3385 3409 vestra
3443 3354 3733 3408 conﬁditis
3784 3366 3897 3405 esse

2213 3443 2489 3509 remedia,
2543 3445 2873 3497 ostenderet
2922 3445 3190 3514 reproba.
3256 3444 3415 3498 Unde
3470 3448 3526 3497 et
3593 3442 3893 3513 sequitur:

2215 3534 2343 3598 Quis
2376 3534 2628 3598 quaesivit
2667 3532 2775 3585 hac
2812 3532 2880 3587 de
2914 3532 3166 3585 manibus
3204 3534 3419 3596 vestris,
3462 3535 3524 3585 ut
3554 3530 3899 3584 ambularetis

2212 3622 2271 3672 in
2314 3621 2474 3673 atriis
2525 3622 2671 3673 meis.
2725 3622 2803 3675 Ne
2843 3622 3087 3689 offeratis
3131 3621 3279 3674 ultra
3316 3622 3647 3689 sacriﬁcium
3695 3621 3899 3685 frustra

2214 3707 2398 3777 (Ibid,
2454 3712 2539 3775 12,
2602 3709 2707 3778 13).
2771 3709 3111 3779 Diligentius
3168 3709 3394 3762 intuere
3448 3709 3616 3773 ultra,
3680 3712 3737 3760 et
3785 3708 3898 3772 fru-

2212 3802 2348 3850 stra.
2398 3797 2477 3850 Ne
2525 3796 2776 3851 offeratis
2822 3800 2989 3861 ultra,
3032 3797 3092 3851 id
3146 3801 3229 3850 est
3285 3797 3641 3866 aliquando:
3696 3794 3900 3849 sacriﬁ-

2213 3886 2365 3939 cium
2395 3886 2631 3950 frustra,
2657 3884 2713 3938 id
2732 3890 2835 3953 est,
2861 3886 2980 3939 sine
3008 3901 3197 3949 causa,
3224 3885 3332 3938 hoc
3360 3890 3460 3949 est,
3495 3882 3900 3954 praestamenti.

2214 3974 2375 4038 Quod
2408 3974 2453 4025 si
2487 3973 2715 4039 frustra,
2768 3978 2832 4026 ut
2873 3973 3035 4039 dixit,
3079 3973 3283 4027 offerre
3316 3973 3628 4037 volueritis,
3669 3972 3804 4042 quid
3838 3970 3903 4022 sit

2215 4068 2338 4131 lege
2381 4078 2393 4115 :
2455 4064 2733 4115 Incensum
2791 4062 3121 4116 abominatio
3177 4066 3255 4116 est
3310 4063 3467 4115 mihi.
3538 4062 3900 4124 Neomeniam,

2214 4167 2331 4205 non
2363 4166 2571 4217 meam,
2610 4152 2708 4204 sed
2740 4156 3005 4212 vestram,
3045 4158 3093 4204 et
3145 4150 3394 4217 sabbata,
3445 4149 3765 4204 identidem
3811 4163 3898 4199 ve-

2214 4246 2347 4304 stra,
2387 4242 2438 4293 et
2494 4241 2872 4300 solemnitates,
2923 4239 3190 4292 similiter
3241 4244 3478 4305 vestras,
3533 4254 3640 4291 non
3700 4240 3899 4305 feram.

2140 4326 2183 4379 D
2214 4327 2438 4392 Quare?
2476 4327 2619 4391 Quia
2651 4330 2834 4395 iniqui
2864 4333 2990 4381 sunt
3027 4332 3188 4381 cretus
3235 4329 3438 4380 vestri:
3486 4327 3771 4382 Kalendas
3820 4339 3897 4377 ve-

2208 4422 2375 4482 stras,
2421 4421 2470 4468 et
2519 4417 2883 4469 solemnitates
2932 4432 3037 4469 non
3078 4430 3225 4469 meas
3273 4415 3444 4468 odivit
3484 4417 3674 4468 anima
3730 4428 3844 4467 mea
3889 4425 3899 4463 :

2211 4507 2373 4570 facta:
2400 4510 2525 4557 sunt
2568 4504 2703 4557 mihi
2732 4504 3006 4558 molestae:
3060 4504 3307 4557 laboravi
3336 4506 3626 4557 sustinens.
3676 4505 3748 4557 Et
3793 4516 3904 4555 cum

2212 4591 2564 4645 extenderitis
2616 4592 2792 4645 oculos
2819 4598 3042 4656 vestros,
3083 4597 3327 4645 avertam
3357 4593 3532 4645 oculos
3567 4606 3709 4645 meos
3742 4606 3775 4643 α
3810 4604 3903 4642 vo-

2214 4681 2323 4749 bis;
2373 4686 2423 4734 et
2474 4696 2593 4733 cum
2623 4681 3120 4747 multiplicaveritis
3160 4682 3474 4746 orationem,
3523 4695 3629 4733 non
3679 4679 3902 4732 audiam

2214 4768 2404 4839 (lbid.,
2458 4768 2668 4831 13-15).
2721 4766 2884 4819 Vides
2926 4782 3093 4820 aures
3144 4768 3261 4835 ejus
3309 4766 3666 4818 orationibus
3712 4762 3906 4817 vestris

2216 4858 2554 4911 obturatas:
2606 4861 2661 4908 et
2708 4860 2771 4908 tu
2831 4855 3285 4924 redemptionem
3344 4853 3676 4925 exspectas?
3728 4854 3907 4916 Quare

2216 4946 2558 5000 obturatas:
2609 4943 2754 5006 Quia
2801 4958 2993 4996 manus
3039 4947 3228 4995 vestrm
3273 4943 3539 5007 sanguine
3567 4942 3743 5009 plenae
3786 4942 3908 4992 sunt

2217 5034 2404 5103 (Ibid).
2458 5032 2580 5097 Quo
2624 5030 2944 5101 sanguine?
2977 5032 3073 5084 illo
3105 5046 3313 5099 nempe
3347 5045 3459 5099 quo
3489 5045 3583 5081 vos
3627 5028 3742 5096 ipsi
3778 5042 3911 5079 con-

2218 5120 2545 5174 demnatis:
2600 5121 2836 5187 Sanguis
2892 5119 3059 5188 hujus
3105 5134 3267 5188 super
3311 5132 3405 5172 nos
3454 5122 3504 5171 et
3553 5132 3721 5186 super
3773 5117 3908 5184 ﬁlios

2284 5277 2306 5301 ε
2338 5265 2575 5335 Vulgata
2608 5280 2622 5318 :
2667 5264 2852 5318 domui
2884 5265 3051 5318 Israel
3079 5268 3129 5317 et
3162 5264 3345 5318 domui
3385 5263 3545 5316 Juda
3589 5261 3781 5335 foedus
3827 5275 3911 5335 no:

416 5341 536 5392 Ain.
592 5356 642 5393 ν.
692 5344 839 5394 626:
892 5329 1251 5409 'Hastamque,
1309 5347 1359 5395 et
1415 5342 1589 5411 clypei
1647 5357 1753 5395 non
1798 5329 2109 5396 envarrabile
2210 5351 2355 5390 vum.
2414 5329 2638 5411 Noster
2684 5350 2912 5411 quoque
2968 5336 3138 5389 Israel
3188 5335 3415 5411 scripsit
3473 5338 3706 5403 (praeter
3746 5329 3911 5394 Juda)

418 5415 641 5463 textum.

484 5482 510 5523 b
542 5481 579 5533 Ι.
612 5483 890 5536 Jeremias.

2216 5422 2343 5461 cum
2377 5406 2569 5461 statim
2599 5405 2813 5463 duabus
2842 5406 2901 5461 id
2929 5405 3339 5460 accommodat.
