4098 6180
219 318 307 368 509
1737 312 1776 367 E
1787 309 2123 366 PISTOLzE.

3583 316 3686 368 510

218 455 406 503 nostros
452 447 671 516 (Matth.
720 462 887 512 xxvu,
951 446 1063 514 25).
1123 447 1263 500 Item
1316 446 1474 517 ipse:
1534 448 1878 514 Confunden-
1915 447 1961 499 Α
1992 450 2122 511 quia
2154 463 2274 500 cum
2294 446 2691 515 jejunaverint,
2734 463 2840 500 non
2871 449 3168 502 emaudium
3199 464 3348 503 voces
3397 466 3599 508 eorum,
3635 453 3686 504 et

218 542 297 590 tur
321 536 384 589 ab
413 535 591 593 idolis,
635 535 832 599 quibus
860 537 1335 604 sacriﬁcaverunt:
1365 540 1415 589 et
1446 536 1764 589 erubescetis
1792 552 1886 589 su-

210 641 298 695 per
337 625 522 684 hortis,
559 639 690 689 quos
733 625 1019 689 elegeritis,
1054 639 1173 676 cum
1201 626 1422 690 fueritis
1467 626 1614 678 velut
1659 641 1887 690 quercus

217 713 552 781 deﬂuentibus
585 713 755 778 foliis,
789 716 841 765 et
860 713 1007 764 velut
1035 711 1232 765 hortus
1256 713 1458 777 absque
1488 728 1652 778 aqua.
1686 715 1757 766 Et
1787 717 1888 766 erit

214 801 462 868 fortitudo
507 806 688 854 vestra.
733 806 792 853 ut
838 801 1034 866 favilla
1075 806 1306 869 stuppae,
1357 805 1409 853 et
1467 817 1603 870 opus
1649 807 1887 854 vestrum

216 893 357 954 quasi
392 890 674 942 scintilla:
720 893 770 942 et
811 890 1167 943 succendetur
1195 894 1506 955 utrumque,
1554 894 1605 942 et
1644 907 1751 943 non
1787 893 1888 943 erit

215 983 296 1043 qui
331 979 642 1044 eacstinguat
670 978 801 1042 (Isa.
830 993 868 1042 ι,
915 976 1136 1043 29-31).
1186 977 1453 1042 Adverte,
1483 994 1516 1031 ο
1548 978 1678 1031 vino
1727 977 1885 1031 furo-

215 1066 280 1119 ris
331 1065 424 1118 Dei
485 1067 796 1135 crapulate,
851 1081 1027 1135 opera
1082 1071 1268 1119 vestra
1326 1066 1559 1120 flamma
1620 1065 1884 1130 existere,

211 1171 324 1226 quae
371 1154 821 1219 devorationem,
864 1171 977 1207 non
1023 1154 1492 1224 propitiationem
1527 1154 1686 1208 vobis
1735 1155 1888 1207 exlii-

210 1244 312 1297 bet.
354 1243 518 1299 Certe
550 1243 866 1310 considero,
901 1243 1036 1313 quia
1065 1243 1247 1310 magis
1288 1243 1712 1297 succendemini
1745 1259 1888 1314 ope-

209 1333 350 1386 ribus
398 1332 620 1396 vestris,
656 1349 828 1402 quam
860 1333 1094 1403 aliquod
1127 1333 1620 1387 demolumentnm
1666 1333 1887 1403 adjuto-

210 1421 271 1475 rii
300 1421 596 1492 acquiritis
623 1422 804 1475 vobis.

271 1513 350 1564 20.
388 1511 455 1563 Et
486 1527 612 1563 cum
646 1510 948 1580 propheta,
983 1509 1098 1563 imo
1124 1512 1273 1564 Deus
1304 1526 1406 1581 per
1435 1511 1778 1581 prophetam
1811 1510 1889 1563 di-

208 1606 301 1653 cat:
332 1599 435 1664 Qui
463 1604 782 1667 ewstinguat
813 1616 918 1653 non
945 1604 1066 1660 erit,
1096 1599 1224 1670 quis
1254 1615 1396 1669 rogo
1426 1605 1538 1653 tum
1561 1615 1754 1652 vecors
1783 1606 1885 1666 est,

208 1687 296 1758 qui
336 1688 819 1758 exstinguendum
869 1693 1030 1757 putet
1069 1689 1220 1760 quod
1271 1688 1544 1742 Dominus
1591 1689 1887 1742 incensum

208 1792 311 1829 non
343 1776 687 1829 exstinctum
720 1775 980 1846 profert?
1016 1777 1124 1830 Nec
1156 1775 1310 1830 enim
1346 1776 1510 1842 dixit,
1548 1777 1648 1847 qui
1676 1775 1886 1830 exstin-

206 1870 330 1935 guat
361 1881 478 1918 non
523 1870 624 1930 est,
677 1865 773 1918 sed
828 1882 935 1919 non
981 1869 1104 1919 erit.
1156 1867 1430 1920 Futurum
1477 1871 1722 1936 tempus,
1774 1883 1888 1920 non

206 1969 442 2024 presens
479 1961 705 2022 tempus
737 1955 948 2024 posuit,
996 1960 1061 2007 ut
1102 1955 1454 2024 sempiterno
1488 1971 1582 2007 vos
1621 1955 1887 2009 incendio

208 2041 582 2111 depascendos
610 2041 884 2095 ﬁrmaret.
925 2043 1063 2096 Item
1094 2043 1369 2097 Jeremias
1399 2048 1703 2114 postquam
1737 2043 1891 2098 dixe-

209 2136 285 2184 rat
317 2147 328 2182 :
363 2133 733 2184 Prasvaricata
775 2136 854 2184 est
886 2134 943 2184 in
974 2147 1056 2185 me
1096 2133 1288 2185 domus
1334 2133 1500 2193 Juda,
1555 2137 1890 2199 negaverunt

207 2230 294 2275 me,
329 2219 378 2267 et
406 2215 671 2267 dixerunt
693 2231 710 2266 :
763 2216 880 2269 Non
912 2218 990 2267 est
1021 2217 1152 2284 ipse,
1183 2231 1352 2280 neque
1384 2219 1560 2268 veniet
1589 2230 1754 2284 super
1793 2231 1890 2268 nos

206 2304 392 2356 malum
419 2303 693 2370 gladium,
728 2308 780 2358 et
825 2306 1025 2369 famem
1052 2320 1160 2357 non
1192 2304 1492 2357 videbimus
1528 2304 1663 2374 (Jer.
1715 2321 1764 2370 ν,
1805 2309 1887 2373 11,

211 2394 308 2458 12),
353 2391 618 2445 addidit:
667 2394 790 2446 Ηοτο
833 2408 956 2459 ergo
998 2397 1240 2446 evenient
1283 2395 1416 2447 illis.
1455 2395 1580 2446 Haec
1624 2393 1757 2446 dicit
1791 2397 1888 2447 Do-

206 2483 369 2533 minus
399 2484 774 2533 exercituum:
803 2481 944 2546 Quia
976 2483 1138 2534 locuti
1170 2485 1300 2534 estis
1329 2482 1550 2534 verbum
1581 2483 1749 2543 istud,
1779 2498 1892 2536 cecc

206 2584 288 2634 ego
317 2568 381 2622 do
422 2569 594 2621 verba
634 2585 753 2622 mea
782 2573 840 2622 in
870 2585 960 2622 ore
996 2574 1086 2623 tuo
1120 2571 1318 2637 ignem,
1352 2574 1403 2622 et
1426 2571 1696 2639 populum.
1726 2575 1891 2624 istum

207 2657 360 2723 ligna,
416 2661 471 2710 et
529 2657 743 2710 vorabit
790 2674 874 2712 eos
926 2658 1114 2727 (Ibid.,
1178 2660 1262 2722 13,
1306 2659 1409 2725 14).
1464 2659 1650 2721 Vides,
1696 2661 1888 2726 stulte,

204 2748 325 2815 quia
350 2747 526 2800 verba
546 2745 776 2800 Domini
800 2763 914 2800 non
937 2751 1069 2800 sunt
1088 2756 1112 2780 ³
1140 2746 1302 2800 vobis
1323 2747 1720 2801 fulcimentum
1740 2749 1890 2801 salu-

205 2834 284 2899 tis,
313 2835 406 2888 sed
433 2835 861 2888 consummatio
887 2835 1130 2889 ﬂammae
1153 2836 1442 2890 vastantis.
1475 2836 1585 2891 Sed
1604 2842 1660 2890 et
1690 2852 1888 2890 conse-

205 2923 447 2992 quentia,
483 2923 681 2992 impie,
703 2923 1012 2994 diligenter
1041 2925 1294 2992 adverte,
1321 2931 1378 2979 et
1404 2932 1460 2980 te
1485 2925 1736 2996 undique
1759 2941 1890 2980 con-

1994 539 2041 588 si
2065 536 2360 590 obtulerint
2388 536 2847 589 holocaustomata
2876 542 2926 589 et
2955 542 3220 598 victimas,
3258 555 3362 592 non
3391 543 3687 608 suscipiam

1996 639 2088 684 ea;
2131 639 2251 677 cum
2292 624 2496 691 gladio,
2543 627 2595 676 et
2628 625 2790 690 fume,
2843 629 2894 676 et
2918 629 3071 693 peste
3102 642 3194 692 ego
3245 642 3557 698 consumam
3601 643 3686 680 eos

1997 715 2127 782 (Jer.
2182 714 2267 778 14,
2304 713 2405 780 11).
2452 712 2616 765 Vides
2647 712 2998 781 prohibitum
3031 731 3060 766 a
3108 715 3349 768 Domino
3382 715 3685 786 prophetis

1997 799 2112 853 suis
2145 816 2246 870 pro
2287 800 2442 854 vobis
2469 800 2789 854 orationem
2831 802 3035 854 levare.
3073 802 3364 871 Conspicis
3397 802 3688 857 orationes

1996 893 2210 942 vestras
2249 893 2305 942 et
2355 889 2845 943 holocaustomata
2875 889 3120 959 reproba
3163 907 3303 944 esse.
3342 892 3514 946 Audis
3558 907 3689 945 con-

1996 982 2346 1031 summatum
2390 976 2762 1031 Israeliticum
2811 978 3092 1048 populum
3138 979 3349 1048 gladio,
3397 983 3577 1048 peste,
3634 983 3690 1032 et

1995 1065 2180 1120 fame:
2215 1071 2270 1120 et
2300 1082 2412 1136 qua
2443 1066 2630 1119 fronte
2662 1067 3138 1119 restaurationem
3163 1072 3293 1136 post
3321 1083 3687 1121 consumma-

1996 1155 2210 1208 tionem
2232 1153 2561 1224 exspectas'?
2594 1155 2900 1224 Nunquam
2939 1154 3094 1208 enim
3129 1155 3284 1225 quod
3317 1161 3691 1208 consumatur

1996 1248 2363 1298 restauratur.
2397 1243 2775 1314 Conquereris
2805 1243 3065 1311 forsitan,
3100 1260 3278 1314 quare
3319 1243 3398 1297 ita
3420 1260 3685 1297 consum—

1996 1331 2208 1384 maris‘?
2240 1331 2364 1384 Non
2395 1348 2505 1391 me,
2540 1333 2638 1385 sed
2665 1337 2852 1401 ipsum
2880 1337 3066 1385 vatem
3100 1333 3353 1385 ausculta
3390 1349 3402 1386 :
3441 1332 3595 1397 Quod
3645 1337 3693 1386 si

1999 1422 2202 1474 duceris
2232 1425 2288 1473 in
2319 1421 2476 1473 corde
2528 1425 2654 1473 tuo:
2689 1421 2868 1485 Quare
2905 1426 3170 1474 venerunt
3201 1421 3333 1473 mihi
3375 1422 3483 1475 haec
3503 1425 3530 1476 ?
3550 1436 3689 1490 pro-

1990 1514 2118 1577 pter
2161 1509 2566 1562 multitudinem
2602 1513 2912 1574 iniquitatis
2960 1514 3063 1562 tua:
3089 1511 3326 1562 revelata
3370 1514 3499 1562 sunt
3536 1525 3692 1562 vere-

1996 1598 2261 1652 cundiora
2313 1602 2426 1663 tua,
2477 1599 2702 1666 pollutae
2734 1602 2862 1651 sunt
2887 1599 3096 1667 plantw
3139 1602 3243 1651 tuae
3271 1600 3401 1665 (Jer.
3435 1613 3550 1662 XIII,
3573 1599 3688 1667 22).

1998 1687 2065 1739 Et
2111 1690 2176 1740 ut
2213 1691 2552 1756 perpetuam
2598 1686 3028 1756 genuinamque
3078 1691 3258 1750 tuam,
3309 1702 3341 1738 ο
3381 1686 3689 1748 insensate,

1996 1774 2314 1828 vecordiam
2347 1775 2679 1840 afﬁrmaret,
2715 1775 3039 1844 parabolice
3073 1775 3340 1845 deinceps
3372 1773 3687 1844 expressit:

1998 1865 2056 1918 Si
2088 1867 2300 1916 mutare
2324 1868 2504 1932 potest
2550 1863 2795 1931 .Ethiops
2829 1864 3023 1931 pellem
3055 1873 3094 1925 ε,
3142 1878 3233 1916 vos
3268 1867 3521 1931 poteritis
3564 1863 3692 1915 bene

1996 1955 2194 2020 facere,
2244 1967 2365 2005 cum
2404 1951 2705 2004 didiceritis
2749 1953 2890 2004 male
2937 1953 3069 2021 (Jer.
3111 1967 3229 2016 xm,
3281 1955 3393 2019 23).
3449 1951 3604 2004 Unde
3644 1950 3690 2002 si

1997 2045 2156 2112 potes
2188 2039 2494 2110 aliquando
2515 2039 2841 2110 .IEthiopem
2869 2040 3171 2094 ostendere
3199 2041 3412 2101 album,
3446 2046 3543 2092 aut
3573 2055 3690 2092 non

1997 2129 2313 2184 variantem
2371 2129 2662 2183 coloribus
2717 2129 2958 2199 pardus;
3016 2129 3234 2199 poteris
3294 2136 3351 2182 et
3412 2133 3471 2182 tu
3533 2127 3691 2198 quod

1998 2224 2288 2288 exspectas
2327 2217 2739 2287 redemptionis
2779 2216 3014 2287 adispici
3060 2218 3297 2271 bonum.
3349 2216 3508 2280 Quod
3557 2215 3693 2286 quia

1996 2305 2350 2376 impossibile
2398 2306 2566 2373 nosti,
2620 2310 2674 2359 te
2733 2312 3078 2376 perpetuum
3120 2307 3240 2377 jam
3291 2305 3505 2375 perisse
3555 2319 3691 2357 con-

1998 2411 2208 2465 gruum
2241 2399 2326 2448 est
2361 2411 2477 2448 non
2507 2400 2710 2463 sponte
2745 2394 2930 2448 fateri.
2970 2395 3244 2463 Sequitur
3276 2411 3288 2448 :
3327 2397 3399 2448 Et
3439 2395 3688 2448 dissemi-

1998 2485 2136 2537 nabo
2167 2499 2253 2537 eos
2287 2487 2446 2548 quasi
2465 2485 2746 2552 stipulam,
2783 2499 2902 2549 quas
2925 2489 3080 2537 vento
3112 2488 3368 2552 raptatur
3397 2487 3453 2536 in
3484 2483 3690 2535 deserto

2001 2573 2146 2642 (Ibid
2177 2613 2190 2633 ,
2238 2573 2346 2642 2i).
2403 2573 2543 2625 Cum
2581 2573 2725 2625 Deus
2778 2572 3133 2637 disseniinet,
3168 2571 3296 2642 quis
3329 2575 3414 2624 est
3445 2570 3547 2623 iste
3592 2568 3691 2639 qui

1999 2660 2322 2730 colligendo
2373 2676 2468 2713 vos
2507 2663 2850 2730 congreget?
2902 2660 3133 2714 Addidit
3174 2676 3188 2713 :
3232 2662 3356 2714 Haec
3403 2674 3519 2712 sors
3573 2662 3687 2718 tua,

1993 2765 2235 2819 parsque
2304 2764 2569 2802 mensura:
2631 2753 2754 2809 tuae,
2836 2750 2968 2802 dicit
3017 2752 3280 2802 Dominus
3336 2747 3522 2818 (Ibid.,
3577 2747 3687 2814 25).

1999 2837 2176 2891 Audis
2208 2841 2419 2890 sortem
2470 2842 2649 2903 tuam,
2684 2841 2741 2890 et
2771 2838 2947 2907 partis
2974 2842 3087 2890 tuae
3121 2851 3467 2899 mensuram,
3515 2834 3690 2887 disse-

2001 2926 2418 2979 minationem?
2442 2926 2555 2980 Cur
2585 2941 2701 2978 non
2727 2927 2901 2996 pudet
2921 2931 2996 2990 te,
3030 2925 3536 2996 congregationem
3563 2938 3691 2992 quas

207 3012 404 3065 fossam
439 3012 589 3066 dole.
636 3013 777 3066 Nam
812 3018 940 3082 post
985 3013 1165 3067 multa
1194 3030 1322 3084 quas
1353 3019 1409 3068 te
1439 3014 1680 3067 viriliter
1726 3018 1888 3067 trun-
1929 3047 1968 3100 ρ
2005 3014 2251 3068 aliorum
2302 3019 2388 3068 est
2438 3016 2731 3084 requirere
2779 3015 3033 3067 sortem?
3079 3013 3187 3068 Sed
3241 3017 3297 3066 et
3348 3011 3484 3066 alibi
3537 3011 3691 3064 idem

205 3107 340 3164 cant,
373 3099 600 3154 addidit
628 3102 801 3154 etiam
835 3101 986 3155 hinc:
1017 3104 1224 3168 Defecit
1257 3106 1646 3171 sufflatorium,
1678 3107 1735 3156 in
1767 3107 1892 3170 igne

204 3194 573 3258 consumptum
604 3194 683 3242 est
708 3191 1012 3258 plumbum,
1047 3193 1265 3256 frustra
1295 3195 1548 3260 conflavit
1578 3194 1839 3260 con/lator
1871 3209 1889 3245 .-

201 3278 400 3330 τηαιὶτὶιι
435 3282 580 3330 enim
612 3295 794 3331 eorum
825 3295 931 3331 non
970 3283 1049 3331 est
1086 3285 1442 3348 consumpta;
1487 3285 1774 3347 argentum
1803 3296 1887 3332 re-

201 3365 418 3430 probum
460 3369 647 3418 vocate
687 3381 792 3425 eos,
855 3369 985 3430 quia
1033 3369 1290 3419 Dominus
1335 3357 1566 3434 projecit
1623 3383 1708 3419 eos
1756 3369 1888 3435 (Jer.

207 3467 270 3518 v1,
308 3456 394 3514 29,
446 3455 562 3522 30).
617 3454 908 3523 intelligis,
961 3455 1154 3521 miser,
1189 3456 1323 3524 quia
1369 3455 1489 3508 haec
1540 3454 1789 3522 afﬂictio,
1839 3459 1894 3508 et

204 3541 498 3610 captivitas
549 3541 738 3594 minor
785 3549 869 3594 est
923 3557 1098 3611 quam
1158 3542 1433 3612 iniquitas
1478 3543 1703 3596 vestra?
1762 3545 1892 3596 Ecce

206 3626 402 3682 frustra
442 3629 507 3682 in
542 3630 674 3699 igne
712 3629 850 3683 dicit
879 3629 1085 3683 missos
1123 3647 1222 3684 vos
1254 3647 1373 3684 esse
1422 3632 1723 3702 propheta,
1759 3632 1896 3701 quia

207 3717 476 3770 malitiam
509 3723 753 3770 vestram
785 3733 888 3787 per
922 3719 1027 3771 hoc
1054 3734 1166 3771 non
1192 3718 1332 3772 vidit
1358 3735 1479 3772 esse
1512 3721 1890 3790 purgandum.

209 3805 263 3857 Et
289 3807 500 3859 iterum
529 3810 658 3876 post
679 3808 876 3874 multa,
913 3824 1039 3877 qua:
1065 3814 1120 3862 te
1151 3813 1392 3879 tuosque
1418 3809 1594 3863 libere
1612 3810 1890 3878 plectunt,

206 3895 366 3949 etiam
403 3898 533 3950 haec
577 3897 768 3949 intulit
800 3913 989 3949 sermo
1019 3898 1242 3950 divinus
1271 3914 1283 3951 :
1322 3901 1400 3952 Ta
1433 3915 1557 3966 ergo
1589 3900 1700 3952 noli
1738 3915 1894 3952 orare

198 4001 294 4051 pro
321 3987 532 4053 populo
562 3985 677 4045 hoc,
725 4002 819 4038 nec
848 4001 1096 4039 assumas
1121 4003 1224 4055 pro
1258 3991 1333 4040 eis
1362 3988 1577 4040 laudem
1612 3993 1660 4040 et
1690 3991 1892 4041 oratio-

204 4089 330 4133 nem,
375 4090 472 4127 nec
519 4074 750 4126 obsistus
794 4074 946 4135 mihi,
996 4078 1125 4138 quia
1177 4091 1282 4127 non
1325 4076 1614 4128 emaudiam
1663 4081 1712 4127 te
1757 4079 1888 4142 (Jer.

199 4175 266 4225 χι,
307 4161 406 4228 14).

264 4252 349 4304 21.
385 4247 646 4313 Qualiter
675 4250 830 4303 enim
860 4249 1257 4304 liberationem
1288 4257 1599 4321 exspectas,
1632 4268 1663 4305 ο
1691 4252 1888 4318 inscie,

2001 3103 2281 3175 propheta
2308 3101 2452 3156 dixit
2484 3118 2496 3156 :
2534 3103 2593 3156 Si
2639 3107 2848 3156 steterit
2882 3104 3109 3168 Moyses,
3162 3107 3212 3155 et
3264 3102 3485 3157 Samuel
3512 3115 3691 3153 coram

2000 3209 2098 3249 me.
2133 3208 2241 3245 non
2269 3196 2347 3245 est
2375 3195 2558 3244 anima
2579 3207 2696 3244 mea
2724 3191 2798 3245 ad
2827 3192 3088 3259 populum
3119 3193 3281 3243 istum
3313 3190 3442 3256 (Jer.
3476 3205 3564 3253 xv,
3617 3191 3687 3254 1).

2001 3284 2305 3352 Postquam
2349 3279 2655 3335 Jeremiam
2705 3295 2808 3348 pro
2848 3279 3003 3332 vobis
3052 3295 3216 3332 orare
3259 3277 3574 3349 prohibuit,
3620 3291 3690 3329 ne

2000 3387 2132 3424 eum
2165 3370 2350 3423 solum
2399 3369 2561 3440 quasi
2608 3369 2940 3439 despectum
2983 3369 3043 3422 in
3073 3368 3344 3438 suifragio
3401 3367 3686 3429 redderet,

2003 3475 2132 3512 mox
2165 3457 2219 3511 ei
2249 3457 2428 3510 socios
2450 3456 2665 3526 junxit,
2700 3472 2805 3526 per
2835 3472 3081 3527 quorum
3125 3454 3604 3510 memorationem
3638 3458 3694 3506 et

1999 3548 2230 3602 ruinam
2276 3551 2523 3600 vestram
2572 3547 2945 3612 demonstrat,
2983 3550 3320 3616 perpetuam
3353 3543 3690 3614 designavit,

2001 3641 2055 3691 et
2087 3635 2454 3689 insolubilem
2482 3639 2698 3689 reatum
2730 3634 2988 3688 criminis
3012 3635 3184 3688 vestri
3219 3634 3502 3704 probavit.
3550 3635 3692 3687 Eze-

2001 3723 2170 3778 chieli
2213 3739 2399 3776 sermo
2453 3722 2679 3776 divinus
2725 3723 2930 3775 clamat
2961 3727 3017 3774 et
3062 3722 3244 3776 dicit:
3290 3723 3395 3775 Fili
3437 3722 3689 3785 hominis,

1999 3827 2155 3865 versa
2206 3816 2285 3864 est
2330 3812 2464 3863 mihi
2507 3812 2695 3864 domus
2747 3812 2921 3864 Israel
2959 3815 3019 3863 in
3065 3815 3313 3864 sco-riam.
3362 3811 3552 3864 Omnes
3601 3810 3694 3862 isti

1999 3906 2276 3960 stanmun,
2328 3899 2632 3968 plumbum,
2695 3903 2744 3951 et
2798 3901 3007 3965 ferrum
3068 3898 3397 3951 inmedium
3452 3901 3693 3964 fornacis

1999 3994 2175 4043 scoria
2205 3993 2420 4056 argenti
2451 3989 2587 4054 facti
2612 3991 2741 4040 sunt
2762 4004 2780 4040 .'
2808 3991 3100 4056 propterea
3127 3987 3236 4039 haec
3267 3987 3412 4039 dicit
3429 3990 3691 4040 Dominus

1998 4082 2174 4132 Deus:
2229 4080 2300 4130 Eo
2334 4077 2480 4142 quod
2506 4080 2648 4129 versi
2692 4079 2818 4129 estis
2850 4091 3028 4129 omnes
3062 4081 3119 4128 in
3166 4079 3414 4136 scoriam,
3449 4079 3696 4144 propter-

2000 4183 2062 4219 ea
2110 4182 2221 4219 ecce
2274 4182 2367 4233 ego
2415 4165 2747 4232 congregabo
2795 4180 2886 4218 vos
2931 4169 2987 4217 in
3019 4165 3190 4217 medio
3228 4165 3527 4217 Jerusalem
3569 4181 3694 4216 cono

1998 4259 2311 4322 gregatione
2340 4257 2572 4320 argenti,
2625 4258 2675 4306 et
2715 4255 2870 4319 ferri,
2905 4258 2956 4306 et
3002 4257 3206 4313 stanni,
3254 4257 3305 4305 et
3351 4253 3586 4320 plumbi,
3639 4257 3695 4305 in

201 4353 321 4390 cum
374 4339 488 4392 ista
520 4337 699 4409 legis?
730 4354 832 4392 cur
867 4343 928 4393 ut
976 4338 1118 4408 lapis
1149 4339 1326 4394 durus
1360 4339 1696 4406 consistens,
1738 4357 1891 4394 nun-
1934 4343 1976 4396 D
2003 4344 2237 4396 medium.
2287 4344 2527 4408 fornacis
2545 4359 2564 4402 ;
2606 4346 2658 4394 et
2685 4342 3005 4395 succendam
3037 4347 3150 4394 eam
3182 4343 3298 4407 igni
3327 4341 3402 4394 ad
3436 4346 3697 4394 constan-

201 4442 365 4495 qnam
398 4427 721 4481 mollescis?
761 4428 927 4482 Vides
961 4429 1095 4499 quia
1125 4429 1488 4499 omnipotens
1529 4430 1698 4498 Deus,
1734 4429 1897 4499 cujus

201 4512 401 4567 dixisse
437 4514 639 4568 fecisse
673 4520 774 4581 est,
809 4514 869 4568 in
902 4515 1219 4570 vastatione
1247 4521 1432 4570 vestra
1462 4521 1546 4570 est
1586 4517 1849 4587 protinus
1879 4532 1893 4570 :

201 4607 252 4656 et
303 4609 366 4656 tu
441 4603 902 4673 redemptionem
978 4609 1300 4674 exspectare
1352 4610 1406 4659 te
1463 4605 1688 4672 asseris,
1762 4622 1892 4660 cum

201 4691 542 4760 prophetam
593 4693 948 4760 prohibitum
995 4694 1064 4747 ab
1096 4693 1351 4747 oratione
1392 4709 1511 4747 esse
1561 4695 1895 4765 cognoscis?

202 4779 329 4832 Ecce
356 4780 672 4850 prophetas
703 4781 1002 4850 prohibuit
1022 4798 1126 4852 pro
1158 4782 1311 4836 vobis
1333 4782 1654 4836 orationem
1683 4783 1890 4847 levare;

201 4867 447 4920 nubibus
493 4869 674 4921 vetuit
714 4867 962 4922 imbrem
1012 4869 1173 4923 vobis
1220 4870 1421 4940 gratiae
1472 4887 1682 4924 rorare.
1740 4871 1894 4926 Unde

203 4969 333 5024 ergo
364 4955 528 5008 vobis
555 4971 698 5008 vano
731 4957 1083 5025 pollicemini
1113 4958 1306 5010 venire
1347 4959 1610 5019 salutem,
1641 4974 1769 5011 cum
1816 4963 1897 5012 tot

203 5046 462 5114 exempla
491 5045 818 5114 perducunt
839 5046 906 5098 ad
931 5047 1211 5100 mortem?
1240 5046 1471 5100 Addidit
1496 5047 1666 5101 etiam
1691 5064 1703 5100 :
1737 5048 1893 5111 Quod

202 5131 246 5183 si
285 5134 560 5196 oraveris,
607 5150 714 5186 non
769 5135 1064 5188 exaudiam
1106 5140 1172 5188 te.
1220 5134 1328 5198 Qui
1369 5135 1658 5188 orationes
1704 5142 1894 5189 vatum

202 5234 382 5273 cassas
437 5237 539 5291 pro
592 5222 1008 5276 restauratione
1057 5227 1237 5277 vestra
1275 5223 1556 5293 praedixit,
1601 5229 1811 5277 vestras
1850 5227 1893 5286 b,

203 5308 400 5377 utique
441 5314 952 5378 transgressorum,
985 5327 1090 5380 pro
1132 5327 1344 5382 magno
1375 5311 1626 5367 videbit?
1661 5313 1726 5365 Et
1755 5312 1898 5366 dixit

205 5395 478 5450 Dominus
505 5397 573 5451 ad
603 5413 694 5451 me
719 5413 730 5451 :
765 5400 887 5454 Noli
908 5415 1065 5453 orare
1087 5416 1192 5469 pro
1215 5401 1421 5469 populo
1449 5404 1550 5453 isto
1581 5404 1637 5453 in
1673 5401 1889 5461 bonum,

269 5534 293 5562 ει
325 5522 453 5576 Μδ..
485 5525 582 5575 est.

275 5593 300 5633 δ
334 5593 578 5653 Vestras,
608 5592 665 5646 id
697 5597 778 5647 est
807 5593 1114 5647 orationes.

2005 4432 2154 4484 dum.
2187 4432 2276 4486 Sic
2315 4431 2648 4498 congregabo
2678 4446 2770 4483 vos
2809 4434 2866 4483 in
2891 4432 3082 4496 furore
3113 4445 3244 4490 meo,
3279 4435 3329 4482 et
3357 4434 3414 4482 in
3445 4434 3530 4483 ira
3551 4446 3692 4491 mea,

2004 4525 2054 4573 et
2114 4523 2464 4585 requiescam,
2515 4522 2566 4571 et
2608 4519 2846 4586 conﬂabo
2895 4535 2988 4571 vos
3041 4518 3253 4588 (Ezech.
3310 4534 3445 4582 xxu,
3491 4521 3694 4585 18-20).

2006 4607 2168 4660 Vides
2201 4608 2378 4660 Deum
2407 4606 2664 4676 requiem
2691 4605 2799 4658 sibi
2831 4621 2952 4658 esse
2978 4606 3260 4659 dicentem
3294 4606 3698 4661 contlationem

2005 4701 2268 4748 vestram.
2307 4696 2370 4748 Et
2401 4693 2620 4748 addidit
2644 4709 2658 4746 :
2684 4696 2754 4747 Et
2779 4698 2956 4747 scietis
2985 4699 3115 4760 quia
3139 4711 3231 4762 ego
3259 4698 3543 4762 Dominus,
3577 4712 3696 4749 cum

2003 4784 2287 4852 effuderint
2351 4783 2781 4849 indignationem
2846 4797 3019 4835 meam
3096 4797 3261 4850 super
3325 4796 3417 4836 vos
3505 4782 3691 4851 (Ibid.,

1966 4888 1976 4895 α
2003 4875 2114 4938 22).

2071 4963 2159 5014 22.
2187 4959 2190 4964 ’
2217 4959 2285 5013 Et
2330 4963 2392 5012 ut
2440 4958 2761 5012 evidentius
2801 4959 3146 5024 ostenderet,
3205 4958 3425 5012 nullum
3479 4975 3543 5011 ex
3592 4957 3698 5011 hac

2003 5047 2160 5102 vobis
2207 5047 2548 5118 probatione
2596 5046 2824 5101 evenire
2857 5048 3193 5118 profectum,
3225 5053 3356 5117 post
3396 5063 3573 5116 parva
3615 5046 3696 5100 sic

2004 5137 2225 5190 addidit
2287 5137 2498 5207 (Ezech.
2553 5153 2699 5202 xxxv,
2734 5138 2926 5205 9-14):
2971 5139 3059 5191 Vae
3085 5140 3295 5190 civitati
3340 5140 3691 5203 sanguinum,

2003 5227 2160 5293 cujus
2190 5243 2283 5294 ego
2312 5226 2574 5293 grandem
2603 5227 2746 5292 facio
2774 5241 2976 5294 pyram
3005 5241 3016 5277 :
3051 5240 3339 5291 congerens
3372 5239 3458 5277 eos
3488 5225 3691 5289 absque

2002 5316 2127 5379 igne
2170 5312 2510 5373 succendam,
2543 5315 2927 5366 consumentur
2955 5327 3160 5371 carnes,
3203 5315 3253 5363 et
3279 5316 3540 5376 coquetur
3569 5315 3694 5365 uni-

2002 5415 2160 5454 versa
2187 5404 2517 5469 compositio,
2565 5405 2617 5453 et
2661 5415 2784 5454 ossa
2813 5400 2931 5466 ejus
2973 5399 3261 5452 tabescent.
3295 5402 3439 5454 Pone
3483 5417 3696 5467 quoque

2074 5533 2095 5558 °
2131 5523 2322 5596 Adde:
2371 5529 2468 5578 aut
2510 5525 2722 5596 pardus
2769 5526 3059 5576 varietates
3101 5537 3250 5596 suas,
3286 5529 3349 5578 ut
3382 5524 3592 5596 legitur
3631 5525 3693 5582 in

2003 5595 2303 5665 propheta,
2337 5601 2392 5649 et
2419 5595 2728 5649 ostendunt
2752 5593 3164 5664 consequentia
3191 5598 3396 5652 textus.
