4098 6180
390 251 481 301 511
1742 244 2000 298 ALVARI
2041 245 2076 298 C

2189 240 2539 298 DUBENSIS.
3758 251 3851 304 512

387 402 504 439 eam
551 401 715 454 super
751 398 965 452 prunas
1003 396 1249 439 vacuam,
1295 385 1358 433 ut
1406 382 1694 434 incalescat
1738 386 1789 434 et
1833 383 2076 450 liqueﬁat
2114 381 2160 432 A
2191 378 2442 449 signaret
2475 379 2776 449 propheta,
2801 379 3212 450 interrogando
3239 380 3541 451 cognovit:
3572 385 3851 450 Usquequo,

387 490 457 528 es
483 474 619 542 ejus,
645 476 694 525 et
725 473 985 538 confletur
1014 473 1070 522 in
1100 469 1272 522 medio
1301 468 1420 536 ejus
1441 471 1916 534 inquinamentum
1937 470 2074 537 ejus,

387 565 844 624 consumaturque
895 556 1087 624 rubigo
1141 558 1278 625 ejus.
1323 559 1443 611 Mox
1494 557 1601 610 sibi
1640 557 1935 627 respondit
1968 574 2079 611 ser—

385 666 480 704 mo
521 647 780 702 divinus:
818 648 987 699 Multo
1027 647 1210 699 labore
1255 646 1517 699 sudatum
1559 650 1656 709 est,
1700 651 1882 699 etnon
1913 649 2080 699 exivit

388 739 453 791 de
494 752 556 790 ea
585 740 755 789 nimia
782 736 974 801 rubigo
1021 735 1159 802 ejus,
1194 751 1365 799 neque
1391 751 1491 803 per
1520 739 1698 801 ignem
1728 735 2080 787 immunditia

389 831 486 880 tua
545 826 909 883 emsecrabilis,
970 829 1100 889 quia
1155 825 1421 877 mundare
1478 828 1526 876 te
1574 826 1740 884 volui,
1789 829 1839 877 et
1879 839 1984 876 non
2026 839 2079 876 es

387 914 698 975 mundata;
737 913 831 966 sed
879 929 973 966 nec
1022 913 1394 972 mundaberis,
1452 913 1616 965 donec
1664 916 1934 977 quiescere
1989 913 2080 978 fa-

385 1007 524 1056 ciam
579 1002 1012 1069 indignat-imumi
1072 1017 1244 1054 meam
1293 1005 1350 1053 in
1404 1006 1470 1053 te.
1520 1001 1580 1052 Et
1629 1005 1689 1052 ut
1734 999 1811 1052 ibi
1860 1000 2081 1054 aditum

388 1090 705 1161 respirandi
737 1106 853 1142 non
879 1090 1060 1154 daret,
1093 1091 1207 1155 Ego
1234 1093 1514 1147 Dominus,
1547 1089 1640 1150 ait,
1679 1090 1886 1142 locutus
1917 1104 2035 1142 sum
2062 1106 2080 1142 .-

399 1181 552 1240 Veni,
582 1183 631 1232 et
662 1179 903 1244 faciam:
949 1194 1057 1231 non
1094 1181 1386 1240 transeam,
1419 1193 1510 1230 nec
1534 1192 1781 1245 parcam,
1819 1192 1912 1230 nec
1951 1179 2079 1245 pla-

389 1269 593 1322 cabor:
635 1268 806 1335 juncta
847 1270 965 1320 vias
1014 1271 1156 1326 tuas,
1206 1271 1256 1318 et
1289 1266 1460 1333 juxta
1503 1266 1914 1318 adinventiones
1960 1270 2082 1318 tuas

373 1357 637 1426 judicabo
671 1360 738 1417 te,
798 1356 931 1408 dicit
985 1358 1245 1408 Dominus
1311 1358 1474 1408 Deus.
1533 1355 1681 1408 Deus
1735 1353 1891 1419 dicit,
1959 1354 2080 1407 Non

391 1444 676 1513 placabor,
730 1460 831 1497 nec
873 1459 1143 1513 parcam:
1197 1449 1252 1496 et
1282 1449 1340 1495 tu
1391 1458 1522 1494 eum
1568 1441 1896 1494 mendacem
1937 1441 2084 1494 insti-

392 1547 513 1585 mas
544 1532 702 1586 esse?
734 1533 934 1586 Adhuc
974 1532 1220 1601 amplius
1259 1531 1508 1584 testimas
1539 1529 1694 1583 esse?
1727 1531 1926 1583 Adhuc
1957 1547 2079 1583 am-

388 1623 542 1692 plius
569 1639 756 1676 sermo
789 1621 1012 1676 divinus
1051 1621 1549 1675 insensibilitatem
1575 1625 1814 1673 vestram
1845 1620 2076 1672 dicens:

391 1713 648 1778 Cognovit
678 1713 768 1765 bos
793 1727 1154 1780 possessorem
1186 1726 1366 1771 suum,
1401 1714 1451 1762 et
1494 1713 1682 1764 asinus
1703 1724 1944 1778 praesepe
1976 1708 2079 1761 do-

387 1804 522 1852 mini
563 1805 669 1860 sui,
721 1800 894 1852 Israel
938 1815 1020 1852 me
1055 1815 1162 1851 non
1209 1802 1474 1864 cognovit.
1527 1799 1766 1866 Populus
1796 1814 1946 1850 meus
1997 1812 2080 1849 me

388 1904 494 1942 non
532 1890 790 1955 intellig-it
842 1889 972 1957 (lsa.
1027 1904 1064 1953 ι,
1098 1887 1173 1952 3).
1211 1887 1376 1940 Vides
1409 1887 1576 1940 boves
1613 1892 1668 1938 et
1715 1886 1902 1938 asinos
1953 1891 2078 1938 tuos

383 1974 491 2029 tibi
524 1975 877 2045 antepositos
926 1992 1064 2028 esse.
1120 1974 1267 2028 Audi
1300 1974 1503 2027 iterum
1544 1974 1850 2028 Jeremiam
1887 1991 1899 2026 ε
1955 1975 2077 2026 Mil-

386 2080 485 2118 vus
518 2069 574 2118 in
622 2067 745 2119 caelo
775 2069 1021 2133 cognovit
1067 2069 1274 2132 tempus
1318 2081 1513 2124 suum;
1559 2068 1764 2128 turtur,
1815 2063 2074 2124 hirundo,

386 2158 438 2207 et
481 2158 687 2208 ciconia
733 2153 1106 2208 custodierunt
1142 2157 1350 2221 tempus
1380 2152 1646 2205 adventus
1673 2155 1760 2203 sui
1795 2167 1806 2203 :
1835 2151 2078 2220 populus

385 2247 565 2296 autem
597 2259 745 2296 meus
779 2259 884 2296 non
928 2245 1175 2309 cognovit
1208 2241 1482 2309 judicium
1527 2243 1763 2293 Domini.
1806 2239 2077 2304 Quomodo

385 2331 649 2385 dicimus:
692 2333 973 2400 Sapientes
1030 2346 1126 2384 nos
1173 2345 1378 2390 sumus,
1419 2333 1468 2382 et
1511 2330 1597 2382 lea:
1639 2331 1854 2382 Domini
1896 2328 2078 2381 nobis-

383 2435 502 2474 cum
534 2423 656 2474 est?
693 2422 826 2474 Vere
855 2418 1193 2472 mendacium
1223 2422 1478 2486 operatus
1509 2422 1587 2471 est
1623 2418 1800 2484 stylus
1844 2417 2080 2469 mendae

384 2509 698 2564 Scribarum
730 2508 862 2576 (Jer.
901 2523 1023 2573 VIII,
1057 2511 1106 2573 7,
1144 2508 1216 2573 8).

453 2600 540 2651 23.
590 2596 872 2662 Advertis,
919 2612 950 2648 ο
990 2595 1218 2650 aemulo.
1252 2594 1356 2648 tibi
1395 2595 1566 2648 etiam
1601 2594 1762 2648 alites
1805 2593 1864 2648 in
1901 2594 2079 2647 scien-

383 2687 462 2740 tia
497 2701 618 2738 esse
661 2684 1021 2755 intelligendi
1056 2684 1350 2754 praefertas
1381 2699 1395 2736 :
1446 2689 1503 2737 et
1532 2689 1590 2736 tu
1630 2682 1775 2736 mihi
1815 2683 2076 2737 doctores

381 2791 446 2828 ex
478 2773 616 2843 ipsis
646 2773 934 2844 producis,
968 2788 1216 2843 quorum
1249 2773 1457 2843 stylum
1490 2772 1826 2826 mendacem
1861 2771 2075 2841 ubique

383 2861 626 2934 legendo
663 2861 923 2915 invenis?
955 2877 1099 2932 quos
1125 2861 1296 2915 etiam
1336 2877 1452 2914 non
1481 2860 1740 2914 videntes
1787 2876 2075 2929 ca3c05que

2187 470 2453 522 Domine?
2499 469 2569 520 Et
2616 468 2792 521 dixit:
2834 471 3011 522 Donec
3041 470 3351 523 desolentur
3392 474 3630 525 civitates
3675 473 3855 538 absque

2187 555 2512 617 habitatore,
2555 561 2606 610 et
2652 557 2840 610 domus
2888 561 3004 610 sine
3045 557 3272 618 homine,
3325 562 3374 611 et
3425 563 3568 612 terra
3599 561 3855 625 relinqua-

2191 648 2281 698 tur
2319 645 2532 698 cleserta
2583 646 2766 710 (Ibid,
2823 649 2926 708 11).
2960 646 3124 700 Vides
3153 647 3467 700 caecitatem
3501 653 3653 700 tuam
3689 664 3850 719 usque

2189 733 2260 786 ad
2307 733 2481 786 ﬁnem
2530 734 2730 788 mundi
2762 750 2884 788 esse
2933 735 3286 804 prmdictam.
3321 735 3388 788 Et
3429 750 3531 804 per
3575 737 3854 791 Jeremiam

2190 821 2353 876 dicit:
2389 825 2521 876 Ecce
2559 839 2652 889 ego
2679 824 2818 876 dabo
2841 825 3108 892 populum
3142 827 3303 876 istum
3333 828 3390 876 in
3411 828 3619 884 ruinas,
3645 830 3690 878 et
3713 831 3855 880 ruent

2189 915 2247 964 in
2292 915 2367 964 eis
2435 916 2619 980 patres
2667 916 2716 964 et
2754 914 2873 980 ﬁlii,
2921 914 3085 966 simul
3131 916 3342 966 vicinus
3390 917 3440 965 et
3481 918 3773 981 promimus,
3811 921 3855 967 et

2183 1002 2443 1070 peribunt
2474 1003 2600 1071 (Jer.
2633 1017 2704 1067 vr,
2737 1001 2848 1070 2t).
2895 1003 2956 1056 Et
2991 1018 3003 1054 :
3057 1002 3252 1057 Cibabo
3297 1018 3380 1055 eos
3415 1002 3757 1064 absinthium,
3812 1010 3854 1058 et

2185 1094 2376 1158 potum
2408 1091 2548 1144 dabo
2582 1094 2657 1144 eis
2679 1107 2879 1156 aquam
2917 1092 3063 1156 fellis
3084 1109 3104 1152 ,'
3135 1095 3185 1144 et
3211 1091 3522 1159 dispergam
3551 1106 3634 1144 eos
3660 1095 3715 1143 in
3741 1107 3855 1158 gen-

2192 1180 2336 1233 tibus
2382 1195 2519 1245 quas
2567 1197 2673 1233 non
2715 1184 2982 1234 noverunt
3030 1184 3154 1248 ipsi,
3203 1197 3295 1233 nec
3337 1184 3525 1248 patres
3565 1196 3773 1240 eorum;
3815 1185 3856 1232 et

2188 1273 2403 1322 mittam
2432 1272 2556 1336 post
2589 1285 2674 1322 eos
2702 1270 2968 1335 gladium,
3006 1269 3171 1322 donec
3209 1271 3598 1321 consumantur
3629 1270 3750 1334 (Jer.
3793 1284 3856 1333 Ix,

2195 1361 2278 1424 15,
2341 1359 2451 1426 15).
2486 1357 3051 1412 Consummationem
3109 1356 3288 1422 audis,
3322 1361 3379 1409 et
3427 1356 3858 1426 redemptionem

2191 1446 2522 1516 exspectas?
2548 1446 2714 1500 Vides
2745 1445 2881 1516 quia
2901 1445 3098 1499 cecidit
3120 1445 3280 1515 virgo
3303 1444 3420 1498 ﬁlia
3443 1443 3599 1510 Sion,
3628 1461 3736 1498 non
3768 1445 3858 1498 ad-

2183 1533 2348 1604 jiciet
2376 1539 2437 1587 ut
2469 1539 2746 1604 resurgat.
2775 1533 3110 1598 Quomodo?
3131 1533 3266 1604 quia
3288 1549 3403 1586 non
3426 1539 3510 1586 est
3530 1532 3630 1603 qui
3652 1533 3861 1586 suscitet

2189 1639 2336 1678 eam.
2369 1622 2626 1676 Avolavit
2655 1623 2811 1676 enim
2835 1622 2903 1676 ab
2927 1622 3007 1676 eis
3031 1622 3131 1693 qui
3151 1622 3350 1676 solitus
3369 1626 3491 1675 erat
3519 1637 3614 1675 eos
3635 1621 3856 1702 erigere.

2121 1679 2159 1732 Β
2187 1711 2420 1766 Addidit
2455 1730 2466 1764 :
2525 1712 2681 1777 Quod
2726 1717 2773 1766 si
2819 1679 3066 1765 dixerint
3109 1712 3183 1764 ad
3215 1717 3300 1764 te:
3350 1710 3464 1776 Quo
3499 1679 3859 1777 egredieritur?

2188 1802 2330 1854 dices
2363 1801 2436 1853 ad
2477 1816 2595 1854 eos:
2645 1799 2744 1864 Qvi
2777 1800 2850 1853 ad
2896 1803 3139 1859 mortem,
3183 1798 3256 1849 ad
3281 1802 3541 1859 mortem;
3589 1803 3638 1850 et.
3669 1802 3756 1862 qui
3793 1798 3858 1850 ad

2187 1889 2404 1954 famem,
2449 1891 2523 1943 ad
2551 1891 2787 1956 famem;
2819 1895 2868 1942 ct
2905 1893 2999 1955 qui
3031 1889 3104 1942 ad
3135 1891 3524 1956 captivitatem,
3559 1888 3634 1940 ad
3656 1891 3860 1955 captivi-

2189 1981 2389 2031 tatem:
2446 1983 2496 2031 et
2537 1978 2769 2031 visitabo
2814 1993 2978 2046 super
3033 1993 3118 2030 eos
3173 1980 3411 2041 quatuor
3457 1981 3676 2044 species,
3742 1976 3857 2028 dicit

2186 2069 2486 2120 Dominus:
2534 2067 2791 2121 Gladium
2834 2067 2908 2119 ad
2940 2071 3274 2126 occisionem,
3323 2069 3373 2117 et
3426 2080 3584 2118 canes
3623 2064 3694 2118 ad
3735 2064 3856 2117 lace-

2187 2154 2442 2215 randum,
2477 2159 2526 2208 et
2561 2170 2685 2208 aves
2715 2156 2829 2208 caeli
2869 2155 2944 2208 ad
2981 2155 3426 2224 disperdendum,
3463 2156 3513 2206 et
3544 2153 3738 2207 bestias
3765 2157 3858 2206 ter-

2187 2259 2261 2297 ra:
2309 2243 2382 2296 ad
2439 2243 2809 2297 devorandum
2869 2244 2994 2311 (Jer.
3040 2258 3127 2304 xv,
3188 2246 3244 2309 2,
3301 2244 3370 2299 3).
3429 2241 3567 2305 Quae
3607 2241 3790 2294 omnia
3832 2258 3860 2293 a

2187 2336 2445 2401 tempore
2500 2331 2828 2400 Vespasiani
2869 2337 2925 2384 et
2975 2331 3086 2385 Titi
3130 2331 3190 2384 in
3239 2329 3398 2383 vobis
3441 2331 3732 2400 hucusque
3769 2344 3861 2398 per

2187 2435 2398 2489 genera
2470 2423 2894 2472 tormentorum
2954 2420 3040 2472 vel
3092 2417 3484 2489 captivitatum
3542 2417 3857 2488 implentur.

2187 2509 2441 2576 Congere
2463 2506 2509 2560 si
2555 2507 2712 2560 vides
2743 2507 2889 2560 hanc
2918 2505 3306 2577 captivitatem
3337 2521 3468 2560 cum
3499 2505 3648 2572 aliis,
3693 2510 3746 2559 et
3787 2505 3859 2557 vi-

2187 2597 2346 2652 debis
2395 2602 2610 2667 quanto
2645 2613 2933 2650 annorum
2964 2611 3204 2650 numero
3245 2595 3372 2649 illas
3405 2594 3525 2649 haec
3557 2595 3681 2649 dira
3715 2595 3859 2648 vasti-

2185 2690 2271 2738 tas
2298 2686 2490 2739 vincit.

2255 2776 2344 2828 24.
2389 2775 2544 2829 Unde
2573 2774 2806 2829 obsecro
2840 2780 2896 2829 te
2939 2779 3002 2828 ut
3032 2790 3147 2828 non
3174 2779 3230 2828 te
3257 2774 3456 2845 pigeat
3484 2773 3628 2828 mihi
3673 2770 3859 2826 rescri-

2185 2863 2339 2928 bere,
2375 2879 2503 2933 quae
2527 2863 2826 2917 manifesta
2846 2863 3060 2917 exstitit
3089 2863 3276 2933 culpa,
3310 2878 3439 2933 quin
3468 2877 3589 2915 non
3616 2860 3860 2930 expiatur

383 2967 486 3022 per
524 2951 728 3005 Isaiam
761 2967 881 3004 esse
910 2966 1022 3004 non
1059 2949 1280 3003 nescis?
1314 2950 1419 3004 Sed
1450 2954 1592 3020 puto
1625 2950 1775 3020 quod
1811 2949 1932 3019 ipsa
1967 2965 2073 3001 ωε·
2115 2977 2155 3032 C
2184 2967 2288 3021 per
2322 2958 2579 3021 tempora
2631 2957 2803 3005 tanta.
2851 2953 2990 3006 Nam
3040 2967 3239 3005 omnes
3270 2958 3467 3004 vestrae
3497 2949 3855 3020 captivitates,

382 3040 539 3104 citas,
573 3039 800 3111 quaaibi
831 3039 1104 3110 praedicta
1130 3044 1232 3106 est,
1266 3039 1564 3092 oculorum
1595 3044 1827 3092 tuorum
1858 3037 2076 3090 lumina

383 3128 629 3199 caligine
661 3128 806 3200 tegit
836 3148 848 3184 :
903 3133 960 3183 et
987 3128 1124 3183 inde
1153 3144 1337 3183 caecus
1365 3127 1592 3182 animus
1618 3126 1934 3180 caacitatem
1968 3125 2074 3179 sibi

382 3218 570 3273 inesse
624 3234 739 3272 non
790 3217 988 3287 gemit.
1053 3219 1194 3272 Nam
1253 3216 1528 3270 Dominus
1585 3216 1843 3283 sabaotb,
1902 3231 2073 3286 quem

382 3306 665 3376 Seraphin
709 3305 862 3360 trina
910 3305 1355 3360 sanctiﬁcatione
1389 3305 1623 3359 laudare
1663 3321 1780 3358 non
1831 3311 2072 3371 cessant,

384 3400 687 3467 postquam
731 3395 974 3449 carbone
1005 3395 1155 3448 labia
1201 3395 1492 3465 prophetae
1533 3395 1810 3447 mundare
1859 3394 2075 3462 forcipe

377 3483 569 3553 jussit,
600 3482 790 3536 taliter
817 3483 1116 3552 prophetae
1153 3481 1296 3536 dixit
1329 3483 1485 3551 (Isa.,
1518 3482 1660 3550 8-10)
1692 3497 1705 3534 :
1755 3482 1920 3546 Quem
1949 3485 2072 3534 mit-

387 3576 514 3633 tam,
549 3575 598 3624 et
630 3576 753 3636 quis
781 3571 880 3624 ibit
908 3571 1061 3625 nobis
1081 3574 1108 3624 ?
1133 3570 1222 3623 cui
1241 3570 1654 3640 prophetajam
1679 3569 1986 3623 mundatus
2007 3586 2074 3624 ex

385 3659 703 3730 pollutione
734 3658 1120 3712 habitantium
1153 3657 1230 3711 ait
1262 3675 1274 3712 :
1324 3660 1457 3712 Ecce
1487 3675 1600 3725 ego,
1650 3662 1803 3732 mitte
1833 3674 1932 3710 me.
1971 3657 2073 3712 Cui

385 3746 578 3801 statim
621 3747 827 3800 Trinus
874 3746 1149 3800 Dominus
1197 3747 1320 3800 ait:
1374 3746 1523 3801 Vade
1565 3751 1617 3798 et
1681 3746 1823 3798 diees
1869 3747 2074 3814 populo

386 3837 510 3890 huic
539 3853 558 3890 .·
598 3836 806 3890 Audite
842 3836 1142 3896 audientes,
1179 3840 1229 3888 et
1259 3837 1423 3888 nolite
1451 3836 1787 3901 intelligere;
1819 3839 1869 3887 et
1898 3834 2074 3887 videte

384 3929 660 3987 visionem,
717 3930 767 3979 et
828 3927 994 3979 nolite
1049 3940 1378 3992 cognoscere.
1452 3925 1676 3977 Excaeca
1733 3939 1823 3976 cor
1877 3924 2074 3991 populi

383 4014 568 4082 hujus,
621 4019 670 4068 et
717 4030 877 4067 aures
921 4015 1038 4082 ejus
1081 4029 1344 4081 aggrava,
1387 4017 1437 4066 et
1476 4014 1654 4066 oculos
1699 4011 1816 4078 ejus
1859 4011 2069 4072 claude,

385 4120 450 4157 ne
495 4105 635 4168 forte
686 4104 907 4155 videant
954 4103 1122 4155 oculis
1167 4106 1301 4162 suis,
1350 4106 1401 4154 et
1443 4101 1671 4154 auribus
1719 4101 1972 4159 audiant,
2023 4103 2074 4152 et

386 4191 544 4245 corde
580 4206 677 4244 suo
716 4192 1046 4257 intelligant,
1101 4194 1151 4242 et
1197 4195 1600 4251 convertantm‘,
1643 4193 1694 4242 et
1734 4205 1920 4243 sanem
1964 4204 2071 4244 eos.

2185 3046 2242 3094 et
2273 3039 2673 3110 dispersiones,
2707 3045 2763 3094 et
2794 3041 3096 3093 servitutes
3122 3054 3225 3109 per
3253 3055 3428 3109 regna
3467 3038 3694 3092 diversa
3738 3041 3860 3090 nota

2186 3135 2337 3195 sunt,
2372 3135 2427 3183 et
2457 3134 2600 3182 teste
2639 3129 2744 3182 sub
2774 3129 2895 3182 sole
2932 3144 3044 3182 non
3075 3128 3368 3198 indigent;
3406 3126 3545 3197 quin
3603 3126 3769 3180 etiam
3811 3128 3860 3178 et

2185 3223 2495 3288 antequam
2542 3219 2746 3273 tierent
2792 3217 3092 3288 praefinitis
3135 3216 3490 3286 temporibus
3532 3215 3725 3269 divino
3764 3228 3864 3267 ser-

2185 3322 2356 3360 mone
2395 3307 2572 3361 aftixae
2608 3312 2740 3360 sunt
2773 3323 2785 3359 :
2836 3305 2915 3359 ita
2947 3311 3010 3359 ut
3038 3306 3284 3375 amplius
3318 3321 3431 3358 non
3463 3303 3729 3358 existeret
3755 3317 3860 3355 ser-

2186 3395 2355 3462 vitus,
2408 3411 2580 3464 quam
2626 3394 2780 3465 quod
2823 3395 2996 3448 servis
3048 3395 3166 3448 suis
3195 3409 3381 3448 sermo
3415 3393 3706 3447 indicabat
3733 3390 3857 3444 divi-

2185 3499 2312 3537 nus.
2362 3484 2488 3538 Sola
2539 3484 2658 3537 [111:0
2687 3483 2984 3554 captivitas
3029 3483 3245 3553 absque
3283 3481 3530 3536 termino
3577 3479 3855 3542 indicitur,

2185 3577 2242 3626 et
2292 3572 2522 3642 quantis
2576 3573 2760 3636 annis,
2823 3572 3148 3642 quibusque
3196 3570 3556 3640 temporibus
3599 3570 3864 3623 relevetur

2185 3661 2453 3715 nescitur.
2507 3661 2664 3714 Nota:
2695 3661 2848 3714 enim
2893 3661 3076 3730 culpas
3123 3660 3236 3713 tina
3274 3659 3606 3712 habuerunt
3643 3654 3860 3726 ﬂagelli.

2185 3751 2314 3804 Haec
2347 3751 2465 3802 sola
2522 3766 2634 3802 non
2681 3748 3019 3818 specialiter,
3055 3748 3151 3800 sed
3183 3747 3532 3816 generaliter
3562 3751 3625 3799 ut
3672 3743 3858 3807 dicitis,

2185 3846 2342 3904 nota,
2379 3854 2479 3908 per
2514 3838 2720 3891 saecula
2750 3837 3005 3890 tenditur
3035 3842 3170 3891 tota.
3207 3835 3367 3898 Quod
3396 3835 3444 3888 si
3475 3843 3700 3905 tempus
3730 3849 3863 3904 prae-

2183 3926 2411 3981 ﬁnitum
2456 3926 2796 3985 ostenderis,
2847 3927 3059 3979 victum
3093 3941 3185 3978 me
3216 3925 3394 3978 fatear
3423 3938 3563 3976 esse.
3598 3923 3741 3993 Opto
3789 3923 3862 3972 te-

2181 4032 2333 4083 cum,
2387 4015 2434 4069 si
2483 4014 2622 4068 velis
2651 4014 2963 4078 Christum,
2998 4028 3197 4083 pacem
3248 4011 3458 4065 habere
3492 4026 3505 4063 :
3547 4009 3598 4062 si
3629 4023 3786 4062 secus
3812 4004 3860 4058 id

2183 4105 2377 4160 animo
2425 4108 2650 4164 tractas,
2705 4103 2939 4156 demens
2971 4101 3184 4167 existis,
3229 4105 3286 4153 et
3317 4115 3520 4170 nugas,
3553 4097 3654 4170 qui
3699 4096 3858 4150 tinem

2185 4194 2432 4249 termino
2478 4191 2726 4261 pessimo
2759 4189 2995 4256 claudis,
3025 4205 3126 4242 nec
3156 4188 3331 4242 tantis
3361 4193 3418 4241 et
3447 4187 3656 4240 talibus
3698 4184 3861 4238 durus

387 4279 429 4332 Ο
476 4294 650 4347 quam
697 4285 956 4350 apertam
985 4283 1238 4331 sanctam
1272 4283 1328 4330 et
1358 4277 1707 4331 ineffabilem
1735 4276 2075 4331 Trinitatem
2113 4299 2158 4353 ι)
2185 4281 2486 4338 mollescis.
2541 4281 2770 4352 Aperiat
2802 4279 2902 4334 tibi
2937 4281 3086 4333 Deus
3114 4278 3308 4332 oculos
3347 4277 3554 4342 cordis,
3597 4274 3698 4346 qui
3727 4287 3860 4326 sem-

387 4366 479 4421 hic
507 4383 707 4422 sensus
748 4367 1121 4430 demonstrat.
1173 4367 1277 4420 etsi
1309 4382 1422 4419 non
1469 4382 1526 4419 se
1559 4366 1704 4419 ultro
1740 4366 2074 4420 offerentem

387 4455 646 4510 sensibus
685 4454 906 4509 caecitas
948 4455 1222 4525 prtedicta
1266 4455 1584 4509 obsisteret.
1629 4454 1926 4525 lntelligis,
1977 4470 2075 4507 ve-

386 4543 600 4598 cordia:
643 4543 842 4611 fomes,
893 4543 1028 4614 quia
1085 4543 1454 4614 omnipotens
1505 4544 1778 4598 Dominus
1837 4542 2077 4597 sabaoth

387 4631 820 4685 conversionem
851 4636 1097 4685 vestram
1130 4631 1293 4702 quasi
1339 4632 1629 4704 quoddam
1679 4631 1894 4685 facinus
1936 4631 2076 4697 odit,

387 4725 444 4775 et
491 4721 817 4775 occasiones
877 4721 1241 4775 convertendi
1290 4721 1452 4775 vobis
1510 4738 1626 4774 non
1678 4721 1916 4792 praebet,
1979 4719 2078 4774 sed

385 4808 570 4863 tollit?
602 4809 739 4863 Vide
788 4807 924 4878 quid
960 4808 1112 4863 dicat
1144 4825 1156 4863 :
1203 4811 1280 4865 Ne
1307 4811 1451 4876 forte
1490 4811 1713 4864 videant
1740 4811 1909 4862 oculis
1939 4811 2074 4862 suis.

389 4898 455 4951 Et
499 4913 628 4951 cum
681 4897 827 4951 Deus
878 4898 1313 4951 conversionem
1370 4903 1616 4951 vestram
1665 4912 2077 4968 usquequaque

389 5001 503 5040 non
549 4986 768 5056 cupiat;
820 4984 952 5057 quis
993 4985 1273 5055 insipiens
1321 4992 1425 5054 est,
1474 4987 1574 5056 qui
1622 5003 1719 5039 vos
1769 4985 2077 5055 aliquando

388 5075 798 5130 convertendos
861 5074 1177 5146 praedicat?
1227 5076 1460 5129 Poteras
1507 5076 1661 5128 enim
1722 5074 1866 5128 hanc
1921 5074 2083 5127 visio-

388 5180 522 5218 nem
575 5163 732 5218 lsaiaa
764 5165 1116 5235 conspicere,
1169 5168 1227 5217 et
1256 5164 1426 5218 corde
1469 5179 1828 5234 cognoscere,
1878 5168 1934 5216 et
1963 5162 2082 5217 Tri-

391 5251 628 5306 nitatem
683 5252 832 5306 trina
889 5251 1334 5307 sanctiﬁcatione
1389 5252 1690 5322 repetitam
1739 5251 1991 5317 credere,
2035 5250 2082 5303 si

391 5356 580 5396 sermo
612 5340 840 5396 divinus
870 5357 985 5396 non
1015 5341 1230 5396 diceret
1260 5356 1272 5395 :
1306 5343 1531 5395 Emcaeca
1553 5357 1644 5394 cor
1660 5341 1858 5409 populi
1889 5339 2076 5408 hujus,

392 5434 448 5482 et
472 5445 569 5483 cor
599 5430 826 5497 indura,
860 5436 917 5484 et
959 5434 1022 5484 ut
1055 5431 1237 5501 ipsam
1270 5429 1578 5484 caecitatem
1611 5434 1952 5499 perpetuam
1982 5429 2077 5482 de-

463 5564 489 5587 ι
521 5554 714 5609 Bucol.
747 5555 949 5625 Ecloga
977 5572 1092 5624 vni,
1125 5571 1269 5610 vers.
1308 5556 1423 5608 108.

2183 4388 2289 4444 per
2319 4376 2523 4442 regnat
2552 4370 2612 4423 in
2645 4369 2867 4423 saeculis
2893 4367 3156 4422 inﬁnitis.
3189 4369 3392 4421 Amen.

2968 4493 3100 4546 XIX.

2296 4614 2434 4655 [TEII
2485 4615 2736 4654 EPISTOLA
2771 4613 3238 4653 TBANSGRESSORIS
3276 4611 3483 4651 ALV'ARO
3526 4608 3769 4649 DIRECTA.

2258 4723 2342 4779 0b
2373 4722 2646 4778 meritum
2676 4728 2907 4777 aeternas
2938 4720 3336 4776 retributionis
3364 4718 3563 4775 devovi
3592 4735 3682 4772 me
3713 4715 3866 4770 sedu-

2190 4815 2308 4867 lum
2351 4813 2413 4866 in
2444 4813 2569 4882 lege
2603 4811 2831 4866 Domini
2860 4811 3190 4866 consistere.
3233 4809 3480 4880 Ideoque
3527 4804 3867 4878 superstitio-

2188 4917 2316 4955 sum
2357 4900 2494 4956 duxi
2525 4908 2863 4954 cunctorum
2904 4915 3110 4954 canum
3145 4898 3478 4969 rapidorum
3531 4893 3867 4965 respondere

2187 4989 2511 5044 latratibus.
2561 4989 2774 5042 Tamen
2823 4989 2870 5042 si
2917 4988 2978 5043 in
3019 4994 3072 5042 te
3120 4987 3378 5042 fomitem
3428 4985 3733 5056 quemdam
3779 4977 3870 5034 ubi

2188 5078 2475 5149 igniculus
2514 5076 2650 5131 ﬁdei
2681 5076 2910 5130 accendi
2950 5081 3143 5147 posset
3189 5074 3660 5137 considerassem,
3711 5067 3868 5124 forsi-

2190 5173 2286 5220 tan
2318 5165 2424 5220 tibi
2454 5166 2542 5219 vel
2579 5164 2794 5235 aliquid
2842 5165 3237 5230 rescriberem,
3284 5164 3440 5217 unde
3470 5162 3616 5217 bene
3666 5171 3841 5229 cogno

2189 5269 2394 5318 sceres,
2445 5254 2600 5325 quod
2653 5257 2710 5307 et
2765 5257 2824 5306 tu
2885 5252 2984 5324 qui
3036 5253 3376 5322 compilator
3428 5267 3507 5315 es,
3565 5253 3622 5304 et
3668 5245 3752 5301 illi
3807 5242 3869 5297 de

2189 5359 2436 5415 quorum
2484 5343 2644 5398 libris
2688 5343 2809 5396 haec
2856 5341 3124 5408 traxistis,
3175 5341 3396 5396 erratis.
3455 5341 3563 5395 Pro
3615 5337 3721 5392 hac
3774 5339 3867 5389 tua

2192 5432 2429 5487 Kartula
2457 5431 2760 5501 falsiloqua
2789 5446 3090 5500 possumus
3117 5430 3258 5484 illud
3295 5428 3509 5498 Virgilii
3540 5427 3725 5482 dicere
3753 5435 3794 5475 ⁸.
