4098 6180
212 285 298 333 Silii

314 415 617 465 Credimus?
645 429 709 462 an
743 415 831 477 qui
858 419 1058 471 amant,
1090 414 1188 476 ipsi
1218 414 1315 462 sibi
1346 416 1551 464 somnia
1583 415 1822 477 ﬁngunt?

208 518 262 570 Et
291 516 416 568 alibi
446 524 468 547 ⁸
501 532 512 567 :

310 620 405 677 Qui
436 619 643 667 Barium
677 631 785 667 non
814 617 942 677 odit,
978 620 1116 665 amet
1141 621 1229 666 tua
1261 619 1515 677 carmina,
1550 620 1732 681 Maevi;

310 702 471 762 Atque
502 700 637 747 idem
659 698 846 761 jungat
874 698 1074 760 vulpes,
1103 700 1153 745 et
1178 697 1411 759 mulgeat
1436 697 1629 747 hircos.

202 800 333 851 Deus
364 798 745 867 omnipotens,
792 801 1011 849 creator
1041 796 1167 849 caeli
1198 801 1253 849 et
1284 800 1470 858 terrae,
1505 797 1633 866 pius
1666 803 1720 850 et
1754 799 1877 867 glo-

202 888 369 940 riosus
412 887 579 951 Deus,
626 886 717 939 cui
748 891 805 938 tu
840 885 1217 955 exprobrasti,
1255 886 1349 938 ille
1381 886 1452 939 sit
1484 887 1635 938 ultor
1664 891 1717 939 et
1746 886 1879 938 vin-

201 976 292 1029 dex
323 991 480 1028 exeo
512 974 907 1045 quodineum
937 973 1871 1030 dixisti.....................

979 1091 1083 1145 XX.

263 1215 374 1251 1TB!
422 1213 802 1253 RECIPROCATIO
850 1213 1065 1263 ALVARI,
1106 1212 1528 1251 TRANSGRBSSORI
1567 1212 1805 1249 DIRECTA.

262 1305 389 1368 Quae
424 1306 603 1375 stylus
634 1309 747 1357 tuae.
782 1304 1202 1375 prosecutionis
1230 1304 1443 1367 elicuit,
1473 1303 1720 1375 impigre
1752 1319 1878 1357 ocu-

201 1394 277 1446 lus
305 1395 699 1463 praecucurrit,
735 1399 792 1448 et
821 1400 876 1447 te
923 1394 1193 1447 vitantem
1240 1394 1560 1465 perieulum
1594 1393 1883 1463 sapienter

202 1483 431 1535 miravit.
474 1483 684 1536 Verum
726 1482 863 1553 quia
910 1483 1164 1553 prudens
1214 1489 1333 1536 arte
1378 1481 1661 1536 rhetorica
1709 1482 1876 1545 ludis,

199 1576 246 1623 et
282 1571 579 1641 pisoniano
620 1572 759 1625 vitio
808 1572 943 1625 dum
996 1573 1228 1642 loquere
1273 1572 1476 1636 nescis,
1528 1576 1714 1625 tacere
1766 1587 1880 1623 non

199 1662 353 1725 vales,
380 1666 575 1730 atque,
606 1666 669 1713 ut
688 1661 895 1714 fabulae
918 1660 1127 1723 ferunt,
1149 1661 1349 1731 lupum
1374 1660 1609 1713 auribus
1632 1661 1883 1713 retinens

195 1764 284 1801 nec
317 1755 512 1802 tenere
546 1754 730 1820 potes,
764 1766 866 1803 nec
908 1749 1063 1803 vales
1095 1749 1405 1813 dimittere,
1440 1748 1569 1802 ideo
1601 1748 1703 1802 tibi
1752 1754 1882 1817 apte

194 1838 331 1891 canit
358 1843 527 1907 poeta
564 1855 578 1893 :

254 1972 275 1994 ⁸
307 1962 511 2032 Ecloga
539 1980 620 2028 ni,
648 1979 790 2017 vers.
827 1965 915 2016 90.

1517 280 1890 336 INDICULUS
1934 283 2345 340 LUMINOSUS.

1920 423 1964 475 Α

3588 292 3690 342 5M

2123 419 2273 477 Quod
2306 424 2453 482 potes
2482 421 2532 467 id
2565 425 2728 479 tenta,
2755 422 2927 483 Operis
2958 436 3023 471 ne
3052 423 3284 485 pondere
3316 438 3529 487 pressus

2122 500 2403 548 lneumbat
2430 500 2596 567 labor,
2627 505 2678 549 et
2706 501 2899 550 frustra
2929 507 3129 552 tentata
3160 504 3450 567 relinquas.

2064 600 2171 653 Sed
2206 605 2267 652 ut
2298 615 2388 653 me
2432 598 2531 671 qui
2565 600 2672 653 sim
2705 600 2825 671 ipse
2864 617 3186 671 cognoscas,
3225 609 3279 658 et
3314 605 3563 674 amplius
3595 608 3677 657 ta-

1992 688 2173 742 cendo
2206 688 2439 754 devites,
2470 688 2771 759 Virgilium
2803 690 2939 743 audi
2968 692 2991 732 ὃ
3028 707 3041 743 :

2112 795 2330 842 Mortem
2362 798 2711 843 contemnunt
2740 794 2953 843 laudato
2984 796 3199 845 vulnere
3232 798 3400 846 Getes.

2064 892 2291 945 Necnon
2323 897 2378 945 et
2407 892 2547 945 illud
2586 910 2598 947 :

2114 999 2281 1057 Getes,
2313 1000 2498 1060 inquit,
2530 1012 2634 1061 quo
2666 999 2835 1061 pergit
2858 1012 3011 1061 equo.

2063 1096 2219 1150 Unde
2248 1101 2304 1149 et
2328 1096 2465 1149 illud
2496 1100 2679 1151 exstat
2702 1102 2889 1165 poetae
2924 1114 2935 1150 :

2115 1202 2248 1250 Hinc
2280 1202 2450 1250 Dacus
2475 1206 2694 1265 premat,
2727 1202 2849 1251 inde
2880 1204 3029 1251 Getes
3059 1207 3318 1251 occurrat.

2061 1302 2177 1369 Ego
2208 1316 2358 1366 sum,
2393 1316 2499 1369 ego
2526 1316 2675 1368 sum,
2703 1316 2874 1370 quem
2898 1300 3220 1353 Alexander
3241 1300 3536 1354 vitandum
3558 1318 3684 1371 pro-

1992 1390 2293 1456 nuntiavit,
2336 1390 2585 1460 Pyrrhus
2630 1390 2949 1459 pertimuit,
3003 1390 3188 1443 Czesar
3233 1390 3547 1447 exhorruit.
3607 1392 3683 1444 De

1992 1480 2157 1533 nobis
2198 1494 2428 1549 quoque
2477 1484 2533 1531 et
2576 1484 2770 1531 noster
2813 1480 3193 1547 Hieronymus
3243 1479 3382 1532 dicit
3432 1496 3443 1533 :
3494 1480 3681 1533 Cornu

1991 1568 2164 1621 habet
2195 1568 2251 1620 in
2296 1568 2502 1633 fronte,
2537 1568 2706 1636 longe
2740 1568 2891 1634 fuge.
2930 1570 2992 1621 Et
3022 1568 3152 1620 ideo
3186 1568 3303 1620 noli
3333 1584 3500 1621 canes
3531 1569 3685 1621 rabi-

1995 1660 2094 1710 dos
2140 1657 2347 1721 dicere,
2396 1656 2493 1709 sed
2540 1661 2593 1707 te
2644 1657 2915 1725 vulpeum
2968 1656 3333 1723 gannientcm
3374 1672 3681 1725 cognosce;

1992 1761 2179 1815 neque
2212 1760 2302 1797 me
2334 1744 2767 1813 compilatorem
2820 1748 3100 1805 veterum,
3147 1744 3300 1814 quod
3342 1760 3681 1813 magnarum

1984 1840 2067 1888 est
2090 1834 2320 1900 virium,
2357 1849 2595 1888 asseras.

2047 1962 2071 2001 ι)
2104 1959 2264 2012 False
2296 1958 2631 2011 tribuuntur
2661 1957 2719 2010 hi
2752 1974 2945 2011 versus
2980 1956 3237 2027 Virgilio.

1024 2154 1797 2266 INDICULUS
1889 2152 2720 2262 LUMINOSUS
2773 2147 2837 2262 ⁸.

256 2428 314 2479 In
344 2426 681 2480 defensione
712 2442 1007 2480 servorum
1038 2431 1292 2491 tuorum,
1330 2426 1595 2490 Domine,
1626 2442 1742 2478 non
1774 2426 1876 2478 hu-
1915 2426 1955 2478 Β
1988 2428 2139 2491 meis,
2194 2431 2250 2479 et
2306 2426 2432 2479 doce
2486 2442 2568 2480 me
2614 2428 3031 2496 justiﬁcationes
3085 2429 3205 2478 tuas
3262 2425 3431 2493 (Psal.
3494 2441 3680 2489 cxvui,

194 2530 346 2568 mano
396 2515 565 2569 tenui
611 2515 903 2569 confidens
959 2515 1214 2579 arbitrio,
1272 2515 1584 2585 subtilique
1643 2515 1878 2583 proprio

196 2602 334 2656 nisus
379 2604 632 2674 refugio,
674 2604 769 2658 sed
815 2620 1003 2675 neque
1050 2603 1249 2674 iniquo
1297 2604 1547 2657 elevatus
1596 2603 1877 2673 superbiae

192 2692 363 2761 typho,
413 2700 521 2746 aut
560 2692 793 2746 inflatus
835 2692 1067 2746 invidiae
1118 2693 1260 2759 zelo,
1313 2692 1410 2745 sed
1452 2697 1566 2745 tuae
1614 2691 1877 2761 gratuita:

192 2780 567 2835 miserationis
626 2781 805 2836 fretus
862 2782 1096 2847 auxilio,
1160 2786 1372 2851 tuoque
1429 2781 1876 2833 clementissimo

193 2866 320 2921 fidus
344 2870 728 2924 invictissime
761 2871 1014 2935 brachio,
1046 2870 1151 2924 tibi
1183 2870 1243 2923 in
1281 2868 1567 2939 principio
1601 2870 1716 2923 Deo
1746 2885 1875 2923 meo

192 2960 239 3009 et
261 2958 385 3012 Jesu
422 2958 655 3013 Christo
694 2975 885 3013 rerum
922 2958 1181 3012 omnium
1214 2958 1475 3023 Domino,
1512 2958 1737 3028 assigno
1769 2958 1875 3011 mi-

190 3059 269 3098 ser
294 3062 460 3101 omne
496 3047 719 3101 bonum
755 3047 907 3118 quod
940 3048 1121 3117 sapio,
1161 3052 1217 3099 te
1257 3046 1318 3099 in
1371 3046 1532 3099 initio
1580 3046 1874 3112 invocans,

189 3136 234 3185 te
262 3151 357 3204 per
385 3140 581 3189 totum
615 3139 831 3189 textum
882 3136 1220 3206 implorans,
1271 3140 1324 3188 te
1376 3151 1555 3205 usque
1601 3135 1657 3187 in
1700 3135 1872 3187 tinem

188 3220 305 3274 libri
351 3226 503 3277 flexo
559 3224 747 3277 cordis
790 3225 1005 3294 poplite
1043 3239 1276 3294 rogans,
1308 3240 1481 3293 quem
1511 3224 1709 3276 lumen
1752 3238 1879 3276 om-

189 3309 332 3365 nium
372 3312 551 3366 credo
584 3312 834 3365 firmitur
877 3312 1239 3379 sasculorum,
1273 3328 1304 3365 a
1349 3328 1463 3382 quo
1492 3312 1711 3365 fontem
1744 3310 1876 3364 novi

190 3405 509 3455 cunctarum
562 3416 830 3454 emanare
884 3400 1180 3469 virtutum,
1233 3400 1288 3453 in
1352 3417 1464 3470 quo
1512 3400 1875 3453 dulcedinem

191 3487 530 3544 ineffabilem
571 3490 924 3544 reconditam
962 3489 1204 3543 firmiter
1233 3490 1345 3542 scio
1383 3506 1616 3542 manere
1649 3496 1875 3541 sancto-

191 3590 326 3645 rum,
366 3579 468 3650 qui
516 3595 577 3631 es
618 3579 711 3632 via
755 3579 876 3632 sine
923 3594 1115 3632 errore
1166 3578 1544 3643 credentium,
1600 3580 1711 3630 vita
1756 3578 1876 3631 sine

189 3674 355 3721 morte
404 3667 747 3729 viventium.
796 3668 1023 3739 requies
1072 3667 1191 3721 sine
1234 3666 1387 3738 [fine]
1433 3668 1769 3721 fruentium.
1801 3668 1874 3721 Te

190 3754 391 3820 invoco,
444 3756 647 3809 lumen
695 3756 1101 3821 inenarrabile,
1152 3756 1367 3809 fontem
1410 3772 1556 3808 verte
1597 3756 1872 3821 scientiae,

188 3843 541 3915 salubrisque
594 3844 708 3898 vita
757 3845 1054 3910 doctrinm,
1107 3850 1167 3898 ut
1210 3844 1474 3898 tenebras
1526 3844 1715 3897 cordis
1761 3844 1876 3897 mei

188 3936 273 3985 tua
309 3934 757 4003 superveniente
790 3934 914 3987 luce
956 3950 1203 4000 serenes,
1254 3938 1310 3986 et
1356 3934 1603 4003 pectoris
1651 3933 1877 4003 glebam

187 4036 302 4073 rure
351 4023 619 4075 sordium
668 4023 973 4075 scalentem
1025 4038 1195 4075 amne
1251 4022 1390 4092 legis
1446 4026 1580 4089 tuae,
1640 4022 1875 4092 quadri-

188 4108 352 4161 tleens
384 4111 661 4181 paradisi,
700 4110 927 4164 abunde
970 4111 1140 4164 saties
1178 4110 1542 4181 ubertimque
1573 4111 1873 4175 fecundes;

186 4204 457 4265 quatenus
516 4200 601 4251 sol
658 4215 824 4251 verus
873 4200 1065 4253 oriens
1114 4199 1432 4269 praecordia
1480 4206 1673 4253 nostra
1718 4206 1876 4253 tene-

185 4283 338 4339 brosa
383 4288 702 4353 illuminet,
749 4294 807 4341 et
844 4288 1049 4342 fluvius
1095 4290 1383 4342 civitatem
1438 4290 1532 4343 Dei
1583 4290 1878 4342 lmtificans

190 4374 479 4429 dumosam
517 4376 631 4429 mei
666 4378 911 4447 pectoris
957 4378 1156 4446 irriget
1193 4384 1428 4443 terram,
1464 4384 1526 4432 ut
1559 4379 1754 4447 lingua
1785 4394 1875 4432 ca-

189 4463 264 4514 nis
290 4465 559 4519 misereri
589 4481 719 4535 qua:
753 4465 853 4518 tibi
885 4482 988 4535 per
1017 4466 1137 4519 haec
1162 4467 1387 4535 placere
1419 4467 1725 4530 desiderat,
1761 4480 1876 4518 non

191 4550 377 4605 vitium
407 4552 802 4622 loquacitatis,
844 4554 981 4607 dum
1014 4570 1235 4607 errores
1277 4555 1523 4625 impetit,
1556 4554 1873 4620 contrahat,

188 4639 272 4692 sed
313 4646 367 4693 te
417 4641 740 4711 inspirante
784 4657 849 4695 ea
891 4648 1156 4696 secuturo
1204 4645 1410 4699 saeculo
1442 4643 1715 4712 proferat,
1750 4658 1877 4715 qua!

189 4726 239 4778 in
269 4730 600 4783 animarum
635 4734 925 4799 prrestum,
959 4731 1017 4784 in
1051 4731 1306 4801 profectu
1336 4732 1648 4801 legentum.
1682 4733 1742 4785 in
1774 4748 1878 4785 ex-

187 4817 516 4887 stirpatione
546 4819 806 4872 omnium
830 4820 1176 4873 insolentum
1213 4826 1341 4873 ante
1372 4826 1739 4891 conspectum
1762 4822 1881 4891 glo-

191 4904 274 4957 ria:
306 4907 673 4961 admirabilis
704 4908 830 4961 solii
863 4909 949 4962 tui
982 4924 1084 4978 per
1118 4913 1233 4961 tota
1264 4911 1601 4964 saeculorum
1631 4910 1876 4964 volumi-

191 5008 252 5046 na
312 5001 528 5050 currat.
597 5000 955 5066 Acceptetur,
1027 4998 1265 5051 Domine
1330 5000 1497 5063 Deus,
1565 5004 1697 5052 ante
1763 5004 1877 5053 tua:
1916 5030 1960 5083 Β

190 5084 493 5152 majestatis
539 5085 903 5140 clementiam
953 5086 1099 5140 servi
1150 5087 1231 5141 tui
1274 5088 1495 5141 tantilla
1545 5088 1789 5153 ofi‘ertio,
1824 5094 1879 5141 et

189 5168 316 5225 lutei
360 5174 580 5227 vasculi
620 5176 806 5228 votiva
854 5192 967 5230 non
1015 5176 1355 5247 reprobetur
1385 5177 1617 5231 oblatio.
1659 5179 1721 5230 Et
1749 5178 1879 5231 licet

190 5261 432 5327 qualibet
462 5263 719 5317 humana
749 5264 1048 5319 infinietur
1072 5268 1098 5307 ιι
1128 5265 1313 5329 sorde,
1366 5282 1481 5319 non
1528 5268 1747 5320 intente
1778 5282 1876 5320 cu-

189 5348 347 5415 ranti,
386 5355 485 5404 tua
532 5351 627 5404 illa
658 5352 909 5421 gratuita
942 5353 1288 5407 emundetur
1318 5355 1673 5425 respectione
1704 5354 1875 5407 felici.

194 5436 327 5501 Esto,
370 5439 635 5503 Domine,
673 5442 892 5495 lucerna
917 5442 1145 5512 pedibus
1176 5445 1327 5511 meis,
1362 5448 1412 5497 et
1456 5445 1631 5497 lumen
1672 5446 1877 5497 semitis

255 5569 277 5638 ξ
306 5563 447 5638 Yide
480 5564 773 5633 Notitiam,
808 5584 977 5638 supra
1009 5568 1116 5622 col.
1153 5571 1273 5623 387.

257 5634 279 5673 δ
310 5634 440 5701 Leg.
480 5638 766 5702 inﬂei'elur.

1992 2515 2112 2582 103,
2166 2516 2273 2583 l2),
2327 2530 2674 2585 sensumque
2725 2520 2890 2568 tuum
2941 2530 3068 2567 meo
3119 2529 3217 2566 ore
3264 2512 3525 2565 defende.
3576 2512 3679 2577 Tu,

1990 2604 2248 2670 Domine,
2282 2620 2387 2675 per
2432 2620 2494 2658 os
2541 2620 2733 2658 meum
2765 2608 2864 2658 tua
2895 2604 3063 2657 verba
3095 2618 3318 2656 sonare.
3368 2602 3447 2655 Tu
3482 2616 3680 2655 canem

1988 2698 2150 2747 tuum
2198 2710 2302 2763 pro
2352 2699 2405 2747 te
2454 2694 2759 2747 latrantem
2814 2699 3012 2746 contra
3056 2692 3318 2746 rabidum
3366 2692 3569 2760 lupum
3616 2707 3680 2744 ex

1986 2798 2201 2835 mensae
2232 2788 2345 2835 tuas
2379 2781 2540 2835 micis
2586 2782 2797 2835 cibare.
2845 2782 2967 2835 Non
2995 2781 3149 2834 enim
3198 2781 3265 2833 ad
3305 2780 3429 2833 haec
3477 2795 3545 2832 ex
3590 2794 3681 2832 me

1986 2872 2110 2940 ipso
2142 2871 2321 2925 ﬁdens
2354 2871 2593 2933 surrexi,
2631 2872 2727 2925 sed
2777 2887 2846 2924 ex
2876 2875 2951 2935 te,
2986 2869 3085 2940 qui
3120 2869 3345 2938 linguas
3377 2868 3682 2921 infantium

1986 2960 2122 3013 facis
2148 2960 2409 3024 disertas,
2439 2964 2495 3014 et
2536 2966 2831 3013 mutorum
2863 2974 2895 3010 a
2944 2964 2998 3011 te
3030 2959 3225 3027 legens
3256 2958 3467 3010 laxatas
3507 2956 3678 3010 habe-

1987 3064 2110 3113 nas,
2141 3048 2458 3103 devotionis
2507 3049 2682 3117 hujus
2720 3063 2835 3101 non
2881 3051 2944 3099 ut
2974 3046 3133 3111 scita,
3168 3046 3268 3100 sed
3311 3050 3376 3099 ut
3418 3044 3684 3114 indigens

1987 3139 2100 3192 duo
2144 3137 2372 3208 porrexi
2420 3137 2641 3191 minuta
2685 3137 2833 3205 (Luc.
2875 3151 2972 3201 xu,
3005 3135 3079 3203 2).
3134 3136 3275 3189 Nam
3323 3134 3460 3205 quid
3508 3134 3682 3187 homo

1987 3233 2089 3294 est,
2146 3226 2407 3291 Domine,
2457 3226 2669 3279 auxilio
2704 3232 2804 3279 tuo
2854 3226 3130 3295 privatus,
3177 3223 3288 3276 nisi
3320 3226 3543 3275 tantum
3575 3220 3683 3275 sibi

1985 3315 2223 3386 periculi
2271 3331 2448 3376 casus,
2490 3315 2627 3367 dum
2671 3314 2879 3367 erroris
2926 3313 3043 3366 imo
3069 3312 3221 3381 jacet
3248 3309 3568 3366 dimersus?
3616 3311 3683 3362 Et

1987 3405 2141 3470 ideo,
2189 3403 2637 3457 clementissime
2681 3402 2888 3473 opifex,
2936 3402 3192 3471 piissime
3239 3400 3461 3465 artifex,
3514 3398 3682 3452 mise-

1987 3493 2372 3547 ricordissime
2432 3492 2624 3563 judex,
2685 3492 2833 3562 quod
2883 3490 3177 3561 inspirasti
3236 3490 3470 3559 perfice,
3530 3486 3684 3559 quod

1981 3583 2200 3652 jussisti
2232 3582 2502 3652 adimple,
2547 3580 2701 3651 quod
2743 3580 2950 3633 dedisti
3001 3595 3241 3641 sacrare,
3287 3582 3342 3631 et
3392 3593 3564 3647 quem
3596 3577 3681 3630 di-

1986 3688 2165 3741 gnum
2194 3671 2327 3724 huic
2369 3669 2663 3724 reddidisti
2700 3669 2936 3733 talento,
2966 3672 3028 3721 ut
3074 3684 3177 3737 per
3206 3668 3315 3720 hoc
3348 3682 3463 3719 non
3506 3670 3681 3719 teme-

1987 3760 2168 3813 ritatis
2200 3775 2402 3812 ausum
2450 3758 2721 3819 incurrat,
2758 3757 2857 3811 sed
2891 3756 3235 3810 humilitatis
3277 3755 3379 3807 tibi
3409 3754 3682 3824 acceptis-

1987 3848 2197 3901 simum
2228 3848 2473 3900 fruetum
2505 3846 2787 3911 obtineat;
2817 3845 2914 3899 illa
2961 3860 3073 3914 qua
3104 3843 3563 3897 immensurabili
3594 3843 3683 3896 af-

1984 3936 2113 3990 ﬂuis
2172 3935 2461 4002 bonitate,
2512 3950 2777 4004 procura.
2842 3932 3059 3986 Dedisti
3138 3933 3294 3984 enim
3353 3930 3525 3997 mihi,
3584 3930 3679 3999 pie

1984 4025 2264 4091 conditor,
2299 4023 2658 4093 intelligendi
2703 4022 2988 4091 vigorem;
3020 4019 3311 4073 inseruisti
3350 4018 3683 4088 praecordiis

1985 4114 2128 4167 meis
2158 4114 2363 4178 fidem;
2402 4116 2459 4166 et
2504 4128 2572 4165 ex
2601 4116 2762 4164 utero
2796 4110 2995 4162 matris
3022 4125 3139 4162 non
3168 4107 3442 4177 gentilem
3482 4106 3683 4159 hacte-

1986 4219 2113 4269 nus,
2163 4203 2260 4257 sed
2306 4184 2659 4255 conservasti
2713 4199 2965 4263 fidelem,
3020 4198 3175 4250 nullo
3226 4196 3430 4249 merito
3468 4210 3680 4265 praece-

1988 4294 2181 4357 dente,
2206 4291 2363 4345 nulla
2387 4290 2607 4359 iustitia
2625 4293 3030 4360 prosequente,
3060 4286 3218 4340 nullo
3239 4301 3411 4356 opere
3442 4285 3549 4338 hoc
3573 4300 3686 4337 me-

1987 4385 2177 4445 rente;
2212 4395 2398 4449 neque
2434 4377 2586 4431 enim
2636 4394 2751 4430 non
2801 4382 3025 4429 exstans
3057 4374 3251 4444 aliqua
3282 4377 3505 4442 poterat
3553 4388 3685 4442 pro-

1987 4468 2218 4528 mereri,
2253 4483 2356 4520 nec
2386 4466 2650 4519 informis
2681 4482 2745 4518 ex
2793 4465 2985 4518 debito
3022 4463 3277 4516 retineri.
3313 4461 3492 4516 Etiam
3533 4466 3591 4515 et
3621 4476 3689 4513 ea

1987 4573 2115 4627 quae
2150 4557 2386 4611 sordens
2416 4556 2564 4609 actio
2595 4560 2651 4608 et
2680 4571 2802 4606 sors
2836 4570 2980 4616 mea,
3016 4568 3144 4622 quae
3177 4551 3335 4605 nulla
3365 4556 3466 4617 est,
3496 4549 3686 4604 tenuis

1988 4646 2307 4716 denegavit,
2355 4644 2682 4714 benignitas
2735 4648 2832 4696 tua
2882 4643 3044 4712 larga
3092 4640 3390 4695 concessit.
3447 4639 3559 4693 Sed
3613 4654 3685 4692 ne

1989 4751 2052 4789 ex
2102 4736 2209 4789 hoc
2240 4734 2395 4806 quod
2447 4732 2609 4799 mihi,
2648 4731 3119 4785 excellentissime
3154 4732 3409 4796 Domine,
3453 4746 3681 4783 conces-

1988 4825 2130 4891 sisti,
2178 4830 2243 4878 ut
2282 4822 2623 4877 temerarius
2665 4826 2890 4891 arguat,
2940 4825 3001 4874 ut
3032 4821 3266 4891 iniquus
3314 4818 3587 4883 excutiar,
3621 4823 3686 4871 ut

1988 4918 2297 4985 usurpator
2328 4912 2710 4966 condemner:
2745 4916 2996 4964 tremens
3027 4914 3085 4963 et
3110 4909 3358 4979 pallidus
3384 4923 3542 4977 ergo,
3577 4922 3686 4976 pa—

1987 5003 2152 5056 vidus
2210 5016 2560 5072 gemensque
2613 4999 2879 5069 suspiro:
2936 5013 3124 5069 neque
3185 5006 3205 5030 ο
3263 5012 3363 5066 per
3415 4996 3577 5049 devia
3630 4996 3687 5046 et

1990 5093 2254 5161 abrupta,
2285 5106 2388 5160 per
2418 5088 2613 5142 inania
2657 5095 2710 5141 et
2751 5088 2982 5153 caduca,
3013 5102 3119 5157 per
3147 5085 3369 5139 tumida
3408 5089 3464 5137 et
3494 5081 3686 5149 stulta,

1988 5196 2092 5250 per
2123 5180 2398 5235 dedecora
2440 5182 2499 5232 et
2544 5179 2713 5239 elata,
2750 5193 2852 5247 per
2882 5176 3029 5230 levia
3068 5180 3127 5229 et
3164 5174 3383 5238 inﬂata,
3416 5170 3688 5241 operibus

1987 5268 2355 5323 iuserviendo
2424 5268 2699 5332 sinistris,
2758 5264 3016 5335 quotidie
3088 5262 3346 5328 ambulo,
3403 5259 3689 5331 loquendo

1988 5359 2165 5414 etiam
2191 5358 2248 5411 in
2277 5373 2343 5411 ea
2373 5373 2501 5428 qua:
2534 5356 2636 5410 tibi
2672 5351 3040 5425 acceptabilia
3072 5355 3296 5421 reputo,
3325 5365 3553 5403 navum
3584 5348 3691 5402 ini-

1989 5447 2226 5518 quitatis
2249 5446 2450 5500 itidem
2473 5444 2835 5509 contraham,
2863 5447 2918 5495 et
2938 5441 3091 5494 unde
3113 5440 3369 5508 lenlgare
3392 5443 3685 5509 utcunque

2060 5582 2079 5605 ε
2120 5571 2249 5641 Leg.
2282 5588 2347 5624 ne
2376 5573 2489 5639 qui.
