  <div class='ocr_page' id='page_1' title='image "/cluster/home/n/w/nwhite01/storage/ocr_20150623/121/hvd.32044054759832/263.png"; bbox 0 0 4098 6180; ppageno 0'>
   <div class='ocr_carea' id='block_1_1' title="bbox 426 260 3869 316">
    <p class='ocr_par' dir='ltr' id='par_1_1' title="bbox 426 260 3869 316">
     <span class='ocr_line' id='line_1_1' title="bbox 426 260 3869 316; baseline 0.001 -5"><span class='ocrx_word' id='word_1_1' title='bbox 426 263 455 311; x_wconf 72' lang='grc' dir='ltr'><strong>εἰ</strong></span> <span class='ocrx_word' id='word_1_2' title='bbox 470 264 480 313; x_wconf 91' lang='lat' dir='ltr'>l</span> <span class='ocrx_word' id='word_1_3' title='bbox 1782 261 2039 315; x_wconf 77' lang='lat' dir='ltr'><strong>ALVARI</strong></span> <span class='ocrx_word' id='word_1_4' title='bbox 2078 260 2556 316; x_wconf 82' lang='lat' dir='ltr'>CORDUBENSIS</span> <span class='ocrx_word' id='word_1_5' title='bbox 3786 267 3869 315; x_wconf 68' lang='lat' dir='ltr'>b’llt</span> 
     </span>
    </p>
   </div>
   <div class='ocr_carea' id='block_1_2' title="bbox 425 392 3872 468">
    <p class='ocr_par' dir='ltr' id='par_1_2' title="bbox 425 392 3872 468">
     <span class='ocr_line' id='line_1_2' title="bbox 425 392 3872 468; baseline 0.001 -19"><span class='ocrx_word' id='word_1_6' title='bbox 425 396 812 467; x_wconf 87' lang='lat' dir='ltr'>nequitiarum</span> <span class='ocrx_word' id='word_1_7' title='bbox 854 410 1109 448; x_wconf 90' lang='lat' dir='ltr'>mearum</span> <span class='ocrx_word' id='word_1_8' title='bbox 1149 392 1343 454; x_wconf 83' lang='lat' dir='ltr'>debui,</span> <span class='ocrx_word' id='word_1_9' title='bbox 1387 394 1644 463; x_wconf 76' lang='lat' dir='ltr'>pondera</span> <span class='ocrx_word' id='word_1_10' title='bbox 1671 393 1824 460; x_wconf 91' lang='lat' dir='ltr'>inde,</span> <span class='ocrx_word' id='word_1_11' title='bbox 1858 395 2031 465; x_wconf 92' lang='lat' dir='ltr'>quod,</span> <span class='ocrx_word' id='word_1_12' title='bbox 2062 399 2117 447; x_wconf 88' lang='lat' dir='ltr'>te</span> <span class='ocrx_word' id='word_1_13' title='bbox 2156 397 2199 449; x_wconf 85' lang='lat' dir='ltr'><strong>A</strong></span> <span class='ocrx_word' id='word_1_14' title='bbox 2231 396 2483 451; x_wconf 78' lang='lat' dir='ltr'>clamitet</span> <span class='ocrx_word' id='word_1_15' title='bbox 2530 396 2862 461; x_wconf 78' lang='lat' dir='ltr'>intentasse,</span> <span class='ocrx_word' id='word_1_16' title='bbox 2894 412 2995 467; x_wconf 88' lang='lat' dir='ltr'>per</span> <span class='ocrx_word' id='word_1_17' title='bbox 3039 412 3166 466; x_wconf 58' lang='lat' dir='ltr'>qua</span> <span class='ocrx_word' id='word_1_18' title='bbox 3214 412 3319 449; x_wconf 88' lang='lat' dir='ltr'>nos</span> <span class='ocrx_word' id='word_1_19' title='bbox 3349 395 3667 449; x_wconf 89' lang='lat' dir='ltr'>decolorare</span> <span class='ocrx_word' id='word_1_20' title='bbox 3694 401 3872 468; x_wconf 89' lang='lat' dir='ltr'>putan-</span> 
     </span>
    </p>
   </div>
   <div class='ocr_carea' id='block_1_3' title="bbox 427 481 2115 552">
    <p class='ocr_par' dir='ltr' id='par_1_3' title="bbox 427 481 2115 552">
     <span class='ocr_line' id='line_1_3' title="bbox 427 481 2115 552; baseline 0 -16"><span class='ocrx_word' id='word_1_21' title='bbox 427 486 745 547; x_wconf 85' lang='lat' dir='ltr'>ordinante,</span> <span class='ocrx_word' id='word_1_22' title='bbox 775 484 846 536; x_wconf 88' lang='lat' dir='ltr'>sit</span> <span class='ocrx_word' id='word_1_23' title='bbox 874 483 1092 552; x_wconf 79' lang='lat' dir='ltr'>procul,</span> <span class='ocrx_word' id='word_1_24' title='bbox 1126 481 1524 551; x_wconf 88' lang='lat' dir='ltr'>centupliciter</span> <span class='ocrx_word' id='word_1_25' title='bbox 1552 484 1846 536; x_wconf 89' lang='lat' dir='ltr'>cumulum</span> <span class='ocrx_word' id='word_1_26' title='bbox 1884 485 2115 537; x_wconf 88' lang='lat' dir='ltr'>scelera.</span> 
     </span>
    </p>
   </div>
   <div class='ocr_carea' id='block_1_4' title="bbox 426 570 2117 637">
    <p class='ocr_par' dir='ltr' id='par_1_4' title="bbox 426 570 2117 637">
     <span class='ocr_line' id='line_1_4' title="bbox 426 570 2117 637; baseline 0 -12"><span class='ocrx_word' id='word_1_27' title='bbox 426 573 649 630; x_wconf 83' lang='lat' dir='ltr'>Adesto,</span> <span class='ocrx_word' id='word_1_28' title='bbox 688 571 948 634; x_wconf 81' lang='lat' dir='ltr'>Domine,</span> <span class='ocrx_word' id='word_1_29' title='bbox 983 570 1176 624; x_wconf 81' lang='lat' dir='ltr'>adesto</span> <span class='ocrx_word' id='word_1_30' title='bbox 1217 587 1377 623; x_wconf 88' lang='lat' dir='ltr'>servo</span> <span class='ocrx_word' id='word_1_31' title='bbox 1411 576 1508 623; x_wconf 90' lang='lat' dir='ltr'>tuo</span> <span class='ocrx_word' id='word_1_32' title='bbox 1542 571 1866 625; x_wconf 90' lang='lat' dir='ltr'>miserrimo</span> <span class='ocrx_word' id='word_1_33' title='bbox 1898 578 1954 624; x_wconf 88' lang='lat' dir='ltr'>et</span> <span class='ocrx_word' id='word_1_34' title='bbox 1983 588 2117 637; x_wconf 85' lang='lat' dir='ltr'>ege-</span> 
     </span>
    </p>
   </div>
   <div class='ocr_carea' id='block_1_5' title="bbox 425 658 2114 729">
    <p class='ocr_par' dir='ltr' id='par_1_5' title="bbox 425 658 2114 729">
     <span class='ocr_line' id='line_1_5' title="bbox 425 658 2114 729; baseline 0.001 -17"><span class='ocrx_word' id='word_1_35' title='bbox 425 675 522 723; x_wconf 88' lang='lat' dir='ltr'>no,</span> <span class='ocrx_word' id='word_1_36' title='bbox 555 664 609 711; x_wconf 91' lang='lat' dir='ltr'>et</span> <span class='ocrx_word' id='word_1_37' title='bbox 654 658 786 711; x_wconf 90' lang='lat' dir='ltr'>ﬁdei</span> <span class='ocrx_word' id='word_1_38' title='bbox 837 664 950 711; x_wconf 69' lang='lat' dir='ltr'>tute</span> <span class='ocrx_word' id='word_1_39' title='bbox 994 660 1276 728; x_wconf 88' lang='lat' dir='ltr'>repletum</span> <span class='ocrx_word' id='word_1_40' title='bbox 1307 664 1367 712; x_wconf 89' lang='lat' dir='ltr'>tu</span> <span class='ocrx_word' id='word_1_41' title='bbox 1417 659 1602 729; x_wconf 82' lang='lat' dir='ltr'>dirige</span> <span class='ocrx_word' id='word_1_42' title='bbox 1654 660 1794 713; x_wconf 90' lang='lat' dir='ltr'>zelo.</span> <span class='ocrx_word' id='word_1_43' title='bbox 1851 661 2114 725; x_wconf 73' lang='lat' dir='ltr'>Prmcide,</span> 
     </span>
    </p>
   </div>
   <div class='ocr_carea' id='block_1_6' title="bbox 426 747 2115 817">
    <p class='ocr_par' dir='ltr' id='par_1_6' title="bbox 426 747 2115 817">
     <span class='ocr_line' id='line_1_6' title="bbox 426 747 2115 817; baseline -0.001 -17"><span class='ocrx_word' id='word_1_44' title='bbox 426 748 682 812; x_wconf 86' lang='lat' dir='ltr'>Domine,</span> <span class='ocrx_word' id='word_1_45' title='bbox 718 747 930 816; x_wconf 67' lang='lat' dir='ltr'>linguas</span> <span class='ocrx_word' id='word_1_46' title='bbox 962 747 1220 800; x_wconf 64' lang='lat' dir='ltr'>surculari</span> <span class='ocrx_word' id='word_1_47' title='bbox 1256 763 1415 800; x_wconf 69' lang='lat' dir='ltr'>emno</span> <span class='ocrx_word' id='word_1_48' title='bbox 1448 748 1718 800; x_wconf 70' lang='lat' dir='ltr'>confectze</span> <span class='ocrx_word' id='word_1_49' title='bbox 1752 748 2115 817; x_wconf 74' lang='lat' dir='ltr'>praeputium,</span> 
     </span>
    </p>
   </div>
   <div class='ocr_carea' id='block_1_7' title="bbox 422 836 2109 906">
    <p class='ocr_par' dir='ltr' id='par_1_7' title="bbox 422 836 2109 906">
     <span class='ocr_line' id='line_1_7' title="bbox 422 836 2109 906; baseline 0 -20"><span class='ocrx_word' id='word_1_50' title='bbox 422 843 478 887; x_wconf 87' lang='lat' dir='ltr'>et</span> <span class='ocrx_word' id='word_1_51' title='bbox 509 836 605 889; x_wconf 92' lang='lat' dir='ltr'>illo</span> <span class='ocrx_word' id='word_1_52' title='bbox 629 836 820 906; x_wconf 87' lang='lat' dir='ltr'>ignem</span> <span class='ocrx_word' id='word_1_53' title='bbox 846 838 1051 889; x_wconf 82' lang='lat' dir='ltr'>mentis</span> <span class='ocrx_word' id='word_1_54' title='bbox 1079 852 1219 889; x_wconf 58' lang='lat' dir='ltr'>mea?</span> <span class='ocrx_word' id='word_1_55' title='bbox 1244 836 1492 889; x_wconf 84' lang='lat' dir='ltr'>emunda</span> <span class='ocrx_word' id='word_1_56' title='bbox 1525 843 1829 902; x_wconf 86' lang='lat' dir='ltr'>secretum,</span> <span class='ocrx_word' id='word_1_57' title='bbox 1855 853 1966 906; x_wconf 89' lang='lat' dir='ltr'>quo</span> <span class='ocrx_word' id='word_1_58' title='bbox 1991 856 2109 887; x_wconf 73' lang='lat' dir='ltr'>san-</span> 
     </span>
    </p>
   </div>
   <div class='ocr_carea' id='block_1_8' title="bbox 419 923 2117 994">
    <p class='ocr_par' dir='ltr' id='par_1_8' title="bbox 419 923 2117 994">
     <span class='ocr_line' id='line_1_8' title="bbox 419 923 2117 994; baseline 0.001 -18"><span class='ocrx_word' id='word_1_59' title='bbox 419 928 637 977; x_wconf 91' lang='lat' dir='ltr'>ctorum</span> <span class='ocrx_word' id='word_1_60' title='bbox 690 924 857 977; x_wconf 80' lang='lat' dir='ltr'>corda</span> <span class='ocrx_word' id='word_1_61' title='bbox 904 923 1053 976; x_wconf 88' lang='lat' dir='ltr'>nosti</span> <span class='ocrx_word' id='word_1_62' title='bbox 1107 924 1376 987; x_wconf 86' lang='lat' dir='ltr'>conﬂare,</span> <span class='ocrx_word' id='word_1_63' title='bbox 1429 940 1541 992; x_wconf 93' lang='lat' dir='ltr'>quo</span> <span class='ocrx_word' id='word_1_64' title='bbox 1606 930 1923 994; x_wconf 84' lang='lat' dir='ltr'>martyrum</span> <span class='ocrx_word' id='word_1_65' title='bbox 1985 925 2117 978; x_wconf 77' lang='lat' dir='ltr'>affe-</span> 
     </span>
    </p>
   </div>
   <div class='ocr_carea' id='block_1_9' title="bbox 420 1011 2120 1083">
    <p class='ocr_par' dir='ltr' id='par_1_9' title="bbox 420 1011 2120 1083">
     <span class='ocr_line' id='line_1_9' title="bbox 420 1011 2120 1083; baseline 0.001 -18"><span class='ocrx_word' id='word_1_66' title='bbox 420 1011 636 1065; x_wconf 91' lang='lat' dir='ltr'>ctiones</span> <span class='ocrx_word' id='word_1_67' title='bbox 660 1012 1058 1083; x_wconf 73' lang='lat' dir='ltr'>principaliter</span> <span class='ocrx_word' id='word_1_68' title='bbox 1089 1012 1333 1066; x_wconf 87' lang='lat' dir='ltr'>crederis</span> <span class='ocrx_word' id='word_1_69' title='bbox 1365 1012 1748 1077; x_wconf 88' lang='lat' dir='ltr'>inﬂammare,</span> <span class='ocrx_word' id='word_1_70' title='bbox 1774 1019 1839 1066; x_wconf 91' lang='lat' dir='ltr'>ut</span> <span class='ocrx_word' id='word_1_71' title='bbox 1857 1019 1911 1065; x_wconf 86' lang='lat' dir='ltr'>te</span> <span class='ocrx_word' id='word_1_72' title='bbox 1938 1013 2120 1083; x_wconf 86' lang='lat' dir='ltr'>inspi-</span> 
     </span>
    </p>
   </div>
   <div class='ocr_carea' id='block_1_10' title="bbox 420 1100 2115 1171">
    <p class='ocr_par' dir='ltr' id='par_1_10' title="bbox 420 1100 2115 1171">
     <span class='ocr_line' id='line_1_10' title="bbox 420 1100 2115 1171; baseline 0.001 -18"><span class='ocrx_word' id='word_1_73' title='bbox 420 1106 582 1153; x_wconf 85' lang='lat' dir='ltr'>rante</span> <span class='ocrx_word' id='word_1_74' title='bbox 647 1116 712 1152; x_wconf 90' lang='lat' dir='ltr'>ea</span> <span class='ocrx_word' id='word_1_75' title='bbox 760 1106 981 1153; x_wconf 90' lang='lat' dir='ltr'>tantum</span> <span class='ocrx_word' id='word_1_76' title='bbox 1032 1100 1163 1153; x_wconf 86' lang='lat' dir='ltr'>huic</span> <span class='ocrx_word' id='word_1_77' title='bbox 1220 1100 1382 1170; x_wconf 79' lang='lat' dir='ltr'>operi</span> <span class='ocrx_word' id='word_1_78' title='bbox 1443 1100 1778 1154; x_wconf 78' lang='lat' dir='ltr'>sufficienda</span> <span class='ocrx_word' id='word_1_79' title='bbox 1831 1101 2115 1171; x_wconf 80' lang='lat' dir='ltr'>ingeram,</span> 
     </span>
    </p>
   </div>
   <div class='ocr_carea' id='block_1_11' title="bbox 422 1189 2114 1261">
    <p class='ocr_par' dir='ltr' id='par_1_11' title="bbox 422 1189 2114 1261">
     <span class='ocr_line' id='line_1_11' title="bbox 422 1189 2114 1261; baseline 0.001 -20"><span class='ocrx_word' id='word_1_80' title='bbox 422 1205 550 1259; x_wconf 71' lang='lat' dir='ltr'>quae</span> <span class='ocrx_word' id='word_1_81' title='bbox 582 1189 725 1242; x_wconf 90' lang='lat' dir='ltr'>mihi</span> <span class='ocrx_word' id='word_1_82' title='bbox 756 1190 815 1241; x_wconf 92' lang='lat' dir='ltr'>in</span> <span class='ocrx_word' id='word_1_83' title='bbox 856 1189 947 1241; x_wconf 90' lang='lat' dir='ltr'>die</span> <span class='ocrx_word' id='word_1_84' title='bbox 987 1189 1083 1241; x_wconf 89' lang='lat' dir='ltr'>illa</span> <span class='ocrx_word' id='word_1_85' title='bbox 1115 1190 1400 1243; x_wconf 88' lang='lat' dir='ltr'>tremendi</span> <span class='ocrx_word' id='word_1_86' title='bbox 1436 1190 1714 1242; x_wconf 84' lang='lat' dir='ltr'>examinis</span> <span class='ocrx_word' id='word_1_87' title='bbox 1746 1190 1827 1243; x_wconf 89' lang='lat' dir='ltr'>tui</span> <span class='ocrx_word' id='word_1_88' title='bbox 1854 1192 1990 1261; x_wconf 81' lang='lat' dir='ltr'>justi</span> <span class='ocrx_word' id='word_1_89' title='bbox 2016 1192 2114 1260; x_wconf 86' lang='lat' dir='ltr'>ju-</span> 
     </span>
    </p>
   </div>
   <div class='ocr_carea' id='block_1_12' title="bbox 422 1278 2115 1348">
    <p class='ocr_par' dir='ltr' id='par_1_12' title="bbox 422 1278 2115 1348">
     <span class='ocr_line' id='line_1_12' title="bbox 422 1278 2115 1348; baseline 0.001 -17"><span class='ocrx_word' id='word_1_90' title='bbox 422 1278 552 1331; x_wconf 92' lang='lat' dir='ltr'>dicii</span> <span class='ocrx_word' id='word_1_91' title='bbox 606 1294 718 1330; x_wconf 91' lang='lat' dir='ltr'>non</span> <span class='ocrx_word' id='word_1_92' title='bbox 754 1280 1046 1331; x_wconf 90' lang='lat' dir='ltr'>cumulum</span> <span class='ocrx_word' id='word_1_93' title='bbox 1079 1284 1442 1348; x_wconf 82' lang='lat' dir='ltr'>peccatorum</span> <span class='ocrx_word' id='word_1_94' title='bbox 1488 1285 1687 1331; x_wconf 89' lang='lat' dir='ltr'>contra</span> <span class='ocrx_word' id='word_1_95' title='bbox 1734 1296 1824 1332; x_wconf 92' lang='lat' dir='ltr'>me</span> <span class='ocrx_word' id='word_1_96' title='bbox 1864 1286 2115 1333; x_wconf 89' lang='lat' dir='ltr'>erectum</span> 
     </span>
    </p>
   </div>
   <div class='ocr_carea' id='block_1_13' title="bbox 420 1366 2116 1437">
    <p class='ocr_par' dir='ltr' id='par_1_13' title="bbox 420 1366 2116 1437">
     <span class='ocr_line' id='line_1_13' title="bbox 420 1366 2116 1437; baseline 0.002 -18"><span class='ocrx_word' id='word_1_97' title='bbox 420 1366 739 1435; x_wconf 73' lang='lat' dir='ltr'>perficiant,</span> <span class='ocrx_word' id='word_1_98' title='bbox 774 1367 872 1420; x_wconf 88' lang='lat' dir='ltr'>sed</span> <span class='ocrx_word' id='word_1_99' title='bbox 920 1383 948 1419; x_wconf 91' lang='lat' dir='ltr'>e</span> <span class='ocrx_word' id='word_1_100' title='bbox 998 1368 1234 1437; x_wconf 78' lang='lat' dir='ltr'>regione</span> <span class='ocrx_word' id='word_1_101' title='bbox 1281 1368 1640 1421; x_wconf 80' lang='lat' dir='ltr'>adversantia</span> <span class='ocrx_word' id='word_1_102' title='bbox 1693 1368 1835 1421; x_wconf 89' lang='lat' dir='ltr'>mihi</span> <span class='ocrx_word' id='word_1_103' title='bbox 1884 1368 2116 1422; x_wconf 90' lang='lat' dir='ltr'>millena</span> 
     </span>
    </p>
   </div>
   <div class='ocr_carea' id='block_1_14' title="bbox 421 1454 2112 1526">
    <p class='ocr_par' dir='ltr' id='par_1_14' title="bbox 421 1454 2112 1526">
     <span class='ocr_line' id='line_1_14' title="bbox 421 1454 2112 1526; baseline 0.001 -19"><span class='ocrx_word' id='word_1_104' title='bbox 421 1454 653 1523; x_wconf 86' lang='lat' dir='ltr'>agmina</span> <span class='ocrx_word' id='word_1_105' title='bbox 682 1455 1021 1509; x_wconf 80' lang='lat' dir='ltr'>delictorum</span> <span class='ocrx_word' id='word_1_106' title='bbox 1068 1471 1169 1508; x_wconf 89' lang='lat' dir='ltr'>sua</span> <span class='ocrx_word' id='word_1_107' title='bbox 1200 1455 1530 1509; x_wconf 77' lang='lat' dir='ltr'>inductione</span> <span class='ocrx_word' id='word_1_108' title='bbox 1561 1460 1857 1508; x_wconf 77' lang='lat' dir='ltr'>conferant</span> <span class='ocrx_word' id='word_1_109' title='bbox 1896 1462 1953 1508; x_wconf 90' lang='lat' dir='ltr'>et</span> <span class='ocrx_word' id='word_1_110' title='bbox 1982 1474 2112 1526; x_wconf 93' lang='lat' dir='ltr'>pro-</span> 
     </span>
    </p>
   </div>
   <div class='ocr_carea' id='block_1_15' title="bbox 419 1544 2112 1611">
    <p class='ocr_par' dir='ltr' id='par_1_15' title="bbox 419 1544 2112 1611">
     <span class='ocr_line' id='line_1_15' title="bbox 419 1544 2112 1611; baseline 0.001 -16"><span class='ocrx_word' id='word_1_111' title='bbox 419 1547 696 1596; x_wconf 76' lang='lat' dir='ltr'>sternant.</span> <span class='ocrx_word' id='word_1_112' title='bbox 732 1546 993 1597; x_wconf 71' lang='lat' dir='ltr'>Prmcede</span> <span class='ocrx_word' id='word_1_113' title='bbox 1037 1560 1149 1607; x_wconf 92' lang='lat' dir='ltr'>me,</span> <span class='ocrx_word' id='word_1_114' title='bbox 1184 1544 1557 1597; x_wconf 80' lang='lat' dir='ltr'>invictissime</span> <span class='ocrx_word' id='word_1_115' title='bbox 1598 1545 1836 1597; x_wconf 90' lang='lat' dir='ltr'>Domine</span> <span class='ocrx_word' id='word_1_116' title='bbox 1873 1545 2112 1611; x_wconf 83' lang='lat' dir='ltr'>Christe,</span> 
     </span>
    </p>
   </div>
   <div class='ocr_carea' id='block_1_16' title="bbox 419 1632 2115 1701">
    <p class='ocr_par' dir='ltr' id='par_1_16' title="bbox 419 1632 2115 1701">
     <span class='ocr_line' id='line_1_16' title="bbox 419 1632 2115 1701; baseline 0.002 -18"><span class='ocrx_word' id='word_1_117' title='bbox 419 1636 475 1685; x_wconf 90' lang='lat' dir='ltr'>et</span> <span class='ocrx_word' id='word_1_118' title='bbox 498 1637 619 1685; x_wconf 84' lang='lat' dir='ltr'>esto</span> <span class='ocrx_word' id='word_1_119' title='bbox 652 1632 901 1701; x_wconf 67' lang='lat' dir='ltr'>prmdius</span> <span class='ocrx_word' id='word_1_120' title='bbox 932 1648 1092 1685; x_wconf 87' lang='lat' dir='ltr'>servo</span> <span class='ocrx_word' id='word_1_121' title='bbox 1126 1638 1224 1685; x_wconf 92' lang='lat' dir='ltr'>tuo</span> <span class='ocrx_word' id='word_1_122' title='bbox 1274 1632 1563 1701; x_wconf 82' lang='lat' dir='ltr'>Evangelii</span> <span class='ocrx_word' id='word_1_123' title='bbox 1609 1632 1785 1685; x_wconf 88' lang='lat' dir='ltr'>sancti</span> <span class='ocrx_word' id='word_1_124' title='bbox 1819 1632 1901 1685; x_wconf 93' lang='lat' dir='ltr'>tui</span> <span class='ocrx_word' id='word_1_125' title='bbox 1933 1634 2115 1701; x_wconf 88' lang='lat' dir='ltr'>gratia</span> 
     </span>
    </p>
   </div>
   <div class='ocr_carea' id='block_1_17' title="bbox 413 1704 2187 1791">
    <p class='ocr_par' dir='ltr' id='par_1_17' title="bbox 413 1704 2187 1791">
     <span class='ocr_line' id='line_1_17' title="bbox 413 1704 2187 1791; baseline 0.002 -18"><span class='ocrx_word' id='word_1_126' title='bbox 413 1720 535 1789; x_wconf 87' lang='lat' dir='ltr'>jam</span> <span class='ocrx_word' id='word_1_127' title='bbox 580 1722 900 1790; x_wconf 80' lang='lat' dir='ltr'>redempta,</span> <span class='ocrx_word' id='word_1_128' title='bbox 952 1720 1050 1791; x_wconf 87' lang='lat' dir='ltr'>qui</span> <span class='ocrx_word' id='word_1_129' title='bbox 1099 1721 1378 1791; x_wconf 84' lang='lat' dir='ltr'>praefuisti</span> <span class='ocrx_word' id='word_1_130' title='bbox 1431 1720 1740 1774; x_wconf 90' lang='lat' dir='ltr'>Israelitico</span> <span class='ocrx_word' id='word_1_131' title='bbox 1790 1723 2003 1791; x_wconf 90' lang='lat' dir='ltr'>populo</span> <span class='ocrx_word' id='word_1_132' title='bbox 2056 1722 2112 1776; x_wconf 92' lang='lat' dir='ltr'>in</span> <span class='ocrx_word' id='word_1_133' title='bbox 2148 1704 2187 1755; x_wconf 73' lang='grc' dir='ltr'><strong>Β</strong></span> 
     </span>
    </p>
   </div>
   <div class='ocr_carea' id='block_1_18' title="bbox 418 1804 2112 1881">
    <p class='ocr_par' dir='ltr' id='par_1_18' title="bbox 418 1804 2112 1881">
     <span class='ocr_line' id='line_1_18' title="bbox 418 1804 2112 1881; baseline 0.004 -22"><span class='ocrx_word' id='word_1_134' title='bbox 418 1809 687 1862; x_wconf 84' lang='lat' dir='ltr'>columna</span> <span class='ocrx_word' id='word_1_135' title='bbox 728 1804 923 1862; x_wconf 81' lang='lat' dir='ltr'>nubis</span> <span class='ocrx_word' id='word_1_136' title='bbox 946 1816 1000 1862; x_wconf 88' lang='lat' dir='ltr'>et</span> <span class='ocrx_word' id='word_1_137' title='bbox 1045 1809 1280 1862; x_wconf 89' lang='lat' dir='ltr'>luminis</span> <span class='ocrx_word' id='word_1_138' title='bbox 1312 1826 1413 1881; x_wconf 89' lang='lat' dir='ltr'>per</span> <span class='ocrx_word' id='word_1_139' title='bbox 1444 1810 1729 1862; x_wconf 88' lang='lat' dir='ltr'>desertum</span> <span class='ocrx_word' id='word_1_140' title='bbox 1763 1811 1961 1881; x_wconf 70' lang='lat' dir='ltr'>(Emod.</span> <span class='ocrx_word' id='word_1_141' title='bbox 1993 1828 2112 1874; x_wconf 82' lang='lat' dir='ltr'>xui,</span> 
     </span>
    </p>
   </div>
   <div class='ocr_carea' id='block_1_19' title="bbox 416 1897 2112 1965">
    <p class='ocr_par' dir='ltr' id='par_1_19' title="bbox 416 1897 2112 1965">
     <span class='ocr_line' id='line_1_19' title="bbox 416 1897 2112 1965; baseline 0.002 -15"><span class='ocrx_word' id='word_1_142' title='bbox 416 1897 544 1965; x_wconf 75' lang='lat'><strong>‘22):</strong></span> <span class='ocrx_word' id='word_1_143' title='bbox 588 1902 653 1950; x_wconf 89' lang='lat' dir='ltr'>ut</span> <span class='ocrx_word' id='word_1_144' title='bbox 682 1902 735 1950; x_wconf 85' lang='lat' dir='ltr'>te.</span> <span class='ocrx_word' id='word_1_145' title='bbox 768 1898 1009 1951; x_wconf 87' lang='lat' dir='ltr'>ducante</span> <span class='ocrx_word' id='word_1_146' title='bbox 1062 1898 1447 1951; x_wconf 82' lang='lat' dir='ltr'>amalicitante</span> <span class='ocrx_word' id='word_1_147' title='bbox 1493 1914 1704 1951; x_wconf 85' lang='lat' dir='ltr'>cuneos</span> <span class='ocrx_word' id='word_1_148' title='bbox 1744 1908 1769 1931; x_wconf 71' lang='grc'><strong>⁸</strong></span> <span class='ocrx_word' id='word_1_149' title='bbox 1813 1899 2112 1953; x_wconf 78' lang='lat' dir='ltr'>devastan-</span> 
     </span>
    </p>
   </div>
   <div class='ocr_carea' id='block_1_20' title="bbox 417 1986 2113 2056">
    <p class='ocr_par' dir='ltr' id='par_1_20' title="bbox 417 1986 2113 2056">
     <span class='ocr_line' id='line_1_20' title="bbox 417 1986 2113 2056; baseline -0.001 -18"><span class='ocrx_word' id='word_1_150' title='bbox 417 1990 531 2049; x_wconf 90' lang='lat' dir='ltr'>tur,</span> <span class='ocrx_word' id='word_1_151' title='bbox 565 1991 621 2039; x_wconf 89' lang='lat' dir='ltr'>et</span> <span class='ocrx_word' id='word_1_152' title='bbox 660 2002 795 2039; x_wconf 85' lang='lat' dir='ltr'>crux</span> <span class='ocrx_word' id='word_1_153' title='bbox 836 1991 933 2039; x_wconf 87' lang='lat' dir='ltr'>tua</span> <span class='ocrx_word' id='word_1_154' title='bbox 962 1986 1205 2040; x_wconf 86' lang='lat' dir='ltr'>humero</span> <span class='ocrx_word' id='word_1_155' title='bbox 1261 1986 1616 2056; x_wconf 88' lang='lat' dir='ltr'>superposita</span> <span class='ocrx_word' id='word_1_156' title='bbox 1649 1990 1842 2039; x_wconf 90' lang='lat' dir='ltr'>nostro</span> <span class='ocrx_word' id='word_1_157' title='bbox 1884 1992 2113 2040; x_wconf 90' lang='lat' dir='ltr'>cuncto—</span> 
     </span>
    </p>
   </div>
   <div class='ocr_carea' id='block_1_21' title="bbox 418 2074 2114 2141">
    <p class='ocr_par' dir='ltr' id='par_1_21' title="bbox 418 2074 2114 2141">
     <span class='ocr_line' id='line_1_21' title="bbox 418 2074 2114 2141; baseline 0.001 -16"><span class='ocrx_word' id='word_1_158' title='bbox 418 2089 545 2126; x_wconf 88' lang='lat' dir='ltr'>rum</span> <span class='ocrx_word' id='word_1_159' title='bbox 592 2079 769 2127; x_wconf 86' lang='lat' dir='ltr'>tetras</span> <span class='ocrx_word' id='word_1_160' title='bbox 819 2075 1153 2129; x_wconf 88' lang='lat' dir='ltr'>horrcdines</span> <span class='ocrx_word' id='word_1_161' title='bbox 1197 2075 1321 2127; x_wconf 91' lang='lat' dir='ltr'>luce</span> <span class='ocrx_word' id='word_1_162' title='bbox 1362 2091 1461 2127; x_wconf 89' lang='lat' dir='ltr'>sua</span> <span class='ocrx_word' id='word_1_163' title='bbox 1493 2074 1811 2141; x_wconf 84' lang='lat' dir='ltr'>devastans,</span> <span class='ocrx_word' id='word_1_164' title='bbox 1849 2090 1965 2126; x_wconf 90' lang='lat' dir='ltr'>uno</span> <span class='ocrx_word' id='word_1_165' title='bbox 1998 2074 2114 2126; x_wconf 92' lang='lat' dir='ltr'>ictu</span> 
     </span>
    </p>
   </div>
   <div class='ocr_carea' id='block_1_22' title="bbox 417 2163 2116 2232">
    <p class='ocr_par' dir='ltr' id='par_1_22' title="bbox 417 2163 2116 2232">
     <span class='ocr_line' id='line_1_22' title="bbox 417 2163 2116 2232; baseline 0 -19"><span class='ocrx_word' id='word_1_166' title='bbox 417 2163 765 2228; x_wconf 87' lang='lat' dir='ltr'>certaminis,</span> <span class='ocrx_word' id='word_1_167' title='bbox 820 2170 876 2215; x_wconf 89' lang='lat' dir='ltr'>et</span> <span class='ocrx_word' id='word_1_168' title='bbox 924 2163 1121 2217; x_wconf 77' lang='lat' dir='ltr'>ﬁdeles</span> <span class='ocrx_word' id='word_1_169' title='bbox 1167 2179 1400 2216; x_wconf 87' lang='lat' dir='ltr'>corusco</span> <span class='ocrx_word' id='word_1_170' title='bbox 1458 2163 1642 2216; x_wconf 84' lang='lat' dir='ltr'>sidere</span> <span class='ocrx_word' id='word_1_171' title='bbox 1691 2163 2002 2232; x_wconf 84' lang='lat' dir='ltr'>compluat,</span> <span class='ocrx_word' id='word_1_172' title='bbox 2060 2166 2116 2213; x_wconf 91' lang='lat' dir='ltr'>et</span> 
     </span>
    </p>
   </div>
   <div class='ocr_carea' id='block_1_23' title="bbox 417 2249 2112 2322">
    <p class='ocr_par' dir='ltr' id='par_1_23' title="bbox 417 2249 2112 2322">
     <span class='ocr_line' id='line_1_23' title="bbox 417 2249 2112 2322; baseline 0 -19"><span class='ocrx_word' id='word_1_173' title='bbox 417 2249 627 2320; x_wconf 87' lang='lat' dir='ltr'>impios</span> <span class='ocrx_word' id='word_1_174' title='bbox 656 2251 754 2303; x_wconf 91' lang='lat' dir='ltr'>illo</span> <span class='ocrx_word' id='word_1_175' title='bbox 803 2268 917 2322; x_wconf 93' lang='lat' dir='ltr'>quo</span> <span class='ocrx_word' id='word_1_176' title='bbox 948 2252 1237 2305; x_wconf 68' lang='lat' dir='ltr'>daemones</span> <span class='ocrx_word' id='word_1_177' title='bbox 1288 2251 1480 2321; x_wconf 86' lang='lat' dir='ltr'>vigore</span> <span class='ocrx_word' id='word_1_178' title='bbox 1529 2251 1870 2321; x_wconf 89' lang='lat' dir='ltr'>comprimat</span> <span class='ocrx_word' id='word_1_179' title='bbox 1910 2250 1996 2303; x_wconf 88' lang='lat' dir='ltr'>vel</span> <span class='ocrx_word' id='word_1_180' title='bbox 2027 2249 2112 2303; x_wconf 90' lang='lat' dir='ltr'>di-</span> 
     </span>
    </p>
   </div>
   <div class='ocr_carea' id='block_1_24' title="bbox 418 2338 2111 2409">
    <p class='ocr_par' dir='ltr' id='par_1_24' title="bbox 418 2338 2111 2409">
     <span class='ocr_line' id='line_1_24' title="bbox 418 2338 2111 2409; baseline -0.001 -17"><span class='ocrx_word' id='word_1_181' title='bbox 418 2344 662 2409; x_wconf 89' lang='lat' dir='ltr'>mergat.</span> <span class='ocrx_word' id='word_1_182' title='bbox 699 2341 771 2393; x_wconf 89' lang='lat' dir='ltr'>Te</span> <span class='ocrx_word' id='word_1_183' title='bbox 803 2345 1110 2409; x_wconf 66' lang='lat' dir='ltr'>praestante</span> <span class='ocrx_word' id='word_1_184' title='bbox 1144 2340 1386 2393; x_wconf 91' lang='lat' dir='ltr'>Domino</span> <span class='ocrx_word' id='word_1_185' title='bbox 1416 2341 1545 2393; x_wconf 86' lang='lat' dir='ltr'>Jesu</span> <span class='ocrx_word' id='word_1_186' title='bbox 1578 2339 1820 2403; x_wconf 85' lang='lat' dir='ltr'>Christo,</span> <span class='ocrx_word' id='word_1_187' title='bbox 1852 2338 1952 2409; x_wconf 85' lang='lat' dir='ltr'>qui</span> <span class='ocrx_word' id='word_1_188' title='bbox 1982 2354 2111 2391; x_wconf 91' lang='lat' dir='ltr'>cum</span> 
     </span>
    </p>
   </div>
   <div class='ocr_carea' id='block_1_25' title="bbox 418 2426 2112 2497">
    <p class='ocr_par' dir='ltr' id='par_1_25' title="bbox 418 2426 2112 2497">
     <span class='ocr_line' id='line_1_25' title="bbox 418 2426 2112 2497; baseline 0 -18"><span class='ocrx_word' id='word_1_189' title='bbox 418 2427 582 2479; x_wconf 86' lang='lat' dir='ltr'>Patre</span> <span class='ocrx_word' id='word_1_190' title='bbox 614 2433 670 2479; x_wconf 92' lang='lat' dir='ltr'>et</span> <span class='ocrx_word' id='word_1_191' title='bbox 703 2426 921 2497; x_wconf 89' lang='lat' dir='ltr'>Spiritu</span> <span class='ocrx_word' id='word_1_192' title='bbox 960 2432 1155 2480; x_wconf 90' lang='lat' dir='ltr'>sancto</span> <span class='ocrx_word' id='word_1_193' title='bbox 1189 2443 1337 2479; x_wconf 90' lang='lat' dir='ltr'>unus</span> <span class='ocrx_word' id='word_1_194' title='bbox 1386 2427 1531 2479; x_wconf 91' lang='lat' dir='ltr'>Deus</span> <span class='ocrx_word' id='word_1_195' title='bbox 1564 2442 1770 2495; x_wconf 86' lang='lat' dir='ltr'>regnas</span> <span class='ocrx_word' id='word_1_196' title='bbox 1816 2442 1918 2496; x_wconf 90' lang='lat' dir='ltr'>per</span> <span class='ocrx_word' id='word_1_197' title='bbox 1963 2442 2112 2479; x_wconf 91' lang='lat' dir='ltr'>nun-</span> 
     </span>
    </p>
   </div>
   <div class='ocr_carea' id='block_1_26' title="bbox 418 2515 1950 2584">
    <p class='ocr_par' dir='ltr' id='par_1_26' title="bbox 418 2515 1950 2584">
     <span class='ocr_line' id='line_1_26' title="bbox 418 2515 1950 2584; baseline 0.001 -18"><span class='ocrx_word' id='word_1_198' title='bbox 418 2531 592 2584; x_wconf 87' lang='lat' dir='ltr'>quam</span> <span class='ocrx_word' id='word_1_199' title='bbox 624 2515 877 2569; x_wconf 87' lang='lat' dir='ltr'>ﬁnienda</span> <span class='ocrx_word' id='word_1_200' title='bbox 911 2516 1119 2569; x_wconf 53' lang='lat' dir='ltr'>saecula</span> <span class='ocrx_word' id='word_1_201' title='bbox 1152 2516 1511 2568; x_wconf 70' lang='lat' dir='ltr'>smculorum.</span> <span class='ocrx_word' id='word_1_202' title='bbox 1544 2518 1745 2569; x_wconf 85' lang='lat' dir='ltr'>Amen.</span> <span class='ocrx_word' id='word_1_203' title='bbox 1782 2515 1950 2568; x_wconf 89' lang='lat' dir='ltr'>Finit.</span> 
     </span>
    </p>
   </div>
   <div class='ocr_carea' id='block_1_27' title="bbox 418 2662 2107 2735">
    <p class='ocr_par' dir='ltr' id='par_1_27' title="bbox 418 2662 2107 2735">
     <span class='ocr_line' id='line_1_27' title="bbox 418 2662 2107 2735; baseline 0 -13"><span class='ocrx_word' id='word_1_204' title='bbox 418 2662 534 2722; x_wconf 85' lang='lat' dir='ltr'>Hic</span> <span class='ocrx_word' id='word_1_205' title='bbox 587 2663 751 2723; x_wconf 88' lang='lat' dir='ltr'>liber</span> <span class='ocrx_word' id='word_1_206' title='bbox 816 2663 961 2723; x_wconf 91' lang='lat' dir='ltr'>ideo</span> <span class='ocrx_word' id='word_1_207' title='bbox 1032 2664 1392 2724; x_wconf 89' lang='lat' dir='ltr'>luminosus</span> <span class='ocrx_word' id='word_1_208' title='bbox 1461 2664 1786 2725; x_wconf 90' lang='lat' dir='ltr'>Indiculus</span> <span class='ocrx_word' id='word_1_209' title='bbox 1856 2664 2107 2735; x_wconf 78' lang='lat' dir='ltr'>dicitur,</span> 
     </span>
    </p>
   </div>
   <div class='ocr_carea' id='block_1_28' title="bbox 498 2743 2108 2821">
    <p class='ocr_par' dir='ltr' id='par_1_28' title="bbox 498 2743 2108 2821">
     <span class='ocr_line' id='line_1_28' title="bbox 498 2743 2108 2821; baseline 0 -20"><span class='ocrx_word' id='word_1_210' title='bbox 498 2743 648 2819; x_wconf 87' lang='lat' dir='ltr'>quia</span> <span class='ocrx_word' id='word_1_211' title='bbox 691 2743 1039 2803; x_wconf 88' lang='lat' dir='ltr'>luminasse</span> <span class='ocrx_word' id='word_1_212' title='bbox 1102 2763 1245 2821; x_wconf 76' lang='lat' dir='ltr'>quae</span> <span class='ocrx_word' id='word_1_213' title='bbox 1305 2746 1635 2821; x_wconf 84' lang='lat' dir='ltr'>sequenda</span> <span class='ocrx_word' id='word_1_214' title='bbox 1693 2749 1842 2804; x_wconf 91' lang='lat' dir='ltr'>sunt</span> <span class='ocrx_word' id='word_1_215' title='bbox 1898 2745 2108 2811; x_wconf 85' lang='lat' dir='ltr'>docet,</span> 
     </span>
    </p>
   </div>
   <div class='ocr_carea' id='block_1_29' title="bbox 497 2823 2111 2912">
    <p class='ocr_par' dir='ltr' id='par_1_29' title="bbox 497 2823 2111 2912">
     <span class='ocr_line' id='line_1_29' title="bbox 497 2823 2111 2912; baseline 0.001 -32"><span class='ocrx_word' id='word_1_216' title='bbox 497 2829 559 2880; x_wconf 90' lang='lat' dir='ltr'>ct</span> <span class='ocrx_word' id='word_1_217' title='bbox 617 2823 859 2912; x_wconf 75' lang='lat' dir='ltr'>apertis</span> <span class='ocrx_word' id='word_1_218' title='bbox 912 2823 1164 2912; x_wconf 63' lang='lat' dir='ltr'>indiciis</span> <span class='ocrx_word' id='word_1_219' title='bbox 1203 2825 1477 2912; x_wconf 72' lang='lat' dir='ltr'>hostem</span> <span class='ocrx_word' id='word_1_220' title='bbox 1537 2824 1858 2912; x_wconf 64' lang='lat' dir='ltr'>Ecclesiae,</span> <span class='ocrx_word' id='word_1_221' title='bbox 1920 2841 2111 2912; x_wconf 87' lang='lat' dir='ltr'>quem</span> 
     </span>
    </p>
   </div>
   <div class='ocr_carea' id='block_1_30' title="bbox 497 2903 2108 3043">
    <p class='ocr_par' dir='ltr' id='par_1_30' title="bbox 497 2903 2108 3043">
     <span class='ocr_line' id='line_1_30' title="bbox 497 2903 2108 3043; baseline 0.001 -82"><span class='ocrx_word' id='word_1_222' title='bbox 497 2903 712 3043; x_wconf 48' lang='lat' dir='ltr'>autin}:</span> <span class='ocrx_word' id='word_1_223' title='bbox 771 2904 980 3042; x_wconf 39' lang='lat' dir='ltr'>Xitarc</span> <span class='ocrx_word' id='word_1_224' title='bbox 1067 2903 1517 2965; x_wconf 86' lang='lat' dir='ltr'>Christianitas</span> <span class='ocrx_word' id='word_1_225' title='bbox 1595 2904 1809 2969; x_wconf 83' lang='lat' dir='ltr'>debet.</span> <span class='ocrx_word' id='word_1_226' title='bbox 1892 2908 2108 2963; x_wconf 83' lang='lat' dir='ltr'>osten-</span> 
     </span>
     <span class='ocr_line' id='line_1_31' title="bbox 545 3001 835 3043; baseline 0.007 -2"><span class='ocrx_word' id='word_1_227' title='bbox 545 3002 611 3041; x_wconf 90' lang='lat'>1.</span> <span class='ocrx_word' id='word_1_228' title='bbox 700 3001 783 3042; x_wconf 88' lang='lat' dir='ltr'>1m</span> <span class='ocrx_word' id='word_1_229' title='bbox 822 3030 835 3043; x_wconf 97' lang='lat'>.</span> 
     </span>
    </p>
   </div>
   <div class='ocr_carea' id='block_1_31' title="bbox 498 2982 835 3044">
    <p class='ocr_par' dir='ltr' id='par_1_31' title="bbox 498 2982 835 3044">
     <span class='ocr_line' id='line_1_32' title="bbox 498 2982 835 3044; baseline 0.009 -3"><span class='ocrx_word' id='word_1_230' title='bbox 498 2983 611 3041; x_wconf 90' lang='lat' dir='ltr'>dit.</span> <span class='ocrx_word' id='word_1_231' title='bbox 648 2982 835 3044; x_wconf 85' lang='lat' dir='ltr'>Finit.</span> 
     </span>
    </p>
   </div>
   <div class='ocr_carea' id='block_1_32' title="bbox 490 3141 2113 3196">
    <p class='ocr_par' dir='ltr' id='par_1_32' title="bbox 490 3141 2113 3196">
     <span class='ocr_line' id='line_1_33' title="bbox 490 3141 2113 3196; baseline -0.001 -1"><span class='ocrx_word' id='word_1_232' title='bbox 490 3145 535 3195; x_wconf 81' lang='lat' dir='ltr'>l.</span> <span class='ocrx_word' id='word_1_233' title='bbox 588 3141 1077 3195; x_wconf 85' lang='lat' dir='ltr'>Peritissimorum</span> <span class='ocrx_word' id='word_1_234' title='bbox 1126 3142 1416 3196; x_wconf 89' lang='lat' dir='ltr'>mentibus</span> <span class='ocrx_word' id='word_1_235' title='bbox 1467 3142 1878 3196; x_wconf 88' lang='lat' dir='ltr'>catholicorum</span> <span class='ocrx_word' id='word_1_236' title='bbox 1932 3142 2113 3195; x_wconf 86' lang='lat' dir='ltr'>Eccle-</span> 
     </span>
    </p>
   </div>
   <div class='ocr_carea' id='block_1_33' title="bbox 416 3228 2111 3301">
    <p class='ocr_par' dir='ltr' id='par_1_33' title="bbox 416 3228 2111 3301">
     <span class='ocr_line' id='line_1_34' title="bbox 416 3228 2111 3301; baseline 0 -19"><span class='ocrx_word' id='word_1_237' title='bbox 416 3230 512 3283; x_wconf 65' lang='lat' dir='ltr'>siae</span> <span class='ocrx_word' id='word_1_238' title='bbox 560 3231 631 3283; x_wconf 91' lang='lat' dir='ltr'>ab</span> <span class='ocrx_word' id='word_1_239' title='bbox 676 3230 802 3300; x_wconf 90' lang='lat' dir='ltr'>ipso</span> <span class='ocrx_word' id='word_1_240' title='bbox 850 3230 1171 3301; x_wconf 90' lang='lat' dir='ltr'>primordio</span> <span class='ocrx_word' id='word_1_241' title='bbox 1214 3230 1539 3301; x_wconf 89' lang='lat' dir='ltr'>injunctum</span> <span class='ocrx_word' id='word_1_242' title='bbox 1574 3235 1659 3284; x_wconf 91' lang='lat' dir='ltr'>est</span> <span class='ocrx_word' id='word_1_243' title='bbox 1705 3228 1863 3296; x_wconf 91' lang='lat' dir='ltr'>ﬁdei,</span> <span class='ocrx_word' id='word_1_244' title='bbox 1910 3236 2111 3283; x_wconf 89' lang='lat' dir='ltr'>contra</span> 
     </span>
    </p>
   </div>
   <div class='ocr_carea' id='block_1_34' title="bbox 414 3321 2112 3392">
    <p class='ocr_par' dir='ltr' id='par_1_34' title="bbox 414 3321 2112 3392">
     <span class='ocr_line' id='line_1_35' title="bbox 414 3321 2112 3392; baseline -0.001 -18"><span class='ocrx_word' id='word_1_245' title='bbox 414 3321 607 3374; x_wconf 82' lang='lat' dir='ltr'>hostes</span> <span class='ocrx_word' id='word_1_246' title='bbox 641 3322 867 3375; x_wconf 89' lang='lat' dir='ltr'>Domini</span> <span class='ocrx_word' id='word_1_247' title='bbox 913 3322 1145 3392; x_wconf 90' lang='lat' dir='ltr'>speciali</span> <span class='ocrx_word' id='word_1_248' title='bbox 1190 3322 1386 3391; x_wconf 83' lang='lat' dir='ltr'>vigore</span> <span class='ocrx_word' id='word_1_249' title='bbox 1426 3338 1755 3392; x_wconf 79' lang='lat' dir='ltr'>exsurgere,</span> <span class='ocrx_word' id='word_1_250' title='bbox 1788 3326 1842 3375; x_wconf 92' lang='lat' dir='ltr'>et</span> <span class='ocrx_word' id='word_1_251' title='bbox 1876 3321 2112 3391; x_wconf 88' lang='lat' dir='ltr'>ancipiti</span> 
     </span>
    </p>
   </div>
   <div class='ocr_carea' id='block_1_35' title="bbox 414 3408 2109 3479">
    <p class='ocr_par' dir='ltr' id='par_1_35' title="bbox 414 3408 2109 3479">
     <span class='ocr_line' id='line_1_36' title="bbox 414 3408 2109 3479; baseline -0.001 -18"><span class='ocrx_word' id='word_1_252' title='bbox 414 3408 606 3477; x_wconf 88' lang='lat' dir='ltr'>gladio</span> <span class='ocrx_word' id='word_1_253' title='bbox 640 3424 837 3462; x_wconf 90' lang='lat' dir='ltr'>omnes</span> <span class='ocrx_word' id='word_1_254' title='bbox 872 3426 935 3461; x_wconf 84' lang='lat' dir='ltr'>ex</span> <span class='ocrx_word' id='word_1_255' title='bbox 970 3409 1204 3462; x_wconf 82' lang='lat' dir='ltr'>adverso</span> <span class='ocrx_word' id='word_1_256' title='bbox 1238 3409 1587 3479; x_wconf 90' lang='lat' dir='ltr'>pullulantes</span> <span class='ocrx_word' id='word_1_257' title='bbox 1618 3426 1839 3463; x_wconf 87' lang='lat' dir='ltr'>errores</span> <span class='ocrx_word' id='word_1_258' title='bbox 1867 3424 2109 3478; x_wconf 90' lang='lat' dir='ltr'>evange-</span> 
     </span>
    </p>
   </div>
   <div class='ocr_carea' id='block_1_36' title="bbox 413 3494 2111 3565">
    <p class='ocr_par' dir='ltr' id='par_1_36' title="bbox 413 3494 2111 3565">
     <span class='ocr_line' id='line_1_37' title="bbox 413 3494 2111 3565; baseline 0.001 -17"><span class='ocrx_word' id='word_1_259' title='bbox 413 3494 521 3548; x_wconf 89' lang='lat' dir='ltr'>lica</span> <span class='ocrx_word' id='word_1_260' title='bbox 566 3495 704 3549; x_wconf 88' lang='lat' dir='ltr'>falce</span> <span class='ocrx_word' id='word_1_261' title='bbox 754 3496 1089 3565; x_wconf 64' lang='lat' dir='ltr'>praecidere,</span> <span class='ocrx_word' id='word_1_262' title='bbox 1137 3502 1201 3549; x_wconf 89' lang='lat' dir='ltr'>ut</span> <span class='ocrx_word' id='word_1_263' title='bbox 1249 3497 1465 3550; x_wconf 90' lang='lat' dir='ltr'>securis</span> <span class='ocrx_word' id='word_1_264' title='bbox 1509 3498 1577 3550; x_wconf 91' lang='lat' dir='ltr'>ad</span> <span class='ocrx_word' id='word_1_265' title='bbox 1626 3498 1874 3551; x_wconf 89' lang='lat' dir='ltr'>radicem</span> <span class='ocrx_word' id='word_1_266' title='bbox 1924 3496 2111 3549; x_wconf 88' lang='lat' dir='ltr'>infru-</span> 
     </span>
    </p>
   </div>
   <div class='ocr_carea' id='block_1_37' title="bbox 415 3584 2113 3655">
    <p class='ocr_par' dir='ltr' id='par_1_37' title="bbox 415 3584 2113 3655">
     <span class='ocr_line' id='line_1_38' title="bbox 415 3584 2113 3655; baseline 0.002 -22"><span class='ocrx_word' id='word_1_267' title='bbox 415 3586 745 3635; x_wconf 90' lang='lat' dir='ltr'>ctuosarnm</span> <span class='ocrx_word' id='word_1_268' title='bbox 780 3584 1048 3637; x_wconf 91' lang='lat' dir='ltr'>arborum</span> <span class='ocrx_word' id='word_1_269' title='bbox 1098 3584 1286 3654; x_wconf 90' lang='lat' dir='ltr'>posita</span> <span class='ocrx_word' id='word_1_270' title='bbox 1338 3584 1555 3655; x_wconf 84' lang='lat' dir='ltr'>(Matth.</span> <span class='ocrx_word' id='word_1_271' title='bbox 1607 3601 1683 3652; x_wconf 86' lang='lat' dir='ltr'>Ill,</span> <span class='ocrx_word' id='word_1_272' title='bbox 1722 3587 1830 3654; x_wconf 83' lang='lat' dir='ltr'>l0),</span> <span class='ocrx_word' id='word_1_273' title='bbox 1861 3590 1918 3638; x_wconf 90' lang='lat' dir='ltr'>et</span> <span class='ocrx_word' id='word_1_274' title='bbox 1964 3585 2113 3637; x_wconf 89' lang='lat' dir='ltr'>ascia</span> 
     </span>
    </p>
   </div>
   <div class='ocr_carea' id='block_1_38' title="bbox 412 3669 2109 3743">
    <p class='ocr_par' dir='ltr' id='par_1_38' title="bbox 412 3669 2109 3743">
     <span class='ocr_line' id='line_1_39' title="bbox 412 3669 2109 3743; baseline 0.002 -20"><span class='ocrx_word' id='word_1_275' title='bbox 412 3669 644 3723; x_wconf 84' lang='lat' dir='ltr'>brachio</span> <span class='ocrx_word' id='word_1_276' title='bbox 691 3670 827 3724; x_wconf 88' lang='lat' dir='ltr'>forti</span> <span class='ocrx_word' id='word_1_277' title='bbox 879 3672 1107 3739; x_wconf 92' lang='lat' dir='ltr'>librata,</span> <span class='ocrx_word' id='word_1_278' title='bbox 1159 3675 1498 3743; x_wconf 87' lang='lat' dir='ltr'>proceritate</span> <span class='ocrx_word' id='word_1_279' title='bbox 1529 3673 1836 3728; x_wconf 86' lang='lat' dir='ltr'>infecunda</span> <span class='ocrx_word' id='word_1_280' title='bbox 1867 3675 1978 3727; x_wconf 89' lang='lat' dir='ltr'>alta</span> <span class='ocrx_word' id='word_1_281' title='bbox 2012 3690 2109 3726; x_wconf 90' lang='lat' dir='ltr'>ra-</span> 
     </span>
    </p>
   </div>
   <div class='ocr_carea' id='block_1_39' title="bbox 414 3758 2109 3828">
    <p class='ocr_par' dir='ltr' id='par_1_39' title="bbox 414 3758 2109 3828">
     <span class='ocr_line' id='line_1_40' title="bbox 414 3758 2109 3828; baseline 0.004 -18"><span class='ocrx_word' id='word_1_282' title='bbox 414 3759 669 3812; x_wconf 88' lang='lat' dir='ltr'>muscula</span> <span class='ocrx_word' id='word_1_283' title='bbox 699 3758 848 3813; x_wconf 87' lang='lat' dir='ltr'>foliis</span> <span class='ocrx_word' id='word_1_284' title='bbox 892 3777 1010 3815; x_wconf 91' lang='lat' dir='ltr'>non</span> <span class='ocrx_word' id='word_1_285' title='bbox 1049 3761 1235 3816; x_wconf 89' lang='lat' dir='ltr'>fructu</span> <span class='ocrx_word' id='word_1_286' title='bbox 1282 3763 1598 3828; x_wconf 76' lang='lat' dir='ltr'>vernantis,</span> <span class='ocrx_word' id='word_1_287' title='bbox 1635 3763 1903 3817; x_wconf 86' lang='lat' dir='ltr'>decenter</span> <span class='ocrx_word' id='word_1_288' title='bbox 1946 3779 2109 3816; x_wconf 69' lang='lat' dir='ltr'>seve—</span> 
     </span>
    </p>
   </div>
   <div class='ocr_carea' id='block_1_40' title="bbox 414 3846 2109 3921">
    <p class='ocr_par' dir='ltr' id='par_1_40' title="bbox 414 3846 2109 3921">
     <span class='ocr_line' id='line_1_41' title="bbox 414 3846 2109 3921; baseline 0.001 -21"><span class='ocrx_word' id='word_1_289' title='bbox 414 3846 579 3900; x_wconf 86' lang='lat' dir='ltr'>ritate</span> <span class='ocrx_word' id='word_1_290' title='bbox 612 3847 801 3918; x_wconf 87' lang='lat' dir='ltr'>legali,</span> <span class='ocrx_word' id='word_1_291' title='bbox 836 3854 892 3902; x_wconf 91' lang='lat' dir='ltr'>et</span> <span class='ocrx_word' id='word_1_292' title='bbox 936 3851 1266 3919; x_wconf 88' lang='lat' dir='ltr'>evangelica</span> <span class='ocrx_word' id='word_1_293' title='bbox 1294 3850 1546 3921; x_wconf 89' lang='lat' dir='ltr'>bipenne</span> <span class='ocrx_word' id='word_1_294' title='bbox 1595 3852 1781 3905; x_wconf 81' lang='lat' dir='ltr'>excisa</span> <span class='ocrx_word' id='word_1_295' title='bbox 1830 3850 2109 3921; x_wconf 89' lang='lat' dir='ltr'>deputen-</span> 
     </span>
    </p>
   </div>
   <div class='ocr_carea' id='block_1_41' title="bbox 410 3936 2107 4010">
    <p class='ocr_par' dir='ltr' id='par_1_41' title="bbox 410 3936 2107 4010">
     <span class='ocr_line' id='line_1_42' title="bbox 410 3936 2107 4010; baseline 0.002 -21"><span class='ocrx_word' id='word_1_296' title='bbox 410 3940 506 3989; x_wconf 89' lang='lat' dir='ltr'>tur</span> <span class='ocrx_word' id='word_1_297' title='bbox 532 3936 654 4008; x_wconf 89' lang='lat' dir='ltr'>igni</span> <span class='ocrx_word' id='word_1_298' title='bbox 686 3944 904 3992; x_wconf 61' lang='lat' dir='ltr'>wterno</span> <span class='ocrx_word' id='word_1_299' title='bbox 928 3942 984 3993; x_wconf 88' lang='lat' dir='ltr'>et</span> <span class='ocrx_word' id='word_1_300' title='bbox 1005 3939 1267 3994; x_wconf 90' lang='lat' dir='ltr'>incendio</span> <span class='ocrx_word' id='word_1_301' title='bbox 1290 3945 1573 4010; x_wconf 87' lang='lat' dir='ltr'>perpetuo</span> <span class='ocrx_word' id='word_1_302' title='bbox 1596 3940 2005 3993; x_wconf 86' lang='lat' dir='ltr'>comburenda.</span> <span class='ocrx_word' id='word_1_303' title='bbox 2035 3940 2107 3993; x_wconf 84' lang='lat' dir='ltr'>Ex</span> 
     </span>
    </p>
   </div>
   <div class='ocr_carea' id='block_1_42' title="bbox 411 4028 2105 4097">
    <p class='ocr_par' dir='ltr' id='par_1_42' title="bbox 411 4028 2105 4097">
     <span class='ocr_line' id='line_1_43' title="bbox 411 4028 2105 4097; baseline 0.001 -20"><span class='ocrx_word' id='word_1_304' title='bbox 411 4041 659 4094; x_wconf 91' lang='lat' dir='ltr'>quorum</span> <span class='ocrx_word' id='word_1_305' title='bbox 710 4043 952 4081; x_wconf 92' lang='lat' dir='ltr'>numero</span> <span class='ocrx_word' id='word_1_306' title='bbox 983 4028 1113 4081; x_wconf 90' lang='lat' dir='ltr'>licet</span> <span class='ocrx_word' id='word_1_307' title='bbox 1160 4028 1237 4081; x_wconf 93' lang='lat' dir='ltr'>oli</span> <span class='ocrx_word' id='word_1_308' title='bbox 1292 4028 1538 4097; x_wconf 88' lang='lat' dir='ltr'>digestet</span> <span class='ocrx_word' id='word_1_309' title='bbox 1586 4031 1628 4091; x_wconf 69' lang='grc' dir='ltr'>ιι,</span> <span class='ocrx_word' id='word_1_310' title='bbox 1679 4028 1909 4097; x_wconf 82' lang='lat' dir='ltr'>fragiles</span> <span class='ocrx_word' id='word_1_311' title='bbox 1959 4034 2105 4094; x_wconf 87' lang='lat' dir='ltr'>actu,</span> 
     </span>
    </p>
   </div>
   <div class='ocr_carea' id='block_1_43' title="bbox 411 4113 2107 4185">
    <p class='ocr_par' dir='ltr' id='par_1_43' title="bbox 411 4113 2107 4185">
     <span class='ocr_line' id='line_1_44' title="bbox 411 4113 2107 4185; baseline 0.001 -20"><span class='ocrx_word' id='word_1_312' title='bbox 411 4113 560 4166; x_wconf 89' lang='lat' dir='ltr'>bruti</span> <span class='ocrx_word' id='word_1_313' title='bbox 606 4116 903 4181; x_wconf 90' lang='lat' dir='ltr'>instinctu,</span> <span class='ocrx_word' id='word_1_314' title='bbox 952 4131 1057 4167; x_wconf 89' lang='lat' dir='ltr'>nos</span> <span class='ocrx_word' id='word_1_315' title='bbox 1108 4121 1373 4168; x_wconf 87' lang='lat' dir='ltr'>secuturo</span> <span class='ocrx_word' id='word_1_316' title='bbox 1420 4116 1628 4169; x_wconf 62' lang='lat' dir='ltr'>saaculo</span> <span class='ocrx_word' id='word_1_317' title='bbox 1679 4116 1927 4168; x_wconf 88' lang='lat' dir='ltr'>nitentes</span> <span class='ocrx_word' id='word_1_318' title='bbox 1977 4131 2107 4185; x_wconf 88' lang='lat' dir='ltr'>pro-</span> 
     </span>
    </p>
   </div>
   <div class='ocr_carea' id='block_1_44' title="bbox 410 4201 2110 4273">
    <p class='ocr_par' dir='ltr' id='par_1_44' title="bbox 410 4201 2110 4273">
     <span class='ocr_line' id='line_1_45' title="bbox 410 4201 2110 4273; baseline 0.003 -21"><span class='ocrx_word' id='word_1_319' title='bbox 410 4201 566 4267; x_wconf 74' lang='lat' dir='ltr'>bare,</span> <span class='ocrx_word' id='word_1_320' title='bbox 604 4208 661 4254; x_wconf 88' lang='lat' dir='ltr'>et</span> <span class='ocrx_word' id='word_1_321' title='bbox 692 4208 755 4254; x_wconf 90' lang='lat' dir='ltr'>ut</span> <span class='ocrx_word' id='word_1_322' title='bbox 788 4219 957 4255; x_wconf 89' lang='lat' dir='ltr'>canes</span> <span class='ocrx_word' id='word_1_323' title='bbox 994 4219 1096 4272; x_wconf 92' lang='lat' dir='ltr'>pro</span> <span class='ocrx_word' id='word_1_324' title='bbox 1133 4203 1376 4256; x_wconf 87' lang='lat' dir='ltr'>Domino</span> <span class='ocrx_word' id='word_1_325' title='bbox 1408 4203 1703 4273; x_wconf 89' lang='lat' dir='ltr'>cupientes</span> <span class='ocrx_word' id='word_1_326' title='bbox 1733 4204 1960 4269; x_wconf 84' lang='lat' dir='ltr'>latrare,</span> <span class='ocrx_word' id='word_1_327' title='bbox 1990 4205 2110 4257; x_wconf 85' lang='lat' dir='ltr'>zelo</span> 
     </span>
    </p>
   </div>
   <div class='ocr_carea' id='block_1_45' title="bbox 413 4290 2108 4362">
    <p class='ocr_par' dir='ltr' id='par_1_45' title="bbox 413 4290 2108 4362">
     <span class='ocr_line' id='line_1_46' title="bbox 413 4290 2108 4362; baseline 0.002 -20"><span class='ocrx_word' id='word_1_328' title='bbox 413 4290 536 4356; x_wconf 79' lang='lat' dir='ltr'>Dei,</span> <span class='ocrx_word' id='word_1_329' title='bbox 577 4297 631 4341; x_wconf 84' lang='lat' dir='ltr'>et</span> <span class='ocrx_word' id='word_1_330' title='bbox 668 4290 960 4360; x_wconf 83' lang='lat' dir='ltr'>religionis</span> <span class='ocrx_word' id='word_1_331' title='bbox 1000 4292 1276 4344; x_wconf 89' lang='lat' dir='ltr'>commoti</span> <span class='ocrx_word' id='word_1_332' title='bbox 1308 4308 1498 4344; x_wconf 88' lang='lat' dir='ltr'>amore</span> <span class='ocrx_word' id='word_1_333' title='bbox 1548 4293 1719 4362; x_wconf 82' lang='lat' dir='ltr'>hujus</span> <span class='ocrx_word' id='word_1_334' title='bbox 1760 4293 1941 4345; x_wconf 89' lang='lat' dir='ltr'>nostri</span> <span class='ocrx_word' id='word_1_335' title='bbox 1993 4309 2108 4345; x_wconf 88' lang='lat' dir='ltr'>ser-</span> 
     </span>
    </p>
   </div>
   <div class='ocr_carea' id='block_1_46' title="bbox 412 4377 2107 4449">
    <p class='ocr_par' dir='ltr' id='par_1_46' title="bbox 412 4377 2107 4449">
     <span class='ocr_line' id='line_1_47' title="bbox 412 4377 2107 4449; baseline 0.004 -23"><span class='ocrx_word' id='word_1_336' title='bbox 412 4377 535 4429; x_wconf 86' lang='lat' dir='ltr'>vitii</span> <span class='ocrx_word' id='word_1_337' title='bbox 581 4378 920 4431; x_wconf 77' lang='lat' dir='ltr'>famulatum</span> <span class='ocrx_word' id='word_1_338' title='bbox 951 4379 1313 4440; x_wconf 84' lang='lat' dir='ltr'>exsolvimus,</span> <span class='ocrx_word' id='word_1_339' title='bbox 1366 4385 1421 4432; x_wconf 87' lang='lat' dir='ltr'>et</span> <span class='ocrx_word' id='word_1_340' title='bbox 1452 4380 1627 4432; x_wconf 84' lang='lat' dir='ltr'>actori</span> <span class='ocrx_word' id='word_1_341' title='bbox 1667 4386 1860 4433; x_wconf 90' lang='lat' dir='ltr'>nostro</span> <span class='ocrx_word' id='word_1_342' title='bbox 1893 4396 2018 4449; x_wconf 72' lang='lat' dir='ltr'>quae</span> <span class='ocrx_word' id='word_1_343' title='bbox 2049 4380 2107 4432; x_wconf 93' lang='lat' dir='ltr'>in</span> 
     </span>
    </p>
   </div>
   <div class='ocr_carea' id='block_1_47' title="bbox 410 4466 2106 4538">
    <p class='ocr_par' dir='ltr' id='par_1_47' title="bbox 410 4466 2106 4538">
     <span class='ocr_line' id='line_1_48' title="bbox 410 4466 2106 4538; baseline 0.002 -20"><span class='ocrx_word' id='word_1_344' title='bbox 410 4466 577 4519; x_wconf 90' lang='lat' dir='ltr'>nobis</span> <span class='ocrx_word' id='word_1_345' title='bbox 627 4482 689 4519; x_wconf 79' lang='lat' dir='ltr'>ex</span> <span class='ocrx_word' id='word_1_346' title='bbox 741 4483 842 4519; x_wconf 90' lang='lat' dir='ltr'>sua</span> <span class='ocrx_word' id='word_1_347' title='bbox 885 4467 1147 4537; x_wconf 88' lang='lat' dir='ltr'>largitate</span> <span class='ocrx_word' id='word_1_348' title='bbox 1178 4467 1475 4535; x_wconf 79' lang='lat' dir='ltr'>concessit,</span> <span class='ocrx_word' id='word_1_349' title='bbox 1509 4468 1841 4521; x_wconf 79' lang='lat' dir='ltr'>offerimus:</span> <span class='ocrx_word' id='word_1_350' title='bbox 1887 4469 1943 4521; x_wconf 92' lang='lat' dir='ltr'>in</span> <span class='ocrx_word' id='word_1_351' title='bbox 1994 4484 2106 4538; x_wconf 89' lang='lat' dir='ltr'>qua</span> 
     </span>
    </p>
   </div>
   <div class='ocr_carea' id='block_1_48' title="bbox 410 4554 2105 4625">
    <p class='ocr_par' dir='ltr' id='par_1_48' title="bbox 410 4554 2105 4625">
     <span class='ocr_line' id='line_1_49' title="bbox 410 4554 2105 4625; baseline 0.002 -19"><span class='ocrx_word' id='word_1_352' title='bbox 410 4554 555 4607; x_wconf 89' lang='lat' dir='ltr'>nihil</span> <span class='ocrx_word' id='word_1_353' title='bbox 605 4570 671 4607; x_wconf 88' lang='lat' dir='ltr'>ex</span> <span class='ocrx_word' id='word_1_354' title='bbox 704 4560 896 4608; x_wconf 90' lang='lat' dir='ltr'>nostro</span> <span class='ocrx_word' id='word_1_355' title='bbox 928 4556 1355 4625; x_wconf 73' lang='lat' dir='ltr'>praesumimus,</span> <span class='ocrx_word' id='word_1_356' title='bbox 1403 4562 1456 4609; x_wconf 86' lang='lat' dir='ltr'>ct</span> <span class='ocrx_word' id='word_1_357' title='bbox 1496 4573 1597 4609; x_wconf 88' lang='lat' dir='ltr'>sua</span> <span class='ocrx_word' id='word_1_358' title='bbox 1637 4557 1718 4610; x_wconf 91' lang='lat' dir='ltr'>illi</span> <span class='ocrx_word' id='word_1_359' title='bbox 1752 4556 2105 4625; x_wconf 88' lang='lat' dir='ltr'>benignitate</span> 
     </span>
    </p>
   </div>
   <div class='ocr_carea' id='block_1_49' title="bbox 411 4643 2109 4715">
    <p class='ocr_par' dir='ltr' id='par_1_49' title="bbox 411 4643 2109 4715">
     <span class='ocr_line' id='line_1_50' title="bbox 411 4643 2109 4715; baseline 0.002 -21"><span class='ocrx_word' id='word_1_360' title='bbox 411 4643 660 4712; x_wconf 90' lang='lat' dir='ltr'>gratuita</span> <span class='ocrx_word' id='word_1_361' title='bbox 686 4660 951 4697; x_wconf 87' lang='lat' dir='ltr'>concessa</span> <span class='ocrx_word' id='word_1_362' title='bbox 980 4661 1093 4714; x_wconf 92' lang='lat' dir='ltr'>quo</span> <span class='ocrx_word' id='word_1_363' title='bbox 1124 4644 1374 4698; x_wconf 90' lang='lat' dir='ltr'>instituit</span> <span class='ocrx_word' id='word_1_364' title='bbox 1404 4661 1507 4698; x_wconf 90' lang='lat' dir='ltr'>nos</span> <span class='ocrx_word' id='word_1_365' title='bbox 1538 4646 1734 4715; x_wconf 85' lang='lat' dir='ltr'>vigore</span> <span class='ocrx_word' id='word_1_366' title='bbox 1766 4647 1973 4711; x_wconf 87' lang='lat' dir='ltr'>valere,</span> <span class='ocrx_word' id='word_1_367' title='bbox 2006 4645 2109 4698; x_wconf 90' lang='lat' dir='ltr'>im-</span> 
     </span>
    </p>
   </div>
   <div class='ocr_carea' id='block_1_50' title="bbox 409 4732 2107 4802">
    <p class='ocr_par' dir='ltr' id='par_1_50' title="bbox 409 4732 2107 4802">
     <span class='ocr_line' id='line_1_51' title="bbox 409 4732 2107 4802; baseline 0.002 -19"><span class='ocrx_word' id='word_1_368' title='bbox 409 4733 599 4785; x_wconf 84' lang='lat' dir='ltr'>meriti</span> <span class='ocrx_word' id='word_1_369' title='bbox 654 4732 1041 4802; x_wconf 89' lang='lat' dir='ltr'>designamus.</span> <span class='ocrx_word' id='word_1_370' title='bbox 1104 4733 1215 4785; x_wconf 85' lang='lat' dir='ltr'>Nec</span> <span class='ocrx_word' id='word_1_371' title='bbox 1273 4739 1468 4786; x_wconf 90' lang='lat' dir='ltr'>contra</span> <span class='ocrx_word' id='word_1_372' title='bbox 1526 4749 1860 4786; x_wconf 89' lang='lat' dir='ltr'>communes</span> <span class='ocrx_word' id='word_1_373' title='bbox 1900 4734 2035 4786; x_wconf 88' lang='lat' dir='ltr'>ﬁdei</span> <span class='ocrx_word' id='word_1_374' title='bbox 2087 4741 2107 4766; x_wconf 71' lang='grc' dir='ltr'><strong><em>ο</em></strong></span> 
     </span>
    </p>
   </div>
   <div class='ocr_carea' id='block_1_51' title="bbox 411 4819 2106 4890">
    <p class='ocr_par' dir='ltr' id='par_1_51' title="bbox 411 4819 2106 4890">
     <span class='ocr_line' id='line_1_52' title="bbox 411 4819 2106 4890; baseline 0.002 -20"><span class='ocrx_word' id='word_1_375' title='bbox 411 4819 674 4872; x_wconf 82' lang='lat' dir='ltr'>vincendi</span> <span class='ocrx_word' id='word_1_376' title='bbox 717 4820 895 4873; x_wconf 84' lang='lat' dir='ltr'>livore</span> <span class='ocrx_word' id='word_1_377' title='bbox 938 4819 1313 4889; x_wconf 87' lang='lat' dir='ltr'>insurgimus,</span> <span class='ocrx_word' id='word_1_378' title='bbox 1347 4821 1439 4873; x_wconf 91' lang='lat' dir='ltr'>sed</span> <span class='ocrx_word' id='word_1_379' title='bbox 1484 4836 1513 4873; x_wconf 92' lang='lat' dir='ltr'>e</span> <span class='ocrx_word' id='word_1_380' title='bbox 1546 4821 1780 4890; x_wconf 87' lang='lat' dir='ltr'>regione</span> <span class='ocrx_word' id='word_1_381' title='bbox 1813 4821 2106 4875; x_wconf 66' lang='lat' dir='ltr'>Chaldaeo-</span> 
     </span>
    </p>
   </div>
   <div class='ocr_carea' id='block_1_52' title="bbox 411 4908 2108 4961">
    <p class='ocr_par' dir='ltr' id='par_1_52' title="bbox 411 4908 2108 4961">
     <span class='ocr_line' id='line_1_53' title="bbox 411 4908 2108 4961; baseline 0.001 -2"><span class='ocrx_word' id='word_1_382' title='bbox 411 4922 543 4959; x_wconf 91' lang='lat' dir='ltr'>rum</span> <span class='ocrx_word' id='word_1_383' title='bbox 578 4923 791 4960; x_wconf 87' lang='lat' dir='ltr'>cornua</span> <span class='ocrx_word' id='word_1_384' title='bbox 830 4908 1172 4961; x_wconf 82' lang='lat' dir='ltr'>ventilantes</span> <span class='ocrx_word' id='word_1_385' title='bbox 1204 4908 1498 4961; x_wconf 78' lang='lat' dir='ltr'>terrestria</span> <span class='ocrx_word' id='word_1_386' title='bbox 1528 4908 1837 4961; x_wconf 90' lang='lat' dir='ltr'>istilatione</span> <span class='ocrx_word' id='word_1_387' title='bbox 1870 4908 2053 4961; x_wconf 80' lang='lat' dir='ltr'>veraci</span> <span class='ocrx_word' id='word_1_388' title='bbox 2081 4908 2108 4949; x_wconf 79' lang='grc' dir='ltr'>(ι</span> 
     </span>
    </p>
   </div>
   <div class='ocr_carea' id='block_1_53' title="bbox 411 4996 2104 5067">
    <p class='ocr_par' dir='ltr' id='par_1_53' title="bbox 411 4996 2104 5067">
     <span class='ocr_line' id='line_1_54' title="bbox 411 4996 2104 5067; baseline 0 -18"><span class='ocrx_word' id='word_1_389' title='bbox 411 4997 833 5049; x_wconf 85' lang='lat' dir='ltr'>conculcamus.</span> <span class='ocrx_word' id='word_1_390' title='bbox 884 4996 1045 5059; x_wconf 84' lang='lat' dir='ltr'>Quod</span> <span class='ocrx_word' id='word_1_391' title='bbox 1103 4996 1457 5067; x_wconf 70' lang='lat' dir='ltr'>prmfationis</span> <span class='ocrx_word' id='word_1_392' title='bbox 1516 4996 1634 5049; x_wconf 88' lang='lat' dir='ltr'>vice</span> <span class='ocrx_word' id='word_1_393' title='bbox 1693 4996 2104 5065; x_wconf 68' lang='lat' dir='ltr'>przeponimus,</span> 
     </span>
    </p>
   </div>
   <div class='ocr_carea' id='block_1_54' title="bbox 412 5084 2104 5155">
    <p class='ocr_par' dir='ltr' id='par_1_54' title="bbox 412 5084 2104 5155">
     <span class='ocr_line' id='line_1_55' title="bbox 412 5084 2104 5155; baseline -0.001 -18"><span class='ocrx_word' id='word_1_394' title='bbox 412 5088 469 5137; x_wconf 91' lang='lat' dir='ltr'>et</span> <span class='ocrx_word' id='word_1_395' title='bbox 499 5084 556 5138; x_wconf 93' lang='lat' dir='ltr'>in</span> <span class='ocrx_word' id='word_1_396' title='bbox 592 5084 778 5155; x_wconf 89' lang='lat' dir='ltr'>prima</span> <span class='ocrx_word' id='word_1_397' title='bbox 810 5084 1214 5154; x_wconf 90' lang='lat' dir='ltr'>disputationis</span> <span class='ocrx_word' id='word_1_398' title='bbox 1246 5090 1455 5138; x_wconf 74' lang='lat' dir='ltr'>nostra:</span> <span class='ocrx_word' id='word_1_399' title='bbox 1487 5084 1677 5138; x_wconf 83' lang='lat' dir='ltr'>fronte</span> <span class='ocrx_word' id='word_1_400' title='bbox 1721 5084 2104 5154; x_wconf 67' lang='lat' dir='ltr'>praeteximus,</span> 
     </span>
    </p>
   </div>
   <div class='ocr_carea' id='block_1_55' title="bbox 412 5171 2107 5242">
    <p class='ocr_par' dir='ltr' id='par_1_55' title="bbox 412 5171 2107 5242">
     <span class='ocr_line' id='line_1_56' title="bbox 412 5171 2107 5242; baseline -0.001 -15"><span class='ocrx_word' id='word_1_401' title='bbox 412 5188 484 5227; x_wconf 91' lang='lat' dir='ltr'>ne</span> <span class='ocrx_word' id='word_1_402' title='bbox 519 5173 927 5226; x_wconf 89' lang='lat' dir='ltr'>malivolorum</span> <span class='ocrx_word' id='word_1_403' title='bbox 966 5172 1253 5238; x_wconf 89' lang='lat' dir='ltr'>dicacitas,</span> <span class='ocrx_word' id='word_1_404' title='bbox 1289 5178 1343 5225; x_wconf 88' lang='lat' dir='ltr'>et</span> <span class='ocrx_word' id='word_1_405' title='bbox 1388 5172 1639 5242; x_wconf 86' lang='lat' dir='ltr'>genuine</span> <span class='ocrx_word' id='word_1_406' title='bbox 1670 5172 1837 5224; x_wconf 86' lang='lat' dir='ltr'>solita</span> <span class='ocrx_word' id='word_1_407' title='bbox 1867 5171 2107 5225; x_wconf 87' lang='lat' dir='ltr'>fratrum</span> 
     </span>
    </p>
   </div>
   <div class='ocr_carea' id='block_1_56' title="bbox 412 5258 2111 5331">
    <p class='ocr_par' dir='ltr' id='par_1_56' title="bbox 412 5258 2111 5331">
     <span class='ocr_line' id='line_1_57' title="bbox 412 5258 2111 5331; baseline -0.001 -17"><span class='ocrx_word' id='word_1_408' title='bbox 412 5259 757 5314; x_wconf 85' lang='lat' dir='ltr'>detrahendi</span> <span class='ocrx_word' id='word_1_409' title='bbox 816 5260 1149 5331; x_wconf 88' lang='lat' dir='ltr'>procacitas,</span> <span class='ocrx_word' id='word_1_410' title='bbox 1199 5275 1300 5312; x_wconf 90' lang='lat' dir='ltr'>nos</span> <span class='ocrx_word' id='word_1_411' title='bbox 1352 5264 1547 5312; x_wconf 89' lang='lat' dir='ltr'>contra</span> <span class='ocrx_word' id='word_1_412' title='bbox 1598 5258 1901 5313; x_wconf 87' lang='lat' dir='ltr'>Ecclesiam</span> <span class='ocrx_word' id='word_1_413' title='bbox 1960 5260 2111 5313; x_wconf 88' lang='lat' dir='ltr'>bella</span> 
     </span>
    </p>
   </div>
   <div class='ocr_carea' id='block_1_57' title="bbox 485 5411 1347 5480">
    <p class='ocr_par' dir='ltr' id='par_1_57' title="bbox 485 5411 1347 5480">
     <span class='ocr_line' id='line_1_58' title="bbox 485 5411 1347 5480; baseline -0.001 -16"><span class='ocrx_word' id='word_1_414' title='bbox 485 5419 510 5444; x_wconf 76' lang='grc'>⁸</span> <span class='ocrx_word' id='word_1_415' title='bbox 549 5411 679 5480; x_wconf 85' lang='lat' dir='ltr'>Leg.</span> <span class='ocrx_word' id='word_1_416' title='bbox 716 5412 1145 5465; x_wconf 80' lang='lat' dir='ltr'>Amalecitarum</span> <span class='ocrx_word' id='word_1_417' title='bbox 1177 5412 1347 5463; x_wconf 78' lang='lat' dir='ltr'>cunei.</span> 
     </span>
    </p>
   </div>
   <div class='ocr_carea' id='block_1_58' title="bbox 485 5480 2106 5552">
    <p class='ocr_par' dir='ltr' id='par_1_58' title="bbox 485 5480 2106 5552">
     <span class='ocr_line' id='line_1_59' title="bbox 485 5480 2106 5552; baseline 0.001 -19"><span class='ocrx_word' id='word_1_418' title='bbox 485 5482 511 5522; x_wconf 74' lang='grc' dir='ltr'>ι»</span> <span class='ocrx_word' id='word_1_419' title='bbox 549 5485 631 5533; x_wconf 83' lang='grc' dir='ltr'>Αη</span> <span class='ocrx_word' id='word_1_420' title='bbox 660 5483 797 5533; x_wconf 79' lang='lat' dir='ltr'>olidi</span> <span class='ocrx_word' id='word_1_421' title='bbox 831 5485 1022 5546; x_wconf 81' lang='lat' dir='ltr'>gestu?</span> <span class='ocrx_word' id='word_1_422' title='bbox 1055 5480 1259 5534; x_wconf 88' lang='lat' dir='ltr'>Ollitus</span> <span class='ocrx_word' id='word_1_423' title='bbox 1289 5497 1537 5552; x_wconf 87' lang='lat' dir='ltr'>namque</span> <span class='ocrx_word' id='word_1_424' title='bbox 1585 5482 1764 5547; x_wconf 71' lang='lat' dir='ltr'>[trdus</span> <span class='ocrx_word' id='word_1_425' title='bbox 1812 5482 2022 5535; x_wconf 88' lang='lat' dir='ltr'>dicitur</span> <span class='ocrx_word' id='word_1_426' title='bbox 2050 5482 2106 5535; x_wconf 91' lang='lat' dir='ltr'>in</span> 
     </span>
    </p>
   </div>
   <div class='ocr_carea' id='block_1_59' title="bbox 417 5552 1393 5621">
    <p class='ocr_par' dir='ltr' id='par_1_59' title="bbox 417 5552 1393 5621">
     <span class='ocr_line' id='line_1_60' title="bbox 417 5552 1393 5621; baseline 0.002 -17"><span class='ocrx_word' id='word_1_427' title='bbox 417 5552 593 5604; x_wconf 83' lang='lat' dir='ltr'>Gloss.</span> <span class='ocrx_word' id='word_1_428' title='bbox 629 5554 780 5604; x_wconf 87' lang='lat' dir='ltr'>edito</span> <span class='ocrx_word' id='word_1_429' title='bbox 808 5570 840 5603; x_wconf 87' lang='lat' dir='ltr'>a</span> <span class='ocrx_word' id='word_1_430' title='bbox 866 5553 1073 5621; x_wconf 83' lang='lat' dir='ltr'>Congr.</span> <span class='ocrx_word' id='word_1_431' title='bbox 1106 5553 1161 5604; x_wconf 85' lang='lat' dir='ltr'>S.</span> <span class='ocrx_word' id='word_1_432' title='bbox 1199 5552 1393 5606; x_wconf 82' lang='lat' dir='ltr'>Mauri.</span> 
     </span>
    </p>
   </div>
   <div class='ocr_carea' id='block_1_60' title="bbox 487 5621 2102 5692">
    <p class='ocr_par' dir='ltr' id='par_1_60' title="bbox 487 5621 2102 5692">
     <span class='ocr_line' id='line_1_61' title="bbox 487 5621 2102 5692; baseline 0.001 -18"><span class='ocrx_word' id='word_1_433' title='bbox 487 5629 507 5653; x_wconf 72' lang='grc' dir='ltr'><strong>ε</strong></span> <span class='ocrx_word' id='word_1_434' title='bbox 549 5621 605 5674; x_wconf 89' lang='lat' dir='ltr'>ld</span> <span class='ocrx_word' id='word_1_435' title='bbox 639 5628 856 5675; x_wconf 90' lang='lat' dir='ltr'>estnon</span> <span class='ocrx_word' id='word_1_436' title='bbox 880 5631 1076 5675; x_wconf 88' lang='lat' dir='ltr'>contra</span> <span class='ocrx_word' id='word_1_437' title='bbox 1101 5638 1197 5675; x_wconf 88' lang='lat' dir='ltr'>eos</span> <span class='ocrx_word' id='word_1_438' title='bbox 1220 5622 1318 5692; x_wconf 89' lang='lat' dir='ltr'>qui</span> <span class='ocrx_word' id='word_1_439' title='bbox 1348 5622 1510 5676; x_wconf 84' lang='lat' dir='ltr'>nobis</span> <span class='ocrx_word' id='word_1_440' title='bbox 1527 5622 1637 5676; x_wconf 86' lang='lat' dir='ltr'>ﬁde</span> <span class='ocrx_word' id='word_1_441' title='bbox 1655 5623 2102 5676; x_wconf 88' lang='lat' dir='ltr'>communicant.</span> 
     </span>
    </p>
   </div>
   <div class='ocr_carea' id='block_1_61' title="bbox 2228 484 3872 555">
    <p class='ocr_par' dir='ltr' id='par_1_61' title="bbox 2228 484 3872 555">
     <span class='ocr_line' id='line_1_62' title="bbox 2228 484 3872 555; baseline 0.002 -18"><span class='ocrx_word' id='word_1_442' title='bbox 2228 491 2339 551; x_wconf 82' lang='lat' dir='ltr'>tes,</span> <span class='ocrx_word' id='word_1_443' title='bbox 2396 502 2525 539; x_wconf 84' lang='lat' dir='ltr'>suas</span> <span class='ocrx_word' id='word_1_444' title='bbox 2578 486 2859 539; x_wconf 70' lang='lat' dir='ltr'>testiment</span> <span class='ocrx_word' id='word_1_445' title='bbox 2937 501 3205 555; x_wconf 89' lang='lat' dir='ltr'>operosas</span> <span class='ocrx_word' id='word_1_446' title='bbox 3256 484 3472 537; x_wconf 74' lang='lat' dir='ltr'>namias</span> <span class='ocrx_word' id='word_1_447' title='bbox 3530 485 3872 541; x_wconf 89' lang='lat' dir='ltr'>conﬁrmasse.</span> 
     </span>
    </p>
   </div>
   <div class='ocr_carea' id='block_1_62' title="bbox 2226 574 3878 629">
    <p class='ocr_par' dir='ltr' id='par_1_62' title="bbox 2226 574 3878 629">
     <span class='ocr_line' id='line_1_63' title="bbox 2226 574 3878 629; baseline 0.001 -2"><span class='ocrx_word' id='word_1_448' title='bbox 2226 575 2387 627; x_wconf 83' lang='lat' dir='ltr'>Absit</span> <span class='ocrx_word' id='word_1_449' title='bbox 2417 574 2572 627; x_wconf 89' lang='lat' dir='ltr'>enim</span> <span class='ocrx_word' id='word_1_450' title='bbox 2612 580 2678 627; x_wconf 90' lang='lat' dir='ltr'>ut</span> <span class='ocrx_word' id='word_1_451' title='bbox 2703 574 2979 627; x_wconf 81' lang='lat' dir='ltr'>catholica</span> <span class='ocrx_word' id='word_1_452' title='bbox 3010 579 3065 626; x_wconf 91' lang='lat' dir='ltr'>et</span> <span class='ocrx_word' id='word_1_453' title='bbox 3098 574 3426 626; x_wconf 80' lang='lat' dir='ltr'>universalis</span> <span class='ocrx_word' id='word_1_454' title='bbox 3455 574 3685 627; x_wconf 85' lang='lat' dir='ltr'>Ecclesia</span> <span class='ocrx_word' id='word_1_455' title='bbox 3712 582 3878 629; x_wconf 85' lang='lat' dir='ltr'>contra</span> 
     </span>
    </p>
   </div>
   <div class='ocr_carea' id='block_1_63' title="bbox 2227 662 3875 733">
    <p class='ocr_par' dir='ltr' id='par_1_63' title="bbox 2227 662 3875 733">
     <span class='ocr_line' id='line_1_64' title="bbox 2227 662 3875 733; baseline 0.001 -18"><span class='ocrx_word' id='word_1_456' title='bbox 2227 680 2328 715; x_wconf 88' lang='lat' dir='ltr'>sua</span> <span class='ocrx_word' id='word_1_457' title='bbox 2359 663 2573 716; x_wconf 84' lang='lat' dir='ltr'>viscera</span> <span class='ocrx_word' id='word_1_458' title='bbox 2616 668 2854 733; x_wconf 80' lang='lat' dir='ltr'>pugnet.</span> <span class='ocrx_word' id='word_1_459' title='bbox 2897 662 3057 716; x_wconf 83' lang='lat' dir='ltr'>Absit</span> <span class='ocrx_word' id='word_1_460' title='bbox 3083 663 3291 715; x_wconf 87' lang='lat' dir='ltr'>iterum</span> <span class='ocrx_word' id='word_1_461' title='bbox 3326 667 3391 714; x_wconf 89' lang='lat' dir='ltr'>ut</span> <span class='ocrx_word' id='word_1_462' title='bbox 3439 667 3627 715; x_wconf 88' lang='lat' dir='ltr'>contra</span> <span class='ocrx_word' id='word_1_463' title='bbox 3669 668 3875 718; x_wconf 85' lang='lat' dir='ltr'>matrem</span> 
     </span>
    </p>
   </div>
   <div class='ocr_carea' id='block_1_64' title="bbox 2226 749 3881 821">
    <p class='ocr_par' dir='ltr' id='par_1_64' title="bbox 2226 749 3881 821">
     <span class='ocr_line' id='line_1_65' title="bbox 2226 749 3881 821; baseline -0.001 -16"><span class='ocrx_word' id='word_1_464' title='bbox 2226 751 2329 805; x_wconf 90' lang='lat' dir='ltr'>ﬁlii</span> <span class='ocrx_word' id='word_1_465' title='bbox 2378 768 2538 805; x_wconf 88' lang='lat' dir='ltr'>arma</span> <span class='ocrx_word' id='word_1_466' title='bbox 2585 757 2830 805; x_wconf 90' lang='lat' dir='ltr'>sumant.</span> <span class='ocrx_word' id='word_1_467' title='bbox 2878 751 3147 821; x_wconf 82' lang='lat' dir='ltr'>Martyres</span> <span class='ocrx_word' id='word_1_468' title='bbox 3191 766 3441 820; x_wconf 83' lang='lat' dir='ltr'>namque</span> <span class='ocrx_word' id='word_1_469' title='bbox 3500 749 3730 802; x_wconf 84' lang='lat' dir='ltr'>Ecclesia</span> <span class='ocrx_word' id='word_1_470' title='bbox 3780 767 3881 804; x_wconf 86' lang='lat' dir='ltr'>non</span> 
     </span>
    </p>
   </div>
   <div class='ocr_carea' id='block_1_65' title="bbox 2228 837 3877 909">
    <p class='ocr_par' dir='ltr' id='par_1_65' title="bbox 2228 837 3877 909">
     <span class='ocr_line' id='line_1_66' title="bbox 2228 837 3877 909; baseline -0.002 -16"><span class='ocrx_word' id='word_1_471' title='bbox 2228 841 2471 909; x_wconf 85' lang='lat' dir='ltr'>repellit,</span> <span class='ocrx_word' id='word_1_472' title='bbox 2529 840 2626 894; x_wconf 87' lang='lat' dir='ltr'>sed</span> <span class='ocrx_word' id='word_1_473' title='bbox 2688 839 2918 908; x_wconf 85' lang='lat' dir='ltr'>recipit;</span> <span class='ocrx_word' id='word_1_474' title='bbox 2973 856 3083 892; x_wconf 87' lang='lat' dir='ltr'>non</span> <span class='ocrx_word' id='word_1_475' title='bbox 3140 838 3398 901; x_wconf 67' lang='lat' dir='ltr'>infamat,</span> <span class='ocrx_word' id='word_1_476' title='bbox 3453 838 3547 890; x_wconf 90' lang='lat' dir='ltr'>sed</span> <span class='ocrx_word' id='word_1_477' title='bbox 3603 837 3877 903; x_wconf 88' lang='lat' dir='ltr'>collaudat;</span> 
     </span>
    </p>
   </div>
   <div class='ocr_carea' id='block_1_66' title="bbox 2227 926 3882 997">
    <p class='ocr_par' dir='ltr' id='par_1_66' title="bbox 2227 926 3882 997">
     <span class='ocr_line' id='line_1_67' title="bbox 2227 926 3882 997; baseline -0.002 -14"><span class='ocrx_word' id='word_1_478' title='bbox 2227 947 2340 983; x_wconf 90' lang='lat' dir='ltr'>non</span> <span class='ocrx_word' id='word_1_479' title='bbox 2372 929 2637 995; x_wconf 88' lang='lat' dir='ltr'>detrahit,</span> <span class='ocrx_word' id='word_1_480' title='bbox 2677 929 2772 982; x_wconf 91' lang='lat' dir='ltr'>sed</span> <span class='ocrx_word' id='word_1_481' title='bbox 2809 929 3049 982; x_wconf 83' lang='lat' dir='ltr'>extollit.</span> <span class='ocrx_word' id='word_1_482' title='bbox 3089 929 3153 981; x_wconf 88' lang='lat' dir='ltr'>Et</span> <span class='ocrx_word' id='word_1_483' title='bbox 3191 944 3314 993; x_wconf 91' lang='lat' dir='ltr'>nos,</span> <span class='ocrx_word' id='word_1_484' title='bbox 3357 926 3536 997; x_wconf 88' lang='lat' dir='ltr'>ipsius</span> <span class='ocrx_word' id='word_1_485' title='bbox 3579 926 3882 980; x_wconf 88' lang='lat' dir='ltr'>venerabilis</span> 
     </span>
    </p>
   </div>
   <div class='ocr_carea' id='block_1_67' title="bbox 2226 1014 3878 1087">
    <p class='ocr_par' dir='ltr' id='par_1_67' title="bbox 2226 1014 3878 1087">
     <span class='ocr_line' id='line_1_68' title="bbox 2226 1014 3878 1087; baseline -0.004 -15"><span class='ocrx_word' id='word_1_486' title='bbox 2226 1020 2424 1072; x_wconf 85' lang='lat' dir='ltr'>matris</span> <span class='ocrx_word' id='word_1_487' title='bbox 2480 1033 2710 1071; x_wconf 88' lang='lat' dir='ltr'>sensum</span> <span class='ocrx_word' id='word_1_488' title='bbox 2769 1022 3090 1087; x_wconf 85' lang='lat' dir='ltr'>sequentes,</span> <span class='ocrx_word' id='word_1_489' title='bbox 3154 1032 3217 1068; x_wconf 89' lang='lat' dir='ltr'>ac</span> <span class='ocrx_word' id='word_1_490' title='bbox 3273 1014 3670 1085; x_wconf 81' lang='lat' dir='ltr'>Redemptoris</span> <span class='ocrx_word' id='word_1_491' title='bbox 3724 1015 3878 1067; x_wconf 89' lang='lat' dir='ltr'>nostri</span> 
     </span>
    </p>
   </div>
   <div class='ocr_carea' id='block_1_68' title="bbox 2224 1104 3881 1177">
    <p class='ocr_par' dir='ltr' id='par_1_68' title="bbox 2224 1104 3881 1177">
     <span class='ocr_line' id='line_1_69' title="bbox 2224 1104 3881 1177; baseline -0.004 -17"><span class='ocrx_word' id='word_1_492' title='bbox 2224 1124 2446 1177; x_wconf 67' lang='lat' dir='ltr'>sponsae</span> <span class='ocrx_word' id='word_1_493' title='bbox 2494 1106 2937 1176; x_wconf 88' lang='lat' dir='ltr'>pulchritudinis</span> <span class='ocrx_word' id='word_1_494' title='bbox 2986 1104 3227 1173; x_wconf 84' lang='lat' dir='ltr'>gloriam</span> <span class='ocrx_word' id='word_1_495' title='bbox 3288 1105 3689 1165; x_wconf 86' lang='lat' dir='ltr'>collaudantes,</span> <span class='ocrx_word' id='word_1_496' title='bbox 3735 1118 3881 1155; x_wconf 84' lang='lat' dir='ltr'>vene-</span> 
     </span>
    </p>
   </div>
   <div class='ocr_carea' id='block_1_69' title="bbox 2225 1192 3884 1264">
    <p class='ocr_par' dir='ltr' id='par_1_69' title="bbox 2225 1192 3884 1264">
     <span class='ocr_line' id='line_1_70' title="bbox 2225 1192 3884 1264; baseline -0.003 -16"><span class='ocrx_word' id='word_1_497' title='bbox 2225 1213 2440 1261; x_wconf 87' lang='lat' dir='ltr'>ramus,</span> <span class='ocrx_word' id='word_1_498' title='bbox 2473 1202 2527 1248; x_wconf 87' lang='lat' dir='ltr'>et</span> <span class='ocrx_word' id='word_1_499' title='bbox 2557 1195 2818 1258; x_wconf 85' lang='lat' dir='ltr'>colimus,</span> <span class='ocrx_word' id='word_1_500' title='bbox 2853 1212 2997 1264; x_wconf 86' lang='lat' dir='ltr'>quos</span> <span class='ocrx_word' id='word_1_501' title='bbox 3028 1210 3131 1263; x_wconf 90' lang='lat' dir='ltr'>pro</span> <span class='ocrx_word' id='word_1_502' title='bbox 3162 1194 3383 1247; x_wconf 74' lang='lat' dir='ltr'>Christo</span> <span class='ocrx_word' id='word_1_503' title='bbox 3427 1199 3483 1245; x_wconf 88' lang='lat' dir='ltr'>et</span> <span class='ocrx_word' id='word_1_504' title='bbox 3522 1193 3745 1245; x_wconf 84' lang='lat' dir='ltr'>veritate</span> <span class='ocrx_word' id='word_1_505' title='bbox 3780 1192 3884 1244; x_wconf 87' lang='lat' dir='ltr'>ani-</span> 
     </span>
    </p>
   </div>
   <div class='ocr_carea' id='block_1_70' title="bbox 2226 1280 3882 1354">
    <p class='ocr_par' dir='ltr' id='par_1_70' title="bbox 2226 1280 3882 1354">
     <span class='ocr_line' id='line_1_71' title="bbox 2226 1280 3882 1354; baseline -0.003 -17"><span class='ocrx_word' id='word_1_506' title='bbox 2226 1301 2346 1337; x_wconf 88' lang='lat' dir='ltr'>mas</span> <span class='ocrx_word' id='word_1_507' title='bbox 2394 1284 2650 1354; x_wconf 87' lang='lat' dir='ltr'>posuisse</span> <span class='ocrx_word' id='word_1_508' title='bbox 2704 1283 3042 1353; x_wconf 89' lang='lat' dir='ltr'>gaudemus,</span> <span class='ocrx_word' id='word_1_509' title='bbox 3090 1298 3195 1335; x_wconf 88' lang='lat' dir='ltr'>nec</span> <span class='ocrx_word' id='word_1_510' title='bbox 3244 1282 3412 1334; x_wconf 91' lang='lat' dir='ltr'>unius</span> <span class='ocrx_word' id='word_1_511' title='bbox 3459 1280 3645 1350; x_wconf 90' lang='lat' dir='ltr'>operis</span> <span class='ocrx_word' id='word_1_512' title='bbox 3689 1286 3882 1349; x_wconf 88' lang='lat' dir='ltr'>gestum</span> 
     </span>
    </p>
   </div>
   <div class='ocr_carea' id='block_1_71' title="bbox 2223 1369 3885 1440">
    <p class='ocr_par' dir='ltr' id='par_1_71' title="bbox 2223 1369 3885 1440">
     <span class='ocr_line' id='line_1_72' title="bbox 2223 1369 3885 1440; baseline -0.004 -15"><span class='ocrx_word' id='word_1_513' title='bbox 2223 1374 2497 1425; x_wconf 88' lang='lat' dir='ltr'>varietate</span> <span class='ocrx_word' id='word_1_514' title='bbox 2537 1378 2866 1440; x_wconf 89' lang='lat' dir='ltr'>temporum</span> <span class='ocrx_word' id='word_1_515' title='bbox 2915 1370 3264 1423; x_wconf 89' lang='lat' dir='ltr'>mutilamus.</span> <span class='ocrx_word' id='word_1_516' title='bbox 3314 1371 3379 1423; x_wconf 87' lang='lat' dir='ltr'>Et</span> <span class='ocrx_word' id='word_1_517' title='bbox 3420 1385 3590 1439; x_wconf 91' lang='lat' dir='ltr'>quam</span> <span class='ocrx_word' id='word_1_518' title='bbox 3641 1369 3753 1422; x_wconf 67' lang='lat' dir='ltr'>haec</span> <span class='ocrx_word' id='word_1_519' title='bbox 3791 1369 3885 1419; x_wconf 87' lang='lat' dir='ltr'>uni-</span> 
     </span>
    </p>
   </div>
   <div class='ocr_carea' id='block_1_72' title="bbox 2224 1454 3885 1526">
    <p class='ocr_par' dir='ltr' id='par_1_72' title="bbox 2224 1454 3885 1526">
     <span class='ocr_line' id='line_1_73' title="bbox 2224 1454 3885 1526; baseline -0.002 -15"><span class='ocrx_word' id='word_1_520' title='bbox 2224 1460 2454 1512; x_wconf 88' lang='lat' dir='ltr'>versalis</span> <span class='ocrx_word' id='word_1_521' title='bbox 2485 1459 2557 1512; x_wconf 91' lang='lat' dir='ltr'>sit</span> <span class='ocrx_word' id='word_1_522' title='bbox 2586 1465 2775 1513; x_wconf 90' lang='lat' dir='ltr'>nostra</span> <span class='ocrx_word' id='word_1_523' title='bbox 2802 1460 3126 1519; x_wconf 87' lang='lat' dir='ltr'>credulitas,</span> <span class='ocrx_word' id='word_1_524' title='bbox 3161 1460 3219 1511; x_wconf 91' lang='lat' dir='ltr'>in</span> <span class='ocrx_word' id='word_1_525' title='bbox 3248 1459 3498 1511; x_wconf 89' lang='lat' dir='ltr'>secundo</span> <span class='ocrx_word' id='word_1_526' title='bbox 3532 1457 3697 1526; x_wconf 84' lang='lat' dir='ltr'>hujus</span> <span class='ocrx_word' id='word_1_527' title='bbox 3723 1454 3885 1524; x_wconf 86' lang='lat' dir='ltr'>operis</span> 
     </span>
    </p>
   </div>
   <div class='ocr_carea' id='block_1_73' title="bbox 2224 1547 3369 1617">
    <p class='ocr_par' dir='ltr' id='par_1_73' title="bbox 2224 1547 3369 1617">
     <span class='ocr_line' id='line_1_74' title="bbox 2224 1547 3369 1617; baseline -0.002 -16"><span class='ocrx_word' id='word_1_528' title='bbox 2224 1548 2369 1601; x_wconf 89' lang='lat' dir='ltr'>libro</span> <span class='ocrx_word' id='word_1_529' title='bbox 2401 1549 2676 1617; x_wconf 87' lang='lat' dir='ltr'>majorem</span> <span class='ocrx_word' id='word_1_530' title='bbox 2709 1556 2729 1582; x_wconf 80' lang='grc' dir='ltr'><strong>ο</strong></span> <span class='ocrx_word' id='word_1_531' title='bbox 2762 1547 3013 1601; x_wconf 85' lang='lat' dir='ltr'>ﬁrmavit</span> <span class='ocrx_word' id='word_1_532' title='bbox 3042 1547 3369 1600; x_wconf 85' lang='lat' dir='ltr'>auctoritas.</span> 
     </span>
    </p>
   </div>
   <div class='ocr_carea' id='block_1_74' title="bbox 2295 1632 3887 1709">
    <p class='ocr_par' dir='ltr' id='par_1_74' title="bbox 2295 1632 3887 1709">
     <span class='ocr_line' id='line_1_75' title="bbox 2295 1632 3887 1709; baseline -0.004 -18"><span class='ocrx_word' id='word_1_533' title='bbox 2295 1640 2346 1691; x_wconf 79' lang='lat'>2.</span> <span class='ocrx_word' id='word_1_534' title='bbox 2389 1638 2493 1692; x_wconf 90' lang='lat' dir='ltr'>Sed</span> <span class='ocrx_word' id='word_1_535' title='bbox 2536 1638 2673 1709; x_wconf 89' lang='lat' dir='ltr'>quia</span> <span class='ocrx_word' id='word_1_536' title='bbox 2716 1636 2810 1690; x_wconf 89' lang='lat' dir='ltr'>siti</span> <span class='ocrx_word' id='word_1_537' title='bbox 2842 1642 2975 1690; x_wconf 91' lang='lat' dir='ltr'>sunt</span> <span class='ocrx_word' id='word_1_538' title='bbox 3004 1635 3269 1689; x_wconf 90' lang='lat' dir='ltr'>nonnulli</span> <span class='ocrx_word' id='word_1_539' title='bbox 3303 1634 3523 1688; x_wconf 81' lang='lat' dir='ltr'>fervore</span> <span class='ocrx_word' id='word_1_540' title='bbox 3560 1632 3778 1703; x_wconf 82' lang='lat' dir='ltr'>Speciali</span> <span class='ocrx_word' id='word_1_541' title='bbox 3807 1632 3887 1684; x_wconf 88' lang='lat' dir='ltr'>in-</span> 
     </span>
    </p>
   </div>
   <div class='ocr_carea' id='block_1_75' title="bbox 2225 1721 3886 1796">
    <p class='ocr_par' dir='ltr' id='par_1_75' title="bbox 2225 1721 3886 1796">
     <span class='ocr_line' id='line_1_76' title="bbox 2225 1721 3886 1796; baseline -0.004 -16"><span class='ocrx_word' id='word_1_542' title='bbox 2225 1726 2404 1796; x_wconf 87' lang='lat' dir='ltr'>digni,</span> <span class='ocrx_word' id='word_1_543' title='bbox 2455 1743 2647 1780; x_wconf 91' lang='lat' dir='ltr'>amore</span> <span class='ocrx_word' id='word_1_544' title='bbox 2699 1725 2835 1779; x_wconf 90' lang='lat' dir='ltr'>ﬁdei</span> <span class='ocrx_word' id='word_1_545' title='bbox 2894 1725 3110 1795; x_wconf 86' lang='lat' dir='ltr'>frigidi,</span> <span class='ocrx_word' id='word_1_546' title='bbox 3162 1740 3371 1793; x_wconf 88' lang='lat' dir='ltr'>pavore</span> <span class='ocrx_word' id='word_1_547' title='bbox 3420 1729 3648 1776; x_wconf 89' lang='lat' dir='ltr'>terreno</span> <span class='ocrx_word' id='word_1_548' title='bbox 3696 1727 3747 1776; x_wconf 90' lang='lat' dir='ltr'>et</span> <span class='ocrx_word' id='word_1_549' title='bbox 3789 1721 3886 1775; x_wconf 89' lang='lat' dir='ltr'>ictu</span> 
     </span>
    </p>
   </div>
   <div class='ocr_carea' id='block_1_76' title="bbox 2226 1812 3885 1885">
    <p class='ocr_par' dir='ltr' id='par_1_76' title="bbox 2226 1812 3885 1885">
     <span class='ocr_line' id='line_1_77' title="bbox 2226 1812 3885 1885; baseline 0 -18"><span class='ocrx_word' id='word_1_550' title='bbox 2226 1815 2401 1885; x_wconf 87' lang='lat' dir='ltr'>gladii</span> <span class='ocrx_word' id='word_1_551' title='bbox 2447 1814 2648 1876; x_wconf 86' lang='lat' dir='ltr'>territi,</span> <span class='ocrx_word' id='word_1_552' title='bbox 2698 1814 2799 1884; x_wconf 90' lang='lat' dir='ltr'>qui</span> <span class='ocrx_word' id='word_1_553' title='bbox 2846 1830 2958 1867; x_wconf 91' lang='lat' dir='ltr'>non</span> <span class='ocrx_word' id='word_1_554' title='bbox 2993 1829 3187 1884; x_wconf 90' lang='lat' dir='ltr'>pressa</span> <span class='ocrx_word' id='word_1_555' title='bbox 3215 1829 3372 1879; x_wconf 92' lang='lat' dir='ltr'>voce,</span> <span class='ocrx_word' id='word_1_556' title='bbox 3409 1813 3503 1865; x_wconf 91' lang='lat' dir='ltr'>sed</span> <span class='ocrx_word' id='word_1_557' title='bbox 3536 1827 3702 1865; x_wconf 87' lang='lat' dir='ltr'>rauca</span> <span class='ocrx_word' id='word_1_558' title='bbox 3729 1812 3885 1867; x_wconf 82' lang='lat' dir='ltr'>fauce.</span> 
     </span>
    </p>
   </div>
   <div class='ocr_carea' id='block_1_77' title="bbox 2225 1900 3887 1971">
    <p class='ocr_par' dir='ltr' id='par_1_77' title="bbox 2225 1900 3887 1971">
     <span class='ocr_line' id='line_1_78' title="bbox 2225 1900 3887 1971; baseline -0.003 -16"><span class='ocrx_word' id='word_1_559' title='bbox 2225 1904 2497 1957; x_wconf 90' lang='lat' dir='ltr'>dissoluto</span> <span class='ocrx_word' id='word_1_560' title='bbox 2547 1902 2716 1967; x_wconf 89' lang='lat' dir='ltr'>labio,</span> <span class='ocrx_word' id='word_1_561' title='bbox 2775 1902 2999 1955; x_wconf 90' lang='lat' dir='ltr'>obtorta</span> <span class='ocrx_word' id='word_1_562' title='bbox 3057 1902 3274 1971; x_wconf 83' lang='lat' dir='ltr'>lingua,</span> <span class='ocrx_word' id='word_1_563' title='bbox 3335 1900 3669 1971; x_wconf 83' lang='lat' dir='ltr'>martyrium</span> <span class='ocrx_word' id='word_1_564' title='bbox 3719 1904 3887 1953; x_wconf 80' lang='lat' dir='ltr'>nostro</span> 
     </span>
    </p>
   </div>
   <div class='ocr_carea' id='block_1_78' title="bbox 2224 1986 3892 2061">
    <p class='ocr_par' dir='ltr' id='par_1_78' title="bbox 2224 1986 3892 2061">
     <span class='ocr_line' id='line_1_79' title="bbox 2224 1986 3892 2061; baseline -0.004 -17"><span class='ocrx_word' id='word_1_565' title='bbox 2224 1996 2480 2061; x_wconf 87' lang='lat' dir='ltr'>tempore</span> <span class='ocrx_word' id='word_1_566' title='bbox 2512 1995 2735 2060; x_wconf 86' lang='lat' dir='ltr'>gestum</span> <span class='ocrx_word' id='word_1_567' title='bbox 2770 1989 3119 2044; x_wconf 88' lang='lat' dir='ltr'>invinctione</span> <span class='ocrx_word' id='word_1_568' title='bbox 3151 1991 3344 2043; x_wconf 90' lang='lat' dir='ltr'>minus</span> <span class='ocrx_word' id='word_1_569' title='bbox 3375 1990 3587 2043; x_wconf 91' lang='lat' dir='ltr'>idonea</span> <span class='ocrx_word' id='word_1_570' title='bbox 3613 1986 3892 2042; x_wconf 89' lang='lat' dir='ltr'>detrahunt</span> 
     </span>
    </p>
   </div>
   <div class='ocr_carea' id='block_1_79' title="bbox 2224 2077 3889 2149">
    <p class='ocr_par' dir='ltr' id='par_1_79' title="bbox 2224 2077 3889 2149">
     <span class='ocr_line' id='line_1_80' title="bbox 2224 2077 3889 2149; baseline -0.001 -19"><span class='ocrx_word' id='word_1_571' title='bbox 2224 2081 2307 2133; x_wconf 85' lang='lat' dir='ltr'>vel</span> <span class='ocrx_word' id='word_1_572' title='bbox 2339 2080 2666 2149; x_wconf 85' lang='lat' dir='ltr'>suggillant.</span> <span class='ocrx_word' id='word_1_573' title='bbox 2701 2084 2756 2131; x_wconf 91' lang='lat' dir='ltr'>et</span> <span class='ocrx_word' id='word_1_574' title='bbox 2782 2079 3007 2132; x_wconf 88' lang='lat' dir='ltr'>diabolo</span> <span class='ocrx_word' id='word_1_575' title='bbox 3037 2084 3317 2149; x_wconf 90' lang='lat' dir='ltr'>quantum</span> <span class='ocrx_word' id='word_1_576' title='bbox 3344 2079 3402 2131; x_wconf 91' lang='lat' dir='ltr'>in</span> <span class='ocrx_word' id='word_1_577' title='bbox 3428 2079 3509 2131; x_wconf 89' lang='lat' dir='ltr'>eis</span> <span class='ocrx_word' id='word_1_578' title='bbox 3534 2083 3641 2143; x_wconf 87' lang='lat' dir='ltr'>est,</span> <span class='ocrx_word' id='word_1_579' title='bbox 3665 2077 3889 2147; x_wconf 87' lang='lat' dir='ltr'>palmam</span> 
     </span>
    </p>
   </div>
   <div class='ocr_carea' id='block_1_80' title="bbox 2223 2164 3892 2236">
    <p class='ocr_par' dir='ltr' id='par_1_80' title="bbox 2223 2164 3892 2236">
     <span class='ocr_line' id='line_1_81' title="bbox 2223 2164 3892 2236; baseline -0.003 -16"><span class='ocrx_word' id='word_1_580' title='bbox 2223 2169 2472 2222; x_wconf 82' lang='lat' dir='ltr'>victorize</span> <span class='ocrx_word' id='word_1_581' title='bbox 2531 2168 2759 2221; x_wconf 88' lang='lat' dir='ltr'>tradere</span> <span class='ocrx_word' id='word_1_582' title='bbox 2813 2183 2932 2221; x_wconf 88' lang='lat' dir='ltr'>non</span> <span class='ocrx_word' id='word_1_583' title='bbox 2991 2174 3275 2232; x_wconf 83' lang='lat' dir='ltr'>recusant,</span> <span class='ocrx_word' id='word_1_584' title='bbox 3328 2183 3445 2220; x_wconf 88' lang='lat' dir='ltr'>non</span> <span class='ocrx_word' id='word_1_585' title='bbox 3494 2166 3605 2236; x_wconf 87' lang='lat' dir='ltr'>ipsi</span> <span class='ocrx_word' id='word_1_586' title='bbox 3654 2164 3892 2218; x_wconf 90' lang='lat' dir='ltr'>sensibus</span> 
     </span>
    </p>
   </div>
   <div class='ocr_carea' id='block_1_81' title="bbox 2222 2256 3889 2327">
    <p class='ocr_par' dir='ltr' id='par_1_81' title="bbox 2222 2256 3889 2327">
     <span class='ocr_line' id='line_1_82' title="bbox 2222 2256 3889 2327; baseline -0.003 -17"><span class='ocrx_word' id='word_1_587' title='bbox 2222 2260 2338 2311; x_wconf 88' lang='lat' dir='ltr'>suis</span> <span class='ocrx_word' id='word_1_588' title='bbox 2393 2257 2805 2327; x_wconf 88' lang='lat' dir='ltr'>respondentes</span> <span class='ocrx_word' id='word_1_589' title='bbox 2866 2256 3192 2309; x_wconf 89' lang='lat' dir='ltr'>admittant.</span> <span class='ocrx_word' id='word_1_590' title='bbox 3257 2258 3433 2311; x_wconf 82' lang='lat' dir='ltr'>Favor</span> <span class='ocrx_word' id='word_1_591' title='bbox 3494 2261 3703 2317; x_wconf 83' lang='lat' dir='ltr'>noster,</span> <span class='ocrx_word' id='word_1_592' title='bbox 3758 2270 3889 2307; x_wconf 84' lang='lat' dir='ltr'>reve-</span> 
     </span>
    </p>
   </div>
   <div class='ocr_carea' id='block_1_82' title="bbox 2222 2344 3895 2416">
    <p class='ocr_par' dir='ltr' id='par_1_82' title="bbox 2222 2344 3895 2416">
     <span class='ocr_line' id='line_1_83' title="bbox 2222 2344 3895 2416; baseline -0.004 -16"><span class='ocrx_word' id='word_1_593' title='bbox 2222 2346 2587 2408; x_wconf 79' lang='lat' dir='ltr'>rendissimi,</span> <span class='ocrx_word' id='word_1_594' title='bbox 2649 2347 2792 2412; x_wconf 88' lang='lat' dir='ltr'>etsi,</span> <span class='ocrx_word' id='word_1_595' title='bbox 2854 2346 3005 2416; x_wconf 91' lang='lat' dir='ltr'>quod</span> <span class='ocrx_word' id='word_1_596' title='bbox 3080 2345 3267 2412; x_wconf 85' lang='lat' dir='ltr'>absit,</span> <span class='ocrx_word' id='word_1_597' title='bbox 3324 2352 3512 2408; x_wconf 89' lang='lat' dir='ltr'>errat,</span> <span class='ocrx_word' id='word_1_598' title='bbox 3574 2344 3789 2396; x_wconf 85' lang='lat' dir='ltr'>veritati</span> <span class='ocrx_word' id='word_1_599' title='bbox 3846 2347 3895 2393; x_wconf 89' lang='lat' dir='ltr'>et</span> 
     </span>
    </p>
   </div>
   <div class='ocr_carea' id='block_1_83' title="bbox 2223 2434 3889 2491">
    <p class='ocr_par' dir='ltr' id='par_1_83' title="bbox 2223 2434 3889 2491">
     <span class='ocr_line' id='line_1_84' title="bbox 2223 2434 3889 2491; baseline -0.005 -1"><span class='ocrx_word' id='word_1_600' title='bbox 2223 2436 2445 2491; x_wconf 88' lang='lat' dir='ltr'>Christo</span> <span class='ocrx_word' id='word_1_601' title='bbox 2504 2435 2825 2488; x_wconf 89' lang='lat' dir='ltr'>concordat.</span> <span class='ocrx_word' id='word_1_602' title='bbox 2892 2435 3108 2488; x_wconf 86' lang='lat' dir='ltr'>Veritas</span> <span class='ocrx_word' id='word_1_603' title='bbox 3162 2450 3294 2487; x_wconf 88' lang='lat' dir='ltr'>vero</span> <span class='ocrx_word' id='word_1_604' title='bbox 3351 2434 3505 2487; x_wconf 90' lang='lat' dir='ltr'>aliud</span> <span class='ocrx_word' id='word_1_605' title='bbox 3558 2435 3889 2485; x_wconf 89' lang='lat' dir='ltr'>asserentum</span> 
     </span>
    </p>
   </div>
   <div class='ocr_carea' id='block_1_84' title="bbox 2221 2520 3897 2578">
    <p class='ocr_par' dir='ltr' id='par_1_84' title="bbox 2221 2520 3897 2578">
     <span class='ocr_line' id='line_1_85' title="bbox 2221 2520 3897 2578; baseline -0.005 0"><span class='ocrx_word' id='word_1_606' title='bbox 2221 2525 2545 2578; x_wconf 68' lang='lat' dir='ltr'>daemonum</span> <span class='ocrx_word' id='word_1_607' title='bbox 2594 2524 2856 2578; x_wconf 90' lang='lat' dir='ltr'>ministro</span> <span class='ocrx_word' id='word_1_608' title='bbox 2904 2524 3141 2577; x_wconf 88' lang='lat' dir='ltr'>ultionis</span> <span class='ocrx_word' id='word_1_609' title='bbox 3190 2525 3431 2577; x_wconf 85' lang='lat' dir='ltr'>cultrum</span> <span class='ocrx_word' id='word_1_610' title='bbox 3492 2523 3792 2576; x_wconf 79' lang='lat' dir='ltr'>ministrat.</span> <span class='ocrx_word' id='word_1_611' title='bbox 3844 2520 3897 2573; x_wconf 85' lang='lat' dir='ltr'>Et</span> 
     </span>
    </p>
   </div>
   <div class='ocr_carea' id='block_1_85' title="bbox 2225 2612 3893 2684">
    <p class='ocr_par' dir='ltr' id='par_1_85' title="bbox 2225 2612 3893 2684">
     <span class='ocr_line' id='line_1_86' title="bbox 2225 2612 3893 2684; baseline -0.004 -17"><span class='ocrx_word' id='word_1_612' title='bbox 2225 2615 2399 2667; x_wconf 90' lang='lat' dir='ltr'>miror</span> <span class='ocrx_word' id='word_1_613' title='bbox 2472 2631 2585 2684; x_wconf 90' lang='lat' dir='ltr'>quo</span> <span class='ocrx_word' id='word_1_614' title='bbox 2647 2613 2863 2683; x_wconf 90' lang='lat' dir='ltr'>ingenii</span> <span class='ocrx_word' id='word_1_615' title='bbox 2932 2629 3141 2684; x_wconf 88' lang='lat' dir='ltr'>genere</span> <span class='ocrx_word' id='word_1_616' title='bbox 3215 2615 3425 2683; x_wconf 88' lang='lat' dir='ltr'>poterit</span> <span class='ocrx_word' id='word_1_617' title='bbox 3488 2612 3697 2664; x_wconf 87' lang='lat' dir='ltr'>veritas</span> <span class='ocrx_word' id='word_1_618' title='bbox 3766 2624 3893 2662; x_wconf 91' lang='lat' dir='ltr'>nun-</span> 
     </span>
    </p>
   </div>
   <div class='ocr_carea' id='block_1_86' title="bbox 2222 2701 3898 2773">
    <p class='ocr_par' dir='ltr' id='par_1_86' title="bbox 2222 2701 3898 2773">
     <span class='ocr_line' id='line_1_87' title="bbox 2222 2701 3898 2773; baseline -0.004 -18"><span class='ocrx_word' id='word_1_619' title='bbox 2222 2703 2441 2773; x_wconf 89' lang='lat' dir='ltr'>cupari,</span> <span class='ocrx_word' id='word_1_620' title='bbox 2510 2702 2605 2755; x_wconf 89' lang='lat' dir='ltr'>ubi</span> <span class='ocrx_word' id='word_1_621' title='bbox 2674 2718 2832 2755; x_wconf 90' lang='lat' dir='ltr'>error</span> <span class='ocrx_word' id='word_1_622' title='bbox 2894 2701 3196 2755; x_wconf 90' lang='lat' dir='ltr'>ascribitur</span> <span class='ocrx_word' id='word_1_623' title='bbox 3261 2717 3363 2771; x_wconf 92' lang='lat' dir='ltr'>pro</span> <span class='ocrx_word' id='word_1_624' title='bbox 3432 2701 3658 2755; x_wconf 89' lang='lat' dir='ltr'>Christo</span> <span class='ocrx_word' id='word_1_625' title='bbox 3724 2704 3776 2751; x_wconf 90' lang='lat' dir='ltr'>et</span> <span class='ocrx_word' id='word_1_626' title='bbox 3821 2712 3898 2749; x_wconf 86' lang='lat' dir='ltr'>ve-</span> 
     </span>
    </p>
   </div>
   <div class='ocr_carea' id='block_1_87' title="bbox 2222 2785 3896 2858">
    <p class='ocr_par' dir='ltr' id='par_1_87' title="bbox 2222 2785 3896 2858">
     <span class='ocr_line' id='line_1_88' title="bbox 2222 2785 3896 2858; baseline -0.004 -15"><span class='ocrx_word' id='word_1_627' title='bbox 2222 2790 2389 2843; x_wconf 89' lang='lat' dir='ltr'>ritate</span> <span class='ocrx_word' id='word_1_628' title='bbox 2432 2789 2745 2843; x_wconf 90' lang='lat' dir='ltr'>succumbi.</span> <span class='ocrx_word' id='word_1_629' title='bbox 2781 2790 2988 2843; x_wconf 82' lang='lat' dir='ltr'>Verum</span> <span class='ocrx_word' id='word_1_630' title='bbox 3024 2789 3350 2843; x_wconf 90' lang='lat' dir='ltr'>conandum</span> <span class='ocrx_word' id='word_1_631' title='bbox 3394 2793 3477 2842; x_wconf 87' lang='lat' dir='ltr'>est</span> <span class='ocrx_word' id='word_1_632' title='bbox 3525 2788 3585 2841; x_wconf 89' lang='lat' dir='ltr'>in</span> <span class='ocrx_word' id='word_1_633' title='bbox 3634 2785 3896 2858; x_wconf 87' lang='lat' dir='ltr'>principio</span> 
     </span>
    </p>
   </div>
   <div class='ocr_carea' id='block_1_88' title="bbox 2222 2874 3896 2947">
    <p class='ocr_par' dir='ltr' id='par_1_88' title="bbox 2222 2874 3896 2947">
     <span class='ocr_line' id='line_1_89' title="bbox 2222 2874 3896 2947; baseline -0.004 -17"><span class='ocrx_word' id='word_1_634' title='bbox 2222 2878 2408 2947; x_wconf 90' lang='lat' dir='ltr'>operis</span> <span class='ocrx_word' id='word_1_635' title='bbox 2453 2894 2569 2931; x_wconf 91' lang='lat' dir='ltr'>non</span> <span class='ocrx_word' id='word_1_636' title='bbox 2601 2877 2867 2947; x_wconf 87' lang='lat' dir='ltr'>superbe,</span> <span class='ocrx_word' id='word_1_637' title='bbox 2902 2877 2996 2931; x_wconf 91' lang='lat' dir='ltr'>sed</span> <span class='ocrx_word' id='word_1_638' title='bbox 3028 2881 3375 2941; x_wconf 84' lang='lat' dir='ltr'>constanter,</span> <span class='ocrx_word' id='word_1_639' title='bbox 3406 2881 3608 2945; x_wconf 89' lang='lat' dir='ltr'>utpote</span> <span class='ocrx_word' id='word_1_640' title='bbox 3641 2891 3766 2928; x_wconf 91' lang='lat' dir='ltr'>cum</span> <span class='ocrx_word' id='word_1_641' title='bbox 3796 2874 3896 2926; x_wconf 84' lang='lat' dir='ltr'>fra-</span> 
     </span>
    </p>
   </div>
   <div class='ocr_carea' id='block_1_89' title="bbox 2221 2967 3895 3035">
    <p class='ocr_par' dir='ltr' id='par_1_89' title="bbox 2221 2967 3895 3035">
     <span class='ocr_line' id='line_1_90' title="bbox 2221 2967 3895 3035; baseline -0.004 -16"><span class='ocrx_word' id='word_1_642' title='bbox 2221 2967 2427 3032; x_wconf 87' lang='lat' dir='ltr'>tribus,</span> <span class='ocrx_word' id='word_1_643' title='bbox 2472 2982 2706 3019; x_wconf 88' lang='lat' dir='ltr'>manum</span> <span class='ocrx_word' id='word_1_644' title='bbox 2747 2982 3066 3032; x_wconf 89' lang='lat' dir='ltr'>conserere,</span> <span class='ocrx_word' id='word_1_645' title='bbox 3110 2970 3167 3019; x_wconf 92' lang='lat' dir='ltr'>et</span> <span class='ocrx_word' id='word_1_646' title='bbox 3212 2982 3338 3035; x_wconf 68' lang='lat' dir='ltr'>quae</span> <span class='ocrx_word' id='word_1_647' title='bbox 3383 2970 3648 3035; x_wconf 64' lang='lat' dir='ltr'>utrmque</span> <span class='ocrx_word' id='word_1_648' title='bbox 3682 2978 3895 3017; x_wconf 80' lang='lat' dir='ltr'>concor-</span> 
     </span>
    </p>
   </div>
   <div class='ocr_carea' id='block_1_90' title="bbox 2148 3046 3903 3121">
    <p class='ocr_par' dir='ltr' id='par_1_90' title="bbox 2148 3046 3903 3121">
     <span class='ocr_line' id='line_1_91' title="bbox 2148 3046 3903 3121; baseline -0.005 -14"><span class='ocrx_word' id='word_1_649' title='bbox 2148 3046 2187 3100; x_wconf 88' lang='lat' dir='ltr'>C</span> <span class='ocrx_word' id='word_1_650' title='bbox 2222 3053 2359 3107; x_wconf 91' lang='lat' dir='ltr'>dant</span> <span class='ocrx_word' id='word_1_651' title='bbox 2392 3052 2640 3105; x_wconf 89' lang='lat' dir='ltr'>discusse</span> <span class='ocrx_word' id='word_1_652' title='bbox 2675 3053 2713 3104; x_wconf 71' lang='grc' dir='ltr'>ἲ,</span> <span class='ocrx_word' id='word_1_653' title='bbox 2762 3052 3003 3121; x_wconf 87' lang='lat' dir='ltr'>Fugiant</span> <span class='ocrx_word' id='word_1_654' title='bbox 3048 3051 3263 3105; x_wconf 89' lang='lat' dir='ltr'>debiles</span> <span class='ocrx_word' id='word_1_655' title='bbox 3311 3056 3368 3104; x_wconf 91' lang='lat' dir='ltr'>et</span> <span class='ocrx_word' id='word_1_656' title='bbox 3417 3050 3656 3117; x_wconf 89' lang='lat' dir='ltr'>inﬁrmi,</span> <span class='ocrx_word' id='word_1_657' title='bbox 3703 3050 3903 3103; x_wconf 88' lang='lat' dir='ltr'>certent</span> 
     </span>
    </p>
   </div>
   <div class='ocr_carea' id='block_1_91' title="bbox 2222 3139 3901 3210">
    <p class='ocr_par' dir='ltr' id='par_1_91' title="bbox 2222 3139 3901 3210">
     <span class='ocr_line' id='line_1_92' title="bbox 2222 3139 3901 3210; baseline -0.002 -18"><span class='ocrx_word' id='word_1_658' title='bbox 2222 3139 2396 3192; x_wconf 85' lang='lat' dir='ltr'>fortes</span> <span class='ocrx_word' id='word_1_659' title='bbox 2427 3145 2481 3193; x_wconf 91' lang='lat' dir='ltr'>et</span> <span class='ocrx_word' id='word_1_660' title='bbox 2511 3140 2690 3193; x_wconf 91' lang='lat' dir='ltr'>animi</span> <span class='ocrx_word' id='word_1_661' title='bbox 2723 3140 3019 3193; x_wconf 88' lang='lat' dir='ltr'>honestate</span> <span class='ocrx_word' id='word_1_662' title='bbox 3050 3139 3360 3210; x_wconf 69' lang='lat' dir='ltr'>praecincti.</span> <span class='ocrx_word' id='word_1_663' title='bbox 3395 3141 3458 3193; x_wconf 82' lang='lat' dir='ltr'>Et</span> <span class='ocrx_word' id='word_1_664' title='bbox 3489 3144 3644 3192; x_wconf 90' lang='lat' dir='ltr'>certe</span> <span class='ocrx_word' id='word_1_665' title='bbox 3675 3153 3786 3192; x_wconf 91' lang='lat' dir='ltr'>non</span> <span class='ocrx_word' id='word_1_666' title='bbox 3816 3152 3901 3189; x_wconf 86' lang='lat' dir='ltr'>eos</span> 
     </span>
    </p>
   </div>
   <div class='ocr_carea' id='block_1_92' title="bbox 2219 3226 3901 3300">
    <p class='ocr_par' dir='ltr' id='par_1_92' title="bbox 2219 3226 3901 3300">
     <span class='ocr_line' id='line_1_93' title="bbox 2219 3226 3901 3300; baseline -0.003 -20"><span class='ocrx_word' id='word_1_667' title='bbox 2219 3229 2519 3282; x_wconf 84' lang='lat' dir='ltr'>veritatem</span> <span class='ocrx_word' id='word_1_668' title='bbox 2571 3229 2954 3299; x_wconf 90' lang='lat' dir='ltr'>supprimere,</span> <span class='ocrx_word' id='word_1_669' title='bbox 3006 3230 3100 3281; x_wconf 92' lang='lat' dir='ltr'>sed</span> <span class='ocrx_word' id='word_1_670' title='bbox 3157 3234 3381 3299; x_wconf 88' lang='lat' dir='ltr'>tergum</span> <span class='ocrx_word' id='word_1_671' title='bbox 3436 3226 3901 3300; x_wconf 87' lang='lat' dir='ltr'>persequentibus</span> 
     </span>
    </p>
   </div>
   <div class='ocr_carea' id='block_1_93' title="bbox 2222 3316 3905 3388">
    <p class='ocr_par' dir='ltr' id='par_1_93' title="bbox 2222 3316 3905 3388">
     <span class='ocr_line' id='line_1_94' title="bbox 2222 3316 3905 3388; baseline -0.002 -20"><span class='ocrx_word' id='word_1_672' title='bbox 2222 3317 2295 3369; x_wconf 94' lang='lat' dir='ltr'>ob</span> <span class='ocrx_word' id='word_1_673' title='bbox 2340 3318 2713 3370; x_wconf 91' lang='lat' dir='ltr'>seminarium</span> <span class='ocrx_word' id='word_1_674' title='bbox 2766 3317 3055 3387; x_wconf 88' lang='lat' dir='ltr'>Evangelii</span> <span class='ocrx_word' id='word_1_675' title='bbox 3097 3316 3267 3387; x_wconf 89' lang='lat' dir='ltr'>jussit</span> <span class='ocrx_word' id='word_1_676' title='bbox 3314 3317 3571 3388; x_wconf 62' lang='lat' dir='ltr'>pra~bere</span> <span class='ocrx_word' id='word_1_677' title='bbox 3621 3333 3633 3369; x_wconf 89' lang='lat'><strong>:</strong></span> <span class='ocrx_word' id='word_1_678' title='bbox 3688 3316 3905 3380; x_wconf 78' lang='lat' dir='ltr'>Fugiunt</span> 
     </span>
    </p>
   </div>
   <div class='ocr_carea' id='block_1_94' title="bbox 2222 3400 3902 3475">
    <p class='ocr_par' dir='ltr' id='par_1_94' title="bbox 2222 3400 3902 3475">
     <span class='ocr_line' id='line_1_95' title="bbox 2222 3400 3902 3475; baseline -0.002 -17"><span class='ocrx_word' id='word_1_679' title='bbox 2222 3405 2286 3458; x_wconf 82' lang='lat' dir='ltr'>de</span> <span class='ocrx_word' id='word_1_680' title='bbox 2317 3422 2427 3459; x_wconf 83' lang='lat' dir='ltr'>una</span> <span class='ocrx_word' id='word_1_681' title='bbox 2472 3408 2695 3461; x_wconf 79' lang='lat' dir='ltr'>civitate</span> <span class='ocrx_word' id='word_1_682' title='bbox 2738 3409 2797 3459; x_wconf 76' lang='lat' dir='ltr'>in</span> <span class='ocrx_word' id='word_1_683' title='bbox 2843 3407 3010 3458; x_wconf 81' lang='lat' dir='ltr'>aliam</span> <span class='ocrx_word' id='word_1_684' title='bbox 3061 3405 3276 3475; x_wconf 79' lang='lat' dir='ltr'>(Matth.</span> <span class='ocrx_word' id='word_1_685' title='bbox 3322 3422 3373 3471; x_wconf 83' lang='lat' dir='ltr'>x,</span> <span class='ocrx_word' id='word_1_686' title='bbox 3406 3407 3514 3470; x_wconf 83' lang='lat'>23),</span> <span class='ocrx_word' id='word_1_687' title='bbox 3550 3400 3902 3475; x_wconf 74' lang='lat' dir='ltr'>praedicando</span> 
     </span>
    </p>
   </div>
   <div class='ocr_carea' id='block_1_95' title="bbox 2222 3489 3904 3564">
    <p class='ocr_par' dir='ltr' id='par_1_95' title="bbox 2222 3489 3904 3564">
     <span class='ocr_line' id='line_1_96' title="bbox 2222 3489 3904 3564; baseline -0.002 -21"><span class='ocrx_word' id='word_1_688' title='bbox 2222 3510 2351 3563; x_wconf 71' lang='lat' dir='ltr'>quas</span> <span class='ocrx_word' id='word_1_689' title='bbox 2390 3511 2521 3547; x_wconf 89' lang='lat' dir='ltr'>vera</span> <span class='ocrx_word' id='word_1_690' title='bbox 2553 3500 2687 3547; x_wconf 91' lang='lat' dir='ltr'>sunt</span> <span class='ocrx_word' id='word_1_691' title='bbox 2717 3500 2773 3549; x_wconf 90' lang='lat' dir='ltr'>et</span> <span class='ocrx_word' id='word_1_692' title='bbox 2804 3495 3068 3560; x_wconf 89' lang='lat' dir='ltr'>honesta,</span> <span class='ocrx_word' id='word_1_693' title='bbox 3109 3511 3243 3561; x_wconf 90' lang='lat' dir='ltr'>non,</span> <span class='ocrx_word' id='word_1_694' title='bbox 3278 3494 3430 3564; x_wconf 92' lang='lat' dir='ltr'>quod</span> <span class='ocrx_word' id='word_1_695' title='bbox 3472 3494 3641 3558; x_wconf 88' lang='lat' dir='ltr'>adsit,</span> <span class='ocrx_word' id='word_1_696' title='bbox 3676 3489 3904 3560; x_wconf 86' lang='lat' dir='ltr'>legendo</span> 
     </span>
    </p>
   </div>
   <div class='ocr_carea' id='block_1_96' title="bbox 2222 3583 3906 3652">
    <p class='ocr_par' dir='ltr' id='par_1_96' title="bbox 2222 3583 3906 3652">
     <span class='ocr_line' id='line_1_97' title="bbox 2222 3583 3906 3652; baseline -0.003 -18"><span class='ocrx_word' id='word_1_697' title='bbox 2222 3598 2348 3651; x_wconf 66' lang='lat' dir='ltr'>quas</span> <span class='ocrx_word' id='word_1_698' title='bbox 2382 3586 2573 3635; x_wconf 90' lang='lat' dir='ltr'>sancta</span> <span class='ocrx_word' id='word_1_699' title='bbox 2603 3587 2735 3635; x_wconf 92' lang='lat' dir='ltr'>sunt</span> <span class='ocrx_word' id='word_1_700' title='bbox 2764 3586 2820 3635; x_wconf 89' lang='lat' dir='ltr'>et</span> <span class='ocrx_word' id='word_1_701' title='bbox 2862 3583 3135 3635; x_wconf 88' lang='lat' dir='ltr'>modesta.</span> <span class='ocrx_word' id='word_1_702' title='bbox 3180 3583 3277 3635; x_wconf 91' lang='lat' dir='ltr'>Isti</span> <span class='ocrx_word' id='word_1_703' title='bbox 3321 3598 3576 3652; x_wconf 88' lang='lat' dir='ltr'>namque</span> <span class='ocrx_word' id='word_1_704' title='bbox 3613 3586 3744 3634; x_wconf 90' lang='lat' dir='ltr'>sunt</span> <span class='ocrx_word' id='word_1_705' title='bbox 3774 3593 3906 3649; x_wconf 65' lang='lat' dir='ltr'>prm-</span> 
     </span>
    </p>
   </div>
   <div class='ocr_carea' id='block_1_97' title="bbox 2220 3664 3907 3741">
    <p class='ocr_par' dir='ltr' id='par_1_97' title="bbox 2220 3664 3907 3741">
     <span class='ocr_line' id='line_1_98' title="bbox 2220 3664 3907 3741; baseline -0.005 -17"><span class='ocrx_word' id='word_1_706' title='bbox 2220 3671 2370 3740; x_wconf 88' lang='lat' dir='ltr'>cipui</span> <span class='ocrx_word' id='word_1_707' title='bbox 2401 3670 2767 3741; x_wconf 74' lang='lat' dir='ltr'>prmconandi</span> <span class='ocrx_word' id='word_1_708' title='bbox 2811 3671 3093 3724; x_wconf 86' lang='lat' dir='ltr'>universis</span> <span class='ocrx_word' id='word_1_709' title='bbox 3131 3670 3352 3724; x_wconf 67' lang='lat' dir='ltr'>saeculis</span> <span class='ocrx_word' id='word_1_710' title='bbox 3384 3671 3552 3723; x_wconf 87' lang='lat' dir='ltr'>laude</span> <span class='ocrx_word' id='word_1_711' title='bbox 3583 3686 3700 3723; x_wconf 90' lang='lat' dir='ltr'>non</span> <span class='ocrx_word' id='word_1_712' title='bbox 3734 3664 3907 3720; x_wconf 87' lang='lat' dir='ltr'>media</span> 
     </span>
    </p>
   </div>
   <div class='ocr_carea' id='block_1_98' title="bbox 2220 3758 3904 3829">
    <p class='ocr_par' dir='ltr' id='par_1_98' title="bbox 2220 3758 3904 3829">
     <span class='ocr_line' id='line_1_99' title="bbox 2220 3758 3904 3829; baseline -0.002 -18"><span class='ocrx_word' id='word_1_713' title='bbox 2220 3759 2462 3829; x_wconf 89' lang='lat' dir='ltr'>fugitivi,</span> <span class='ocrx_word' id='word_1_714' title='bbox 2498 3758 2598 3829; x_wconf 91' lang='lat' dir='ltr'>qui</span> <span class='ocrx_word' id='word_1_715' title='bbox 2638 3759 2768 3812; x_wconf 91' lang='lat' dir='ltr'>licet</span> <span class='ocrx_word' id='word_1_716' title='bbox 2809 3758 3132 3812; x_wconf 90' lang='lat' dir='ltr'>meticulosi</span> <span class='ocrx_word' id='word_1_717' title='bbox 3171 3763 3224 3812; x_wconf 90' lang='lat' dir='ltr'>et</span> <span class='ocrx_word' id='word_1_718' title='bbox 3262 3758 3549 3829; x_wconf 83' lang='lat' dir='ltr'>fugientes</span> <span class='ocrx_word' id='word_1_719' title='bbox 3583 3758 3904 3828; x_wconf 79' lang='lat' dir='ltr'>appareant,</span> 
     </span>
    </p>
   </div>
   <div class='ocr_carea' id='block_1_99' title="bbox 2220 3845 3909 3916">
    <p class='ocr_par' dir='ltr' id='par_1_99' title="bbox 2220 3845 3909 3916">
     <span class='ocr_line' id='line_1_100' title="bbox 2220 3845 3909 3916; baseline -0.004 -17"><span class='ocrx_word' id='word_1_720' title='bbox 2220 3854 2409 3901; x_wconf 89' lang='lat' dir='ltr'>tamen</span> <span class='ocrx_word' id='word_1_721' title='bbox 2453 3863 2556 3916; x_wconf 90' lang='lat' dir='ltr'>per</span> <span class='ocrx_word' id='word_1_722' title='bbox 2602 3852 2782 3900; x_wconf 91' lang='lat' dir='ltr'>totum</span> <span class='ocrx_word' id='word_1_723' title='bbox 2834 3847 3032 3899; x_wconf 89' lang='lat' dir='ltr'>orbem</span> <span class='ocrx_word' id='word_1_724' title='bbox 3082 3852 3374 3916; x_wconf 88' lang='lat' dir='ltr'>vagantes,</span> <span class='ocrx_word' id='word_1_725' title='bbox 3409 3852 3464 3899; x_wconf 91' lang='lat' dir='ltr'>et</span> <span class='ocrx_word' id='word_1_726' title='bbox 3501 3847 3664 3900; x_wconf 89' lang='lat' dir='ltr'>velut</span> <span class='ocrx_word' id='word_1_727' title='bbox 3695 3845 3909 3913; x_wconf 88' lang='lat' dir='ltr'>fulgura</span> 
     </span>
    </p>
   </div>
   <div class='ocr_carea' id='block_1_100' title="bbox 2220 3932 3909 4003">
    <p class='ocr_par' dir='ltr' id='par_1_100' title="bbox 2220 3932 3909 4003">
     <span class='ocr_line' id='line_1_101' title="bbox 2220 3932 3909 4003; baseline -0.006 -13"><span class='ocrx_word' id='word_1_728' title='bbox 2220 3936 2627 3999; x_wconf 86' lang='lat' dir='ltr'>discurrentes,</span> <span class='ocrx_word' id='word_1_729' title='bbox 2680 3934 3094 3988; x_wconf 88' lang='lat' dir='ltr'>misericordias</span> <span class='ocrx_word' id='word_1_730' title='bbox 3136 3934 3361 3987; x_wconf 91' lang='lat' dir='ltr'>Domini</span> <span class='ocrx_word' id='word_1_731' title='bbox 3404 3934 3464 3987; x_wconf 91' lang='lat' dir='ltr'>in</span> <span class='ocrx_word' id='word_1_732' title='bbox 3509 3932 3818 4003; x_wconf 85' lang='lat' dir='ltr'>synagogis</span> <span class='ocrx_word' id='word_1_733' title='bbox 3860 3933 3909 3981; x_wconf 88' lang='lat' dir='ltr'>et</span> 
     </span>
    </p>
   </div>
   <div class='ocr_carea' id='block_1_101' title="bbox 2217 4018 3909 4095">
    <p class='ocr_par' dir='ltr' id='par_1_101' title="bbox 2217 4018 3909 4095">
     <span class='ocr_line' id='line_1_102' title="bbox 2217 4018 3909 4095; baseline -0.005 -17"><span class='ocrx_word' id='word_1_734' title='bbox 2217 4026 2566 4095; x_wconf 90' lang='lat' dir='ltr'>populorum</span> <span class='ocrx_word' id='word_1_735' title='bbox 2613 4030 2899 4077; x_wconf 89' lang='lat' dir='ltr'>conventu</span> <span class='ocrx_word' id='word_1_736' title='bbox 2948 4028 3258 4088; x_wconf 83' lang='lat' dir='ltr'>cantantes,</span> <span class='ocrx_word' id='word_1_737' title='bbox 3311 4023 3521 4076; x_wconf 87' lang='lat' dir='ltr'>diserta</span> <span class='ocrx_word' id='word_1_738' title='bbox 3580 4029 3638 4077; x_wconf 93' lang='lat' dir='ltr'>et</span> <span class='ocrx_word' id='word_1_739' title='bbox 3693 4018 3909 4091; x_wconf 83' lang='lat' dir='ltr'>egregia</span> 
     </span>
    </p>
   </div>
   <div class='ocr_carea' id='block_1_102' title="bbox 2218 4109 3911 4183">
    <p class='ocr_par' dir='ltr' id='par_1_102' title="bbox 2218 4109 3911 4183">
     <span class='ocr_line' id='line_1_103' title="bbox 2218 4109 3911 4183; baseline -0.004 -18"><span class='ocrx_word' id='word_1_740' title='bbox 2218 4113 2417 4182; x_wconf 69' lang='lat' dir='ltr'>lingua</span> <span class='ocrx_word' id='word_1_741' title='bbox 2446 4111 2747 4183; x_wconf 85' lang='lat' dir='ltr'>proferunt</span> <span class='ocrx_word' id='word_1_742' title='bbox 2788 4113 2942 4182; x_wconf 92' lang='lat' dir='ltr'>quod</span> <span class='ocrx_word' id='word_1_743' title='bbox 2989 4112 3267 4183; x_wconf 89' lang='lat' dir='ltr'>proﬁcere</span> <span class='ocrx_word' id='word_1_744' title='bbox 3312 4112 3519 4165; x_wconf 85' lang='lat' dir='ltr'>sanctis</span> <span class='ocrx_word' id='word_1_745' title='bbox 3560 4109 3911 4165; x_wconf 86' lang='lat' dir='ltr'>auditoribus</span> 
     </span>
    </p>
   </div>
   <div class='ocr_carea' id='block_1_103' title="bbox 2220 4195 3908 4271">
    <p class='ocr_par' dir='ltr' id='par_1_103' title="bbox 2220 4195 3908 4271">
     <span class='ocr_line' id='line_1_104' title="bbox 2220 4195 3908 4271; baseline -0.004 -16"><span class='ocrx_word' id='word_1_746' title='bbox 2220 4202 2424 4255; x_wconf 89' lang='lat' dir='ltr'>sciunt.</span> <span class='ocrx_word' id='word_1_747' title='bbox 2463 4201 2823 4269; x_wconf 77' lang='lat' dir='ltr'>Eﬁ&#39;ugantur,</span> <span class='ocrx_word' id='word_1_748' title='bbox 2856 4206 2916 4255; x_wconf 90' lang='lat' dir='ltr'>ut</span> <span class='ocrx_word' id='word_1_749' title='bbox 2952 4202 3241 4271; x_wconf 86' lang='lat' dir='ltr'>magnalia</span> <span class='ocrx_word' id='word_1_750' title='bbox 3274 4200 3500 4255; x_wconf 91' lang='lat' dir='ltr'>Domini</span> <span class='ocrx_word' id='word_1_751' title='bbox 3530 4205 3791 4261; x_wconf 82' lang='lat' dir='ltr'>taceant;</span> <span class='ocrx_word' id='word_1_752' title='bbox 3822 4195 3908 4249; x_wconf 86' lang='lat' dir='ltr'>sed</span> 
     </span>
    </p>
   </div>
   <div class='ocr_carea' id='block_1_104' title="bbox 2219 4288 3911 4360">
    <p class='ocr_par' dir='ltr' id='par_1_104' title="bbox 2219 4288 3911 4360">
     <span class='ocr_line' id='line_1_105' title="bbox 2219 4288 3911 4360; baseline -0.004 -17"><span class='ocrx_word' id='word_1_753' title='bbox 2219 4291 2571 4360; x_wconf 90' lang='lat' dir='ltr'>amplectunt</span> <span class='ocrx_word' id='word_1_754' title='bbox 2612 4289 2899 4354; x_wconf 79' lang='lat' dir='ltr'>exsilium,</span> <span class='ocrx_word' id='word_1_755' title='bbox 2950 4294 3015 4342; x_wconf 91' lang='lat' dir='ltr'>ut</span> <span class='ocrx_word' id='word_1_756' title='bbox 3058 4289 3327 4342; x_wconf 83' lang='lat' dir='ltr'>libentius</span> <span class='ocrx_word' id='word_1_757' title='bbox 3367 4304 3493 4359; x_wconf 60' lang='lat' dir='ltr'>qua</span> <span class='ocrx_word' id='word_1_758' title='bbox 3533 4288 3911 4356; x_wconf 86' lang='lat' dir='ltr'>prohibentur</span> 
     </span>
    </p>
   </div>
   <div class='ocr_carea' id='block_1_105' title="bbox 2220 4370 3909 4447">
    <p class='ocr_par' dir='ltr' id='par_1_105' title="bbox 2220 4370 3909 4447">
     <span class='ocr_line' id='line_1_106' title="bbox 2220 4370 3909 4447; baseline -0.004 -17"><span class='ocrx_word' id='word_1_759' title='bbox 2220 4394 2335 4430; x_wconf 93' lang='lat' dir='ltr'>non</span> <span class='ocrx_word' id='word_1_760' title='bbox 2367 4377 2469 4431; x_wconf 90' lang='lat' dir='ltr'>uni</span> <span class='ocrx_word' id='word_1_761' title='bbox 2506 4377 2686 4447; x_wconf 84' lang='lat' dir='ltr'>genti,</span> <span class='ocrx_word' id='word_1_762' title='bbox 2721 4377 2817 4430; x_wconf 92' lang='lat' dir='ltr'>sed</span> <span class='ocrx_word' id='word_1_763' title='bbox 2849 4377 3091 4430; x_wconf 87' lang='lat' dir='ltr'>diversis</span> <span class='ocrx_word' id='word_1_764' title='bbox 3131 4375 3463 4430; x_wconf 90' lang='lat' dir='ltr'>nationibus</span> <span class='ocrx_word' id='word_1_765' title='bbox 3504 4376 3724 4429; x_wconf 86' lang='lat' dir='ltr'>dicant.</span> <span class='ocrx_word' id='word_1_766' title='bbox 3760 4370 3909 4438; x_wconf 87' lang='lat' dir='ltr'>Quod</span> 
     </span>
    </p>
   </div>
   <div class='ocr_carea' id='block_1_106' title="bbox 2215 4459 3910 4534">
    <p class='ocr_par' dir='ltr' id='par_1_106' title="bbox 2215 4459 3910 4534">
     <span class='ocr_line' id='line_1_107' title="bbox 2215 4459 3910 4534; baseline -0.005 -14"><span class='ocrx_word' id='word_1_767' title='bbox 2215 4483 2287 4520; x_wconf 89' lang='lat' dir='ltr'>ne</span> <span class='ocrx_word' id='word_1_768' title='bbox 2322 4471 2575 4519; x_wconf 90' lang='lat' dir='ltr'>nostrum</span> <span class='ocrx_word' id='word_1_769' title='bbox 2618 4466 2876 4519; x_wconf 87' lang='lat' dir='ltr'>videatur</span> <span class='ocrx_word' id='word_1_770' title='bbox 2913 4470 3096 4518; x_wconf 90' lang='lat' dir='ltr'>totum</span> <span class='ocrx_word' id='word_1_771' title='bbox 3139 4481 3258 4517; x_wconf 91' lang='lat' dir='ltr'>esse</span> <span class='ocrx_word' id='word_1_772' title='bbox 3293 4465 3445 4534; x_wconf 89' lang='lat' dir='ltr'>quod</span> <span class='ocrx_word' id='word_1_773' title='bbox 3478 4464 3751 4529; x_wconf 86' lang='lat' dir='ltr'>dicimus,</span> <span class='ocrx_word' id='word_1_774' title='bbox 3785 4459 3910 4531; x_wconf 89' lang='lat' dir='ltr'>quid</span> 
     </span>
    </p>
   </div>
   <div class='ocr_carea' id='block_1_107' title="bbox 2217 4548 3910 4622">
    <p class='ocr_par' dir='ltr' id='par_1_107' title="bbox 2217 4548 3910 4622">
     <span class='ocr_line' id='line_1_108' title="bbox 2217 4548 3910 4622; baseline -0.004 -17"><span class='ocrx_word' id='word_1_775' title='bbox 2217 4554 2515 4607; x_wconf 89' lang='lat' dir='ltr'>nobiscum</span> <span class='ocrx_word' id='word_1_776' title='bbox 2562 4553 2696 4607; x_wconf 90' lang='lat' dir='ltr'>inde</span> <span class='ocrx_word' id='word_1_777' title='bbox 2730 4557 2956 4605; x_wconf 89' lang='lat' dir='ltr'>sanctus</span> <span class='ocrx_word' id='word_1_778' title='bbox 2994 4553 3092 4605; x_wconf 91' lang='lat' dir='ltr'>ille</span> <span class='ocrx_word' id='word_1_779' title='bbox 3138 4557 3193 4605; x_wconf 91' lang='lat' dir='ltr'>et</span> <span class='ocrx_word' id='word_1_780' title='bbox 3222 4553 3457 4622; x_wconf 73' lang='lat' dir='ltr'>abyssus</span> <span class='ocrx_word' id='word_1_781' title='bbox 3498 4551 3759 4605; x_wconf 76' lang='lat' dir='ltr'>scientiae</span> <span class='ocrx_word' id='word_1_782' title='bbox 3792 4548 3910 4601; x_wconf 85' lang='lat' dir='ltr'>Hie-</span> 
     </span>
    </p>
   </div>
   <div class='ocr_carea' id='block_1_108' title="bbox 2218 4639 3911 4712">
    <p class='ocr_par' dir='ltr' id='par_1_108' title="bbox 2218 4639 3911 4712">
     <span class='ocr_line' id='line_1_109' title="bbox 2218 4639 3911 4712; baseline -0.003 -17"><span class='ocrx_word' id='word_1_783' title='bbox 2218 4658 2490 4712; x_wconf 76' lang='lat' dir='ltr'>ronymus</span> <span class='ocrx_word' id='word_1_784' title='bbox 2528 4642 2737 4694; x_wconf 86' lang='lat' dir='ltr'>sentiat</span> <span class='ocrx_word' id='word_1_785' title='bbox 2767 4641 3147 4711; x_wconf 88' lang='lat' dir='ltr'>proferamus.</span> <span class='ocrx_word' id='word_1_786' title='bbox 3194 4642 3326 4705; x_wconf 84' lang='lat' dir='ltr'>Hoc,</span> <span class='ocrx_word' id='word_1_787' title='bbox 3360 4641 3456 4700; x_wconf 85' lang='lat' dir='ltr'>ait,</span> <span class='ocrx_word' id='word_1_788' title='bbox 3492 4640 3561 4693; x_wconf 90' lang='lat' dir='ltr'>ad</span> <span class='ocrx_word' id='word_1_789' title='bbox 3596 4639 3745 4693; x_wconf 91' lang='lat' dir='ltr'>illud</span> <span class='ocrx_word' id='word_1_790' title='bbox 3777 4642 3911 4690; x_wconf 87' lang='lat' dir='ltr'>tem-</span> 
     </span>
    </p>
   </div>
   <div class='ocr_carea' id='block_1_109' title="bbox 2218 4721 3911 4801">
    <p class='ocr_par' dir='ltr' id='par_1_109' title="bbox 2218 4721 3911 4801">
     <span class='ocr_line' id='line_1_110' title="bbox 2218 4721 3911 4801; baseline -0.006 -18"><span class='ocrx_word' id='word_1_791' title='bbox 2218 4748 2325 4801; x_wconf 89' lang='lat' dir='ltr'>pus</span> <span class='ocrx_word' id='word_1_792' title='bbox 2356 4730 2778 4800; x_wconf 75' lang='lat' dir='ltr'>praeferendum</span> <span class='ocrx_word' id='word_1_793' title='bbox 2810 4735 2911 4794; x_wconf 89' lang='lat' dir='ltr'>est,</span> <span class='ocrx_word' id='word_1_794' title='bbox 2938 4745 3066 4781; x_wconf 91' lang='lat' dir='ltr'>cum</span> <span class='ocrx_word' id='word_1_795' title='bbox 3091 4729 3156 4783; x_wconf 91' lang='lat' dir='ltr'>ad</span> <span class='ocrx_word' id='word_1_796' title='bbox 3183 4729 3651 4799; x_wconf 60' lang='lat' dir='ltr'>prmdicationem</span> <span class='ocrx_word' id='word_1_797' title='bbox 3680 4721 3911 4796; x_wconf 88' lang='lat' dir='ltr'>apostoli</span> 
     </span>
    </p>
   </div>
   <div class='ocr_carea' id='block_1_110' title="bbox 2218 4813 3913 4887">
    <p class='ocr_par' dir='ltr' id='par_1_110' title="bbox 2218 4813 3913 4887">
     <span class='ocr_line' id='line_1_111' title="bbox 2218 4813 3913 4887; baseline -0.007 -14"><span class='ocrx_word' id='word_1_798' title='bbox 2218 4820 2601 4883; x_wconf 83' lang='lat' dir='ltr'>mitterentur,</span> <span class='ocrx_word' id='word_1_799' title='bbox 2644 4817 2852 4887; x_wconf 84' lang='lat' dir='ltr'>quibus</span> <span class='ocrx_word' id='word_1_800' title='bbox 2894 4823 2951 4871; x_wconf 93' lang='lat' dir='ltr'>et</span> <span class='ocrx_word' id='word_1_801' title='bbox 2994 4818 3227 4887; x_wconf 88' lang='lat' dir='ltr'>proprie</span> <span class='ocrx_word' id='word_1_802' title='bbox 3269 4817 3480 4869; x_wconf 90' lang='lat' dir='ltr'>dictum</span> <span class='ocrx_word' id='word_1_803' title='bbox 3516 4821 3603 4869; x_wconf 90' lang='lat' dir='ltr'>est</span> <span class='ocrx_word' id='word_1_804' title='bbox 3641 4832 3653 4868; x_wconf 93' lang='lat'><strong>:</strong></span> <span class='ocrx_word' id='word_1_805' title='bbox 3698 4816 3765 4869; x_wconf 84' lang='lat' dir='ltr'>In</span> <span class='ocrx_word' id='word_1_806' title='bbox 3804 4813 3913 4866; x_wconf 68' lang='lat' dir='ltr'>eius</span> 
     </span>
    </p>
   </div>
   <div class='ocr_carea' id='block_1_111' title="bbox 2217 4906 3911 4975">
    <p class='ocr_par' dir='ltr' id='par_1_111' title="bbox 2217 4906 3911 4975">
     <span class='ocr_line' id='line_1_112' title="bbox 2217 4906 3911 4975; baseline -0.005 -15"><span class='ocrx_word' id='word_1_807' title='bbox 2217 4910 2457 4975; x_wconf 79' lang='lat' dir='ltr'>gentium</span> <span class='ocrx_word' id='word_1_808' title='bbox 2506 4923 2571 4959; x_wconf 88' lang='lat' dir='ltr'>ne</span> <span class='ocrx_word' id='word_1_809' title='bbox 2613 4906 2878 4973; x_wconf 75' lang='lat' dir='ltr'>abieritis,</span> <span class='ocrx_word' id='word_1_810' title='bbox 2929 4910 2979 4959; x_wconf 84' lang='lat' dir='ltr'>et</span> <span class='ocrx_word' id='word_1_811' title='bbox 3035 4908 3093 4958; x_wconf 80' lang='lat' dir='ltr'>in</span> <span class='ocrx_word' id='word_1_812' title='bbox 3142 4908 3389 4959; x_wconf 77' lang='lat' dir='ltr'>civitates</span> <span class='ocrx_word' id='word_1_813' title='bbox 3439 4907 3911 4959; x_wconf 79' lang='lat' dir='ltr'>Samaritanorum</span> 
     </span>
    </p>
   </div>
   <div class='ocr_carea' id='block_1_112' title="bbox 2217 4991 3915 5063">
    <p class='ocr_par' dir='ltr' id='par_1_112' title="bbox 2217 4991 3915 5063">
     <span class='ocr_line' id='line_1_113' title="bbox 2217 4991 3915 5063; baseline -0.005 -14"><span class='ocrx_word' id='word_1_814' title='bbox 2217 5012 2322 5049; x_wconf 86' lang='lat' dir='ltr'>non</span> <span class='ocrx_word' id='word_1_815' title='bbox 2372 4998 2711 5049; x_wconf 79' lang='lat' dir='ltr'>intraveritis</span> <span class='ocrx_word' id='word_1_816' title='bbox 2754 4995 2968 5063; x_wconf 83' lang='lat' dir='ltr'>(Matth.</span> <span class='ocrx_word' id='word_1_817' title='bbox 3022 5009 3076 5059; x_wconf 84' lang='lat' dir='ltr'>x,</span> <span class='ocrx_word' id='word_1_818' title='bbox 3128 4996 3200 5059; x_wconf 80' lang='grc'>5),</span> <span class='ocrx_word' id='word_1_819' title='bbox 3249 4992 3404 5063; x_wconf 89' lang='lat' dir='ltr'>quod</span> <span class='ocrx_word' id='word_1_820' title='bbox 3452 4991 3915 5062; x_wconf 84' lang='lat' dir='ltr'>persecutionem</span> 
     </span>
    </p>
   </div>
   <div class='ocr_carea' id='block_1_113' title="bbox 2218 5076 3914 5147">
    <p class='ocr_par' dir='ltr' id='par_1_113' title="bbox 2218 5076 3914 5147">
     <span class='ocr_line' id='line_1_114' title="bbox 2218 5076 3914 5147; baseline -0.005 -9"><span class='ocrx_word' id='word_1_821' title='bbox 2218 5085 2420 5139; x_wconf 91' lang='lat' dir='ltr'>timere</span> <span class='ocrx_word' id='word_1_822' title='bbox 2451 5100 2567 5137; x_wconf 90' lang='lat' dir='ltr'>non</span> <span class='ocrx_word' id='word_1_823' title='bbox 2597 5084 2842 5137; x_wconf 85' lang='lat' dir='ltr'>debeant</span> <span class='ocrx_word' id='word_1_824' title='bbox 2881 5087 2939 5135; x_wconf 90' lang='lat' dir='ltr'>et</span> <span class='ocrx_word' id='word_1_825' title='bbox 2966 5082 3211 5136; x_wconf 90' lang='lat' dir='ltr'>debeant</span> <span class='ocrx_word' id='word_1_826' title='bbox 3250 5082 3554 5135; x_wconf 90' lang='lat' dir='ltr'>declinare.</span> <span class='ocrx_word' id='word_1_827' title='bbox 3593 5081 3762 5144; x_wconf 85' lang='lat' dir='ltr'>Quod</span> <span class='ocrx_word' id='word_1_828' title='bbox 3797 5076 3914 5147; x_wconf 86' lang='lat' dir='ltr'>qui-</span> 
     </span>
    </p>
   </div>
   <div class='ocr_carea' id='block_1_114' title="bbox 2218 5164 3915 5239">
    <p class='ocr_par' dir='ltr' id='par_1_114' title="bbox 2218 5164 3915 5239">
     <span class='ocr_line' id='line_1_115' title="bbox 2218 5164 3915 5239; baseline -0.005 -13"><span class='ocrx_word' id='word_1_829' title='bbox 2218 5171 2348 5226; x_wconf 90' lang='lat' dir='ltr'>dem</span> <span class='ocrx_word' id='word_1_830' title='bbox 2378 5172 2639 5224; x_wconf 89' lang='lat' dir='ltr'>videmus</span> <span class='ocrx_word' id='word_1_831' title='bbox 2668 5170 2726 5223; x_wconf 89' lang='lat' dir='ltr'>in</span> <span class='ocrx_word' id='word_1_832' title='bbox 2761 5169 3045 5239; x_wconf 85' lang='lat' dir='ltr'>principio</span> <span class='ocrx_word' id='word_1_833' title='bbox 3082 5170 3280 5223; x_wconf 87' lang='lat' dir='ltr'>fecisse</span> <span class='ocrx_word' id='word_1_834' title='bbox 3311 5170 3629 5231; x_wconf 89' lang='lat' dir='ltr'>credentes,</span> <span class='ocrx_word' id='word_1_835' title='bbox 3667 5164 3915 5239; x_wconf 90' lang='lat' dir='ltr'>quando,</span> 
     </span>
    </p>
   </div>
   <div class='ocr_carea' id='block_1_115' title="bbox 2219 5252 3919 5329">
    <p class='ocr_par' dir='ltr' id='par_1_115' title="bbox 2219 5252 3919 5329">
     <span class='ocr_line' id='line_1_116' title="bbox 2219 5252 3919 5329; baseline -0.005 -16"><span class='ocrx_word' id='word_1_836' title='bbox 2219 5265 2344 5313; x_wconf 88' lang='lat' dir='ltr'>orta</span> <span class='ocrx_word' id='word_1_837' title='bbox 2375 5258 2783 5328; x_wconf 79' lang='lat' dir='ltr'>Hierosolymis</span> <span class='ocrx_word' id='word_1_838' title='bbox 2813 5258 3237 5328; x_wconf 87' lang='lat' dir='ltr'>persecutione,</span> <span class='ocrx_word' id='word_1_839' title='bbox 3269 5257 3509 5329; x_wconf 87' lang='lat' dir='ltr'>dispersi</span> <span class='ocrx_word' id='word_1_840' title='bbox 3535 5262 3677 5310; x_wconf 89' lang='lat' dir='ltr'>sunt</span> <span class='ocrx_word' id='word_1_841' title='bbox 3714 5257 3771 5309; x_wconf 92' lang='lat' dir='ltr'>in</span> <span class='ocrx_word' id='word_1_842' title='bbox 3807 5252 3919 5306; x_wconf 85' lang='lat' dir='ltr'>uni-</span> 
     </span>
    </p>
   </div>
   <div class='ocr_carea' id='block_1_116' title="bbox 2289 5411 2733 5476">
    <p class='ocr_par' dir='ltr' id='par_1_116' title="bbox 2289 5411 2733 5476">
     <span class='ocr_line' id='line_1_117' title="bbox 2289 5411 2733 5476; baseline -0.005 -12"><span class='ocrx_word' id='word_1_843' title='bbox 2289 5411 2315 5453; x_wconf 74' lang='grc' dir='ltr'>ἀ</span> <span class='ocrx_word' id='word_1_844' title='bbox 2345 5411 2466 5476; x_wconf 85' lang='lat' dir='ltr'>Ms.,</span> <span class='ocrx_word' id='word_1_845' title='bbox 2497 5412 2733 5465; x_wconf 80' lang='lat' dir='ltr'>veracia.</span> 
     </span>
    </p>
   </div>
   <div class='ocr_carea' id='block_1_117' title="bbox 2291 5481 2827 5550">
    <p class='ocr_par' dir='ltr' id='par_1_117' title="bbox 2291 5481 2827 5550">
     <span class='ocr_line' id='line_1_118' title="bbox 2291 5481 2827 5550; baseline 0.002 -16"><span class='ocrx_word' id='word_1_846' title='bbox 2291 5490 2311 5515; x_wconf 76' lang='grc' dir='ltr'>ε’</span> <span class='ocrx_word' id='word_1_847' title='bbox 2348 5482 2508 5535; x_wconf 84' lang='lat' dir='ltr'>Forte</span> <span class='ocrx_word' id='word_1_848' title='bbox 2539 5481 2827 5550; x_wconf 84' lang='lat' dir='ltr'>majorum.</span> 
     </span>
    </p>
   </div>
   <div class='ocr_carea' id='block_1_118' title="bbox 2294 5551 2827 5606">
    <p class='ocr_par' dir='ltr' id='par_1_118' title="bbox 2294 5551 2827 5606">
     <span class='ocr_line' id='line_1_119' title="bbox 2294 5551 2827 5606; baseline -0.002 -1"><span class='ocrx_word' id='word_1_849' title='bbox 2294 5551 2310 5584; x_wconf 72' lang='grc' dir='ltr'><em>τ</em></span> <span class='ocrx_word' id='word_1_850' title='bbox 2347 5553 2511 5606; x_wconf 85' lang='lat' dir='ltr'>Forte</span> <span class='ocrx_word' id='word_1_851' title='bbox 2540 5553 2827 5606; x_wconf 79' lang='lat' dir='ltr'>discutere.</span> 
     </span>
    </p>
   </div>
  </div>
