4098 6180
209 270 289 317 317
1513 262 1885 318 INDICULUS
1928 262 2333 320 LUMINDSUS.
2910 322 2913 325 ,
3562 278 3663 326 Zil8

207 414 340 452 versa
364 396 548 460 Judea,
578 400 642 448 ut
676 395 1057 450 tribulationis
1090 395 1308 449 occasio
1354 395 1513 449 ﬁeret
1559 395 1853 461 Evangelii
1888 398 1937 449 Α
1967 397 2147 451 animi
2176 397 2353 451 virtus
2385 399 2633 455 inererat
2675 401 2873 467 libera,
2908 419 3013 457 nec
3060 404 3394 459 meticulosa
3424 406 3665 460 fantasia

209 487 561 542 seminarium.
613 486 1063 541 Animadvertite
1096 492 1151 538 et
1185 486 1515 557 diligentius
1545 487 1712 541 corde
1744 492 1859 539 tra-

208 582 328 630 ctate
383 576 506 645 quia
560 575 777 627 nullam
838 575 910 628 ob
970 575 1141 628 aliam
1199 591 1426 628 causam
1474 576 1697 645 jussum
1778 580 1863 627 est

208 664 444 733 apostolis
492 663 797 727 declinare,
835 663 945 716 nisi
1000 670 1065 716 ut
1128 663 1348 716 occasio
1404 664 1703 717 secedendi
1774 680 1861 716 se-

208 751 477 806 minarium
511 752 569 804 in
620 751 898 804 universis
930 751 1164 805 urbibus
1224 752 1387 804 fieret
1419 752 1599 819 regni.
1634 753 1863 804 Poterat

209 841 337 894 enim
377 856 537 893 verus
588 839 870 908 Magister,
939 838 984 892 si
1039 846 1294 892 vestrum
1346 839 1615 909 frigidum
1668 840 1862 907 algore

205 928 366 983 divino
394 932 654 997 sequeret
682 928 1055 992 intellectum,
1108 928 1295 981 dicere
1329 945 1344 980 :
1376 928 1681 981 Veritatem
1727 944 1861 996 sup-

203 1016 727 1087 primite,justitiam
770 1017 1068 1081 occultate,
1115 1022 1170 1069 et
1215 1033 1341 1086 quae
1384 1032 1518 1069 vera
1567 1020 1717 1080 sunt,
1765 1016 1861 1069 ubi

202 1106 349 1159 timor
397 1108 641 1157 vestrum
695 1106 1044 1157 concusserit
1087 1120 1342 1166 sensum,
1399 1106 1569 1158 corde
1639 1106 1862 1158 solum-

199 1195 344 1248 modo
390 1193 652 1258 retinete,
716 1198 779 1245 ut
851 1193 1053 1247 vivatis
1108 1194 1267 1248 nullo
1316 1197 1572 1248 terrente
1633 1194 1857 1248 securi:

198 1284 367 1336 tultaa
411 1283 562 1336 enim
608 1282 1014 1352 praedicatione
1068 1284 1388 1353 persecutio
1431 1284 1697 1336 universa
1749 1300 1861 1336 ces-

197 1373 330 1424 savit.
362 1374 560 1426 Amota
588 1372 989 1441 persecutione
1021 1371 1156 1441 fuga
1208 1389 1320 1425 non
1348 1372 1494 1425 erit:
1533 1388 1596 1425 ac
1625 1388 1727 1441 per
1756 1372 1861 1426 hoc

196 1476 397 1513 securus
444 1458 640 1513 m'anet
685 1461 948 1531 quisquis
992 1461 1301 1531 gentilibus
1357 1478 1471 1514 non
1502 1461 1857 1526 contradicit,

194 1550 418 1619 quisquis
453 1566 709 1602 errorem
745 1566 857 1602 non
887 1549 1135 1620 impetit,
1167 1550 1429 1620 quisquis
1452 1550 1709 1603 fraudem
1743 1567 1857 1604 non

194 1638 369 1706 aperit,
414 1637 675 1708 quisquis
716 1640 1081 1708 peccantibus
1129 1655 1241 1691 non
1277 1639 1649 1705 contravenit,
1702 1639 1855 1709 quis-

191 1726 296 1793 quis
325 1725 705 1780 hmreseorum
737 1727 960 1780 vincula
994 1744 1110 1781 non
1138 1728 1404 1797 disrupit.
1447 1728 1607 1791 Quod
1660 1728 1857 1781 beatus

194 1814 535 1883 Gregoriusin
568 1814 713 1868 libro
745 1815 1012 1869 vicesimo
1046 1816 1230 1885 primo
1291 1816 1486 1869 Murali
1534 1815 1720 1869 lucide
1763 1833 1857 1870 re-

190 1908 316 1956 serat
343 1904 494 1956 satis.
554 1925 581 1952 ‹‹
616 1906 958 1974 Plerumque
991 1904 1168 1969 enim,
1201 1904 1299 1970 ait,
1334 1905 1511 1975 quieti
1542 1910 1713 1975 atque
1764 1905 1856 1959 in-

190 1991 391 2043 discussi
414 1994 439 2033 1»
470 1992 879 2062 relinquimur,
914 1993 961 2045 si
988 1993 1219 2047 obviare
1263 1994 1453 2063 pravis
1491 2010 1595 2063 pro
1634 1994 1858 2063 justitia

190 2094 287 2131 non
339 2096 637 2144 curamus;
699 2081 797 2135 sed
837 2083 883 2134 si
942 2082 1011 2135 ad
1070 2087 1298 2136 teternae
1348 2082 1479 2136 vitm
1511 2082 1856 2137 desiderium

189 2169 384 2222 animus
404 2170 525 2239 jam
561 2171 784 2234 exarsit,
824 2171 866 2223 si
889 2171 1011 2240 jam
1050 2187 1245 2225 verum
1278 2173 1471 2225 lumen
1516 2171 1859 2225 intrinsecus

187 2258 404 2326 respicit,
447 2258 497 2310 si
547 2258 605 2311 in
651 2276 709 2311 se
739 2260 1030 2313 flammam
1080 2260 1259 2313 sancti
1308 2260 1548 2314 fervoris
1578 2262 1854 2327 accendit,

186 2345 232 2398 in
255 2352 527 2416 quantum
560 2347 717 2401 locus
752 2348 1024 2413 admittit,
1060 2348 1119 2402 in
1144 2354 1424 2419 quantum
1455 2366 1626 2404 causa
1655 2350 1854 2420 exigit,

184 2432 426 2488 debemus
447 2452 559 2505 pro
586 2436 1163 2507 defensionejustitite
1185 2438 1562 2508 nosmetipsos
1586 2439 1852 2509 objicere,

185 2529 229 2575 et
253 2526 528 2593 perversis
554 2525 623 2579 ad
649 2525 859 2595 injuste
887 2526 1321 2596 erumpentibus
1341 2528 1514 2580 etiam
1541 2543 1670 2581 cum
1692 2528 1760 2581 ab
1776 2533 1856 2582 eis

184 2626 277 2663 non
298 2613 581 2682 quaeritur
607 2613 852 2668 obviare.
881 2614 1017 2667 Nam
1044 2630 1170 2668 cum
1189 2614 1495 2683 justitiam,
1521 2628 1732 2686 quamc
1752 2634 1855 2670 nos

182 2714 431 2767 amamus,
472 2702 539 2754 in
577 2702 700 2755 aliis
742 2702 976 2769 feriunt,
1026 2719 1143 2756 non
1185 2704 1561 2757 nihilominus
1591 2722 1689 2757 sua
1722 2723 1857 2775 per-

178 2788 410 2843 cussione
438 2790 797 2857 confodiant,
831 2791 1055 2845 etiamsi
1083 2796 1139 2845 et
1170 2792 1442 2846 honorari
1476 2791 1513 2827 ιι
1532 2793 1851 2849 videantur.

179 2874 298 2939 Quia
327 2895 459 2950 ergo
494 2880 582 2931 vir
601 2884 825 2933 sanctus
849 2881 1037 2949 pravis
1053 2896 1114 2933 ac
1130 2881 1276 2933 male
1299 2882 1598 2950 agentibus
1610 2899 1666 2935 se
1683 2884 1853 2937 etiam

1973 486 2255 541 invaserat
2285 488 2486 553 corda;
2520 506 2661 559 quos
2715 492 2986 559 spiritalis
3034 492 3220 547 fervor
3272 496 3392 548 zelo
3439 496 3663 550 Domini

1973 581 2220 630 zestuans
2252 590 2300 643 ς,
2334 582 2390 630 et
2418 594 2580 631 amor
2612 578 2819 634 Christi
2842 582 2990 634 ultro
3032 583 3287 653 citroque
3315 584 3662 648 discurrens,

1974 664 2136 717 fixius
2166 666 2440 733 retinens,
2467 672 2525 720 et
2553 667 2794 721 viriliter
2837 670 3190 738 compluens,
3232 672 3367 724 foris
3428 674 3666 741 cogebat

1972 754 2286 823 producere
2329 755 2803 809 holocaustomati
2853 761 3059 810 tectam
3110 758 3451 813 intrinsecus
3498 762 3661 815 flam-

1972 858 2144 895 mam.
2180 844 2242 896 Et
2292 843 2423 897 licet
2478 847 2781 914 plerosque
2832 846 3154 913 persecutio
3215 864 3362 901 saeva
3407 848 3660 903 incursa-

1971 935 2075 996 ret,
2107 935 2319 994 tamen,
2367 934 2521 1002 quod
2564 950 2677 986 non
2709 933 2947 1003 potestis
2991 949 3223 1003 negare,
3271 935 3663 990 innumerabi-

1969 1020 2050 1073 les
2080 1021 2399 1075 voluntarie
2433 1022 2620 1090 legitis
2652 1021 2990 1075 decertasse.
3040 1023 3181 1075 Illuc
3212 1039 3437 1077 summo
3490 1042 3664 1093 opere

1969 1110 2368 1179 adimplenles.
2430 1111 2582 1180 quod
2643 1110 2893 1163 dicitur:
2962 1111 3279 1164 Voluntaria
3345 1113 3664 1182 sacriﬁcabo

1971 1199 2089 1265 tibi,
2113 1201 2333 1252 Domine
2364 1200 2530 1266 (Psal.
2571 1214 2686 1265 Lm,
2729 1200 2806 1267 8).
2841 1199 3144 1253 Addiscitis
3180 1217 3191 1253 :
3224 1201 3468 1271 Tempus
3530 1218 3666 1270 per-

1968 1287 2276 1340 secutionis
2304 1304 2421 1340 non
2452 1293 2549 1340 est.
2586 1289 2707 1340 lmo
2734 1304 2838 1357 ego
2881 1289 3008 1357 plus
3058 1288 3206 1355 dico,
3244 1294 3470 1359 tempus
3526 1306 3663 1358 apo-

1968 1375 2246 1429 stolorum
2282 1392 2392 1428 non
2425 1381 2529 1442 est,
2575 1376 2712 1445 quia
2757 1376 2919 1444 vigor
2951 1381 3035 1429 est
3087 1377 3430 1445 apostolicus
3474 1377 3667 1430 immi-

1970 1469 2164 1529 nutus,
2206 1464 2305 1534 qni
2356 1465 2633 1518 debuerat
2687 1481 2914 1532 semper
2968 1464 3026 1517 in
3073 1466 3401 1535 pastoribus
3458 1466 3666 1520 Christi

1967 1553 2189 1606 fervore
2238 1554 2591 1620 constantiae,
2646 1559 2699 1605 et
2731 1556 2851 1606 zelo
2877 1554 3117 1623 justitizr
3165 1571 3345 1625 usque
3402 1555 3467 1608 ad
3530 1572 3663 1608 con-

1969 1642 2409 1695 summationem
2456 1642 2646 1695 saeculi
2698 1642 2957 1696 ﬂammas
2988 1642 3267 1712 spiritales
3310 1644 3367 1696 in
3403 1644 3664 1697 adversos

1967 1730 2135 1797 ciere,
2164 1733 2219 1784 et
2250 1729 2446 1783 fomite
2478 1730 2918 1783 illuminationis
2961 1746 3198 1783 accenso
3239 1730 3504 1783 tenebras
3559 1731 3665 1784 ιιινὶ

1966 1836 2198 1873 corusco
2255 1820 2439 1873 sidere
2512 1819 2599 1873 eoi
2649 1819 2891 1873 climatis
2956 1819 3260 1873 illustrare.
3329 1820 3540 1872 Vereor
3592 1835 3663 1871 ne

1967 1908 2205 1962 moleste
2239 1908 2444 1974 ferant,
2478 1924 2591 1961 non
2627 1906 2985 1970 temeritatis,
3018 1911 3081 1960 ut
3103 1907 3189 1960 illi
3218 1907 3520 1972 mstimant,
3564 1908 3660 1959 sed

1968 1996 2238 2063 veritatis,
2284 2001 2347 2049 ut
2395 1996 2659 2050 catholici
2715 1996 2982 2065 probant,
3033 2011 3393 2065 responsum,
3450 1995 3550 2064 qui
3600 1996 3657 2047 in

1966 2084 2276 2138 novissima
2332 2088 2591 2154 tempora
2642 2084 2935 2138 constituti
2999 2083 3329 2137 Antichristi
3394 2098 3658 2152 persecu-

1965 2173 2181 2227 tionem
2214 2173 2574 2243 conspiciunt
2603 2173 2765 2226 muti.
2799 2172 3067 2243 Quisquis
3093 2172 3181 2225 his
3208 2172 3464 2241 partibus
3496 2178 3659 2225 terrm

1966 2262 2424 2332 persecutionem
2483 2261 2651 2315 hodie
2710 2265 2899 2331 negat,
2951 2265 3047 2314 aut
3120 2260 3410 2313 dormiens
3451 2260 3658 2329 jugum

1966 2351 2253 2404 servitutis
2279 2366 2503 2403 summo
2534 2352 2559 2392 h
2592 2350 2863 2403 socordia:
2906 2354 3118 2419 portat,
3152 2352 3249 2401 aut
3297 2349 3479 2402 elatus
3529 2365 3659 2402 cum

1963 2440 2205 2494 ethnicis
2239 2439 2378 2509 pede
2419 2439 2701 2509 superbire
2756 2438 3038 2508 subjectos
3080 2438 3291 2491 Christi
3342 2438 3658 2491 tirunculos

1963 2529 2160 2582 calcat.
2195 2528 2462 2599 Nunquid
2506 2544 2622 2582 non
2659 2544 2856 2581 sumus
2910 2529 3051 2596 jugo
3085 2526 3375 2579 servitutis
3422 2526 3657 2591 addicti,

1962 2617 2316 2687 importabili
2367 2633 2535 2669 censu
2585 2616 2822 2687 gravati,
2875 2615 3044 2669 rebus
3092 2615 3310 2681 nudati,
3364 2619 3658 2669 contume-

1966 2706 2173 2758 lierum
2221 2704 2462 2757 fascibus
2520 2704 2718 2774 pressi,
2753 2704 2812 2756 in
2859 2703 3227 2773 proverbium
3283 2706 3338 2755 et
3376 2703 3660 2756 canticum

1967 2794 2131 2858 versi,
2162 2800 2385 2847 tearum
2417 2792 2428 2825 ί
2463 2792 2738 2845 universis
2771 2791 3082 2861 gentilibus
3112 2790 3241 2844 facti
3263 2792 3291 2843 ?
3323 2791 3407 2844 llli
3441 2791 3656 2853 dicunt,

1965 2899 2082 2936 non
2113 2899 2233 2935 esse
2283 2881 2690 2951 persecutionis
2743 2885 3014 2950 tempus:
3067 2895 3173 2949 ego
3214 2880 3661 2934 reclamantibus

177 2981 285 3018 cum
331 2984 441 3020 non
476 2969 761 3038 quaeritur
791 2969 1055 3040 opponit,
1089 2974 1237 3023 recte
1277 2970 1346 3023 de
1386 2986 1535 3041 equo
1584 2971 1681 3024 Dei
1714 2981 1734 3006 θ
1768 2974 1860 3025 di-
1900 2976 1940 3030 C
1972 2990 2000 3025 e
2031 2971 2268 3039 regione
2298 2970 2544 3040 profero,
2577 2969 2868 3022 mortifera
2911 2984 3014 3020 nos
3066 2971 3319 3037 tempora
3352 2967 3655 3023 invenisse.

179 3054 305 3107 citur
336 3072 346 3109 :
378 3058 444 3111 In
474 3072 731 3111 occursus
756 3059 946 3127 pergit
982 3063 1230 3112 armatus
1278 3059 1392 3129 (Job
1452 3076 1630 3125 χχχιχ,
1672 3062 1782 3129 2t).
1824 3082 1850 3111 »

233 3145 278 3197 3.
307 3145 539 3199 Jussum
561 3151 647 3199 est
675 3147 947 3215 apostolis
967 3152 1023 3200 et
1053 3147 1381 3217 apostolicis
1412 3147 1565 3211 viris,
1602 3149 1850 3203 doctori-

173 3228 262 3283 bus
304 3237 357 3285 ct
392 3233 873 3304 praedicatoribus
917 3234 1218 3298 universis,
1257 3235 1609 3299 Judzeorum,
1663 3238 1849 3306 genti-

172 3318 311 3379 lium,
346 3322 433 3375 vel
468 3321 736 3375 omnium
790 3322 1070 3375 haeresum
1112 3338 1336 3376 errores
1381 3339 1509 3376 vera
1541 3324 1765 3378 ratione
1796 3330 1854 3379 et

172 3405 281 3459 forti
312 3410 552 3477 probavi
585 3409 603 3443 ί
634 3410 927 3480 impertire
955 3427 1238 3465 sermone.
1269 3411 1640 3466 Certaverunt
1670 3430 1849 3484 usque

168 3496 224 3548 ad
254 3505 495 3552 mortem
523 3499 751 3552 athletae
785 3499 1102 3566 fortissimi,
1134 3501 1590 3570 persecutionem
1618 3508 1853 3573 pr0pter

164 3582 442 3653 justitiam,
500 3603 676 3656 quam
718 3592 914 3657 aperte
966 3588 1371 3655 defendebant,
1408 3590 1626 3659 jugiter
1676 3591 1846 3660 passi,

166 3675 395 3726 coronati
430 3680 571 3726 sunt
598 3680 655 3727 et
683 3676 886 3728 ornati.
952 3676 1221 3745 Nunquid
1269 3692 1382 3729 non
1436 3684 1695 3747 apertum
1743 3684 1847 3743 est,

170 3764 213 3810 et
239 3762 505 3815 omnibus
550 3763 735 3816 lucem
785 3764 1150 3816 cernentibus
1200 3766 1437 3830 clarum,
1492 3781 1603 3818 non
1659 3781 1851 3835 perse-

162 3850 430 3905 cutionem
462 3868 497 3905 a
547 3853 858 3921 gentilibus
905 3859 1121 3919 natam,
1170 3853 1265 3907 sed
1315 3853 1786 3923 prmdicationem
1820 3871 1849 3907 a

162 3939 348 3991 nostris
370 3941 651 4010 primitus
678 3942 919 3994 ortam?
938 3941 1127 4006 Legite
1161 3947 1488 3995 sanctorum
1530 3947 1846 4012 martyrum

160 4024 499 4083 diversorum
546 4030 880 4099 passionum
910 4046 1147 4099 agones,
1180 4030 1413 4099 agmina
1448 4031 1669 4085 Domini
1702 4048 1847 4102 prie-

160 4113 367 4186 liantes,
398 4119 570 4171 verbi
602 4118 793 4188 gladio
828 4119 1017 4191 hostes
1060 4120 1288 4172 Domini
1320 4119 1741 4187 detruncantes,
1795 4125 1851 4173 et

160 4201 359 4274 liquide
412 4206 688 4260 videbitis
743 4207 955 4260 multos
998 4208 1262 4260 ultronee
1319 4207 1668 4277 prosiluisse,
1731 4225 1845 4262 non

158 4300 543 4363 exspectantes
570 4301 1003 4365 persecuturum
1031 4296 1208 4363 jussa,
1250 4312 1354 4349 nec
1381 4296 1699 4350 delatorum
1752 4298 1851 4351 de-

159 4380 347 4451 cipula,
391 4383 1043 4452 furentiumintentata,
1086 4386 1182 4439 sed
1243 4385 1313 4438 ad
1365 4386 1691 4455 exemplum
1741 4387 1847 4439 Do-

155 4470 283 4525 mini
333 4479 664 4543 spontanea
711 4474 944 4543 propria
995 4478 1157 4543 grata
1188 4473 1489 4527 offerentes
1552 4473 1846 4541 libamina,

156 4572 309 4628 seque
342 4578 522 4631 super
554 4562 730 4615 altare
767 4562 974 4616 Christi
1026 4563 1124 4615 Dei
1159 4562 1358 4615 interni
1408 4578 1612 4615 cruore
1661 4579 1843 4617 sacra-

153 4648 261 4701 tum
286 4656 675 4720 apportantes
706 4651 952 4704 hostiam
981 4668 1181 4721 puram
1220 4667 1232 4704 :
1267 4654 1324 4704 et
1354 4651 1506 4721 quod
1534 4651 1717 4721 magis
1766 4668 1850 4705 so-

155 4732 225 4787 liti
272 4740 407 4792 estis
454 4740 906 4809 reprehendere,
942 4740 1138 4794 multis
1167 4740 1534 4793 contumeliis
1580 4740 1849 4809 prmsides

153 4828 527 4897 etprincipes
566 4828 852 4898 fatigasse.
906 4828 989 4881 llli
1035 4844 1206 4898 quam
1240 4828 1486 4881 maxime
1542 4830 1641 4899 qui
1686 4833 1849 4883 erant

151 4912 200 4963 in
221 4917 539 4971 certamine
568 4916 767 4987 primi,
797 4922 852 4971 et
901 4917 1125 4972 fiducia:
1155 4917 1306 4971 bono
1352 4918 1599 4985 muniti;
1641 4918 1849 4988 quibus

206 5077 229 5102 ⁸
269 5074 457 5139 Tulta,
498 5072 555 5125 id
587 5078 672 5127 est
704 5074 911 5127 ablata.

206 5141 229 5181 ι)
256 5145 433 5215 _Apud
475 5144 668 5214 Greg.,
714 5144 813 5198 lib.
871 5146 1006 5198 Mor.
1033 5161 1181 5212 χχχι,
1206 5160 1330 5215 cap.
1364 5147 1456 5212 23,
1518 5145 1844 5199 inconcussi.

203 5219 222 5243 ε
254 5213 424 5268 Deest
457 5213 709 5283 quamin
743 5232 886 5282 ms.;
925 5220 1107 5269 exstat
1156 5213 1311 5286 apud
1369 5217 1706 5286 Gregorium
1753 5216 1848 5270 ubi

147 5296 326 5349 supra.

204 5353 227 5394 ἀ
264 5355 459 5427 Apud,
482 5355 654 5427 Greg.
690 5355 769 5410 ibi
806 5375 818 5411 :
848 5358 1121 5413 venerari.

204 5432 223 5497 ξ
263 5427 386 5497 bis,
423 5426 497 5479 de
529 5442 584 5480 eo
611 5428 776 5497 quod.

206 5492 223 5525 ί
260 5496 430 5550 Forte
461 5492 762 5567 probabili,
798 5498 949 5570 quod
990 5504 1194 5554 rectum
1233 5502 1291 5553 et
1348 5498 1711 5569 approbatum
1770 5498 1846 5552 si-

1960 3063 2046 3117 Illi
2092 3062 2349 3113 asserunt
2408 3058 2513 3111 hos
2563 3058 2683 3110 sine
2734 3056 2925 3110 hostili
2981 3056 3302 3125 procedisse
3360 3057 3654 3127 impulsu:

1961 3167 2066 3217 ego
2099 3150 2353 3219 ipsorum
2387 3150 2740 3199 asserentum
2786 3145 3137 3215 professione
3167 3145 3431 3207 firmabo,
3465 3146 3658 3213 genti-

1963 3240 2083 3293 litio
2124 3253 2221 3290 eos
2259 3251 2562 3305 oppressos
2596 3236 2736 3288 zelo.
2774 3235 2838 3288 Et
2883 3234 3137 3304 primum
3172 3234 3527 3286 sacerdotem
3570 3233 3655 3285 in-

1958 3332 2225 3382 tueamur
2256 3324 2602 3391 Perfectum,
2633 3322 2924 3392 gentilicio
2957 3321 3078 3375 zelo
3111 3324 3499 3391 peremptum,
3524 3322 3657 3375 fidei

1960 3414 2280 3471 constantia
2324 3413 2677 3478 decoratum,
2721 3410 3039 3481 martyriali
3097 3411 3277 3479 gloria
3325 3411 3655 3476 infulatum,

1960 3512 2015 3561 et
2060 3521 2191 3559 vere
2241 3504 2553 3556 electorum
2602 3501 2662 3554 in
2716 3516 2958 3554 numero
2993 3504 3395 3570 aggregatum;
3443 3504 3498 3552 et
3544 3516 3657 3569 quo

1958 3598 2122 3665 pacto
2155 3593 2223 3646 ad
2277 3590 2618 3644 occisionem
2677 3589 2897 3643 venerit
2936 3588 3233 3641 sinceriter
3277 3588 3654 3658 proferamus.

1959 3685 2173 3752 Nempe
2228 3680 2293 3733 ad
2369 3679 2525 3732 aliud
2588 3682 2919 3749 pergentem
2976 3676 3216 3747 aliisque
3291 3677 3659 3730 saecularibus

1958 3767 2225 3836 operibus
2267 3766 2682 3827 intendentem,
2733 3764 2991 3833 nihilque
3028 3764 3097 3817 de
3156 3780 3270 3834 quo
3302 3772 3524 3834 gestum
3576 3771 3661 3819 est

1956 3858 2420 3925 pertractantem,
2493 3852 3001 3907 daemonicolarum
3070 3852 3480 3905 assertionibus
3554 3855 3658 3906 im-

1955 3944 2237 4014 pulsatur.
2292 3946 2337 3996 Α
2387 3941 2595 4013 quibus
2656 3941 2751 3994 ille
2799 3945 2960 3993 caute
3008 3946 3061 3993 et
3101 3941 3531 4009 circumspecte,
3594 3947 3659 3995 ut

1956 4031 2078 4085 istis
2129 4032 2374 4095 videtur,
2425 4036 2491 4084 ut
2529 4045 2662 4082 vero
2723 4028 2889 4091 mihi,
2944 4027 3143 4081 timide
3170 4027 3340 4081 fidem
3398 4028 3540 4097 petit
3602 4032 3658 4082 ct

1956 4136 2028 4174 ne
2088 4137 2154 4173 ex
2202 4118 2670 4190 responsionibus
2722 4116 2974 4186 propriis
3026 4116 3405 4185 impediretur
3453 4116 3653 4183 oravit,

1957 4208 2148 4262 dicens
2186 4224 2198 4261 :
2231 4208 2405 4261 Multa
2445 4210 2608 4259 erant
2648 4204 2788 4258 mihi
2814 4221 2879 4258 ex
2913 4205 3122 4275 quibus
3164 4204 3656 4258 abundantissime

1892 4302 2220 4367 Dpoteram
2276 4295 2636 4365 confringere
2694 4294 2931 4357 naenias,
2992 4293 3077 4346 vel
3131 4293 3427 4347 destruere
3479 4295 3656 4347 aniles

1957 4383 2215 4437 historia:
2258 4383 2501 4449 fabulas,
2544 4383 2592 4435 si
2625 4388 2825 4435 vestra:
2859 4381 3090 4434 ultionis
3142 4397 3257 4434 non
3292 4397 3521 4435 vererer
3565 4383 3656 4435 ul-

1957 4472 2085 4525 trici
2118 4472 2310 4541 gladio
2337 4476 2628 4524 currentes
2678 4471 2826 4523 ultro
2871 4469 3129 4539 citroque
3164 4469 3482 4525 incurreret
3525 4487 3655 4524 sen-

1959 4560 2183 4615 tentias.
2211 4559 2313 4614 Cui
2370 4575 2498 4612 cum
2530 4558 2701 4612 ﬁdem
2734 4558 3041 4619 dedissent,
3078 4564 3134 4611 et
3180 4558 3233 4611 ei
3269 4563 3329 4612 ut
3360 4575 3488 4627 quia
3546 4559 3653 4612 sibi

1957 4649 2298 4703 videbantur
2329 4653 2660 4718 exponeret,
2685 4648 3016 4716 juramento
3066 4647 3389 4717 anteposito
3438 4648 3654 4717 impre-

1958 4742 2183 4803 carent;
2234 4736 2331 4790 ille
2380 4740 2607 4806 accepta
2661 4735 2886 4789 dicendi
2944 4734 3175 4800 ﬁducia,
3225 4740 3282 4789 et
3312 4752 3513 4789 eorum
3549 4752 3653 4805 pro

1962 4842 2092 4879 vero
2117 4826 2452 4895 juramento
2483 4840 2715 4878 sumens
2747 4823 3061 4888 mendacia,
3094 4827 3221 4893 post
3253 4824 3435 4898 multa
3472 4829 3527 4877 et
3556 4840 3652 4877 va-

1956 4914 2043 4968 ria
2068 4914 2501 4968 contentionum
2533 4913 2866 4980 certamina,
2907 4913 3205 4983 propheta:
3241 4928 3441 4966 eorum
3491 4912 3650 4965 volu-

1957 5072 2191 5143 gnificat
2236 5072 2385 5143 apud
2423 5071 2736 5142 Cangium;
2789 5071 2946 5142 quod
3000 5086 3147 5125 verae
3200 5069 3404 5124 nititur
3445 5068 3648 5139 proba-

1957 5144 2124 5199 tioni.

2029 5226 2058 5267 tr
2096 5215 2219 5277 Ms.,
2253 5217 2461 5267 cantant.

2027 5287 2053 5327 h
2097 5288 2222 5354 Leg.
2264 5300 2463 5338 somno.

2028 5355 2041 5388 ¹
2087 5351 2214 5423 Leg.
2263 5357 2555 5421 theatrum,
2607 5354 2663 5408 id
2714 5357 2797 5407 est
2846 5352 3256 5421 spectaculum,
3304 5351 3468 5420 juxta
3504 5352 3648 5408 illud

1954 5426 2211 5505 Ap_os_t_oli
2243 5427 2268 5478 Ι
2301 5427 2432 5482 Cor.
2474 5443 2524 5479 1v
2562 5443 2573 5480 :
2606 5424 2981 5505 Spectaculwn
3007 5423 3149 5505 facit
3177 5438 3381 5505 smnus,
3414 5428 3521 5477 etc.

2033 5499 2045 5541 1
2099 5497 2218 5563 Ms.,
2251 5512 2318 5551 ea:
2349 5513 2524 5565 qua...
2560 5511 2738 5551 verere
2766 5494 3027 5549 uttroci...
3060 5496 3291 5549 incurri.
