4022 6178
414 280 513 331 Sitit
1786 274 2032 329 ALVARI
2078 273 2552 328 CORDUBENSIS
3780 284 3861 332 Il'ln

413 413 681 479 ptuosam
746 416 769 440 ³
818 405 1127 470 lasciviam,
1190 409 1246 455 et
1304 404 1726 457 Ienocitationis
1760 405 2039 475 passivam
2089 406 2113 445 ιι
2152 408 2189 459 Α
2226 409 2330 468 est,
2374 404 2458 455 vel
2510 406 2853 469 contectum,
2897 403 3049 474 quod
3105 404 3176 457 ab
3233 404 3370 475 ipsis
3404 409 3702 475 persecutio
3745 418 3863 476 orta,

412 498 716 555 luxuriam,
752 510 1015 547 sermone
1045 509 1159 563 quo
1210 492 1395 562 potuit
1440 492 1822 561 exprobravit,
1875 499 1931 546 et
1976 509 2105 546 ora-

411 586 568 639 tione
600 584 899 653 splendida
921 582 1330 651 comprobavit.
1364 586 1433 635 At
1459 582 1539 634 illi
1562 590 1685 651 post
1711 582 1904 653 aliqua
1935 599 2107 651 super

414 674 533 743 ejus
592 671 1069 726 meretricationis
1093 670 1489 736 subsannium,
1525 671 1609 723 vel
1662 670 2103 740 conjugatorum

411 761 677 815 adulterii
727 760 991 813 factionis
1049 759 1383 825 colludium,
1436 759 1627 812 habita
1684 759 2103 812 conflictatione.

404 850 731 914 verborum,
766 849 1094 902 frendentes
1125 848 1410 912 dentibus,
1450 853 1507 901 et
1535 848 1753 901 caninis
1808 849 2104 901 saavientes

408 939 663 1005 rictibus,
702 953 798 991 ore
830 937 1059 1007 vipereo
1098 936 1413 1001 sibilantes,
1456 941 1509 989 et
1553 938 1781 990 leonum
1812 934 2104 991 ferocitate

407 1026 736 1091 frementes,
780 1026 935 1079 abire
985 1041 1109 1078 eam
1144 1029 1379 1094 propter
1429 1024 1626 1078 datum
1677 1025 1899 1078 noviter
1948 1026 2106 1093 jura-

411 1121 670 1170 mentum
721 1115 1062 1168 dimiserunt
1127 1123 1147 1146 °
1196 1114 1456 1167 ill-«esum.
1518 1114 1623 1167 Sed
1692 1119 1820 1183 post
1872 1114 2102 1185 aliquod

406 1203 681 1272 temporis
724 1218 949 1255 cursum
986 1202 1246 1255 dolorum
1280 1218 1505 1272 semper
1531 1202 1921 1271 peccatoribus
1962 1203 2105 1257 reti-

407 1301 605 1346 nentes
635 1306 942 1356 venenum,
992 1294 1046 1343 et
1085 1291 1247 1360 quasi
1293 1296 1569 1344 vetustate
1616 1291 1889 1361 temporis
1939 1307 2103 1361 repu-

407 1384 592 1434 tantes
636 1380 913 1433 abolitum
969 1379 1223 1449 priorem
1283 1380 1364 1432 illi
1411 1380 1665 1433 illectum
1712 1380 1952 1433 infidum
2000 1395 2101 1448 pa-

408 1474 582 1533 ctum,
619 1469 751 1523 dolo
802 1485 931 1522 eum
964 1468 1474 1520 circumvenientes
1514 1467 1935 1537 apprehensum
1970 1483 2101 1520 eum

401 1558 903 1627 judiciszevissime
933 1557 1229 1609 mendacio
1262 1557 1547 1609 inhiantes
1568 1555 1593 1590 τί
1622 1557 1785 1626 quasi
1810 1556 2102 1609 destruen-

410 1650 523 1699 tem
580 1646 710 1699 fidei
765 1646 994 1697 illorum
1043 1644 1215 1696 ritum
1270 1644 1445 1712 impie
1497 1644 1881 1713 protulerunt,
1934 1660 2102 1696 eum-

408 1751 519 1806 que
548 1734 985 1788 maledicentern
1019 1748 1216 1786 eorum
1264 1739 1448 1784 vatem
1492 1749 1593 1785 suo
1647 1732 1976 1787 testimonio
2015 1732 2101 1784 vi—

403 1824 607 1878 lissimi
645 1822 982 1877 homunculi
1023 1821 1415 1875 ﬁrmaverunt.
1466 1821 1565 1874 Ille
1613 1821 1911 1891 inopinato
1969 1836 2105 1873 casu

406 1911 765 1981 perterritus,
813 1916 870 1964 et
901 1910 1174 1963 inusitata
1230 1910 1709 1963 circumvectione
1771 1909 2101 1980 perplexas,

403 2001 571 2053 illoru
585 2016 634 2053 m
665 2000 1031 2053 fraudulenta
1050 1999 1323 2068 ignorans
1340 2000 1595 2064 consilia,
1612 2014 1739 2068 qua:
1754 2004 1949 2051 contra
1971 2015 2103 2051 eum

404 2090 753 2142 instruxerat
776 2087 1182 2140 commentatio
1216 2086 1600 2151 fraudulenta,
1634 2103 1692 2141 se
1739 2087 1845 2140 hoc
1878 2089 2104 2155 penitus

406 2192 521 2229 non
551 2176 781 2236 dixisse,
812 2174 1039 2229 infirma
1088 2174 1223 2228 satis
1268 2174 1668 2244 prosecutione
1725 2175 1989 2228 retexuit.
2036 2178 2107 2229 At

405 2264 503 2318 ubi
553 2265 612 2317 in
646 2280 930 2319 carcerem
982 2264 1185 2317 missus
1227 2263 1285 2315 in
1319 2280 1376 2316 se
1411 2267 1591 2316 exstat
1640 2279 1969 2327 conversus,
2001 2279 2099 2316 au-

403 2353 527 2406 daci
576 2353 870 2423 proposito
919 2359 974 2405 et
1028 2352 1180 2405 virili
1231 2368 1570 2423 congressus
1616 2352 1786 2422 coepit
1843 2352 2102 2423 ipsorum

406 2446 586 2495 totam
635 2444 821 2512 legem
852 2442 1189 2511 infringere,
1225 2446 1424 2494 etnon
1475 2441 1660 2493 solum
1710 2441 1857 2511 quod
1919 2441 2103 2511 pridie

407 2530 642 2597 dixerat,
704 2546 833 2601 quae
886 2546 1057 2600 super
1130 2546 1263 2583 eum
1346 2530 1650 2599 imperitiae
1723 2530 1892 2583 factio
1950 2546 2099 2583 asse-

404 2617 592 2684 rebat;
622 2635 817 2672 verum
851 2618 1022 2671 etiam
1052 2618 1165 2671 alia
1194 2618 1419 2687 potiora
1449 2618 1733 2687 ingerere,
1787 2619 2103 2688 mortisque

408 2706 590 2777 magis
639 2706 878 2776 gloriam
955 2722 1127 2776 quam
1194 2706 1493 2760 interitum
1547 2711 1892 2776 exspectare.
1948 2707 2105 2760 Tunc

405 2796 675 2850 eductum
708 2796 767 2848 in
806 2795 993 2865 ipsum
1029 2795 1142 2848 diei
1170 2796 1257 2848 sui
1306 2795 1659 2849 horrendum
1705 2795 1935 2865 pascha,
1986 2812 2102 2866 quo

405 2884 558 2938 soliti
602 2890 735 2937 sunt
773 2900 982 2954 pascua
1033 2886 1221 2937 fruere
1253 2884 1525 2949 carnalia,
1560 2890 1617 2937 et
1674 2884 1857 2937 ventri
1908 2885 2101 2937 libidi-

2221 492 2475 557 inventa,
2572 492 2858 557 inchoata,
2949 491 3183 546 defensa
3265 498 3349 546 est
3425 495 3505 547 vel
3586 499 3866 566 completa?

2289 585 2338 635 5.
2396 582 2707 651 Pergamus
2776 582 3011 635 secundi
3068 581 3279 635 iterum
3350 598 3625 652 exponere
3684 602 3865 641 casum.

2218 671 2351 723 Post
2405 669 2543 722 anui
2601 668 3040 734 revolutionem,
3083 675 3179 723 aut
3236 670 3454 740 aliquid
3501 672 3747 741 amplius.
3792 675 3868 728 ille

2215 757 2411 810 livoris
2434 757 2736 827 gentilium
2770 759 2968 811 oculus
3001 774 3116 811 non
3148 759 3386 828 quievit,
3441 762 3532 813 sed
3566 766 3623 813 ut
3674 762 3870 816 solitum

2217 852 2301 900 est
2333 847 2446 899 illis
2477 846 3023 899 Christianissimum
3060 846 3320 912 irridere,
3369 853 3424 901 et
3462 849 3618 902 nobis
3646 851 3872 904 omnibus

2216 934 2565 988 Christicolis
2606 934 2905 1001 insultare,
2947 934 3099 988 hunc
3148 936 3448 1003 Joannem,
3507 952 3670 1006 quem
3722 939 3872 993 multo

2216 1026 2475 1092 tempore
2511 1022 2753 1076 carceris
2800 1023 3039 1076 retinuit
3069 1024 3313 1077 claustra
3360 1024 3396 1090 ί,
3462 1026 3873 1095 negotiationum

2216 1112 2593 1165 mercimonia
2623 1112 3001 1166 mundinandi
3027 1128 3394 1182 exaggerare,
3439 1115 3621 1167 conati
3650 1121 3785 1180 sunt,
3828 1122 3875 1169 et

2216 1201 2443 1262 vexari;
2477 1206 2533 1254 et
2560 1201 2632 1254 ob
2680 1202 2926 1269 gratiam
2974 1202 3337 1255 mercimonii
3384 1202 3559 1255 livore
3591 1204 3692 1257 usti
3722 1206 3869 1258 multa

2214 1288 2577 1357 exprobando
2612 1290 2872 1358 ingerere
2921 1302 2969 1351 ς,
3005 1290 3295 1343 dicentes:
3348 1292 3752 1362 Parvipendens
3794 1310 3874 1345 no-

2214 1382 2396 1430 strum
2419 1377 2777 1448 prophetam,
2813 1394 3038 1448 semper
3068 1379 3192 1448 ejus
3223 1396 3438 1433 nomen
3494 1381 3554 1433 in
3624 1381 3871 1435 derisione

2212 1464 2561 1536 frequentas,
2594 1470 2648 1519 et
2679 1467 3037 1520 mendacium
3058 1472 3220 1520 tuum
3248 1452 3683 1537 perjuramdnti
3705 1475 3759 1521 ut
3784 1471 3870 1523 tibi

2212 1554 2437 1607 videtur
2464 1560 2673 1607 nostra:
2710 1556 3006 1625 religionis
3039 1556 3175 1608 falsa
3216 1557 3449 1609 auribus
3497 1564 3549 1610 te
3590 1559 3872 1627 ignoranti-

2214 1643 2319 1695 bus
2339 1645 2364 1684 Ιι
2394 1643 2782 1699 Christianum
2812 1660 2933 1697 esse
2967 1660 3115 1713 saepe
3156 1647 3483 1699 confirmas.
3518 1647 3599 1699 Ad
3634 1663 3761 1716 quos
3798 1648 3871 1699 ille

2213 1746 2341 1785 cum
2374 1732 2619 1785 fidenter
2650 1738 2705 1785 et
2733 1732 2875 1785 nihil
2909 1749 3044 1802 erga
3086 1750 3143 1786 se
3179 1734 3295 1787 doli
3330 1734 3641 1804 suspicans,
3690 1752 3742 1788 se
3794 1735 3878 1788 im-

2214 1822 2494 1874 mundum
2544 1821 2613 1874 ab
2654 1821 2789 1889 ipsis
2837 1837 2964 1891 qua»
3020 1828 3219 1876 contra
3276 1839 3408 1876 eum
3476 1824 3879 1893 opponebantur

2214 1909 2384 1961 vellet
2413 1910 2733 1976 ostendere,
2769 1910 2929 1963 furor
2958 1912 3243 1979 crepitans
3293 1917 3350 1964 et
3382 1929 3633 1981 praeceps
3704 1913 3779 1965 ira
3807 1928 3861 1966 ea

2214 1996 2345 2049 dem
2379 2002 2660 2066 repetens,
2696 1996 3008 2062 inculcans,
3057 2002 3113 2050 et
3153 1998 3432 2067 replicans
3478 1998 3741 2064 crebrius,
3773 2013 3877 2066 quae

2212 2102 2361 2155 saepe
2404 2088 2644 2153 dixerat,
2706 2087 3026 2140 intentavit.
3073 2089 3216 2140 Tum
3268 2088 3363 2141 ille
3423 2104 3541 2141 non
3594 2088 3765 2141 ferens
3822 2102 3874 2140 ex

2209 2174 2315 2228 hac
2346 2175 2786 2245 generationum
2832 2176 3036 2229 talium
3070 2176 3222 2229 nube
3246 2177 3777 2243 stomachabundus,
3835 2184 3879 2229 et

2210 2263 2389 2316 faceta
2412 2263 2546 2315 satis
2590 2263 2913 2317 urbanitate
2953 2264 3261 2332 accinctus,
3291 2265 3543 2335 eleganti
3590 2270 3767 2318 mente
3806 2279 3875 2317 re-

2212 2351 2448 2419 spondit
2477 2353 2658 2404 elatus
2692 2367 2704 2404 :
2742 2352 3071 2405 Maledictus
3103 2352 3174 2405 sit
3212 2368 3245 2405 a
3277 2354 3392 2406 Deo
3422 2354 3525 2423 qui
3573 2354 3876 2424 prophetam

2212 2445 2459 2493 vestrum
2512 2440 2809 2493 nominare
2862 2441 3161 2495 desiderat.
3220 2442 3376 2495 Illico
3436 2443 3652 2495 clamor
3704 2442 3876 2511 ingens

2209 2528 2412 2595 factus,
2437 2533 2495 2582 et
2540 2529 2897 2598 perditorum
2938 2546 3155 2583 cuneus
3184 2531 3563 2600 constipatus,
3594 2531 3879 2601 iniquitatis

2211 2632 2394 2670 exosa:
2422 2622 2754 2682 conventus,
2790 2618 2941 2671 velut
2972 2634 3107 2687 apes
3138 2620 3196 2672 in
3221 2635 3395 2673 unum
3424 2618 3680 2690 perﬁdiae
3732 2634 3875 2688 agge-

2207 2721 2330 2760 rem
2352 2706 2702 2776 congregati,
2736 2706 2906 2760 unius
2947 2723 3149 2761 massas
3192 2708 3422 2762 cumulo
3490 2709 3719 2762 malitia:
3766 2722 3879 2760 con-

2209 2794 2810 2865 spartione‘respersi
2867 2796 3203 2850 semivivum
3261 2797 3329 2850 ad
3364 2797 3624 2866 judicem
3697 2796 3879 2867 perdu-

2212 2890 2439 2949 xerunt,
2476 2890 2533 2937 et
2552 2884 2792 2937 testibus
2822 2884 3010 2937 minus
3043 2885 3268 2939 idoneis
3298 2885 3369 2938 ab
3396 2885 3521 2955 ipsa
3562 2886 3880 2955 perﬁdorum

404 2972 579 3043 nique
604 2973 873 3026 alimenta
898 2972 1220 3025 ministrare
1248 2979 1460 3038 satura,
1495 2972 1683 3042 gladio
1723 2973 1941 3026 vindice
1970 2990 2099 3043 per-
2140 2990 2177 3044 (ς
2214 2988 2397 3025 ma5sa
2457 2973 2821 3042 surgentibus
2877 2973 3253 3042 priesentatis,
3302 2974 3529 3043 potiora
3580 2982 3634 3025 ot.
3698 2973 3883 3040 majora

404 3066 688 3127 emerunt,
722 3067 777 3114 et
806 3061 967 3129 quasi
994 3060 1293 3115 victoriam
1330 3060 1580 3114 hostium
1610 3060 1800 3130 potiti,
1857 3062 1925 3115 ad
1972 3077 2100 3115 ora-

402 3150 576 3205 tionis
622 3150 1106 3219 conventiculum,
1149 3149 1494 3219 obsequium
1537 3150 1651 3202 Deo
1696 3164 1753 3202 se
1801 3152 2101 3218 prmstasse

405 3239 724 3305 credentes,
767 3239 941 3293 delati
982 3245 1039 3292 et
1067 3238 1390 3291 innocentis
1421 3253 1623 3291 cruore
1646 3237 1880 3308 perfusi,
1924 3237 2099 3290 ritum

404 3344 573 3382 suum
604 3328 1016 3397 perficiendum
1049 3333 1109 3379 ut
1138 3325 1295 3381 soliti
1316 3330 1449 3379 sunt
1478 3342 1665 3378 annue
1691 3330 2098 3395 pervenerunt.

472 3417 524 3470 4.
560 3417 691 3469 Esto
747 3432 899 3468 nunc
949 3414 1192 3467 arbitres
1240 3414 1401 3483 justi,
1462 3420 1519 3467 et
1574 3430 1689 3467 non
1732 3414 2100 3467 favorabilem

400 3509 694 3557 ventosam
736 3508 791 3555 et
839 3502 1111 3566 ﬂavilcm,
1158 3504 1254 3554 sed
1308 3518 1503 3555 veram
1557 3502 1809 3571 proferte
1864 3502 2102 3555 rationis

404 3590 770 3654 sententiam,
821 3589 1052 3659 iustitiae
1106 3590 1347 3643 vinculis
1395 3589 1749 3643 innodatam.
1800 3594 1843 3644 A
1891 3591 2101 3661 quibus

402 3694 557 3732 nunc
630 3683 836 3743 ortam,
914 3694 1074 3747 rogo,
1148 3679 1606 3747 persecutionem
1673 3696 1797 3733 esse
1854 3679 2101 3733 videtis?

404 3766 604 3819 Nonne
634 3766 1003 3836 perspicuum
1035 3771 1137 3833 est,
1182 3766 1337 3836 ipsos
1379 3782 1499 3820 esse
1547 3767 1866 3821 incentores
1918 3770 2101 3821 malo-

401 3870 554 3921 rum,
615 3860 925 3909 assertores
957 3870 1239 3919 errorum,
1292 3855 1638 3925 irrogatores
1671 3856 1956 3922 dolorum,
2001 3858 2099 3927 qui

401 3950 629 4014 pactum
664 3944 933 4014 primitus
967 3945 1255 3997 innocenti
1298 3944 1587 4013 oﬂ‘ertum,
1637 3945 1837 3999 fraude
1892 3946 2098 3999 veneni

402 4034 747 4099 confectum,
782 4034 976 4087 furore
1026 4034 1324 4103 praeventi,
1357 4034 1441 4086 ira
1497 4034 1739 4100 accensi,
1798 4034 2101 4104 iniquitate

401 4123 620 4192 repleti,
655 4138 771 4175 non
801 4124 1120 4175 timuerunt
1159 4122 1230 4174 ob
1263 4122 1447 4174 zelum
1480 4122 1612 4175 fidei
1642 4139 1759 4175 sua:
1806 4122 2099 4176 audaciter

399 4211 695 4281 dissipare,
733 4212 1046 4281 procaciter
1076 4211 1359 4274 mutilare,
1422 4210 1717 4280 gentiliter
1766 4211 1996 4265 dextere
2026 4220 2047 4246 °
2073 4211 2100 4267 9

406 4302 541 4353 Ecce
599 4300 917 4367 audaciam,
978 4300 1093 4352 imo
1151 4299 1549 4366 constantiam,
1608 4316 1781 4369 quam
1845 4300 1905 4353 in
1964 4317 2097 4354 con-

402 4388 827 4441 demnationem
868 4387 1114 4453 trahitis,
1174 4403 1347 4457 quam
1398 4388 1469 4441 ad
1526 4389 1743 4441 crimen
1796 4389 2097 4457 adducitis,

401 4477 493 4530 hic
524 4477 785 4529 sacerdos
818 4492 934 4529 non
963 4476 1182 4530 habuit.
1218 4476 1477 4529 Timidus
1517 4477 1718 4531 timide
1763 4479 1832 4532 ad
1884 4479 2099 4533 bellum

400 4564 697 4635 processit,
730 4565 849 4618 zelo
896 4564 1111 4618 diaboli
1145 4566 1213 4619 ad
1272 4565 1617 4619 occisionem
1661 4566 1835 4633 venit,
1896 4584 1998 4621 nec
2069 4585 2100 4620 a

402 4652 716 4707 cultoribus
757 4654 876 4720 Dei,
913 4654 1010 4707 sed
1071 4654 1141 4707 ab
1202 4653 1537 4708 Antichristi
1594 4654 1888 4725 discipulis
1970 4673 2098 4726 pas-

403 4741 623 4796 sionem
687 4742 952 4812 suscepit.
1012 4742 1281 4813 Nunquid
1334 4743 1586 4797 velatum
1647 4750 1754 4811 est,
1811 4746 2099 4799 occultum

474 4894 498 4918 ⁸
538 4884 659 4950 Ms.,
690 4884 1085 4937 voluntuosam.

470 4958 496 4998 Ι)
530 4955 765 5009 Morales
815 4954 873 5007 in
920 4954 1159 5027 Scholiis
1198 4954 1295 5008 lib.
1358 4972 1395 5008 ιι
1450 4955 1701 5025 Operum
1750 4955 1803 5010 S.
1856 4956 2097 5027 Eulogii,

400 5043 523 5097 cap.
562 5030 611 5093 1,
644 5025 1009 5096 praetermisit
1037 5029 1336 5094 passivam,
1370 5027 1515 5079 sicut
1544 5033 1601 5079 et
1622 5027 1881 5093 factionis
1903 5025 2099 5081 vocem

398 5099 571 5169 paulo
632 5098 798 5151 infra.
878 5099 1160 5169 Passiuam
1220 5103 1411 5150 autem
1457 5098 1737 5151 libidinem
1784 5099 2102 5169 ingeminat

403 5168 603 5222 auctor
625 5184 783 5221 num.
816 5170 907 5233 ‘28,
936 5168 995 5220 in
1021 5168 1156 5220 fine.

470 5248 489 5272 ο
528 5240 762 5293 Morales
792 5238 871 5291 ibi
903 5238 1170 5292 subtituit
1198 5241 1578 5306 permiserunt.

471 5311 497 5351 ἀ
538 5312 659 5375 Ms.,
690 5312 971 5363 iniantem.

469 5385 493 5410 °
534 5380 698 5433 Forte
725 5380 1013 5433 destruere.

472 5448 489 5482 ¹
528 5451 779 5522 Claustra
812 5449 1074 5503 feminini
1113 5451 1352 5522 generis
1402 5454 1457 5502 et
1512 5449 1737 5503 numeri
1796 5451 2099 5522 singularis

402 5520 553 5589 apud
583 5520 797 5573 intimae
836 5521 1153 5574 Latinitatis
1184 5521 1508 5591 scriptores.

474 5602 503 5644 ε
542 5590 706 5643 Forte
736 5594 1020 5658 ingessere.

2210 3066 2407 3114 contra
2457 3060 2646 3129 ipsum
2699 3060 3001 3113 testatione
3060 3061 3294 3129 propria
3348 3062 3723 3114 intentarunt.
3763 3060 3877 3123 Qua:

2210 3148 2307 3202 ille
2340 3155 2456 3202 tota
2486 3149 2739 3219 negavit,
2789 3154 2845 3202 et
2888 3149 3317 3202 aemulationem
3373 3149 3604 3203 invidias
3657 3150 3881 3217 ipsorum

2209 3244 2407 3308 aperto
2436 3238 2494 3290 in
2518 3253 2574 3290 se
2606 3253 2863 3291 sermone
2902 3238 3169 3291 retexuit.
3228 3237 3332 3291 Sed
3360 3237 3541 3306 judex
3590 3236 3878 3306 iniquitatis

2211 3326 2651 3395 quadringentis
2681 3342 2810 3379 cum
2852 3326 3059 3379 ictibus
3090 3326 3353 3379 verberat
3411 3326 3788 3396 ﬂagellorum,
3839 3326 3883 3375 et

2214 3430 2317 3483 per
2362 3414 2626 3467 omnium
2678 3414 2829 3467 mdes
2890 3414 3229 3468 Sanctorum
3271 3414 3375 3467 sub
3435 3430 3575 3467 voce
3629 3411 3885 3484 praeconia

2208 3502 2343 3556 fecit
2401 3502 2719 3556 discurrere
2755 3520 2766 3555 :
2801 3503 2960 3556 Talia
3001 3504 3117 3572 pati
3171 3502 3399 3567 debere,
3460 3503 3563 3573 qui
3620 3502 3883 3572 preplietze

2210 3590 2449 3659 derogat
2506 3591 2625 3643 Dei.
2681 3594 2759 3643 Ac
2805 3591 3013 3644 deinde
3061 3592 3332 3644 carcerali
3380 3592 3691 3661 mancipat,
3754 3593 3883 3641 arcta

2211 3679 2491 3747 custodia,
2533 3680 2852 3734 minitando
2877 3680 2961 3733 illi
2991 3680 3201 3734 inferre
3233 3682 3471 3750 majora.

2281 3770 2331 3821 6.
2358 3768 2525 3822 Estne
2559 3768 2744 3821 adhuc
2796 3768 3005 3839 aliquis
3050 3769 3201 3822 nube
3234 3770 3444 3822 erroris
3494 3769 3642 3821 forte
3690 3781 3881 3837 posses-

2210 3872 2322 3923 sus,
2360 3857 2495 3910 faece
2528 3857 2850 3926 iniquitatis
2898 3873 3259 3927 conspersus,
3291 3857 3392 3927 qui
3444 3862 3621 3926 neget
3650 3869 3887 3927 persecu-

2209 3946 2379 3999 tionis
2417 3946 2522 3999 hoc
2567 3948 2808 3999 existere
2840 3946 3106 4016 tempus?
3147 3947 3211 3999 Et
3265 3962 3391 4016 quae
3451 3948 3637 4015 major
3704 3942 3886 4015 poterit

2210 4050 2329 4088 esse
2384 4035 2725 4104 persecutio,
2785 4037 3061 4105 cujusque
3135 4036 3290 4088 modi
3348 4036 3422 4087 sit
3491 4036 3611 4104 jam
3670 4033 3887 4087 severior

2211 4123 2588 4193 exspectanda
2618 4123 2880 4191 dejectio,
2906 4124 3137 4193 quando
3181 4125 3335 4194 quod
3383 4126 3556 4177 corde
3616 4120 3886 4176 rationabi-

2210 4210 2339 4264 liter
2360 4211 2630 4277 creditur,
2681 4228 2779 4265 ore
2818 4212 2876 4265 in
2924 4213 3152 4282 publico
3202 4229 3317 4266 non
3358 4214 3725 4282 proferetur?
3772 4212 3884 4263 Ecce

2140 4285 2183 4337 D
2214 4301 2367 4353 enim
2389 4302 2471 4354 lex
2501 4301 2727 4371 publica
2762 4301 2992 4371 pendet,
3018 4307 3074 4355 et
3098 4302 3296 4371 legalis
3321 4303 3512 4371 jussaj
3557 4318 3660 4373 per
3680 4313 3884 4354 omnem

2211 4405 2452 4459 regnum
2511 4406 2711 4443 eorum
2772 4391 3060 4455 discurrit,
3124 4396 3185 4443 ut
3241 4392 3339 4461 qui
3399 4387 3882 4459 blasphemaverit,

2210 4478 2547 4548 flagellatur,
2568 4483 2623 4531 et
2652 4480 2752 4549 qui
2772 4480 3134 4548 percusserit,
3167 4480 3477 4533 occidatur.
3514 4481 3654 4533 Ecce
3685 4484 3739 4531 et
3771 4492 3884 4546 quo-

2210 4567 2349 4620 tidie
2375 4566 2529 4619 horis
2570 4567 2792 4620 diurnis
2846 4573 2902 4621 et
2937 4568 3227 4621 nocturnis
3280 4568 3338 4620 in
3368 4569 3628 4621 turribus
3685 4567 3792 4620 suis
3838 4567 3883 4615 et

2210 4655 2503 4708 montibus
2534 4655 2798 4724 caligosis
2830 4656 2855 4688 ’ί
2880 4656 3189 4710 Dominum
3244 4656 3620 4723 maledicunt,
3648 4657 3773 4709 dum
3810 4669 3884 4704 va-

2210 4750 2322 4797 tem
2379 4743 2760 4814 impudicum,
2819 4744 3138 4815 perjurum,
3188 4745 3454 4799 rabidum
3511 4752 3571 4800 et
3623 4746 3879 4814 iniquum.

2282 4882 2304 4917 "
2345 4884 2583 4939 Morales
2617 4885 2673 4939 in
2707 4885 2900 4940 divum
2953 4886 3175 4956 Eulog.,
3209 4887 3308 4940 fol.
3352 4890 3418 4941 29
3468 4887 3526 4948 b,
3571 4892 3618 4940 te
3650 4889 3884 4951 ignoran—

2212 4958 2365 5010 tium.

2279 5027 2290 5060 ί
2332 5026 2483 5080 Idem
2520 5027 2596 5080 ibi
2635 5044 2646 5081 :
2699 5030 3116 5096 conspiratione,
3168 5033 3439 5082 caeterum
3516 5028 3881 5096 conspartione,

2209 5098 2295 5150 vel
2344 5101 2721 5166 consparsione
2778 5100 3164 5152 retinendum.
3220 5101 3449 5153 Veteres
3483 5115 3731 5169 namque
3782 5108 3883 5148 con-

2208 5183 2460 5237 sparsum
2493 5169 2751 5222 dicebant
2782 5186 2885 5239 pro
2932 5173 3255 5238 aspersione.
3312 5171 3450 5224 Vide
3494 5170 3673 5223 Gloss.
3732 5169 3881 5231 Cang.

2298 5265 2311 5307 ς
2354 5240 2568 5307 Legatis
2590 5240 3056 5309 jussa,feminini
3092 5241 3337 5311 generis,
3373 5240 3679 5294 etnumeri
3708 5240 3883 5304 singu-

2210 5310 2361 5375 laris,
2426 5312 2572 5363 sicut
2601 5314 2858 5365 claustra.
2898 5312 3013 5381 rVel
3075 5310 3264 5378 legalis
3316 5314 3494 5380 jussio
3562 5311 3879 5381 legendum;

2209 5381 2321 5503 sisi
2365 5382 2601 5435 verbum
2643 5382 2814 5435 etiam
2872 5380 3159 5451 discurrit,
3209 5389 3354 5436 sicut
3405 5380 3659 5447 Morales,
3716 5391 3884 5433 emen-

2250 5466 2329 5503 es.

2250 5466 2329 5504 86.

2282 5524 2304 5554 κ
2348 5523 2627 5589 Caligosus
2663 5523 2816 5577 idem
2853 5539 2915 5577 ac
2945 5524 3291 5591 caliginosus.
3326 5525 3499 5593 Cang.
