4098 6180
193 295 262 344 321

1436 285 1802 343 INDICULUS
1841 289 1976 343 LUM
1989 288 2228 343 [NOSUS

3530 295 3632 348 522

188 438 274 476 una
295 434 404 473 cum
430 427 452 451 ³
506 416 812 470 Dominum
852 415 1166 471 testimonii
1204 432 1340 470 voce
1399 418 1702 471 extollunt.
1752 419 1820 470 Et
1856 426 1905 482 Α
1935 423 2149 473 vertunt
2190 423 2363 472 turres
2404 424 2545 485 tuas,
2598 425 2648 472 et
2685 435 2861 473 omnes
2901 423 2998 490 qui
3040 422 3369 477 succendunt
3411 424 3631 477 habita-

186 513 287 575 lieu,
314 515 363 561 et
389 522 480 572 vae,
529 506 662 558 huic
706 507 950 575 tempori
980 512 1199 571 nostro,
1261 506 1556 576 sapientius
1619 507 1823 561 Christi

184 613 342 668 egeno,
371 596 474 648 zelo
507 594 757 648 zabolico
800 597 968 664 pleno
1001 611 1013 648 :
1061 594 1121 648 in
1159 611 1272 665 quo
1307 596 1498 648 nullus
1530 595 1823 649 invenitur

187 686 256 756 qui
293 686 428 754 juxta
478 683 701 752 jussum
763 684 989 737 Domini
1040 684 1290 738 tonantis
1343 686 1598 749 aetherei,
1652 702 1823 756 super

185 780 359 827 montes
424 773 744 841 Babyloniae
819 774 1214 842 caligosasque
1272 779 1457 826 turres
1514 773 1819 842 superbiae,

185 865 324 916 crucis
359 861 480 915 ﬁdei
537 863 759 914 attollat
807 862 1099 929 vexillum,
1142 862 1484 915 sacriﬁcium
1536 863 1649 915 Deo
1681 861 1818 914 olfe-

185 967 282 1004 rens
307 951 694 1019 vespertinum.
733 951 792 1001 Et
821 966 934 1002 non
965 951 1148 1002 solum
1191 957 1382 1003 mente
1408 950 1684 1020 jucunda,
1730 965 1820 1002 ac—

185 1040 392 1110 ceptione
419 1054 636 1103 serena,
689 1038 1041 1106 respectione
1086 1039 1360 1104 modesta,
1412 1055 1633 1092 venena
1675 1037 1821 1090 reci-

185 1130 348 1199 pimus,
394 1128 646 1196 potiones
680 1126 940 1192 libamus,
975 1126 1240 1196 germina
1286 1127 1549 1180 lethifera
1589 1142 1822 1195 przegu—

184 1216 516 1280 stamus;sed,
550 1214 702 1284 quod
739 1215 1112 1282 perniciosius
1145 1221 1249 1280 est,
1286 1215 1734 1280 adversantibus,
1770 1217 1825 1266 et

183 1306 275 1359 zelo
311 1305 393 1360 Dei
436 1311 496 1357 ut
546 1304 692 1356 Elias
725 1303 1061 1369 zelantibus,
1105 1303 1489 1367 adversamus,
1544 1319 1608 1356 ac
1653 1302 1824 1355 surda

181 1410 287 1447 aure
313 1409 426 1446 cum
459 1391 708 1446 inimicis
752 1391 964 1444 summi
998 1393 1096 1445 Dei
1137 1391 1416 1444 amicitias
1445 1391 1817 1460 conligamus,

182 1488 221 1535 et
257 1483 515 1552 placentes
573 1482 654 1534 eis
703 1487 912 1534 nostrze
963 1480 1095 1535 ﬁdei
1145 1481 1508 1549 derogamus.
1564 1481 1630 1533 Et
1673 1485 1823 1532 certe

179 1571 279 1639 plus
315 1577 387 1623 est
415 1571 570 1639 juxta
603 1587 705 1623 nos
750 1576 814 1623 ut
859 1571 1004 1623 Elias
1043 1569 1230 1640 gladio
1285 1570 1598 1635 decertare,
1649 1585 1822 1638 quam

179 1657 336 1726 lingua
375 1664 431 1710 ut
459 1658 640 1710 nostri
680 1657 883 1710 heroes
933 1658 1253 1710 adversere.
1302 1655 1566 1719 Quotidie
1615 1673 1823 1726 oppro-

178 1746 302 1809 briis,
346 1752 395 1800 et
435 1748 592 1802 mille
624 1745 1105 1799 contumeliorum
1148 1745 1395 1798 fascibus
1439 1745 1646 1811 obruti,
1695 1761 1820 1814 per-

178 1836 466 1889 secutionem
499 1853 601 1889 nos
642 1835 886 1888 dicimus
917 1851 1028 1887 non
1060 1834 1290 1886 habere.
1335 1836 1358 1874 b
1405 1835 1566 1898 Nam,
1613 1839 1672 1885 ut
1715 1834 1825 1886 alia

178 1929 373 1989 taceam,
413 1931 561 1978 certe
612 1924 748 1977 dum
779 1923 1178 1976 defunctorum
1212 1937 1451 1990 corpora
1480 1939 1510 1973 a
1564 1921 1822 1974 sacerdo-

179 2012 296 2064 tibus
320 2012 519 2077 vident,
556 2017 618 2064 ut
657 2029 778 2065 mos
810 2017 895 2064 est
925 2009 1356 2074 ecclesiasticus,
1403 2010 1580 2062 humo
1637 2009 1822 2062 dando

177 2107 382 2168 portare,
411 2117 599 2153 nonne
647 2100 859 2169 apertis
892 2098 1120 2152 vocibus
1167 2102 1223 2150 et
1277 2097 1686 2167 impurissimis
1721 2113 1821 2166 ge-

179 2189 245 2240 nis
267 2198 282 2220 ε
304 2189 524 2242 dicunt:
581 2190 750 2252 Deus,
783 2204 899 2241 non
946 2186 1266 2240 miserearis
1315 2187 1425 2239 iliis
1454 2203 1466 2239 :
1503 2191 1559 2239 et
1607 2185 1824 2257 lapidi-

176 2275 258 2328 bus
302 2279 610 2330 sacerdotes
686 2276 911 2330 Domini
987 2277 1350 2345 impetentes,
1429 2273 1825 2344 ignominiosis

178 2363 330 2417 verbis
399 2365 678 2435 populum
728 2364 953 2417 Domini
1009 2366 1368 2430 denotantes,
1419 2363 1826 2433 spurcitiarum

178 2451 311 2504 ﬁrmo
375 2452 732 2507 Christicolas
810 2458 1192 2517 transeuntes,
1279 2451 1508 2520 paedore
1589 2449 1823 2502 infando

175 2547 456 2610 aspergunt,
491 2541 712 2609 majora
746 2540 1063 2593 minitando
1093 2540 1431 2609 ringentes?
1480 2540 1545 2592 Et
1575 2538 1686 2591 heu
1717 2539 1821 2591 ite-

175 2643 292 2696 rum,
322 2645 379 2682 ac
408 2631 597 2694 tertio,
636 2630 935 2682 innumere
965 2645 1046 2681 vae
1081 2629 1270 2694 nobis,
1303 2629 1402 2698 qui
1447 2629 1592 2680 hanc
1617 2643 1816 2680 eorum

173 2718 592 2772 subsannationis
637 2717 984 2771 derisionem
1040 2723 1356 2787 portamus,
1407 2721 1462 2769 et
1505 2716 1572 2769 de
1632 2732 1826 2784 perse-

173 2807 376 2860 cutionis
403 2807 741 2861 Antichristi
782 2811 1042 2875 tempore
1077 2806 1427 2860 dubitamus.
1479 2805 1568 2858 Sic
1627 2805 1824 2858 itidem

173 2901 347 2950 etcum
378 2897 695 2950 sacerdotes
729 2895 848 2961 Dei,
900 2911 1030 2948 casu
1081 2911 1193 2964 quo
1222 2909 1393 2963 quem
1425 2893 1659 2946 obviant
1690 2909 1826 2962 per-

172 2982 370 3052 viantes,
424 2985 644 3056 lapides
704 2989 962 3053 testaque
1010 2982 1352 3035 arvissimad
1410 2987 1541 3035 ante
1591 2981 1825 3051 vestigia

172 3086 336 3125 eorum
362 3077 736 3135 revolventes,
766 3072 1264 3142 acimproperioso
1295 3076 1351 3123 et
1371 3070 1824 3123 infaminomine

173 3158 491 3229 derogantes,
565 3162 776 3230 vulgali
832 3161 1154 3230 proverbio,
1223 3158 1441 3212 cantico
1499 3158 1828 3210 inhonestos

171 3249 459 3317 suggillant,
492 3254 551 3303 et
584 3251 718 3303 ﬁdei
760 3250 990 3319 signum
1021 3247 1392 3318 opprobrioso
1424 3246 1612 3315 elogio
1656 3245 1820 3298 deco-

170 3335 327 3390 lorant
353 3350 390 3390 ε.
424 3339 528 3392 Sed
565 3354 692 3392 cum
725 3338 972 3390 basilicae
1006 3341 1253 3405 signum,
1289 3337 1397 3388 hoc
1427 3341 1534 3397 est,
1573 3333 1826 3387 tinnien-

171 3425 225 3475 tis
253 3426 366 3479 aris
396 3427 672 3492 sonitum,
697 3425 794 3496 qui
822 3443 924 3495 pro
957 3431 1236 3478 conventu
1256 3425 1502 3476 ecclesiae
1524 3423 1829 3475 adunando

167 3511 295 3566 boris
339 3516 604 3569 omnibus
659 3514 947 3568 canonicis
997 3513 1336 3584 percutitur,
1383 3513 1642 3576 audiunt,
1678 3511 1827 3563 deri-

169 3599 289 3653 sioni
315 3610 367 3655 et
394 3603 757 3673 contemptui
803 3600 1108 3667 inhiantes,
1144 3605 1434 3653 moventes
1481 3599 1683 3668 capita,
1736 3600 1828 3651 in-

167 3687 307 3743 fanda
377 3692 642 3745 iterando
717 3690 1108 3761 congeminat,
1191 3691 1249 3741 et
1305 3703 1532 3740 omnem
1607 3703 1826 3752 sexum,

167 3777 574 3850 universamque
676 3784 922 3843 aetatem,
1021 3777 1313 3846 totiusque
1411 3775 1618 3830 Christi
1719 3774 1828 3826 Do-

165 3866 283 3918 mini
326 3884 554 3937 gregem
591 3884 707 3921 non
741 3866 1015 3920 uniformi
1059 3864 1392 3928 subsanuio,
1449 3863 1546 3917 sed
1595 3862 1828 3914 milleno

165 3957 613 4010 contumeliarum
700 3955 958 4020 infamio,
1053 3954 1328 4007 maledice
1402 3953 1690 4021 impetunt
1778 3953 1832 4003 et

164 4040 419 4099 deridunt.

224 4134 267 4182 7.
310 4133 577 4203 Nunquid
608 4149 727 4186 non
784 4131 874 4185 isti
909 4135 1042 4183 sunt
1097 4129 1196 4199 qui
1245 4129 1591 4182 Hierusalem
1653 4128 1828 4181 male-

167 4215 356 4286 dicunt,
387 4228 443 4274 et
475 4237 673 4274 muros
701 4220 833 4274 ﬁdei
867 4223 1073 4272 sanctas
1120 4218 1253 4271 Sion
1286 4219 1588 4272 destruunt
1621 4216 1676 4269 et
1705 4233 1828 4269 suc-

166 4307 424 4361 cendunt?
483 4312 562 4364 De
617 4309 824 4379 quibus
875 4307 1118 4361 dicitur:
1182 4306 1474 4359 Maledicti
1517 4320 1694 4358 omnes
1738 4307 1834 4373 qui

167 4403 396 4460 spernunt
446 4404 515 4464 te,
567 4402 617 4450 et
669 4411 848 4449 omnes
889 4397 986 4464 qui
1036 4394 1410 4462 blasphemant
1457 4398 1523 4446 te.
1557 4393 1838 4446 Maledicti

167 4496 317 4537 omnes
356 4488 453 4553 qui
479 4486 710 4540 oderunt
740 4491 808 4548 te,
849 4489 898 4536 et
926 4498 1102 4536 omnes
1137 4483 1233 4549 qui
1267 4482 1512 4535 dixerint
1541 4483 1597 4533 in
1628 4487 1675 4534 te
1713 4496 1839 4533 ver—

166 4567 270 4623 bum
321 4573 538 4628 durum.
592 4572 870 4628 Maledicti
916 4585 1092 4624 omnes
1173 4571 1270 4636 qui
1322 4569 1595 4636 deponunt
1652 4573 1719 4634 te,
1790 4574 1839 4622 et

164 4672 315 4714 omnes
353 4667 448 4730 qui
495 4664 783 4716 destruunt
827 4674 1006 4713 muros
1068 4663 1206 4724 tuos,
1262 4662 1310 4710 et
1342 4672 1518 4711 omnes
1573 4659 1667 4724 qui
1709 4656 1835 4710 sub-

220 4810 241 4834 ⁸
277 4804 433 4857 Forte
466 4821 607 4857 eum.

221 4821 241 4834 ·
277 4821 433 4859 rorte
466 4821 607 4858 eum.

221 4875 242 4914 δ
276 4875 398 4928 Hec
443 4882 502 4928 et
546 4875 656 4927 alia
713 4873 919 4927 melius
966 4869 1436 4940 interrogationis
1467 4868 1630 4939 signo
1671 4869 1835 4940 elau-

163 4940 429 4999 der'entnr.
464 4947 612 5010 Quia
641 4951 831 4997 tamen
862 4958 1157 5012 nunquam
1191 4939 1424 4994 notatur
1463 4940 1523 4992 in
1551 4939 1746 5012 codice
1783 4945 1839 4993 et

160 5024 373 5079 possunt
404 5035 469 5070 ex
519 5016 978 5071 adversariorum
1003 5011 1213 5066 imente
1265 5011 1415 5065 dicta
1446 5011 1645 5081 accipi,
1693 5011 1836 5065 nihil

161 5085 306 5137 nobis
331 5089 723 5156 permisimus.

219 5152 500 5210 cl’ilo'rales
539 5159 724 5210 {01.30
769 5156 826 5208 in
869 5155 1058 5208 divum
1095 5153 1314 5222 Eulog,
1362 5152 1668 5218 gemitibus.
1727 5153 1837 5206 Co-

159 5222 248 5277 dex
303 5234 518 5290 autem,
577 5230 745 5293 genis,
815 5225 964 5295 quod
1027 5240 1142 5276 non
1193 5225 1629 5292 improbamus:
1691 5223 1839 5275 intra

161 5296 314 5361 enim,
347 5313 508 5350 num.
542 5301 630 5360 ΞΟ,
655 5302 854 5350 auctor
891 5295 1156 5360 inculcat,
1201 5297 1495 5347 Donastitae
1547 5295 1696 5359 genis
1743 5297 1840 5345 im-

158 5369 289 5430 puri.
323 5369 489 5420 Nom.
525 5371 612 5432 2i,
645 5370 876 5435 impuris
901 5369 1071 5432 genis.

218 5435 240 5470 ἀ
277 5438 512 5491 Morales
556 5439 671 5491 ibi:
723 5441 864 5494 Casu
898 5438 1156 5505 quopiam
1205 5436 1458 5502 cuiquam
1503 5435 1840 5486 obviaverint

157 5511 433 5578 per_viam
479 5510 691 5578 lapides
738 5524 920 5562 coram
971 5507 1542 5578 ipsisqcumulantcst
1570 5509 1841 5578 testesque

160 5576 492 5634 «fidissimus
539 5574 690 5647 ante,
748 5584 879 5644 ete.,
937 5593 1066 5647 quae
1115 5576 1182 5630 de
1238 5591 1340 5629 suo
1393 5574 1600 5637 texuit;
1659 5575 1840 5629 Testae

469 5677 761 5737 PATROL.
808 5673 1032 5736 CXXI.

1932 508 2099 558 tio-nes
2153 510 2280 559 tuas
2313 503 2349 555 τ.
2395 506 2458 557 Et
2500 505 2633 558 licet
2683 505 2803 558 haec
2852 506 3044 559 omnia
3089 508 3159 561 ab
3194 509 3306 561 illis
3341 526 3444 579 pro
3493 527 3629 563 con-

1931 599 2154 663 temptu
2187 599 2241 646 et
2274 593 2581 657 derisione,
2615 594 2700 646 vel
2739 594 2888 660 odio,
2938 601 3000 648 ut
3041 596 3306 663 diximus,
3344 598 3623 668 implean-

1930 688 2042 746 tur,
2077 687 2268 736 tamen
2317 682 2489 735 etiam
2523 682 2828 735 carnaliter
2873 684 2932 736 in
2975 685 3348 738 habitationes
3397 686 3627 740 Domini

1931 777 1988 824 et
2023 772 2078 824 in
2126 771 2436 825 sanctuarii
2469 771 2620 825 aedes
2672 771 2930 841 quotidie
2990 779 3404 842 perpetrantur,
3467 775 3626 843 dum,

1932 861 2180 913 ecclesias
2218 860 2315 914 Dei
2349 861 2746 922 destruuntur,
2796 866 2851 913 et
2880 861 3120 931 antiqua
3166 862 3448 916 soliditate
3482 873 3625 917 tem-

1931 949 2024 1018 pla
2056 949 2299 1015 ﬁrmata,
2347 954 2664 1002 terratenus
2695 955 3086 1019 coaequantur.
3136 951 3201 1002 Et
3230 957 3386 1004 estne
3442 953 3628 1006 adhuc

1933 1037 2138 1106 aliquis
2182 1038 2282 1107 qui
2339 1038 2441 1090 hos
2500 1037 2703 1106 dignos
2756 1038 3153 1091 maledictione
3189 1055 3300 1092 non
3356 1041 3626 1110 proferat,

1932 1142 2076 1194 quos
2134 1127 2462 1180 maledictos
2517 1131 2677 1179 tanto
2737 1132 2994 1196 tempore
3043 1143 3173 1180 cum
3226 1128 3472 1181 Ecclesia
3526 1129 3631 1182 do-

1931 1219 2092 1267 cente
2126 1216 2459 1284 percantat?
2501 1216 2652 1267 Hanc
2705 1215 2859 1268 enim
2917 1216 3378 1269 maledictionem
3438 1233 3629 1271 annue

1936 1303 2176 1356 Ecclesia
2203 1319 2374 1372 super
2407 1303 2666 1357 odientes
2711 1320 2790 1369 se,
2835 1320 2952 1358 non
2997 1306 3235 1372 occulte,
3276 1305 3372 1358 sed
3429 1310 3630 1374 p:ten-

1933 1393 2019 1443 ter
2047 1407 2110 1445 ac
2134 1391 2511 1458 luminositer,
2544 1393 2772 1459 clamat,
2807 1397 2862 1446 et
2917 1409 3052 1446 voce
3088 1394 3322 1446 sublimi
3353 1393 3627 1464 suavique

1931 1479 2231 1532 dulcedine
2276 1480 2622 1548 perﬁdorum
2659 1497 2890 1534 suorum
2935 1497 3036 1533 ora
3080 1481 3432 1535 sufﬁcienter
3474 1483 3630 1536 exal-

1933 1572 2029 1620 tat.
2072 1568 2324 1637 Angelus
2369 1585 2618 1637 namque
2672 1569 2897 1621 Domini
2936 1569 3280 1622 maledicere
3321 1570 3490 1638 jussit
3523 1572 3630 1623 ha—

1933 1656 2206 1709 bitatores
2249 1665 2414 1709 terra:
2458 1657 2632 1721 illius,
2683 1657 2781 1726 qui
2817 1661 3039 1709 tantum
3084 1657 3138 1709 in
3193 1658 3466 1710 auxilium
3513 1659 3630 1711 for-

1863 1728 1902 1780 Β
1940 1746 2082 1798 tium
2116 1745 2343 1797 Domini
2393 1761 2503 1797 non
2555 1761 2780 1798 venere.
2820 1746 2881 1797 Et
2910 1761 3032 1810 nos,
3068 1744 3168 1815 qui
3200 1746 3370 1799 fortes
3405 1746 3630 1801 Domini

1933 1833 2279 1898 concalcant,
2338 1838 2394 1884 et
2425 1849 2584 1884 sacra
2635 1833 2733 1886 Dei
2772 1839 2942 1903 atque
2988 1849 3117 1886 vere
3160 1834 3360 1886 Sancta
3405 1840 3628 1888 sancto-

1933 1936 2058 1972 rum
2089 1920 2360 1984 inrident,
2409 1921 2903 1974 malcdictionibus
2937 1921 3234 1990 impuISuri
3285 1923 3627 1991 proferimus

1934 2024 2054 2061 esse
2079 2025 2192 2060 non
2225 2009 2485 2078 dignum.
2511 2009 2606 2062 sed
2629 2010 2998 2063 indiscretum
3020 2012 3103 2063 vel
3133 2010 3395 2080 iniquum
3428 2012 3633 2064 astrui-

1933 2113 2061 2150 mus
2094 2097 2242 2150 credi
2273 2097 2498 2151 debere.

2004 2188 2054 2239 8.
2094 2185 2462 2254 Prophetalis,
2497 2187 2612 2238 imo
2651 2185 2767 2250 Dei,
2803 2185 3088 2239 sententia
3148 2186 3369 2239 intonat
3402 2203 3414 2240 :
3463 2188 3630 2240 Male-

1933 2273 2094 2327 dicite
2127 2278 2280 2326 terra:
2323 2276 2520 2340 Meroz,
2566 2274 2711 2327 dia-it
2762 2278 2983 2340 angelus
3037 2277 3248 2328 Domini
3284 2291 3296 2328 :
3328 2275 3631 2328 maledicite

1934 2363 2332 2416 habitatoribus
2396 2366 2528 2430 ejus,
2594 2365 2690 2430 qui
2754 2379 2859 2415 non
2916 2369 3174 2416 venerunt
3225 2364 3298 2416 ad
3359 2366 3630 2417 auwiiium

1931 2453 2356 2518 fortissimorum
2377 2452 2515 2518 ejus.
2553 2452 2852 2506 Beucdicite
2877 2453 3027 2505 Jubel
3057 2468 3196 2506 uxor
3231 2453 3531 2506 Barcennei
3557 2467 3587 2506 ς
3615 2470 3626 2506 :

1935 2556 2135 2607 aquam
2160 2542 2365 2608 pabuli
2408 2543 2488 2593 lac
2535 2541 2704 2606 dedit,
2739 2546 2786 2594 ct
2838 2544 2892 2593 in
2929 2541 3072 2609 ﬁala
3116 2544 3388 2610 principis
3436 2543 3631 2595 obtulit

1936 2629 2209 2694 butyrum.
2245 2630 2543 2683 Sinistrum
2578 2646 2802 2682 manum
2849 2632 2996 2683 misit
3038 2629 3112 2682 ad
3151 2629 3383 2695 clabum,
3421 2637 3468 2683 et
3497 2630 3631 2684 dea:-

1935 2722 2104 2770 teram
2162 2717 2236 2770 ad
2300 2719 2584 2782 fabrorum
2631 2719 2899 2784 "uilicum,
2957 2721 3331 2786 percussitque
3386 2719 3631 2773 Sisaram

1937 2821 2177 2873 quaerens
2227 2809 2283 2858 in
2332 2809 2508 2874 capite
2558 2807 2795 2858 rutncris
2838 2808 3028 2870 locum,
3081 2811 3130 2858 et
3180 2807 3434 2875 templum
3473 2808 3499 2848 ἢ
3528 2823 3632 2860 ἰω-ι

1937 2895 2045 2948 lide
2087 2897 2378 2962 perferens
2435 2895 2635 2960 (Judic.
2692 2911 2742 2960 v,
2799 2897 2865 2948 ‘23
2909 2895 3065 2964 seq).
3121 2896 3184 2948 Et
3239 2896 3365 2964 plus
3419 2900 3520 2962 est,
3571 2900 3633 2948 ut

1938 2999 2082 3049 reor,
2117 2985 2318 3053 capulo
2351 2989 2607 3051 tempora
2640 2983 2940 3052 perforari,
2976 3001 3146 3053 quam
3198 2984 3384 3036 verbis
3417 2984 3629 3038 veridi-

1937 3071 2015 3122 cis
2058 3070 2319 3123 inimicos
2353 3071 2579 3123 Domini
2632 3071 2948 3124 vulnerare.
2993 3071 3366 3141 Ampliorque
3417 3087 3632 3126 merces

1938 3163 2020 3210 est
2065 3174 2166 3228 pro
2226 3175 2352 3211 vere
2411 3159 2616 3212 Sancto
2673 3163 3020 3222 sanctorum,
3083 3164 3145 3211 ut
3193 3159 3314 3228 jam
3365 3160 3632 3227 praefatus

1937 3263 2086 3312 sum,
2119 3251 2176 3300 et
2207 3263 2307 3316 pro
2340 3252 2568 3300 aeterna:
2612 3247 2741 3300 vitae
2791 3252 2938 3300 statu
2969 3247 3090 3298 sine
3130 3246 3244 3299 ﬁne
3287 3247 3478 3300 futuro
3523 3263 3629 3316 pu-

1939 3351 2079 3404 gnas
2109 3335 2429 3404 spiritalesi
2478 3335 2760 3404 praeliare,
2815 3351 2987 3404 quam
3038 3351 3141 3404 pro
3173 3335 3362 3404 typica
3406 3341 3463 3388 et
3509 3352 3630 3388 car-

1939 3423 2055 3474 nali
2091 3421 2464 3486 Hierusalem,
2497 3423 2580 3475 vel
2614 3437 2789 3490 regno
2812 3427 3060 3486 terreno,
3094 3423 3441 3492 quandoque
3472 3423 3631 3476 brevi

1938 3511 2183 3563 termino
2213 3511 2600 3580 praecidendo,
2634 3511 2805 3563 clavis
2836 3515 2892 3563 et
2924 3510 3144 3562 malleis
3165 3510 3475 3564 decertare.
3519 3511 3631 3566 Sed

1939 3599 2085 3653 hanc
2151 3605 2208 3652 et
2281 3600 2633 3668 prophetalis
2715 3599 2945 3668 spiritus
3013 3614 3079 3650 eo
3149 3603 3406 3668 tempore
3453 3600 3624 3654 bene-

1940 3687 2100 3752 dixit,
2135 3694 2190 3740 et
2233 3688 2419 3740 omnis
2461 3687 2717 3740 Ecclesia!
2749 3688 2957 3740 chorus
2990 3686 3191 3740 eodem
3222 3687 3394 3741 hodie
3424 3689 3629 3757 praedi-

1939 3780 2028 3828 cat
2058 3777 2248 3840 modo,
2293 3793 2407 3846 quo
2455 3781 2589 3828 tunc
2635 3780 2829 3828 sancta
2870 3775 3204 3828 universalis
3259 3777 3629 3846 congregatio

1940 3865 2319 3918 conlaudavit.
2355 3865 2514 3917 Certe
2542 3864 2639 3933 qui
2673 3866 2859 3918 hostes
2905 3863 3162 3916 Ecclesiae
3204 3865 3628 3931 maledicentes,

1942 3952 2270 4005 maledictos
2318 3968 2439 4004 esse
2488 3951 2756 4020 afﬁrmat,
2815 3969 2847 4004 a
2892 3951 3131 4005 veritate
3188 3952 3448 4005 resiliens
3497 3953 3628 4006 reli-

1941 4040 2169 4110 gionem
2214 4057 2428 4093 sacram
2480 4042 2738 4107 detestat,
2793 4045 3050 4110 superest
3096 4039 3146 4092 ei
3199 4045 3258 4092 ut
3301 4045 3432 4110 post
3477 4057 3631 4110 prae-

1941 4129 2190 4182 sentium
2243 4130 2675 4183 infamationem
2712 4130 3061 4183 anteriorun'i
3115 4137 3443 4182 sanctorum
3487 4132 3631 4184 cele-

1940 4218 2257 4272 berrimum
2323 4219 2601 4288 infringat
2670 4235 2933 4288 agonem.
3015 4218 3310 4271 Maledicat
3378 4219 3632 4272 Jahelem

1873 4323 1916 4376 ι)
1947 4323 2121 4376 quam
2169 4308 2521 4377 prophetalis
2570 4307 2628 4360 in
2679 4313 2956 4360 conventu
3006 4307 3259 4376 plebium
3336 4308 3632 4378 inspiratio

1945 4394 2254 4449 benedixit.
2311 4395 2600 4448 Maledicat
2642 4395 2859 4456 Judith,
2896 4411 3023 4464 quas
3053 4395 3247 4447 dolose
3295 4395 3462 4465 juxta
3505 4414 3631 4451 sen-

1946 4499 2073 4536 sum
2106 4483 2420 4536 derisorum
2462 4499 2695 4552 gregem
2742 4510 2754 4551 ι
2810 4483 3353 4537 occisit.Ma1edicat
3391 4490 3448 4538 et
3497 4486 3634 4539 alios

1946 4569 2394 4622 innumerabiles
2423 4577 2632 4638 patres,
2668 4571 2766 4639 qui
2801 4587 2973 4638 usque
3017 4571 3082 4623 ad
3118 4576 3358 4625 mortem
3423 4573 3637 4628 bellan-

1944 4660 2029 4711 tes
2060 4659 2179 4711 zelo
2213 4657 2439 4710 Domini
2471 4657 2730 4710 inimiCos
2780 4659 2874 4711 Dei
2910 4675 3020 4711 non
3073 4660 3258 4712 solum
3290 4661 3492 4726 verbis,
3541 4662 3633 4716 sed

1867 3027 1906 3080 C

1949 4816 2080 4853 vero
2105 4799 2451 4852 aridissimas
2480 4798 2684 4851 melius
2713 4815 2882 4866 quam
2926 4798 2982 4851 in
3015 4800 3203 4854 codice
3227 4801 3492 4853 restituit.

2015 4879 2037 4905 °
2079 4872 2382 4939 Perperam
2449 4871 2683 4923 Morales
2749 4871 3069 4924 detruncant
3146 4887 3250 4940 pro
3333 4872 3638 4925 decolorant

1947 4941 2141 4996 edidit.

2019 5011 2036 5044 ί
2075 5010 2496 5065 Maledictiones
2528 5016 2661 5063 sunt
2707 5027 2851 5080 quas
2897 5009 3138 5064 Ecclesia
3182 5028 3351 5080 super
3381 5012 3639 5066 odientes

1948 5098 2005 5135 se
2037 5098 2226 5134 annue
2256 5088 2310 5134 et
2368 5083 2555 5151 palam
2591 5082 2882 5148 fundebat,
2935 5088 2992 5133 ut
3030 5082 3223 5134 statim
3257 5088 3454 5135 auctor
3485 5100 3640 5137 com—

1950 5157 2248 5206 memorat.

2021 5236 2049 5277 ιζ
2088 5224 2344 5291 Vulgata,
2381 5223 2559 5275 IIubcr
2590 5225 2762 5276 Cinaei.

2015 5295 2040 5335 h
2085 5295 2248 5363 Lege,
2286 5300 2508 5360 tempus,
2562 5293 2617 5346 id
2679 5300 2762 5346 est
2806 5299 3021 5362 partem
3061 5292 3282 5360 capitis,
3327 5309 3498 5362 quam
3547 5294 3640 5348 lli-

1949 5364 2176 5435 spanice
2199 5364 2438 5416 dicimus
2473 5381 2483 5417 :
2525 5366 2599 5418 La.
2627 5367 2774 5416 siem.

2022 5450 2031 5482 i
2074 5435 2194 5499 Ms,
2224 5450 2409 5503 pugna
2438 5437 2740 5503 spiritalia.

2040 5510 2051 5550 1'
2084 5511 2163 5562 An
2193 5521 2367 5572 regem
2380 5506 2406 5558 ‘.’

3256 5680 3326 5736 17
