  <div class='ocr_page' id='page_1' title='image "/cluster/home/n/w/nwhite01/storage/ocr_20150623/121/hvd.32044054759832/267.png"; bbox 0 0 4098 6180; ppageno 0'>
   <div class='ocr_carea' id='block_1_1' title="bbox 435 308 3933 369">
    <p class='ocr_par' dir='ltr' id='par_1_1' title="bbox 435 308 3933 369">
     <span class='ocr_line' id='line_1_1' title="bbox 435 308 3933 369; baseline -0.001 -3"><span class='ocrx_word' id='word_1_1' title='bbox 435 317 536 369; x_wconf 75' lang='lat'>523</span> <span class='ocrx_word' id='word_1_2' title='bbox 1800 308 2052 366; x_wconf 82' lang='lat' dir='ltr'><strong>ALVARI</strong></span> <span class='ocrx_word' id='word_1_3' title='bbox 2093 309 2575 367; x_wconf 80' lang='lat' dir='ltr'>CORDUBENSIS</span> <span class='ocrx_word' id='word_1_4' title='bbox 3834 308 3933 361; x_wconf 57' lang='lat'>5‘24</span> 
     </span>
    </p>
   </div>
   <div class='ocr_carea' id='block_1_2' title="bbox 438 442 3931 520">
    <p class='ocr_par' dir='ltr' id='par_1_2' title="bbox 438 442 3931 520">
     <span class='ocr_line' id='line_1_2' title="bbox 438 442 3931 520; baseline -0.002 -17"><span class='ocrx_word' id='word_1_5' title='bbox 438 449 645 520; x_wconf 81' lang='lat' dir='ltr'>gladiis</span> <span class='ocrx_word' id='word_1_6' title='bbox 678 452 1031 502; x_wconf 83' lang='lat' dir='ltr'>truncavere.</span> <span class='ocrx_word' id='word_1_7' title='bbox 1070 444 1137 498; x_wconf 86' lang='lat' dir='ltr'>Et</span> <span class='ocrx_word' id='word_1_8' title='bbox 1174 443 1222 497; x_wconf 90' lang='lat' dir='ltr'>si</span> <span class='ocrx_word' id='word_1_9' title='bbox 1262 461 1291 497; x_wconf 90' lang='lat' dir='ltr'>a</span> <span class='ocrx_word' id='word_1_10' title='bbox 1331 444 1475 499; x_wconf 87' lang='lat' dir='ltr'>veris</span> <span class='ocrx_word' id='word_1_11' title='bbox 1522 444 1766 498; x_wconf 84' lang='lat' dir='ltr'>strenuis</span> <span class='ocrx_word' id='word_1_12' title='bbox 1814 446 2134 499; x_wconf 79' lang='lat' dir='ltr'>severitatis</span> <span class='ocrx_word' id='word_1_13' title='bbox 2173 448 2216 499; x_wconf 85' lang='lat' dir='ltr'><strong>A</strong></span> <span class='ocrx_word' id='word_1_14' title='bbox 2245 446 2622 509; x_wconf 74' lang='lat' dir='ltr'>defendimus,</span> <span class='ocrx_word' id='word_1_15' title='bbox 2659 449 2861 497; x_wconf 84' lang='lat' dir='ltr'>etnon</span> <span class='ocrx_word' id='word_1_16' title='bbox 2890 442 3257 506; x_wconf 88' lang='lat' dir='ltr'>damnabilia,</span> <span class='ocrx_word' id='word_1_17' title='bbox 3314 443 3408 497; x_wconf 91' lang='lat' dir='ltr'>sed</span> <span class='ocrx_word' id='word_1_18' title='bbox 3460 444 3675 514; x_wconf 89' lang='lat' dir='ltr'>optima</span> <span class='ocrx_word' id='word_1_19' title='bbox 3725 442 3931 513; x_wconf 61' lang='lat' dir='ltr'>praedi-</span> 
     </span>
    </p>
   </div>
   <div class='ocr_carea' id='block_1_3' title="bbox 436 534 2129 607">
    <p class='ocr_par' dir='ltr' id='par_1_3' title="bbox 436 534 2129 607">
     <span class='ocr_line' id='line_1_3' title="bbox 436 534 2129 607; baseline -0.002 -16"><span class='ocrx_word' id='word_1_20' title='bbox 436 554 550 591; x_wconf 90' lang='lat' dir='ltr'>non</span> <span class='ocrx_word' id='word_1_21' title='bbox 594 536 875 607; x_wconf 88' lang='lat' dir='ltr'>recipiunt</span> <span class='ocrx_word' id='word_1_22' title='bbox 903 551 1008 604; x_wconf 88' lang='lat' dir='ltr'>pro</span> <span class='ocrx_word' id='word_1_23' title='bbox 1040 534 1152 587; x_wconf 89' lang='lat' dir='ltr'>fide</span> <span class='ocrx_word' id='word_1_24' title='bbox 1185 534 1445 604; x_wconf 60' lang='lat' dir='ltr'>praelium</span> <span class='ocrx_word' id='word_1_25' title='bbox 1467 534 1865 587; x_wconf 88' lang='lat' dir='ltr'>intentandum</span> <span class='ocrx_word' id='word_1_26' title='bbox 1901 550 1913 587; x_wconf 91' lang='lat'>:</span> <span class='ocrx_word' id='word_1_27' title='bbox 1944 535 2129 587; x_wconf 79' lang='lat' dir='ltr'>saltim</span> 
     </span>
    </p>
   </div>
   <div class='ocr_carea' id='block_1_4' title="bbox 438 622 2132 679">
    <p class='ocr_par' dir='ltr' id='par_1_4' title="bbox 438 622 2132 679">
     <span class='ocr_line' id='line_1_4' title="bbox 438 622 2132 679; baseline -0.002 0"><span class='ocrx_word' id='word_1_28' title='bbox 438 643 468 679; x_wconf 90' lang='lat' dir='ltr'>a</span> <span class='ocrx_word' id='word_1_29' title='bbox 515 625 742 679; x_wconf 87' lang='lat' dir='ltr'>feminis</span> <span class='ocrx_word' id='word_1_30' title='bbox 792 625 1011 677; x_wconf 81' lang='lat' dir='ltr'>discant</span> <span class='ocrx_word' id='word_1_31' title='bbox 1054 623 1273 675; x_wconf 80' lang='lat' dir='ltr'>virilem</span> <span class='ocrx_word' id='word_1_32' title='bbox 1324 623 1393 675; x_wconf 89' lang='lat' dir='ltr'>de</span> <span class='ocrx_word' id='word_1_33' title='bbox 1424 622 1685 675; x_wconf 80' lang='lat' dir='ltr'>hostibus</span> <span class='ocrx_word' id='word_1_34' title='bbox 1735 622 2076 675; x_wconf 87' lang='lat' dir='ltr'>adorearum</span> <span class='ocrx_word' id='word_1_35' title='bbox 2107 630 2132 654; x_wconf 67' lang='grc'><strong>³</strong></span> 
     </span>
    </p>
   </div>
   <div class='ocr_carea' id='block_1_5' title="bbox 436 710 2126 781">
    <p class='ocr_par' dir='ltr' id='par_1_5' title="bbox 436 710 2126 781">
     <span class='ocr_line' id='line_1_5' title="bbox 436 710 2126 781; baseline -0.002 -15"><span class='ocrx_word' id='word_1_36' title='bbox 436 713 733 766; x_wconf 85' lang='lat' dir='ltr'>sublimari</span> <span class='ocrx_word' id='word_1_37' title='bbox 766 712 1087 781; x_wconf 78' lang='lat' dir='ltr'>trophaeum</span> <span class='ocrx_word' id='word_1_38' title='bbox 1157 712 1225 763; x_wconf 89' lang='lat' dir='ltr'>Et</span> <span class='ocrx_word' id='word_1_39' title='bbox 1273 726 1434 763; x_wconf 78' lang='lat' dir='ltr'>sexus</span> <span class='ocrx_word' id='word_1_40' title='bbox 1484 710 1688 762; x_wconf 78' lang='lat' dir='ltr'>fortior</span> <span class='ocrx_word' id='word_1_41' title='bbox 1726 711 1937 778; x_wconf 79' lang='lat' dir='ltr'>pudeat</span> <span class='ocrx_word' id='word_1_42' title='bbox 1995 726 2126 763; x_wconf 82' lang='lat' dir='ltr'>sexu</span> 
     </span>
    </p>
   </div>
   <div class='ocr_carea' id='block_1_6' title="bbox 433 798 2129 871">
    <p class='ocr_par' dir='ltr' id='par_1_6' title="bbox 433 798 2129 871">
     <span class='ocr_line' id='line_1_6' title="bbox 433 798 2129 871; baseline -0.002 -17"><span class='ocrx_word' id='word_1_43' title='bbox 433 802 688 871; x_wconf 89' lang='lat' dir='ltr'>superari</span> <span class='ocrx_word' id='word_1_44' title='bbox 730 800 1005 854; x_wconf 88' lang='lat' dir='ltr'>femineo.</span> <span class='ocrx_word' id='word_1_45' title='bbox 1051 802 1366 864; x_wconf 83' lang='lat' dir='ltr'>Postremo,</span> <span class='ocrx_word' id='word_1_46' title='bbox 1406 800 1557 869; x_wconf 91' lang='lat' dir='ltr'>quod</span> <span class='ocrx_word' id='word_1_47' title='bbox 1604 798 1872 851; x_wconf 88' lang='lat' dir='ltr'>omnibus</span> <span class='ocrx_word' id='word_1_48' title='bbox 1904 799 2129 851; x_wconf 86' lang='lat' dir='ltr'>sacrile-</span> 
     </span>
    </p>
   </div>
   <div class='ocr_carea' id='block_1_7' title="bbox 432 887 2130 959">
    <p class='ocr_par' dir='ltr' id='par_1_7' title="bbox 432 887 2130 959">
     <span class='ocr_line' id='line_1_7' title="bbox 432 887 2130 959; baseline -0.002 -18"><span class='ocrx_word' id='word_1_49' title='bbox 432 904 569 959; x_wconf 89' lang='lat' dir='ltr'>gum</span> <span class='ocrx_word' id='word_1_50' title='bbox 628 906 750 942; x_wconf 85' lang='lat' dir='ltr'>esse</span> <span class='ocrx_word' id='word_1_51' title='bbox 798 889 1104 952; x_wconf 84' lang='lat' dir='ltr'>videbitur,</span> <span class='ocrx_word' id='word_1_52' title='bbox 1138 887 1181 939; x_wconf 92' lang='lat' dir='ltr'>si</span> <span class='ocrx_word' id='word_1_53' title='bbox 1235 893 1385 939; x_wconf 85' lang='lat' dir='ltr'>certe</span> <span class='ocrx_word' id='word_1_54' title='bbox 1442 891 1662 939; x_wconf 88' lang='lat' dir='ltr'>tantum</span> <span class='ocrx_word' id='word_1_55' title='bbox 1722 887 1993 940; x_wconf 80' lang='lat' dir='ltr'>adversor</span> <span class='ocrx_word' id='word_1_56' title='bbox 2048 889 2130 938; x_wconf 88' lang='lat' dir='ltr'>est</span> 
     </span>
    </p>
   </div>
   <div class='ocr_carea' id='block_1_8' title="bbox 432 974 2131 1046">
    <p class='ocr_par' dir='ltr' id='par_1_8' title="bbox 432 974 2131 1046">
     <span class='ocr_line' id='line_1_8' title="bbox 432 974 2131 1046; baseline -0.002 -15"><span class='ocrx_word' id='word_1_57' title='bbox 432 978 692 1031; x_wconf 74' lang='lat' dir='ltr'>Ecclesire</span> <span class='ocrx_word' id='word_1_58' title='bbox 724 983 930 1030; x_wconf 58' lang='lat' dir='ltr'>sancta;</span> <span class='ocrx_word' id='word_1_59' title='bbox 965 978 1284 1041; x_wconf 89' lang='lat' dir='ltr'>maledicat,</span> <span class='ocrx_word' id='word_1_60' title='bbox 1310 992 1437 1046; x_wconf 61' lang='lat' dir='ltr'>quas</span> <span class='ocrx_word' id='word_1_61' title='bbox 1466 974 1866 1028; x_wconf 85' lang='lat' dir='ltr'>maledicentes</span> <span class='ocrx_word' id='word_1_62' title='bbox 1897 991 1953 1027; x_wconf 92' lang='lat' dir='ltr'>se</span> <span class='ocrx_word' id='word_1_63' title='bbox 1988 991 2131 1045; x_wconf 92' lang='lat' dir='ltr'>quo-</span> 
     </span>
    </p>
   </div>
   <div class='ocr_carea' id='block_1_9' title="bbox 431 1063 2130 1135">
    <p class='ocr_par' dir='ltr' id='par_1_9' title="bbox 431 1063 2130 1135">
     <span class='ocr_line' id='line_1_9' title="bbox 431 1063 2130 1135; baseline -0.004 -15"><span class='ocrx_word' id='word_1_64' title='bbox 431 1067 571 1120; x_wconf 90' lang='lat' dir='ltr'>tidie</span> <span class='ocrx_word' id='word_1_65' title='bbox 624 1066 930 1119; x_wconf 81' lang='lat' dir='ltr'>maledicit.</span> <span class='ocrx_word' id='word_1_66' title='bbox 994 1066 1055 1118; x_wconf 84' lang='lat' dir='ltr'>Et</span> <span class='ocrx_word' id='word_1_67' title='bbox 1082 1066 1281 1135; x_wconf 88' lang='lat' dir='ltr'>utique</span> <span class='ocrx_word' id='word_1_68' title='bbox 1342 1064 1671 1117; x_wconf 89' lang='lat' dir='ltr'>maledictor</span> <span class='ocrx_word' id='word_1_69' title='bbox 1720 1063 1978 1117; x_wconf 71' lang='lat' dir='ltr'>Ecclesire</span> <span class='ocrx_word' id='word_1_70' title='bbox 2026 1069 2130 1130; x_wconf 85' lang='lat' dir='ltr'>est,</span> 
     </span>
    </p>
   </div>
   <div class='ocr_carea' id='block_1_10' title="bbox 432 1153 2127 1226">
    <p class='ocr_par' dir='ltr' id='par_1_10' title="bbox 432 1153 2127 1226">
     <span class='ocr_line' id='line_1_10' title="bbox 432 1153 2127 1226; baseline -0.001 -19"><span class='ocrx_word' id='word_1_71' title='bbox 432 1156 532 1226; x_wconf 87' lang='lat' dir='ltr'>qui</span> <span class='ocrx_word' id='word_1_72' title='bbox 562 1156 776 1208; x_wconf 77' lang='lat' dir='ltr'>viscera</span> <span class='ocrx_word' id='word_1_73' title='bbox 823 1155 1081 1207; x_wconf 66' lang='lat' dir='ltr'>Ecclesiae.</span> <span class='ocrx_word' id='word_1_74' title='bbox 1128 1153 1436 1218; x_wconf 80' lang='lat' dir='ltr'>maledicit,</span> <span class='ocrx_word' id='word_1_75' title='bbox 1489 1153 1604 1205; x_wconf 92' lang='lat' dir='ltr'>imo</span> <span class='ocrx_word' id='word_1_76' title='bbox 1653 1154 1750 1223; x_wconf 90' lang='lat' dir='ltr'>qui</span> <span class='ocrx_word' id='word_1_77' title='bbox 1800 1153 1980 1222; x_wconf 85' lang='lat' dir='ltr'>ipsius</span> <span class='ocrx_word' id='word_1_78' title='bbox 2034 1154 2127 1205; x_wconf 88' lang='lat' dir='ltr'>Ec-</span> 
     </span>
    </p>
   </div>
   <div class='ocr_carea' id='block_1_11' title="bbox 432 1240 2131 1312">
    <p class='ocr_par' dir='ltr' id='par_1_11' title="bbox 432 1240 2131 1312">
     <span class='ocr_line' id='line_1_11' title="bbox 432 1240 2131 1312; baseline -0.002 -15"><span class='ocrx_word' id='word_1_79' title='bbox 432 1243 639 1307; x_wconf 59' lang='lat' dir='ltr'>clesiae,</span> <span class='ocrx_word' id='word_1_80' title='bbox 674 1259 800 1312; x_wconf 80' lang='lat' dir='ltr'>quae.</span> <span class='ocrx_word' id='word_1_81' title='bbox 838 1258 951 1295; x_wconf 91' lang='lat' dir='ltr'>non</span> <span class='ocrx_word' id='word_1_82' title='bbox 986 1241 1166 1311; x_wconf 88' lang='lat' dir='ltr'>magis</span> <span class='ocrx_word' id='word_1_83' title='bbox 1206 1242 1263 1294; x_wconf 90' lang='lat' dir='ltr'>iu</span> <span class='ocrx_word' id='word_1_84' title='bbox 1297 1241 1420 1293; x_wconf 84' lang='lat' dir='ltr'>aliis</span> <span class='ocrx_word' id='word_1_85' title='bbox 1452 1257 1623 1311; x_wconf 90' lang='lat' dir='ltr'>quam</span> <span class='ocrx_word' id='word_1_86' title='bbox 1657 1241 1715 1293; x_wconf 92' lang='lat' dir='ltr'>in</span> <span class='ocrx_word' id='word_1_87' title='bbox 1748 1240 1882 1309; x_wconf 83' lang='lat' dir='ltr'>ipsis</span> <span class='ocrx_word' id='word_1_88' title='bbox 1914 1246 2131 1310; x_wconf 85' lang='lat' dir='ltr'>marty—</span> 
     </span>
    </p>
   </div>
   <div class='ocr_carea' id='block_1_12' title="bbox 432 1328 2130 1401">
    <p class='ocr_par' dir='ltr' id='par_1_12' title="bbox 432 1328 2130 1401">
     <span class='ocr_line' id='line_1_12' title="bbox 432 1328 2130 1401; baseline -0.003 -15"><span class='ocrx_word' id='word_1_89' title='bbox 432 1333 591 1386; x_wconf 87' lang='lat' dir='ltr'>ribus</span> <span class='ocrx_word' id='word_1_90' title='bbox 625 1337 1007 1401; x_wconf 70' lang='lat' dir='ltr'>computatur,</span> <span class='ocrx_word' id='word_1_91' title='bbox 1043 1331 1349 1383; x_wconf 89' lang='lat' dir='ltr'>infamator</span> <span class='ocrx_word' id='word_1_92' title='bbox 1394 1329 1665 1399; x_wconf 81' lang='lat' dir='ltr'>profanus</span> <span class='ocrx_word' id='word_1_93' title='bbox 1705 1336 1807 1382; x_wconf 85' lang='lat' dir='ltr'>est.</span> <span class='ocrx_word' id='word_1_94' title='bbox 1860 1328 2130 1399; x_wconf 77' lang='lat' dir='ltr'>Nunquid</span> 
     </span>
    </p>
   </div>
   <div class='ocr_carea' id='block_1_13' title="bbox 431 1418 2133 1487">
    <p class='ocr_par' dir='ltr' id='par_1_13' title="bbox 431 1418 2133 1487">
     <span class='ocr_line' id='line_1_13' title="bbox 431 1418 2133 1487; baseline -0.002 -13"><span class='ocrx_word' id='word_1_95' title='bbox 431 1437 548 1475; x_wconf 89' lang='lat' dir='ltr'>non</span> <span class='ocrx_word' id='word_1_96' title='bbox 607 1420 804 1473; x_wconf 88' lang='lat' dir='ltr'>doctor</span> <span class='ocrx_word' id='word_1_97' title='bbox 862 1425 1077 1483; x_wconf 89' lang='lat' dir='ltr'>noster,</span> <span class='ocrx_word' id='word_1_98' title='bbox 1135 1420 1508 1472; x_wconf 85' lang='lat' dir='ltr'>Ecclesiarum</span> <span class='ocrx_word' id='word_1_99' title='bbox 1561 1418 1765 1472; x_wconf 86' lang='lat' dir='ltr'>Christi</span> <span class='ocrx_word' id='word_1_100' title='bbox 1861 1418 2133 1487; x_wconf 84' lang='lat' dir='ltr'>magister</span> 
     </span>
    </p>
   </div>
   <div class='ocr_carea' id='block_1_14' title="bbox 431 1506 2130 1577">
    <p class='ocr_par' dir='ltr' id='par_1_14' title="bbox 431 1506 2130 1577">
     <span class='ocr_line' id='line_1_14' title="bbox 431 1506 2130 1577; baseline -0.002 -13"><span class='ocrx_word' id='word_1_101' title='bbox 431 1510 657 1575; x_wconf 85' lang='lat' dir='ltr'>Paulus,</span> <span class='ocrx_word' id='word_1_102' title='bbox 694 1508 952 1577; x_wconf 85' lang='lat' dir='ltr'>gentium</span> <span class='ocrx_word' id='word_1_103' title='bbox 979 1508 1294 1576; x_wconf 83' lang='lat' dir='ltr'>apostolus,</span> <span class='ocrx_word' id='word_1_104' title='bbox 1322 1523 1417 1559; x_wconf 88' lang='lat' dir='ltr'>vas</span> <span class='ocrx_word' id='word_1_105' title='bbox 1451 1506 1656 1560; x_wconf 84' lang='lat' dir='ltr'>Christi</span> <span class='ocrx_word' id='word_1_106' title='bbox 1690 1507 1924 1572; x_wconf 88' lang='lat' dir='ltr'>electus,</span> <span class='ocrx_word' id='word_1_107' title='bbox 1980 1508 2130 1560; x_wconf 90' lang='lat' dir='ltr'>hunc</span> 
     </span>
    </p>
   </div>
   <div class='ocr_carea' id='block_1_15' title="bbox 433 1595 2128 1667">
    <p class='ocr_par' dir='ltr' id='par_1_15' title="bbox 433 1595 2128 1667">
     <span class='ocr_line' id='line_1_15' title="bbox 433 1595 2128 1667; baseline -0.002 -15"><span class='ocrx_word' id='word_1_108' title='bbox 433 1599 701 1667; x_wconf 85' lang='lat' dir='ltr'>angelum</span> <span class='ocrx_word' id='word_1_109' title='bbox 732 1597 912 1666; x_wconf 83' lang='lat' dir='ltr'>digito</span> <span class='ocrx_word' id='word_1_110' title='bbox 942 1597 1099 1666; x_wconf 89' lang='lat' dir='ltr'>quali</span> <span class='ocrx_word' id='word_1_111' title='bbox 1133 1596 1431 1660; x_wconf 89' lang='lat' dir='ltr'>denotans,</span> <span class='ocrx_word' id='word_1_112' title='bbox 1464 1611 1724 1665; x_wconf 68' lang='lat' dir='ltr'>prmsago</span> <span class='ocrx_word' id='word_1_113' title='bbox 1757 1595 1958 1664; x_wconf 88' lang='lat' dir='ltr'>spiritu</span> <span class='ocrx_word' id='word_1_114' title='bbox 2007 1612 2128 1649; x_wconf 87' lang='lat' dir='ltr'>ma-</span> 
     </span>
    </p>
   </div>
   <div class='ocr_carea' id='block_1_16' title="bbox 435 1682 2133 1752">
    <p class='ocr_par' dir='ltr' id='par_1_16' title="bbox 435 1682 2133 1752">
     <span class='ocr_line' id='line_1_16' title="bbox 435 1682 2133 1752; baseline -0.002 -12"><span class='ocrx_word' id='word_1_115' title='bbox 435 1688 649 1750; x_wconf 85' lang='lat' dir='ltr'>ledixit,</span> <span class='ocrx_word' id='word_1_116' title='bbox 682 1687 917 1739; x_wconf 81' lang='lat' dir='ltr'>dicens:</span> <span class='ocrx_word' id='word_1_117' title='bbox 978 1685 1038 1739; x_wconf 81' lang='lat' dir='ltr'>Si</span> <span class='ocrx_word' id='word_1_118' title='bbox 1084 1688 1205 1752; x_wconf 87' lang='lat' dir='ltr'>quis</span> <span class='ocrx_word' id='word_1_119' title='bbox 1253 1686 1403 1738; x_wconf 72' lang='lat' dir='ltr'>vobis</span> <span class='ocrx_word' id='word_1_120' title='bbox 1456 1684 1611 1735; x_wconf 78' lang='lat' dir='ltr'>aliud</span> <span class='ocrx_word' id='word_1_121' title='bbox 1676 1682 2133 1750; x_wconf 75' lang='lat' dir='ltr'>euangelizavcrit</span> 
     </span>
    </p>
   </div>
   <div class='ocr_carea' id='block_1_17' title="bbox 432 1772 2127 1845">
    <p class='ocr_par' dir='ltr' id='par_1_17' title="bbox 432 1772 2127 1845">
     <span class='ocr_line' id='line_1_17' title="bbox 432 1772 2127 1845; baseline -0.004 -16"><span class='ocrx_word' id='word_1_122' title='bbox 432 1782 629 1845; x_wconf 72' lang='lat' dir='ltr'>praeter</span> <span class='ocrx_word' id='word_1_123' title='bbox 681 1775 740 1827; x_wconf 82' lang='lat' dir='ltr'>id</span> <span class='ocrx_word' id='word_1_124' title='bbox 811 1773 954 1842; x_wconf 85' lang='lat' dir='ltr'>quod</span> <span class='ocrx_word' id='word_1_125' title='bbox 1022 1775 1325 1841; x_wconf 73' lang='lat' dir='ltr'>accepistis,</span> <span class='ocrx_word' id='word_1_126' title='bbox 1398 1772 1688 1825; x_wconf 81' lang='lat' dir='ltr'>anathema</span> <span class='ocrx_word' id='word_1_127' title='bbox 1760 1774 1851 1825; x_wconf 87' lang='lat' dir='ltr'>sit.</span> <span class='ocrx_word' id='word_1_128' title='bbox 1936 1774 2127 1825; x_wconf 84' lang='lat' dir='ltr'>Amen.</span> 
     </span>
    </p>
   </div>
   <div class='ocr_carea' id='block_1_18' title="bbox 432 1859 2129 1928">
    <p class='ocr_par' dir='ltr' id='par_1_18' title="bbox 432 1859 2129 1928">
     <span class='ocr_line' id='line_1_18' title="bbox 432 1859 2129 1928; baseline -0.002 -13"><span class='ocrx_word' id='word_1_129' title='bbox 432 1864 667 1916; x_wconf 79' lang='lat' dir='ltr'>Etiamsi</span> <span class='ocrx_word' id='word_1_130' title='bbox 698 1863 920 1928; x_wconf 75' lang='lat' dir='ltr'>angelus</span> <span class='ocrx_word' id='word_1_131' title='bbox 952 1860 1016 1913; x_wconf 83' lang='lat' dir='ltr'>de</span> <span class='ocrx_word' id='word_1_132' title='bbox 1069 1862 1193 1914; x_wconf 71' lang='lat' dir='ltr'>cmlo</span> <span class='ocrx_word' id='word_1_133' title='bbox 1239 1861 1691 1927; x_wconf 78' lang='lat' dir='ltr'>cvangelizavcrit</span> <span class='ocrx_word' id='word_1_134' title='bbox 1748 1860 1897 1913; x_wconf 71' lang='lat' dir='ltr'>vobis</span> <span class='ocrx_word' id='word_1_135' title='bbox 1955 1859 2129 1925; x_wconf 85' lang='lat' dir='ltr'>aliud,</span> 
     </span>
    </p>
   </div>
   <div class='ocr_carea' id='block_1_19' title="bbox 433 1948 2131 2018">
    <p class='ocr_par' dir='ltr' id='par_1_19' title="bbox 433 1948 2131 2018">
     <span class='ocr_line' id='line_1_19' title="bbox 433 1948 2131 2018; baseline -0.001 -17"><span class='ocrx_word' id='word_1_136' title='bbox 433 1952 720 2002; x_wconf 77' lang='lat' dir='ltr'>anathema</span> <span class='ocrx_word' id='word_1_137' title='bbox 771 1952 861 2002; x_wconf 79' lang='lat' dir='ltr'>sit.</span> <span class='ocrx_word' id='word_1_138' title='bbox 926 1952 1102 2001; x_wconf 78' lang='lat' dir='ltr'>Amen</span> <span class='ocrx_word' id='word_1_139' title='bbox 1154 1949 1296 2014; x_wconf 85' lang='lat' dir='ltr'>(Gal.</span> <span class='ocrx_word' id='word_1_140' title='bbox 1372 1964 1408 2014; x_wconf 83' lang='grc' dir='ltr'>ι,</span> <span class='ocrx_word' id='word_1_141' title='bbox 1458 1950 1525 2011; x_wconf 87' lang='grc'>8).</span> <span class='ocrx_word' id='word_1_142' title='bbox 1580 1949 1714 2000; x_wconf 83' lang='lat' dir='ltr'>Ecce</span> <span class='ocrx_word' id='word_1_143' title='bbox 1756 1950 1991 2018; x_wconf 85' lang='lat' dir='ltr'>angelus</span> <span class='ocrx_word' id='word_1_144' title='bbox 2038 1948 2131 2001; x_wconf 89' lang='lat' dir='ltr'>ille</span> 
     </span>
    </p>
   </div>
   <div class='ocr_carea' id='block_1_20' title="bbox 438 2035 2131 2105">
    <p class='ocr_par' dir='ltr' id='par_1_20' title="bbox 438 2035 2131 2105">
     <span class='ocr_line' id='line_1_20' title="bbox 438 2035 2131 2105; baseline 0 -16"><span class='ocrx_word' id='word_1_145' title='bbox 438 2037 773 2089; x_wconf 88' lang='lat' dir='ltr'>maledictus</span> <span class='ocrx_word' id='word_1_146' title='bbox 821 2037 1157 2098; x_wconf 87' lang='lat' dir='ltr'>ostenditur,</span> <span class='ocrx_word' id='word_1_147' title='bbox 1204 2036 1303 2105; x_wconf 91' lang='lat' dir='ltr'>qui</span> <span class='ocrx_word' id='word_1_148' title='bbox 1338 2035 1493 2088; x_wconf 37' lang='lat' dir='ltr'>Patu‘i</span> <span class='ocrx_word' id='word_1_149' title='bbox 1538 2035 1755 2088; x_wconf 87' lang='lat' dir='ltr'>monita</span> <span class='ocrx_word' id='word_1_150' title='bbox 1796 2035 2131 2089; x_wconf 84' lang='lat' dir='ltr'>auctoritate</span> 
     </span>
    </p>
   </div>
   <div class='ocr_carea' id='block_1_21' title="bbox 440 2124 2129 2194">
    <p class='ocr_par' dir='ltr' id='par_1_21' title="bbox 440 2124 2129 2194">
     <span class='ocr_line' id='line_1_21' title="bbox 440 2124 2129 2194; baseline 0.001 -18"><span class='ocrx_word' id='word_1_151' title='bbox 440 2125 550 2176; x_wconf 91' lang='lat' dir='ltr'>alia</span> <span class='ocrx_word' id='word_1_152' title='bbox 590 2124 678 2177; x_wconf 85' lang='lat' dir='ltr'>via</span> <span class='ocrx_word' id='word_1_153' title='bbox 721 2125 1010 2177; x_wconf 87' lang='lat' dir='ltr'>destruere</span> <span class='ocrx_word' id='word_1_154' title='bbox 1062 2132 1320 2189; x_wconf 88' lang='lat' dir='ltr'>conatur,</span> <span class='ocrx_word' id='word_1_155' title='bbox 1356 2125 1469 2177; x_wconf 84' lang='lat' dir='ltr'>nisi</span> <span class='ocrx_word' id='word_1_156' title='bbox 1518 2124 1663 2179; x_wconf 81' lang='lat' dir='ltr'>forte</span> <span class='ocrx_word' id='word_1_157' title='bbox 1713 2129 1811 2177; x_wconf 88' lang='lat' dir='ltr'>aut</span> <span class='ocrx_word' id='word_1_158' title='bbox 1863 2125 2129 2194; x_wconf 76' lang='lat' dir='ltr'>angelum</span> 
     </span>
    </p>
   </div>
   <div class='ocr_carea' id='block_1_22' title="bbox 437 2212 2133 2282">
    <p class='ocr_par' dir='ltr' id='par_1_22' title="bbox 437 2212 2133 2282">
     <span class='ocr_line' id='line_1_22' title="bbox 437 2212 2133 2282; baseline -0.001 -16"><span class='ocrx_word' id='word_1_159' title='bbox 437 2213 653 2266; x_wconf 89' lang='lat' dir='ltr'>bonum</span> <span class='ocrx_word' id='word_1_160' title='bbox 689 2229 717 2265; x_wconf 88' lang='lat' dir='ltr'>a</span> <span class='ocrx_word' id='word_1_161' title='bbox 744 2217 901 2265; x_wconf 87' lang='lat' dir='ltr'>tanto</span> <span class='ocrx_word' id='word_1_162' title='bbox 932 2214 1188 2282; x_wconf 89' lang='lat' dir='ltr'>apostolo</span> <span class='ocrx_word' id='word_1_163' title='bbox 1222 2212 1589 2265; x_wconf 88' lang='lat' dir='ltr'>maledictum</span> <span class='ocrx_word' id='word_1_164' title='bbox 1622 2228 1743 2265; x_wconf 88' lang='lat' dir='ltr'>esse</span> <span class='ocrx_word' id='word_1_165' title='bbox 1786 2213 2005 2277; x_wconf 81' lang='lat' dir='ltr'>dicatis,</span> <span class='ocrx_word' id='word_1_166' title='bbox 2034 2219 2133 2266; x_wconf 87' lang='lat' dir='ltr'>aut</span> 
     </span>
    </p>
   </div>
   <div class='ocr_carea' id='block_1_23' title="bbox 438 2298 2128 2369">
    <p class='ocr_par' dir='ltr' id='par_1_23' title="bbox 438 2298 2128 2369">
     <span class='ocr_line' id='line_1_23' title="bbox 438 2298 2128 2369; baseline 0 -16"><span class='ocrx_word' id='word_1_167' title='bbox 438 2300 591 2353; x_wconf 90' lang='lat' dir='ltr'>hunc</span> <span class='ocrx_word' id='word_1_168' title='bbox 622 2300 1101 2368; x_wconf 84' lang='lat' dir='ltr'>impurissimum,</span> <span class='ocrx_word' id='word_1_169' title='bbox 1133 2300 1229 2369; x_wconf 90' lang='lat' dir='ltr'>qui</span> <span class='ocrx_word' id='word_1_170' title='bbox 1273 2315 1329 2350; x_wconf 70' lang='grc' dir='ltr'>εει</span> <span class='ocrx_word' id='word_1_171' title='bbox 1364 2298 1611 2368; x_wconf 61' lang='lat' dir='ltr'>praebuit</span> <span class='ocrx_word' id='word_1_172' title='bbox 1642 2300 1707 2352; x_wconf 89' lang='lat' dir='ltr'>ad</span> <span class='ocrx_word' id='word_1_173' title='bbox 1753 2300 2128 2353; x_wconf 89' lang='lat' dir='ltr'>habitandum</span> 
     </span>
    </p>
   </div>
   <div class='ocr_carea' id='block_1_24' title="bbox 438 2387 2130 2458">
    <p class='ocr_par' dir='ltr' id='par_1_24' title="bbox 438 2387 2130 2458">
     <span class='ocr_line' id='line_1_24' title="bbox 438 2387 2130 2458; baseline -0.001 -16"><span class='ocrx_word' id='word_1_174' title='bbox 438 2388 829 2458; x_wconf 88' lang='lat' dir='ltr'>impurissimo</span> <span class='ocrx_word' id='word_1_175' title='bbox 871 2389 1141 2456; x_wconf 76' lang='lat' dir='ltr'>bangelo,</span> <span class='ocrx_word' id='word_1_176' title='bbox 1191 2388 1379 2457; x_wconf 91' lang='lat' dir='ltr'>ipsum</span> <span class='ocrx_word' id='word_1_177' title='bbox 1415 2387 1749 2456; x_wconf 62' lang='lat' dir='ltr'>praedicasse</span> <span class='ocrx_word' id='word_1_178' title='bbox 1780 2388 1929 2457; x_wconf 90' lang='lat' dir='ltr'>quod</span> <span class='ocrx_word' id='word_1_179' title='bbox 1984 2389 2130 2441; x_wconf 89' lang='lat' dir='ltr'>Pau-</span> 
     </span>
    </p>
   </div>
   <div class='ocr_carea' id='block_1_25' title="bbox 437 2476 2127 2547">
    <p class='ocr_par' dir='ltr' id='par_1_25' title="bbox 437 2476 2127 2547">
     <span class='ocr_line' id='line_1_25' title="bbox 437 2476 2127 2547; baseline -0.001 -17"><span class='ocrx_word' id='word_1_180' title='bbox 437 2478 549 2545; x_wconf 88' lang='lat' dir='ltr'>lus,</span> <span class='ocrx_word' id='word_1_181' title='bbox 601 2478 826 2547; x_wconf 82' lang='lat' dir='ltr'>procaci</span> <span class='ocrx_word' id='word_1_182' title='bbox 857 2478 1151 2531; x_wconf 88' lang='lat' dir='ltr'>dicacitate</span> <span class='ocrx_word' id='word_1_183' title='bbox 1175 2476 1495 2529; x_wconf 86' lang='lat' dir='ltr'>reclamasti</span> <span class='ocrx_word' id='word_1_184' title='bbox 1538 2487 1560 2511; x_wconf 72' lang='grc' dir='ltr'>ε</span> <span class='ocrx_word' id='word_1_185' title='bbox 1608 2476 1818 2530; x_wconf 90' lang='lat' dir='ltr'>mundo</span> <span class='ocrx_word' id='word_1_186' title='bbox 1843 2476 2127 2546; x_wconf 86' lang='lat' dir='ltr'>profertis.</span> 
     </span>
    </p>
   </div>
   <div class='ocr_carea' id='block_1_26' title="bbox 438 2565 2128 2635">
    <p class='ocr_par' dir='ltr' id='par_1_26' title="bbox 438 2565 2128 2635">
     <span class='ocr_line' id='line_1_26' title="bbox 438 2565 2128 2635; baseline -0.001 -16"><span class='ocrx_word' id='word_1_187' title='bbox 438 2566 505 2619; x_wconf 85' lang='lat' dir='ltr'>Et</span> <span class='ocrx_word' id='word_1_188' title='bbox 532 2582 725 2618; x_wconf 90' lang='lat' dir='ltr'>verum</span> <span class='ocrx_word' id='word_1_189' title='bbox 759 2571 843 2618; x_wconf 90' lang='lat' dir='ltr'>est</span> <span class='ocrx_word' id='word_1_190' title='bbox 872 2565 1023 2635; x_wconf 89' lang='lat' dir='ltr'>quod</span> <span class='ocrx_word' id='word_1_191' title='bbox 1058 2582 1090 2618; x_wconf 88' lang='lat' dir='ltr'>a</span> <span class='ocrx_word' id='word_1_192' title='bbox 1134 2570 1393 2634; x_wconf 90' lang='lat' dir='ltr'>tempore</span> <span class='ocrx_word' id='word_1_193' title='bbox 1417 2566 1536 2633; x_wconf 88' lang='lat' dir='ltr'>jam</span> <span class='ocrx_word' id='word_1_194' title='bbox 1588 2566 1718 2618; x_wconf 88' lang='lat' dir='ltr'>dicti</span> <span class='ocrx_word' id='word_1_195' title='bbox 1751 2566 1960 2618; x_wconf 91' lang='lat' dir='ltr'>summi</span> <span class='ocrx_word' id='word_1_196' title='bbox 2006 2582 2128 2619; x_wconf 85' lang='lat' dir='ltr'>ma-</span> 
     </span>
    </p>
   </div>
   <div class='ocr_carea' id='block_1_27' title="bbox 438 2653 2132 2724">
    <p class='ocr_par' dir='ltr' id='par_1_27' title="bbox 438 2653 2132 2724">
     <span class='ocr_line' id='line_1_27' title="bbox 438 2653 2132 2724; baseline 0.001 -18"><span class='ocrx_word' id='word_1_197' title='bbox 438 2654 602 2723; x_wconf 86' lang='lat' dir='ltr'>gistri</span> <span class='ocrx_word' id='word_1_198' title='bbox 634 2654 824 2706; x_wconf 89' lang='lat' dir='ltr'>nullus</span> <span class='ocrx_word' id='word_1_199' title='bbox 850 2656 993 2705; x_wconf 88' lang='lat' dir='ltr'>alius</span> <span class='ocrx_word' id='word_1_200' title='bbox 1025 2653 1126 2705; x_wconf 88' lang='lat' dir='ltr'>sub</span> <span class='ocrx_word' id='word_1_201' title='bbox 1159 2654 1389 2706; x_wconf 88' lang='lat' dir='ltr'>nomine</span> <span class='ocrx_word' id='word_1_202' title='bbox 1421 2654 1611 2723; x_wconf 82' lang='lat' dir='ltr'>angeli</span> <span class='ocrx_word' id='word_1_203' title='bbox 1644 2655 1807 2706; x_wconf 84' lang='lat' dir='ltr'>devia</span> <span class='ocrx_word' id='word_1_204' title='bbox 1835 2654 1955 2724; x_wconf 88' lang='lat' dir='ltr'>ejus</span> <span class='ocrx_word' id='word_1_205' title='bbox 1986 2670 2132 2724; x_wconf 68' lang='lat' dir='ltr'>prae-</span> 
     </span>
    </p>
   </div>
   <div class='ocr_carea' id='block_1_28' title="bbox 439 2741 2133 2810">
    <p class='ocr_par' dir='ltr' id='par_1_28' title="bbox 439 2741 2133 2810">
     <span class='ocr_line' id='line_1_28' title="bbox 439 2741 2133 2810; baseline 0.001 -16"><span class='ocrx_word' id='word_1_206' title='bbox 439 2742 744 2804; x_wconf 90' lang='lat' dir='ltr'>dicatione,</span> <span class='ocrx_word' id='word_1_207' title='bbox 779 2746 836 2794; x_wconf 88' lang='lat' dir='ltr'>et</span> <span class='ocrx_word' id='word_1_208' title='bbox 865 2742 1207 2810; x_wconf 66' lang='lat' dir='ltr'>evangelica!</span> <span class='ocrx_word' id='word_1_209' title='bbox 1239 2741 1476 2795; x_wconf 79' lang='lat' dir='ltr'>adversa</span> <span class='ocrx_word' id='word_1_210' title='bbox 1508 2741 1790 2794; x_wconf 82' lang='lat' dir='ltr'>adducere</span> <span class='ocrx_word' id='word_1_211' title='bbox 1825 2758 1995 2794; x_wconf 89' lang='lat' dir='ltr'>ausus</span> <span class='ocrx_word' id='word_1_212' title='bbox 2048 2747 2133 2795; x_wconf 87' lang='lat' dir='ltr'>est</span> 
     </span>
    </p>
   </div>
   <div class='ocr_carea' id='block_1_29' title="bbox 439 2829 2131 2900">
    <p class='ocr_par' dir='ltr' id='par_1_29' title="bbox 439 2829 2131 2900">
     <span class='ocr_line' id='line_1_29' title="bbox 439 2829 2131 2900; baseline 0.001 -19"><span class='ocrx_word' id='word_1_213' title='bbox 439 2836 624 2891; x_wconf 63' lang='lat' dir='ltr'>sectae,</span> <span class='ocrx_word' id='word_1_214' title='bbox 682 2829 791 2882; x_wconf 88' lang='lat' dir='ltr'>nisi</span> <span class='ocrx_word' id='word_1_215' title='bbox 846 2829 970 2888; x_wconf 86' lang='lat' dir='ltr'>iste.</span> <span class='ocrx_word' id='word_1_216' title='bbox 1007 2830 1104 2900; x_wconf 86' lang='lat' dir='ltr'>qui</span> <span class='ocrx_word' id='word_1_217' title='bbox 1145 2830 1249 2883; x_wconf 91' lang='lat' dir='ltr'>sub</span> <span class='ocrx_word' id='word_1_218' title='bbox 1302 2830 1533 2882; x_wconf 87' lang='lat' dir='ltr'>nomine</span> <span class='ocrx_word' id='word_1_219' title='bbox 1562 2830 1835 2883; x_wconf 82' lang='lat' dir='ltr'>Gabrielis</span> <span class='ocrx_word' id='word_1_220' title='bbox 1893 2830 2131 2883; x_wconf 87' lang='lat' dir='ltr'>alteram</span> 
     </span>
    </p>
   </div>
   <div class='ocr_carea' id='block_1_30' title="bbox 439 2918 2133 2988">
    <p class='ocr_par' dir='ltr' id='par_1_30' title="bbox 439 2918 2133 2988">
     <span class='ocr_line' id='line_1_30' title="bbox 439 2918 2133 2988; baseline 0.001 -18"><span class='ocrx_word' id='word_1_221' title='bbox 439 2919 539 2971; x_wconf 90' lang='lat' dir='ltr'>Dei</span> <span class='ocrx_word' id='word_1_222' title='bbox 590 2934 647 2970; x_wconf 92' lang='lat' dir='ltr'>se</span> <span class='ocrx_word' id='word_1_223' title='bbox 698 2918 1028 2971; x_wconf 91' lang='lat' dir='ltr'>hominibus</span> <span class='ocrx_word' id='word_1_224' title='bbox 1075 2918 1344 2970; x_wconf 84' lang='lat' dir='ltr'>detulisse</span> <span class='ocrx_word' id='word_1_225' title='bbox 1401 2918 1671 2971; x_wconf 89' lang='lat' dir='ltr'>mentitus</span> <span class='ocrx_word' id='word_1_226' title='bbox 1703 2924 1785 2970; x_wconf 87' lang='lat' dir='ltr'>est</span> <span class='ocrx_word' id='word_1_227' title='bbox 1832 2920 2034 2988; x_wconf 74' lang='lat' dir='ltr'>legem.</span> <span class='ocrx_word' id='word_1_228' title='bbox 2072 2920 2133 2972; x_wconf 84' lang='lat' dir='ltr'>Et</span> 
     </span>
    </p>
   </div>
   <div class='ocr_carea' id='block_1_31' title="bbox 2242 533 3933 601">
    <p class='ocr_par' dir='ltr' id='par_1_31' title="bbox 2242 533 3933 601">
     <span class='ocr_line' id='line_1_31' title="bbox 2242 533 3933 601; baseline -0.002 -14"><span class='ocrx_word' id='word_1_229' title='bbox 2242 536 2480 587; x_wconf 86' lang='lat' dir='ltr'>camus?</span> <span class='ocrx_word' id='word_1_230' title='bbox 2508 536 2571 587; x_wconf 86' lang='lat' dir='ltr'>Et</span> <span class='ocrx_word' id='word_1_231' title='bbox 2617 534 2969 587; x_wconf 86' lang='lat' dir='ltr'>Christianos</span> <span class='ocrx_word' id='word_1_232' title='bbox 2999 538 3192 585; x_wconf 89' lang='lat' dir='ltr'>contra</span> <span class='ocrx_word' id='word_1_233' title='bbox 3237 533 3367 586; x_wconf 90' lang='lat' dir='ltr'>fidei</span> <span class='ocrx_word' id='word_1_234' title='bbox 3413 550 3529 585; x_wconf 68' lang='lat' dir='ltr'>sua)</span> <span class='ocrx_word' id='word_1_235' title='bbox 3586 534 3770 585; x_wconf 87' lang='lat' dir='ltr'>socios</span> <span class='ocrx_word' id='word_1_236' title='bbox 3831 548 3933 601; x_wconf 86' lang='lat' dir='ltr'>pro</span> 
     </span>
    </p>
   </div>
   <div class='ocr_carea' id='block_1_32' title="bbox 2243 621 3931 693">
    <p class='ocr_par' dir='ltr' id='par_1_32' title="bbox 2243 621 3931 693">
     <span class='ocr_line' id='line_1_32' title="bbox 2243 621 3931 693; baseline -0.002 -17"><span class='ocrx_word' id='word_1_237' title='bbox 2243 624 2392 693; x_wconf 86' lang='lat' dir='ltr'>regis</span> <span class='ocrx_word' id='word_1_238' title='bbox 2424 622 2624 691; x_wconf 81' lang='lat' dir='ltr'>gratia,</span> <span class='ocrx_word' id='word_1_239' title='bbox 2655 629 2710 675; x_wconf 92' lang='lat' dir='ltr'>et</span> <span class='ocrx_word' id='word_1_240' title='bbox 2760 639 2863 691; x_wconf 88' lang='lat' dir='ltr'>pro</span> <span class='ocrx_word' id='word_1_241' title='bbox 2905 621 3291 674; x_wconf 88' lang='lat' dir='ltr'>vendibilibus</span> <span class='ocrx_word' id='word_1_242' title='bbox 3341 622 3693 687; x_wconf 79' lang='lat' dir='ltr'>muneribus,</span> <span class='ocrx_word' id='word_1_243' title='bbox 3731 627 3787 674; x_wconf 92' lang='lat' dir='ltr'>et</span> <span class='ocrx_word' id='word_1_244' title='bbox 3833 622 3931 673; x_wconf 87' lang='lat' dir='ltr'>de-</span> 
     </span>
    </p>
   </div>
   <div class='ocr_carea' id='block_1_33' title="bbox 2241 711 3936 781">
    <p class='ocr_par' dir='ltr' id='par_1_33' title="bbox 2241 711 3936 781">
     <span class='ocr_line' id='line_1_33' title="bbox 2241 711 3936 781; baseline -0.001 -16"><span class='ocrx_word' id='word_1_245' title='bbox 2241 712 2498 765; x_wconf 81' lang='lat' dir='ltr'>fensione</span> <span class='ocrx_word' id='word_1_246' title='bbox 2531 712 2833 781; x_wconf 80' lang='lat' dir='ltr'>gentilium</span> <span class='ocrx_word' id='word_1_247' title='bbox 2869 711 3214 779; x_wconf 87' lang='lat' dir='ltr'>praeliantes,</span> <span class='ocrx_word' id='word_1_248' title='bbox 3244 727 3357 763; x_wconf 87' lang='lat' dir='ltr'>non</span> <span class='ocrx_word' id='word_1_249' title='bbox 3391 712 3808 775; x_wconf 80' lang='lat' dir='ltr'>maledicimus,</span> <span class='ocrx_word' id='word_1_250' title='bbox 3838 728 3936 763; x_wconf 91' lang='lat' dir='ltr'>nec</span> 
     </span>
    </p>
   </div>
   <div class='ocr_carea' id='block_1_34' title="bbox 2239 800 3937 868">
    <p class='ocr_par' dir='ltr' id='par_1_34' title="bbox 2239 800 3937 868">
     <span class='ocr_line' id='line_1_34' title="bbox 2239 800 3937 868; baseline -0.001 -14"><span class='ocrx_word' id='word_1_251' title='bbox 2239 802 2609 863; x_wconf 86' lang='lat' dir='ltr'>detestamus,</span> <span class='ocrx_word' id='word_1_252' title='bbox 2631 801 2724 853; x_wconf 89' lang='lat' dir='ltr'>sed</span> <span class='ocrx_word' id='word_1_253' title='bbox 2751 800 3045 867; x_wconf 87' lang='lat' dir='ltr'>religiosos</span> <span class='ocrx_word' id='word_1_254' title='bbox 3068 815 3170 868; x_wconf 92' lang='lat' dir='ltr'>pro</span> <span class='ocrx_word' id='word_1_255' title='bbox 3203 800 3315 852; x_wconf 87' lang='lat' dir='ltr'>Deo</span> <span class='ocrx_word' id='word_1_256' title='bbox 3339 816 3468 851; x_wconf 84' lang='lat' dir='ltr'>vero</span> <span class='ocrx_word' id='word_1_257' title='bbox 3497 805 3773 851; x_wconf 85' lang='lat' dir='ltr'>certantes</span> <span class='ocrx_word' id='word_1_258' title='bbox 3806 815 3937 852; x_wconf 85' lang='lat' dir='ltr'>ana-</span> 
     </span>
    </p>
   </div>
   <div class='ocr_carea' id='block_1_35' title="bbox 2240 887 3936 959">
    <p class='ocr_par' dir='ltr' id='par_1_35' title="bbox 2240 887 3936 959">
     <span class='ocr_line' id='line_1_35' title="bbox 2240 887 3936 959; baseline -0.003 -16"><span class='ocrx_word' id='word_1_259' title='bbox 2240 892 2488 943; x_wconf 83' lang='lat' dir='ltr'>themate</span> <span class='ocrx_word' id='word_1_260' title='bbox 2522 889 2893 959; x_wconf 87' lang='lat' dir='ltr'>percutimus,</span> <span class='ocrx_word' id='word_1_261' title='bbox 2937 894 2992 941; x_wconf 89' lang='lat' dir='ltr'>et</span> <span class='ocrx_word' id='word_1_262' title='bbox 3021 887 3404 940; x_wconf 86' lang='lat' dir='ltr'>infamamus?</span> <span class='ocrx_word' id='word_1_263' title='bbox 3437 894 3491 939; x_wconf 84' lang='lat' dir='ltr'>et</span> <span class='ocrx_word' id='word_1_264' title='bbox 3512 888 3633 940; x_wconf 69' lang='lat' dir='ltr'>lizec</span> <span class='ocrx_word' id='word_1_265' title='bbox 3658 894 3771 939; x_wconf 85' lang='lat' dir='ltr'>tota</span> <span class='ocrx_word' id='word_1_266' title='bbox 3825 904 3936 939; x_wconf 89' lang='lat' dir='ltr'>me-</span> 
     </span>
    </p>
   </div>
   <div class='ocr_carea' id='block_1_36' title="bbox 2240 976 3935 1046">
    <p class='ocr_par' dir='ltr' id='par_1_36' title="bbox 2240 976 3935 1046">
     <span class='ocr_line' id='line_1_36' title="bbox 2240 976 3935 1046; baseline -0.002 -16"><span class='ocrx_word' id='word_1_267' title='bbox 2240 983 2298 1031; x_wconf 90' lang='lat' dir='ltr'>tu</span> <span class='ocrx_word' id='word_1_268' title='bbox 2324 979 2534 1032; x_wconf 88' lang='lat' dir='ltr'>terreni</span> <span class='ocrx_word' id='word_1_269' title='bbox 2576 978 2724 1046; x_wconf 85' lang='lat' dir='ltr'>regis</span> <span class='ocrx_word' id='word_1_270' title='bbox 2759 982 2994 1045; x_wconf 82' lang='lat' dir='ltr'>urgente</span> <span class='ocrx_word' id='word_1_271' title='bbox 3024 976 3369 1046; x_wconf 82' lang='lat' dir='ltr'>peragimus,</span> <span class='ocrx_word' id='word_1_272' title='bbox 3406 992 3578 1045; x_wconf 86' lang='lat' dir='ltr'>quem</span> <span class='ocrx_word' id='word_1_273' title='bbox 3599 976 3771 1028; x_wconf 80' lang='lat' dir='ltr'>veloci</span> <span class='ocrx_word' id='word_1_274' title='bbox 3822 978 3935 1029; x_wconf 86' lang='lat' dir='ltr'>line</span> 
     </span>
    </p>
   </div>
   <div class='ocr_carea' id='block_1_37' title="bbox 2240 1064 3933 1120">
    <p class='ocr_par' dir='ltr' id='par_1_37' title="bbox 2240 1064 3933 1120">
     <span class='ocr_line' id='line_1_37' title="bbox 2240 1064 3933 1120; baseline -0.001 -1"><span class='ocrx_word' id='word_1_275' title='bbox 2240 1083 2431 1120; x_wconf 87' lang='lat' dir='ltr'>carere</span> <span class='ocrx_word' id='word_1_276' title='bbox 2513 1066 2624 1119; x_wconf 89' lang='lat' dir='ltr'>fide</span> <span class='ocrx_word' id='word_1_277' title='bbox 2700 1064 3062 1117; x_wconf 79' lang='lat' dir='ltr'>indubitabili</span> <span class='ocrx_word' id='word_1_278' title='bbox 3121 1064 3482 1117; x_wconf 86' lang='lat' dir='ltr'>retinemus:</span> <span class='ocrx_word' id='word_1_279' title='bbox 3549 1069 3605 1116; x_wconf 89' lang='lat' dir='ltr'>et</span> <span class='ocrx_word' id='word_1_280' title='bbox 3656 1070 3933 1117; x_wconf 88' lang='lat' dir='ltr'>terrorem</span> 
     </span>
    </p>
   </div>
   <div class='ocr_carea' id='block_1_38' title="bbox 2240 1152 3936 1224">
    <p class='ocr_par' dir='ltr' id='par_1_38' title="bbox 2240 1152 3936 1224">
     <span class='ocr_line' id='line_1_38' title="bbox 2240 1152 3936 1224; baseline -0.002 -16"><span class='ocrx_word' id='word_1_281' title='bbox 2240 1155 2439 1208; x_wconf 62' lang='lat' dir='ltr'>interni</span> <span class='ocrx_word' id='word_1_282' title='bbox 2474 1154 2661 1223; x_wconf 74' lang='lat' dir='ltr'>Regis,</span> <span class='ocrx_word' id='word_1_283' title='bbox 2688 1154 2755 1207; x_wconf 86' lang='lat' dir='ltr'>ad</span> <span class='ocrx_word' id='word_1_284' title='bbox 2780 1170 2950 1224; x_wconf 86' lang='lat' dir='ltr'>quem</span> <span class='ocrx_word' id='word_1_285' title='bbox 2984 1152 3314 1205; x_wconf 87' lang='lat' dir='ltr'>citiustrahi</span> <span class='ocrx_word' id='word_1_286' title='bbox 3353 1169 3457 1205; x_wconf 91' lang='lat' dir='ltr'>nos</span> <span class='ocrx_word' id='word_1_287' title='bbox 3489 1168 3616 1205; x_wconf 90' lang='lat' dir='ltr'>vere</span> <span class='ocrx_word' id='word_1_288' title='bbox 3647 1153 3936 1205; x_wconf 90' lang='lat' dir='ltr'>credimus</span> 
     </span>
    </p>
   </div>
   <div class='ocr_carea' id='block_1_39' title="bbox 2241 1242 3933 1313">
    <p class='ocr_par' dir='ltr' id='par_1_39' title="bbox 2241 1242 3933 1313">
     <span class='ocr_line' id='line_1_39' title="bbox 2241 1242 3933 1313; baseline -0.002 -16"><span class='ocrx_word' id='word_1_289' title='bbox 2241 1249 2298 1297; x_wconf 91' lang='lat' dir='ltr'>et</span> <span class='ocrx_word' id='word_1_290' title='bbox 2330 1249 2610 1307; x_wconf 81' lang='lat' dir='ltr'>tenemus,</span> <span class='ocrx_word' id='word_1_291' title='bbox 2644 1248 2771 1313; x_wconf 88' lang='lat' dir='ltr'>post</span> <span class='ocrx_word' id='word_1_292' title='bbox 2804 1249 3027 1311; x_wconf 85' lang='lat' dir='ltr'>tergum</span> <span class='ocrx_word' id='word_1_293' title='bbox 3073 1242 3363 1311; x_wconf 76' lang='lat' dir='ltr'>rejicimus</span> <span class='ocrx_word' id='word_1_294' title='bbox 3405 1246 3459 1293; x_wconf 91' lang='lat' dir='ltr'>et</span> <span class='ocrx_word' id='word_1_295' title='bbox 3491 1242 3933 1295; x_wconf 86' lang='lat' dir='ltr'>conculcamus:</span> 
     </span>
    </p>
   </div>
   <div class='ocr_carea' id='block_1_40' title="bbox 2240 1330 3937 1403">
    <p class='ocr_par' dir='ltr' id='par_1_40' title="bbox 2240 1330 3937 1403">
     <span class='ocr_line' id='line_1_40' title="bbox 2240 1330 3937 1403; baseline -0.002 -17"><span class='ocrx_word' id='word_1_296' title='bbox 2240 1339 2410 1403; x_wconf 87' lang='lat' dir='ltr'>atque</span> <span class='ocrx_word' id='word_1_297' title='bbox 2443 1332 2542 1402; x_wconf 88' lang='lat' dir='ltr'>qui</span> <span class='ocrx_word' id='word_1_298' title='bbox 2581 1348 2779 1384; x_wconf 90' lang='lat' dir='ltr'>eorum</span> <span class='ocrx_word' id='word_1_299' title='bbox 2827 1332 3116 1383; x_wconf 89' lang='lat' dir='ltr'>erroribus</span> <span class='ocrx_word' id='word_1_300' title='bbox 3163 1330 3578 1395; x_wconf 87' lang='lat' dir='ltr'>contradicunt,</span> <span class='ocrx_word' id='word_1_301' title='bbox 3630 1331 3937 1383; x_wconf 62' lang='lat' dir='ltr'>haereticos</span> 
     </span>
    </p>
   </div>
   <div class='ocr_carea' id='block_1_41' title="bbox 2238 1419 3939 1489">
    <p class='ocr_par' dir='ltr' id='par_1_41' title="bbox 2238 1419 3939 1489">
     <span class='ocr_line' id='line_1_41' title="bbox 2238 1419 3939 1489; baseline -0.002 -13"><span class='ocrx_word' id='word_1_302' title='bbox 2238 1426 2294 1476; x_wconf 90' lang='lat' dir='ltr'>et</span> <span class='ocrx_word' id='word_1_303' title='bbox 2339 1420 2545 1474; x_wconf 73' lang='lat' dir='ltr'>inscios</span> <span class='ocrx_word' id='word_1_304' title='bbox 2582 1419 2946 1489; x_wconf 82' lang='lat' dir='ltr'>judicamus?</span> <span class='ocrx_word' id='word_1_305' title='bbox 2997 1419 3197 1473; x_wconf 74' lang='lat' dir='ltr'>Nostra</span> <span class='ocrx_word' id='word_1_306' title='bbox 3264 1424 3461 1471; x_wconf 87' lang='lat' dir='ltr'>contra</span> <span class='ocrx_word' id='word_1_307' title='bbox 3503 1435 3608 1472; x_wconf 89' lang='lat' dir='ltr'>nos</span> <span class='ocrx_word' id='word_1_308' title='bbox 3660 1420 3939 1472; x_wconf 85' lang='lat' dir='ltr'>dimicant</span> 
     </span>
    </p>
   </div>
   <div class='ocr_carea' id='block_1_42' title="bbox 2241 1507 3936 1577">
    <p class='ocr_par' dir='ltr' id='par_1_42' title="bbox 2241 1507 3936 1577">
     <span class='ocr_line' id='line_1_42' title="bbox 2241 1507 3936 1577; baseline -0.001 -14"><span class='ocrx_word' id='word_1_309' title='bbox 2241 1526 2397 1563; x_wconf 88' lang='lat' dir='ltr'>arma</span> <span class='ocrx_word' id='word_1_310' title='bbox 2432 1526 2444 1563; x_wconf 89' lang='lat'><strong>:</strong></span> <span class='ocrx_word' id='word_1_311' title='bbox 2489 1515 2545 1562; x_wconf 90' lang='lat' dir='ltr'>et</span> <span class='ocrx_word' id='word_1_312' title='bbox 2591 1510 2648 1561; x_wconf 92' lang='lat' dir='ltr'>in</span> <span class='ocrx_word' id='word_1_313' title='bbox 2696 1509 2902 1561; x_wconf 76' lang='lat' dir='ltr'>vertice</span> <span class='ocrx_word' id='word_1_314' title='bbox 2945 1514 3139 1561; x_wconf 90' lang='lat' dir='ltr'>nostro</span> <span class='ocrx_word' id='word_1_315' title='bbox 3190 1507 3480 1562; x_wconf 85' lang='lat' dir='ltr'>descendit</span> <span class='ocrx_word' id='word_1_316' title='bbox 3521 1508 3794 1577; x_wconf 86' lang='lat' dir='ltr'>iniquitas</span> <span class='ocrx_word' id='word_1_317' title='bbox 3835 1525 3936 1561; x_wconf 86' lang='lat' dir='ltr'>no-</span> 
     </span>
    </p>
   </div>
   <div class='ocr_carea' id='block_1_43' title="bbox 2241 1595 3938 1665">
    <p class='ocr_par' dir='ltr' id='par_1_43' title="bbox 2241 1595 3938 1665">
     <span class='ocr_line' id='line_1_43' title="bbox 2241 1595 3938 1665; baseline -0.002 -14"><span class='ocrx_word' id='word_1_318' title='bbox 2241 1604 2355 1651; x_wconf 89' lang='lat' dir='ltr'>stra</span> <span class='ocrx_word' id='word_1_319' title='bbox 2386 1598 2554 1663; x_wconf 89' lang='lat' dir='ltr'>(Psal.</span> <span class='ocrx_word' id='word_1_320' title='bbox 2590 1612 2683 1659; x_wconf 85' lang='lat' dir='ltr'>vii,</span> <span class='ocrx_word' id='word_1_321' title='bbox 2731 1599 2832 1662; x_wconf 83' lang='grc'>17).</span> <span class='ocrx_word' id='word_1_322' title='bbox 2871 1596 3094 1665; x_wconf 84' lang='lat' dir='ltr'>Egregii</span> <span class='ocrx_word' id='word_1_323' title='bbox 3126 1595 3549 1665; x_wconf 75' lang='lat' dir='ltr'>prmdicatores,</span> <span class='ocrx_word' id='word_1_324' title='bbox 3585 1600 3639 1647; x_wconf 92' lang='lat' dir='ltr'>et</span> <span class='ocrx_word' id='word_1_325' title='bbox 3686 1597 3938 1649; x_wconf 77' lang='lat' dir='ltr'>admira-</span> 
     </span>
    </p>
   </div>
   <div class='ocr_carea' id='block_1_44' title="bbox 2239 1685 3940 1756">
    <p class='ocr_par' dir='ltr' id='par_1_44' title="bbox 2239 1685 3940 1756">
     <span class='ocr_line' id='line_1_44' title="bbox 2239 1685 3940 1756; baseline -0.002 -16"><span class='ocrx_word' id='word_1_326' title='bbox 2239 1688 2383 1741; x_wconf 89' lang='lat' dir='ltr'>biles</span> <span class='ocrx_word' id='word_1_327' title='bbox 2407 1702 2647 1756; x_wconf 85' lang='lat' dir='ltr'>gregum</span> <span class='ocrx_word' id='word_1_328' title='bbox 2681 1685 2866 1751; x_wconf 79' lang='lat' dir='ltr'>electi,</span> <span class='ocrx_word' id='word_1_329' title='bbox 2902 1685 3034 1738; x_wconf 90' lang='lat' dir='ltr'>boni</span> <span class='ocrx_word' id='word_1_330' title='bbox 3070 1690 3125 1737; x_wconf 91' lang='lat' dir='ltr'>et</span> <span class='ocrx_word' id='word_1_331' title='bbox 3157 1685 3335 1737; x_wconf 91' lang='lat' dir='ltr'>nonni</span> <span class='ocrx_word' id='word_1_332' title='bbox 3360 1697 3388 1737; x_wconf 69' lang='grc' dir='ltr'>ε</span> <span class='ocrx_word' id='word_1_333' title='bbox 3410 1690 3680 1754; x_wconf 79' lang='lat' dir='ltr'>pastores,</span> <span class='ocrx_word' id='word_1_334' title='bbox 3727 1686 3940 1737; x_wconf 87' lang='lat' dir='ltr'>siccine</span> 
     </span>
    </p>
   </div>
   <div class='ocr_carea' id='block_1_45' title="bbox 2243 1773 3942 1843">
    <p class='ocr_par' dir='ltr' id='par_1_45' title="bbox 2243 1773 3942 1843">
     <span class='ocr_line' id='line_1_45' title="bbox 2243 1773 3942 1843; baseline -0.001 -14"><span class='ocrx_word' id='word_1_335' title='bbox 2243 1792 2347 1829; x_wconf 88' lang='lat' dir='ltr'>nos</span> <span class='ocrx_word' id='word_1_336' title='bbox 2375 1776 2563 1828; x_wconf 90' lang='lat' dir='ltr'>docuit</span> <span class='ocrx_word' id='word_1_337' title='bbox 2589 1774 2884 1829; x_wconf 83' lang='lat' dir='ltr'>Christus?</span> <span class='ocrx_word' id='word_1_338' title='bbox 2904 1773 2992 1827; x_wconf 91' lang='lat' dir='ltr'>Sic</span> <span class='ocrx_word' id='word_1_339' title='bbox 3023 1789 3222 1826; x_wconf 91' lang='lat' dir='ltr'>omnes</span> <span class='ocrx_word' id='word_1_340' title='bbox 3260 1774 3505 1843; x_wconf 85' lang='lat' dir='ltr'>apostoli</span> <span class='ocrx_word' id='word_1_341' title='bbox 3539 1780 3593 1827; x_wconf 87' lang='lat' dir='ltr'>et</span> <span class='ocrx_word' id='word_1_342' title='bbox 3630 1774 3942 1827; x_wconf 78' lang='lat' dir='ltr'>doctores?</span> 
     </span>
    </p>
   </div>
   <div class='ocr_carea' id='block_1_46' title="bbox 2244 1862 3938 1933">
    <p class='ocr_par' dir='ltr' id='par_1_46' title="bbox 2244 1862 3938 1933">
     <span class='ocr_line' id='line_1_46' title="bbox 2244 1862 3938 1933; baseline -0.001 -16"><span class='ocrx_word' id='word_1_343' title='bbox 2244 1865 2321 1917; x_wconf 90' lang='lat' dir='ltr'>sic</span> <span class='ocrx_word' id='word_1_344' title='bbox 2352 1863 2539 1917; x_wconf 91' lang='lat' dir='ltr'>cuncti</span> <span class='ocrx_word' id='word_1_345' title='bbox 2574 1863 2695 1933; x_wconf 94' lang='lat' dir='ltr'>qui,</span> <span class='ocrx_word' id='word_1_346' title='bbox 2728 1863 2945 1915; x_wconf 88' lang='lat' dir='ltr'>animas</span> <span class='ocrx_word' id='word_1_347' title='bbox 2976 1879 3081 1931; x_wconf 91' lang='lat' dir='ltr'>pro</span> <span class='ocrx_word' id='word_1_348' title='bbox 3114 1862 3349 1915; x_wconf 81' lang='lat' dir='ltr'>veritate</span> <span class='ocrx_word' id='word_1_349' title='bbox 3384 1868 3677 1932; x_wconf 90' lang='lat' dir='ltr'>ponentes,</span> <span class='ocrx_word' id='word_1_350' title='bbox 3714 1879 3816 1932; x_wconf 90' lang='lat' dir='ltr'>per</span> <span class='ocrx_word' id='word_1_351' title='bbox 3851 1863 3938 1915; x_wconf 88' lang='lat' dir='ltr'>di-</span> 
     </span>
    </p>
   </div>
   <div class='ocr_carea' id='block_1_47' title="bbox 2243 1952 3110 2021">
    <p class='ocr_par' dir='ltr' id='par_1_47' title="bbox 2243 1952 3110 2021">
     <span class='ocr_line' id='line_1_47' title="bbox 2243 1952 3110 2021; baseline -0.003 -15"><span class='ocrx_word' id='word_1_352' title='bbox 2243 1970 2435 2007; x_wconf 83' lang='lat' dir='ltr'>versos</span> <span class='ocrx_word' id='word_1_353' title='bbox 2468 1952 2817 2005; x_wconf 81' lang='lat' dir='ltr'>sudaverunt</span> <span class='ocrx_word' id='word_1_354' title='bbox 2851 1953 3110 2021; x_wconf 83' lang='lat' dir='ltr'>agones?</span> 
     </span>
    </p>
   </div>
   <div class='ocr_carea' id='block_1_48' title="bbox 2318 2039 3940 2111">
    <p class='ocr_par' dir='ltr' id='par_1_48' title="bbox 2318 2039 3940 2111">
     <span class='ocr_line' id='line_1_48' title="bbox 2318 2039 3940 2111; baseline -0.002 -15"><span class='ocrx_word' id='word_1_355' title='bbox 2318 2045 2399 2096; x_wconf 82' lang='grc'>10.</span> <span class='ocrx_word' id='word_1_356' title='bbox 2462 2042 2618 2111; x_wconf 81' lang='lat' dir='ltr'>Rogo</span> <span class='ocrx_word' id='word_1_357' title='bbox 2672 2043 2823 2094; x_wconf 85' lang='lat' dir='ltr'>unde</span> <span class='ocrx_word' id='word_1_358' title='bbox 2880 2056 3024 2093; x_wconf 87' lang='lat' dir='ltr'>nova</span> <span class='ocrx_word' id='word_1_359' title='bbox 3073 2040 3192 2093; x_wconf 78' lang='lat' dir='ltr'>haec</span> <span class='ocrx_word' id='word_1_360' title='bbox 3247 2041 3303 2093; x_wconf 92' lang='lat' dir='ltr'>in</span> <span class='ocrx_word' id='word_1_361' title='bbox 3363 2039 3620 2093; x_wconf 87' lang='lat' dir='ltr'>Ecclesiis</span> <span class='ocrx_word' id='word_1_362' title='bbox 3672 2046 3757 2093; x_wconf 75' lang='lat' dir='ltr'>est</span> <span class='ocrx_word' id='word_1_363' title='bbox 3813 2045 3940 2093; x_wconf 86' lang='lat' dir='ltr'>orta</span> 
     </span>
    </p>
   </div>
   <div class='ocr_carea' id='block_1_49' title="bbox 2242 2129 3941 2201">
    <p class='ocr_par' dir='ltr' id='par_1_49' title="bbox 2242 2129 3941 2201">
     <span class='ocr_line' id='line_1_49' title="bbox 2242 2129 3941 2201; baseline -0.001 -16"><span class='ocrx_word' id='word_1_364' title='bbox 2242 2133 2566 2196; x_wconf 90' lang='lat' dir='ltr'>clementia,</span> <span class='ocrx_word' id='word_1_365' title='bbox 2601 2147 2729 2201; x_wconf 69' lang='lat' dir='ltr'>quae</span> <span class='ocrx_word' id='word_1_366' title='bbox 2760 2129 3062 2182; x_wconf 69' lang='lat' dir='ltr'>interualla</span> <span class='ocrx_word' id='word_1_367' title='bbox 3092 2130 3211 2182; x_wconf 74' lang='lat' dir='ltr'>haec</span> <span class='ocrx_word' id='word_1_368' title='bbox 3239 2130 3454 2181; x_wconf 88' lang='lat' dir='ltr'>vomuit</span> <span class='ocrx_word' id='word_1_369' title='bbox 3483 2129 3789 2199; x_wconf 84' lang='lat' dir='ltr'>dogmata?</span> <span class='ocrx_word' id='word_1_370' title='bbox 3826 2134 3941 2183; x_wconf 78' lang='lat' dir='ltr'>Aut</span> 
     </span>
    </p>
   </div>
   <div class='ocr_carea' id='block_1_50' title="bbox 2243 2217 3939 2288">
    <p class='ocr_par' dir='ltr' id='par_1_50' title="bbox 2243 2217 3939 2288">
     <span class='ocr_line' id='line_1_50' title="bbox 2243 2217 3939 2288; baseline -0.003 -14"><span class='ocrx_word' id='word_1_371' title='bbox 2243 2220 2287 2273; x_wconf 91' lang='lat' dir='ltr'>si</span> <span class='ocrx_word' id='word_1_372' title='bbox 2344 2220 2677 2273; x_wconf 87' lang='lat' dir='ltr'>temeritatis</span> <span class='ocrx_word' id='word_1_373' title='bbox 2748 2217 2895 2271; x_wconf 84' lang='lat' dir='ltr'>hanc</span> <span class='ocrx_word' id='word_1_374' title='bbox 2954 2234 3146 2270; x_wconf 84' lang='lat' dir='ltr'>vocem</span> <span class='ocrx_word' id='word_1_375' title='bbox 3216 2217 3448 2288; x_wconf 88' lang='lat' dir='ltr'>putatis,</span> <span class='ocrx_word' id='word_1_376' title='bbox 3507 2218 3755 2286; x_wconf 83' lang='lat' dir='ltr'>proferte</span> <span class='ocrx_word' id='word_1_377' title='bbox 3810 2220 3939 2288; x_wconf 86' lang='lat' dir='ltr'>quis</span> 
     </span>
    </p>
   </div>
   <div class='ocr_carea' id='block_1_51' title="bbox 2242 2306 3940 2379">
    <p class='ocr_par' dir='ltr' id='par_1_51' title="bbox 2242 2306 3940 2379">
     <span class='ocr_line' id='line_1_51' title="bbox 2242 2306 3940 2379; baseline -0.002 -17"><span class='ocrx_word' id='word_1_378' title='bbox 2242 2310 2363 2362; x_wconf 63' lang='lat' dir='ltr'>haec</span> <span class='ocrx_word' id='word_1_379' title='bbox 2390 2309 2519 2379; x_wconf 88' lang='lat' dir='ltr'>pius</span> <span class='ocrx_word' id='word_1_380' title='bbox 2546 2307 2720 2377; x_wconf 89' lang='lat' dir='ltr'>jussit</span> <span class='ocrx_word' id='word_1_381' title='bbox 2766 2306 3104 2376; x_wconf 79' lang='lat' dir='ltr'>Apostolus?</span> <span class='ocrx_word' id='word_1_382' title='bbox 3136 2306 3189 2360; x_wconf 88' lang='lat' dir='ltr'>Si</span> <span class='ocrx_word' id='word_1_383' title='bbox 3242 2322 3402 2358; x_wconf 91' lang='lat' dir='ltr'>error</span> <span class='ocrx_word' id='word_1_384' title='bbox 3446 2322 3558 2359; x_wconf 91' lang='lat' dir='ltr'>non</span> <span class='ocrx_word' id='word_1_385' title='bbox 3607 2311 3691 2359; x_wconf 88' lang='lat' dir='ltr'>est</span> <span class='ocrx_word' id='word_1_386' title='bbox 3739 2308 3940 2373; x_wconf 87' lang='lat' dir='ltr'>patule</span> 
     </span>
    </p>
   </div>
   <div class='ocr_carea' id='block_1_52' title="bbox 2242 2393 3940 2467">
    <p class='ocr_par' dir='ltr' id='par_1_52' title="bbox 2242 2393 3940 2467">
     <span class='ocr_line' id='line_1_52' title="bbox 2242 2393 3940 2467; baseline -0.002 -16"><span class='ocrx_word' id='word_1_387' title='bbox 2242 2398 2676 2467; x_wconf 81' lang='lat' dir='ltr'>expugnandus,</span> <span class='ocrx_word' id='word_1_388' title='bbox 2710 2395 2910 2465; x_wconf 89' lang='lat' dir='ltr'>utquid</span> <span class='ocrx_word' id='word_1_389' title='bbox 2944 2394 3236 2448; x_wconf 86' lang='lat' dir='ltr'>descendit</span> <span class='ocrx_word' id='word_1_390' title='bbox 3264 2393 3710 2447; x_wconf 88' lang='lat' dir='ltr'>DominusJesus</span> <span class='ocrx_word' id='word_1_391' title='bbox 3745 2395 3940 2449; x_wconf 76' lang='lat' dir='ltr'>Cbris~</span> 
     </span>
    </p>
   </div>
   <div class='ocr_carea' id='block_1_53' title="bbox 2241 2482 3941 2553">
    <p class='ocr_par' dir='ltr' id='par_1_53' title="bbox 2241 2482 3941 2553">
     <span class='ocr_line' id='line_1_53' title="bbox 2241 2482 3941 2553; baseline -0.001 -15"><span class='ocrx_word' id='word_1_392' title='bbox 2241 2485 2372 2538; x_wconf 86' lang='lat' dir='ltr'>tus?</span> <span class='ocrx_word' id='word_1_393' title='bbox 2398 2483 2602 2553; x_wconf 84' lang='lat' dir='ltr'>thuid</span> <span class='ocrx_word' id='word_1_394' title='bbox 2629 2499 2744 2536; x_wconf 92' lang='lat' dir='ltr'>non</span> <span class='ocrx_word' id='word_1_395' title='bbox 2776 2482 3287 2552; x_wconf 87' lang='lat' dir='ltr'>interrogantibus,</span> <span class='ocrx_word' id='word_1_396' title='bbox 3323 2498 3427 2535; x_wconf 85' lang='lat' dir='ltr'>nec</span> <span class='ocrx_word' id='word_1_397' title='bbox 3448 2482 3515 2535; x_wconf 93' lang='lat' dir='ltr'>de</span> <span class='ocrx_word' id='word_1_398' title='bbox 3545 2498 3645 2534; x_wconf 87' lang='lat' dir='ltr'>sua</span> <span class='ocrx_word' id='word_1_399' title='bbox 3695 2499 3941 2537; x_wconf 78' lang='lat' dir='ltr'>conver-</span> 
     </span>
    </p>
   </div>
   <div class='ocr_carea' id='block_1_54' title="bbox 2242 2572 3942 2643">
    <p class='ocr_par' dir='ltr' id='par_1_54' title="bbox 2242 2572 3942 2643">
     <span class='ocr_line' id='line_1_54' title="bbox 2242 2572 3942 2643; baseline -0.001 -16"><span class='ocrx_word' id='word_1_400' title='bbox 2242 2574 2400 2627; x_wconf 88' lang='lat' dir='ltr'>sione</span> <span class='ocrx_word' id='word_1_401' title='bbox 2432 2572 2839 2643; x_wconf 65' lang='lat' dir='ltr'>quaerentibus,</span> <span class='ocrx_word' id='word_1_402' title='bbox 2870 2573 3193 2625; x_wconf 89' lang='lat' dir='ltr'>ultroneum</span> <span class='ocrx_word' id='word_1_403' title='bbox 3226 2572 3418 2624; x_wconf 89' lang='lat' dir='ltr'>lumen</span> <span class='ocrx_word' id='word_1_404' title='bbox 3446 2572 3607 2625; x_wconf 66' lang='lat' dir='ltr'>caecis</span> <span class='ocrx_word' id='word_1_405' title='bbox 3629 2572 3942 2625; x_wconf 86' lang='lat' dir='ltr'>adhibuit?</span> 
     </span>
    </p>
   </div>
   <div class='ocr_carea' id='block_1_55' title="bbox 2244 2661 3945 2733">
    <p class='ocr_par' dir='ltr' id='par_1_55' title="bbox 2244 2661 3945 2733">
     <span class='ocr_line' id='line_1_55' title="bbox 2244 2661 3945 2733; baseline -0.001 -16"><span class='ocrx_word' id='word_1_406' title='bbox 2244 2663 2451 2733; x_wconf 90' lang='lat' dir='ltr'>thuid</span> <span class='ocrx_word' id='word_1_407' title='bbox 2494 2663 2825 2732; x_wconf 64' lang='lat' dir='ltr'>propheta}?</span> <span class='ocrx_word' id='word_1_408' title='bbox 2862 2661 3064 2731; x_wconf 90' lang='lat' dir='ltr'>utquid</span> <span class='ocrx_word' id='word_1_409' title='bbox 3095 2661 3337 2731; x_wconf 87' lang='lat' dir='ltr'>apostoli</span> <span class='ocrx_word' id='word_1_410' title='bbox 3380 2661 3548 2713; x_wconf 83' lang='lat' dir='ltr'>misi?</span> <span class='ocrx_word' id='word_1_411' title='bbox 3587 2662 3796 2731; x_wconf 90' lang='lat' dir='ltr'>utquid</span> <span class='ocrx_word' id='word_1_412' title='bbox 3847 2663 3945 2715; x_wconf 87' lang='lat' dir='ltr'>do-</span> 
     </span>
    </p>
   </div>
   <div class='ocr_carea' id='block_1_56' title="bbox 2242 2748 3945 2820">
    <p class='ocr_par' dir='ltr' id='par_1_56' title="bbox 2242 2748 3945 2820">
     <span class='ocr_line' id='line_1_56' title="bbox 2242 2748 3945 2820; baseline -0.001 -16"><span class='ocrx_word' id='word_1_413' title='bbox 2242 2750 2469 2804; x_wconf 84' lang='lat' dir='ltr'>ctores?</span> <span class='ocrx_word' id='word_1_414' title='bbox 2500 2750 2698 2820; x_wconf 85' lang='lat' dir='ltr'>utquid</span> <span class='ocrx_word' id='word_1_415' title='bbox 2732 2754 2983 2818; x_wconf 87' lang='lat' dir='ltr'>pastores</span> <span class='ocrx_word' id='word_1_416' title='bbox 3007 2750 3252 2818; x_wconf 72' lang='lat' dir='ltr'>prmvisi,</span> <span class='ocrx_word' id='word_1_417' title='bbox 3285 2748 3392 2801; x_wconf 88' lang='lat' dir='ltr'>nisi</span> <span class='ocrx_word' id='word_1_418' title='bbox 3417 2749 3816 2803; x_wconf 88' lang='lat' dir='ltr'>utdebelletur</span> <span class='ocrx_word' id='word_1_419' title='bbox 3840 2750 3945 2803; x_wconf 90' lang='lat' dir='ltr'>im-</span> 
     </span>
    </p>
   </div>
   <div class='ocr_carea' id='block_1_57' title="bbox 2241 2838 3944 2909">
    <p class='ocr_par' dir='ltr' id='par_1_57' title="bbox 2241 2838 3944 2909">
     <span class='ocr_line' id='line_1_57' title="bbox 2241 2838 3944 2909; baseline 0.001 -18"><span class='ocrx_word' id='word_1_420' title='bbox 2241 2840 2466 2909; x_wconf 90' lang='lat' dir='ltr'>peritia,</span> <span class='ocrx_word' id='word_1_421' title='bbox 2521 2844 2575 2891; x_wconf 89' lang='lat' dir='ltr'>et</span> <span class='ocrx_word' id='word_1_422' title='bbox 2624 2839 2895 2891; x_wconf 86' lang='lat' dir='ltr'>ultionem</span> <span class='ocrx_word' id='word_1_423' title='bbox 2946 2838 3188 2906; x_wconf 87' lang='lat' dir='ltr'>recipiat</span> <span class='ocrx_word' id='word_1_424' title='bbox 3227 2838 3414 2890; x_wconf 69' lang='lat' dir='ltr'>omnis</span> <span class='ocrx_word' id='word_1_425' title='bbox 3452 2838 3736 2907; x_wconf 77' lang='lat' dir='ltr'>perfidia?</span> <span class='ocrx_word' id='word_1_426' title='bbox 3776 2838 3944 2901; x_wconf 88' lang='lat' dir='ltr'>Quo-</span> 
     </span>
    </p>
   </div>
   <div class='ocr_carea' id='block_1_58' title="bbox 2244 2925 3942 2997">
    <p class='ocr_par' dir='ltr' id='par_1_58' title="bbox 2244 2925 3942 2997">
     <span class='ocr_line' id='line_1_58' title="bbox 2244 2925 3942 2997; baseline 0 -18"><span class='ocrx_word' id='word_1_427' title='bbox 2244 2928 2413 2979; x_wconf 89' lang='lat' dir='ltr'>modo</span> <span class='ocrx_word' id='word_1_428' title='bbox 2447 2926 2781 2995; x_wconf 86' lang='lat' dir='ltr'>implebilur</span> <span class='ocrx_word' id='word_1_429' title='bbox 2811 2925 2964 2995; x_wconf 90' lang='lat' dir='ltr'>quod</span> <span class='ocrx_word' id='word_1_430' title='bbox 3012 2925 3283 2978; x_wconf 87' lang='lat' dir='ltr'>Dominus</span> <span class='ocrx_word' id='word_1_431' title='bbox 3312 2925 3565 2978; x_wconf 81' lang='lat' dir='ltr'>futurum</span> <span class='ocrx_word' id='word_1_432' title='bbox 3602 2942 3724 2979; x_wconf 85' lang='lat' dir='ltr'>esse</span> <span class='ocrx_word' id='word_1_433' title='bbox 3787 2944 3942 2997; x_wconf 66' lang='lat' dir='ltr'>prae-</span> 
     </span>
    </p>
   </div>
   <div class='ocr_carea' id='block_1_59' title="bbox 437 3005 3942 3098">
    <p class='ocr_par' dir='ltr' id='par_1_59' title="bbox 437 3005 3942 3098">
     <span class='ocr_line' id='line_1_59' title="bbox 437 3005 3942 3098; baseline 0.002 -36"><span class='ocrx_word' id='word_1_434' title='bbox 437 3005 570 3058; x_wconf 72' lang='lat' dir='ltr'>licel</span> <span class='ocrx_word' id='word_1_435' title='bbox 626 3006 793 3058; x_wconf 75' lang='lat' dir='ltr'>multi</span> <span class='ocrx_word' id='word_1_436' title='bbox 833 3005 1216 3059; x_wconf 65' lang='lat' dir='ltr'>hmreSrorum</span> <span class='ocrx_word' id='word_1_437' title='bbox 1263 3015 1524 3059; x_wconf 71' lang='lat' dir='ltr'>auctores</span> <span class='ocrx_word' id='word_1_438' title='bbox 1573 3008 1910 3076; x_wconf 72' lang='lat' dir='ltr'>angelorum</span> <span class='ocrx_word' id='word_1_439' title='bbox 1971 3011 2129 3059; x_wconf 72' lang='grc' dir='ltr'>ὶεηθ-</span> <span class='ocrx_word' id='word_1_440' title='bbox 2170 3043 2210 3098; x_wconf 76' lang='lat' dir='ltr'>C</span> <span class='ocrx_word' id='word_1_441' title='bbox 2242 3015 2401 3079; x_wconf 86' lang='lat' dir='ltr'>dixit,</span> <span class='ocrx_word' id='word_1_442' title='bbox 2438 3016 2595 3068; x_wconf 88' lang='lat' dir='ltr'>nulla</span> <span class='ocrx_word' id='word_1_443' title='bbox 2645 3014 2702 3067; x_wconf 91' lang='lat' dir='ltr'>iu</span> <span class='ocrx_word' id='word_1_444' title='bbox 2751 3014 3018 3083; x_wconf 88' lang='lat' dir='ltr'>gentibus</span> <span class='ocrx_word' id='word_1_445' title='bbox 3058 3014 3459 3083; x_wconf 53' lang='lat' dir='ltr'>praedicatione</span> <span class='ocrx_word' id='word_1_446' title='bbox 3494 3020 3723 3067; x_wconf 89' lang='lat' dir='ltr'>tonante</span> <span class='ocrx_word' id='word_1_447' title='bbox 3761 3031 3772 3067; x_wconf 75' lang='grc' dir='ltr'>ε</span> <span class='ocrx_word' id='word_1_448' title='bbox 3808 3017 3942 3071; x_wconf 86' lang='lat' dir='ltr'>Cum</span> 
     </span>
    </p>
   </div>
   <div class='ocr_carea' id='block_1_60' title="bbox 436 3093 2129 3158">
    <p class='ocr_par' dir='ltr' id='par_1_60' title="bbox 436 3093 2129 3158">
     <span class='ocr_line' id='line_1_60' title="bbox 436 3093 2129 3158; baseline 0 -11"><span class='ocrx_word' id='word_1_449' title='bbox 436 3093 669 3147; x_wconf 87' lang='lat' dir='ltr'>brarum</span> <span class='ocrx_word' id='word_1_450' title='bbox 701 3094 993 3148; x_wconf 83' lang='lat' dir='ltr'>iuvasione</span> <span class='ocrx_word' id='word_1_451' title='bbox 1042 3094 1284 3147; x_wconf 85' lang='lat' dir='ltr'>fuissent</span> <span class='ocrx_word' id='word_1_452' title='bbox 1314 3094 1518 3158; x_wconf 88' lang='lat' dir='ltr'>delusi,</span> <span class='ocrx_word' id='word_1_453' title='bbox 1574 3097 1765 3147; x_wconf 86' lang='lat' dir='ltr'>tamen</span> <span class='ocrx_word' id='word_1_454' title='bbox 1810 3095 2000 3147; x_wconf 79' lang='lat' dir='ltr'>nullus</span> <span class='ocrx_word' id='word_1_455' title='bbox 2034 3110 2129 3147; x_wconf 88' lang='lat' dir='ltr'>eo-</span> 
     </span>
    </p>
   </div>
   <div class='ocr_carea' id='block_1_61' title="bbox 436 3183 2130 3253">
    <p class='ocr_par' dir='ltr' id='par_1_61' title="bbox 436 3183 2130 3253">
     <span class='ocr_line' id='line_1_61' title="bbox 436 3183 2130 3253; baseline 0 -18"><span class='ocrx_word' id='word_1_456' title='bbox 436 3198 565 3235; x_wconf 91' lang='lat' dir='ltr'>rum</span> <span class='ocrx_word' id='word_1_457' title='bbox 600 3187 1001 3236; x_wconf 87' lang='lat' dir='ltr'>testamentum</span> <span class='ocrx_word' id='word_1_458' title='bbox 1034 3183 1152 3236; x_wconf 88' lang='lat' dir='ltr'>vice</span> <span class='ocrx_word' id='word_1_459' title='bbox 1178 3183 1679 3253; x_wconf 62' lang='lat' dir='ltr'>Deipraasumptus</span> <span class='ocrx_word' id='word_1_460' title='bbox 1720 3188 1803 3235; x_wconf 87' lang='lat' dir='ltr'>est</span> <span class='ocrx_word' id='word_1_461' title='bbox 1834 3199 2130 3253; x_wconf 88' lang='lat' dir='ltr'>usurpare.</span> 
     </span>
    </p>
   </div>
   <div class='ocr_carea' id='block_1_62' title="bbox 436 3270 2131 3341">
    <p class='ocr_par' dir='ltr' id='par_1_62' title="bbox 436 3270 2131 3341">
     <span class='ocr_line' id='line_1_62' title="bbox 436 3270 2131 3341; baseline 0.001 -19"><span class='ocrx_word' id='word_1_462' title='bbox 436 3271 643 3323; x_wconf 84' lang='lat' dir='ltr'>Verum</span> <span class='ocrx_word' id='word_1_463' title='bbox 678 3270 724 3322; x_wconf 91' lang='lat' dir='ltr'>si</span> <span class='ocrx_word' id='word_1_464' title='bbox 773 3272 1011 3340; x_wconf 89' lang='lat' dir='ltr'>angelus</span> <span class='ocrx_word' id='word_1_465' title='bbox 1054 3272 1123 3324; x_wconf 92' lang='lat' dir='ltr'>de</span> <span class='ocrx_word' id='word_1_466' title='bbox 1154 3272 1294 3323; x_wconf 72' lang='lat' dir='ltr'>eielo</span> <span class='ocrx_word' id='word_1_467' title='bbox 1328 3271 1487 3323; x_wconf 87' lang='lat' dir='ltr'>devia</span> <span class='ocrx_word' id='word_1_468' title='bbox 1515 3276 1717 3323; x_wconf 66' lang='lat' dir='ltr'>nostra?</span> <span class='ocrx_word' id='word_1_469' title='bbox 1761 3271 1893 3323; x_wconf 87' lang='lat' dir='ltr'>fidei</span> <span class='ocrx_word' id='word_1_470' title='bbox 1944 3271 2131 3341; x_wconf 88' lang='lat' dir='ltr'>profe-</span> 
     </span>
    </p>
   </div>
   <div class='ocr_carea' id='block_1_63' title="bbox 438 3359 2135 3429">
    <p class='ocr_par' dir='ltr' id='par_1_63' title="bbox 438 3359 2135 3429">
     <span class='ocr_line' id='line_1_63' title="bbox 438 3359 2135 3429; baseline 0 -18"><span class='ocrx_word' id='word_1_471' title='bbox 438 3374 570 3411; x_wconf 90' lang='lat' dir='ltr'>rens</span> <span class='ocrx_word' id='word_1_472' title='bbox 603 3376 698 3411; x_wconf 90' lang='lat' dir='ltr'>ore</span> <span class='ocrx_word' id='word_1_473' title='bbox 747 3359 1150 3411; x_wconf 76' lang='lat' dir='ltr'>anathematur</span> <span class='ocrx_word' id='word_1_474' title='bbox 1194 3359 1466 3428; x_wconf 86' lang='lat' dir='ltr'>Apostoli,</span> <span class='ocrx_word' id='word_1_475' title='bbox 1501 3360 1636 3429; x_wconf 89' lang='lat' dir='ltr'>quid</span> <span class='ocrx_word' id='word_1_476' title='bbox 1688 3360 2009 3428; x_wconf 87' lang='lat' dir='ltr'>putandum</span> <span class='ocrx_word' id='word_1_477' title='bbox 2051 3366 2135 3412; x_wconf 93' lang='lat' dir='ltr'>est</span> 
     </span>
    </p>
   </div>
   <div class='ocr_carea' id='block_1_64' title="bbox 439 3447 2135 3516">
    <p class='ocr_par' dir='ltr' id='par_1_64' title="bbox 439 3447 2135 3516">
     <span class='ocr_line' id='line_1_64' title="bbox 439 3447 2135 3516; baseline 0.001 -19"><span class='ocrx_word' id='word_1_478' title='bbox 439 3462 574 3499; x_wconf 90' lang='lat' dir='ltr'>vaso</span> <span class='ocrx_word' id='word_1_479' title='bbox 624 3448 699 3499; x_wconf 89' lang='lat' dir='ltr'>illi</span> <span class='ocrx_word' id='word_1_480' title='bbox 736 3448 1087 3516; x_wconf 87' lang='lat' dir='ltr'>nequissimo</span> <span class='ocrx_word' id='word_1_481' title='bbox 1136 3447 1162 3487; x_wconf 76' lang='grc' dir='ltr'><em>ά</em></span> <span class='ocrx_word' id='word_1_482' title='bbox 1206 3447 1528 3513; x_wconf 85' lang='lat' dir='ltr'>convenire,</span> <span class='ocrx_word' id='word_1_483' title='bbox 1570 3448 1615 3500; x_wconf 88' lang='lat' dir='ltr'>si</span> <span class='ocrx_word' id='word_1_484' title='bbox 1664 3448 1952 3501; x_wconf 69' lang='lat' dir='ltr'>habitator</span> <span class='ocrx_word' id='word_1_485' title='bbox 2010 3447 2135 3516; x_wconf 86' lang='lat' dir='ltr'>ejus</span> 
     </span>
    </p>
   </div>
   <div class='ocr_carea' id='block_1_65' title="bbox 436 3534 2131 3590">
    <p class='ocr_par' dir='ltr' id='par_1_65' title="bbox 436 3534 2131 3590">
     <span class='ocr_line' id='line_1_65' title="bbox 436 3534 2131 3590; baseline 0.002 -4"><span class='ocrx_word' id='word_1_486' title='bbox 436 3540 553 3587; x_wconf 89' lang='lat' dir='ltr'>tam</span> <span class='ocrx_word' id='word_1_487' title='bbox 586 3534 785 3587; x_wconf 89' lang='lat' dir='ltr'>acerbo</span> <span class='ocrx_word' id='word_1_488' title='bbox 815 3535 1232 3589; x_wconf 89' lang='lat' dir='ltr'>maledictiouis</span> <span class='ocrx_word' id='word_1_489' title='bbox 1268 3536 1502 3589; x_wconf 85' lang='lat' dir='ltr'>vulnere</span> <span class='ocrx_word' id='word_1_490' title='bbox 1530 3536 1983 3590; x_wconf 82' lang='lat' dir='ltr'>condemnatur?</span> <span class='ocrx_word' id='word_1_491' title='bbox 2025 3537 2131 3590; x_wconf 88' lang='lat' dir='ltr'>Sed</span> 
     </span>
    </p>
   </div>
   <div class='ocr_carea' id='block_1_66' title="bbox 448 3620 890 3676">
    <p class='ocr_par' dir='ltr' id='par_1_66' title="bbox 448 3620 890 3676">
     <span class='ocr_line' id='line_1_66' title="bbox 448 3620 890 3676; baseline -0.002 0"><span class='ocrx_word' id='word_1_492' title='bbox 448 3623 568 3676; x_wconf 73' lang='lat' dir='ltr'>haec</span> <span class='ocrx_word' id='word_1_493' title='bbox 599 3628 648 3674; x_wconf 89' lang='lat' dir='ltr'>et</span> <span class='ocrx_word' id='word_1_494' title='bbox 685 3620 823 3675; x_wconf 89' lang='lat' dir='ltr'>alias</span> <span class='ocrx_word' id='word_1_495' title='bbox 851 3632 890 3675; x_wconf 78' lang='grc' dir='ltr'>ο.</span> 
     </span>
    </p>
   </div>
   <div class='ocr_carea' id='block_1_67' title="bbox 509 3710 2136 3781">
    <p class='ocr_par' dir='ltr' id='par_1_67' title="bbox 509 3710 2136 3781">
     <span class='ocr_line' id='line_1_67' title="bbox 509 3710 2136 3781; baseline 0.002 -18"><span class='ocrx_word' id='word_1_496' title='bbox 509 3712 560 3763; x_wconf 87' lang='grc'><strong>9.</strong></span> <span class='ocrx_word' id='word_1_497' title='bbox 595 3710 752 3763; x_wconf 88' lang='lat' dir='ltr'>Nunc</span> <span class='ocrx_word' id='word_1_498' title='bbox 810 3710 881 3764; x_wconf 89' lang='lat' dir='ltr'>ad</span> <span class='ocrx_word' id='word_1_499' title='bbox 921 3716 1175 3781; x_wconf 92' lang='lat' dir='ltr'>teporem</span> <span class='ocrx_word' id='word_1_500' title='bbox 1226 3716 1551 3766; x_wconf 89' lang='lat' dir='ltr'>nostrorum</span> <span class='ocrx_word' id='word_1_501' title='bbox 1593 3713 1953 3765; x_wconf 85' lang='lat' dir='ltr'>reﬂectamus</span> <span class='ocrx_word' id='word_1_502' title='bbox 2010 3728 2136 3766; x_wconf 85' lang='lat' dir='ltr'>nar-</span> 
     </span>
    </p>
   </div>
   <div class='ocr_carea' id='block_1_68' title="bbox 439 3798 2132 3872">
    <p class='ocr_par' dir='ltr' id='par_1_68' title="bbox 439 3798 2132 3872">
     <span class='ocr_line' id='line_1_68' title="bbox 439 3798 2132 3872; baseline 0.002 -21"><span class='ocrx_word' id='word_1_503' title='bbox 439 3798 676 3852; x_wconf 85' lang='lat' dir='ltr'>rationis</span> <span class='ocrx_word' id='word_1_504' title='bbox 707 3799 1028 3866; x_wconf 86' lang='lat' dir='ltr'>articulum,</span> <span class='ocrx_word' id='word_1_505' title='bbox 1068 3807 1123 3853; x_wconf 91' lang='lat' dir='ltr'>et</span> <span class='ocrx_word' id='word_1_506' title='bbox 1148 3803 1322 3855; x_wconf 88' lang='lat' dir='ltr'>totius</span> <span class='ocrx_word' id='word_1_507' title='bbox 1352 3808 1554 3855; x_wconf 64' lang='lat' dir='ltr'>nostrae</span> <span class='ocrx_word' id='word_1_508' title='bbox 1586 3802 1895 3872; x_wconf 87' lang='lat' dir='ltr'>tepiditatis</span> <span class='ocrx_word' id='word_1_509' title='bbox 1926 3808 2132 3855; x_wconf 84' lang='lat' dir='ltr'>statum</span> 
     </span>
    </p>
   </div>
   <div class='ocr_carea' id='block_1_69' title="bbox 436 3888 2133 3960">
    <p class='ocr_par' dir='ltr' id='par_1_69' title="bbox 436 3888 2133 3960">
     <span class='ocr_line' id='line_1_69' title="bbox 436 3888 2133 3960; baseline 0.002 -20"><span class='ocrx_word' id='word_1_510' title='bbox 436 3888 625 3957; x_wconf 78' lang='lat' dir='ltr'>parvis</span> <span class='ocrx_word' id='word_1_511' title='bbox 653 3888 1013 3941; x_wconf 86' lang='lat' dir='ltr'>sermonibus</span> <span class='ocrx_word' id='word_1_512' title='bbox 1046 3895 1282 3958; x_wconf 86' lang='lat' dir='ltr'>propter</span> <span class='ocrx_word' id='word_1_513' title='bbox 1307 3890 1525 3960; x_wconf 87' lang='lat' dir='ltr'>justum</span> <span class='ocrx_word' id='word_1_514' title='bbox 1571 3890 1826 3943; x_wconf 89' lang='lat' dir='ltr'>divinum</span> <span class='ocrx_word' id='word_1_515' title='bbox 1871 3907 2133 3959; x_wconf 87' lang='lat' dir='ltr'>compro-</span> 
     </span>
    </p>
   </div>
   <div class='ocr_carea' id='block_1_70' title="bbox 436 3974 2134 4048">
    <p class='ocr_par' dir='ltr' id='par_1_70' title="bbox 436 3974 2134 4048">
     <span class='ocr_line' id='line_1_70' title="bbox 436 3974 2134 4048; baseline 0.001 -21"><span class='ocrx_word' id='word_1_516' title='bbox 436 3974 692 4029; x_wconf 89' lang='lat' dir='ltr'>bandum</span> <span class='ocrx_word' id='word_1_517' title='bbox 736 3992 1089 4044; x_wconf 79' lang='lat' dir='ltr'>exponamus</span> <span class='ocrx_word' id='word_1_518' title='bbox 1131 3976 1434 4045; x_wconf 87' lang='lat' dir='ltr'>judicium.</span> <span class='ocrx_word' id='word_1_519' title='bbox 1492 3979 1760 4048; x_wconf 88' lang='lat' dir='ltr'>Nunquid</span> <span class='ocrx_word' id='word_1_520' title='bbox 1810 3978 1920 4047; x_wconf 90' lang='lat' dir='ltr'>ipsi</span> <span class='ocrx_word' id='word_1_521' title='bbox 1957 3978 2134 4030; x_wconf 87' lang='lat' dir='ltr'>nostri</span> 
     </span>
    </p>
   </div>
   <div class='ocr_carea' id='block_1_71' title="bbox 438 4063 2130 4136">
    <p class='ocr_par' dir='ltr' id='par_1_71' title="bbox 438 4063 2130 4136">
     <span class='ocr_line' id='line_1_71' title="bbox 438 4063 2130 4136; baseline 0.002 -21"><span class='ocrx_word' id='word_1_522' title='bbox 438 4063 537 4134; x_wconf 86' lang='lat' dir='ltr'>qui</span> <span class='ocrx_word' id='word_1_523' title='bbox 567 4063 820 4133; x_wconf 91' lang='lat' dir='ltr'>palatino</span> <span class='ocrx_word' id='word_1_524' title='bbox 851 4064 1036 4117; x_wconf 86' lang='lat' dir='ltr'>officio</span> <span class='ocrx_word' id='word_1_525' title='bbox 1065 4065 1293 4119; x_wconf 90' lang='lat' dir='ltr'>illorum</span> <span class='ocrx_word' id='word_1_526' title='bbox 1335 4067 1512 4136; x_wconf 89' lang='lat' dir='ltr'>jussis</span> <span class='ocrx_word' id='word_1_527' title='bbox 1551 4067 1886 4133; x_wconf 89' lang='lat' dir='ltr'>inserviunt,</span> <span class='ocrx_word' id='word_1_528' title='bbox 1930 4082 2130 4118; x_wconf 90' lang='lat' dir='ltr'>eorum</span> 
     </span>
    </p>
   </div>
   <div class='ocr_carea' id='block_1_72' title="bbox 436 4152 2135 4223">
    <p class='ocr_par' dir='ltr' id='par_1_72' title="bbox 436 4152 2135 4223">
     <span class='ocr_line' id='line_1_72' title="bbox 436 4152 2135 4223; baseline 0.001 -18"><span class='ocrx_word' id='word_1_529' title='bbox 436 4168 551 4205; x_wconf 91' lang='lat' dir='ltr'>non</span> <span class='ocrx_word' id='word_1_530' title='bbox 595 4157 726 4205; x_wconf 91' lang='lat' dir='ltr'>sunt</span> <span class='ocrx_word' id='word_1_531' title='bbox 767 4152 1043 4221; x_wconf 87' lang='lat' dir='ltr'>implicati</span> <span class='ocrx_word' id='word_1_532' title='bbox 1076 4156 1265 4223; x_wconf 88' lang='lat' dir='ltr'>palam</span> <span class='ocrx_word' id='word_1_533' title='bbox 1311 4154 1618 4220; x_wconf 88' lang='lat' dir='ltr'>erroribus,</span> <span class='ocrx_word' id='word_1_534' title='bbox 1664 4171 1793 4207; x_wconf 90' lang='lat' dir='ltr'>cum</span> <span class='ocrx_word' id='word_1_535' title='bbox 1836 4154 1987 4207; x_wconf 89' lang='lat' dir='ltr'>enim</span> <span class='ocrx_word' id='word_1_536' title='bbox 2036 4171 2135 4223; x_wconf 88' lang='lat' dir='ltr'>pa-</span> 
     </span>
    </p>
   </div>
   <div class='ocr_carea' id='block_1_73' title="bbox 436 4240 2133 4311">
    <p class='ocr_par' dir='ltr' id='par_1_73' title="bbox 436 4240 2133 4311">
     <span class='ocr_line' id='line_1_73' title="bbox 436 4240 2133 4311; baseline 0.002 -18"><span class='ocrx_word' id='word_1_537' title='bbox 436 4240 551 4293; x_wconf 90' lang='lat' dir='ltr'>lam</span> <span class='ocrx_word' id='word_1_538' title='bbox 591 4256 783 4294; x_wconf 87' lang='lat' dir='ltr'>coram</span> <span class='ocrx_word' id='word_1_539' title='bbox 839 4242 1080 4295; x_wconf 81' lang='lat' dir='ltr'>ethnicis</span> <span class='ocrx_word' id='word_1_540' title='bbox 1143 4244 1457 4296; x_wconf 88' lang='lat' dir='ltr'>orationem</span> <span class='ocrx_word' id='word_1_541' title='bbox 1508 4259 1624 4295; x_wconf 89' lang='lat' dir='ltr'>non</span> <span class='ocrx_word' id='word_1_542' title='bbox 1677 4242 1911 4305; x_wconf 88' lang='lat' dir='ltr'>faciunt,</span> <span class='ocrx_word' id='word_1_543' title='bbox 1972 4243 2133 4311; x_wconf 90' lang='lat' dir='ltr'>signo</span> 
     </span>
    </p>
   </div>
   <div class='ocr_carea' id='block_1_74' title="bbox 435 4328 2127 4395">
    <p class='ocr_par' dir='ltr' id='par_1_74' title="bbox 435 4328 2127 4395">
     <span class='ocr_line' id='line_1_74' title="bbox 435 4328 2127 4395; baseline 0.002 -15"><span class='ocrx_word' id='word_1_544' title='bbox 435 4328 617 4381; x_wconf 89' lang='lat' dir='ltr'>crucis</span> <span class='ocrx_word' id='word_1_545' title='bbox 675 4331 977 4383; x_wconf 86' lang='lat' dir='ltr'>oscitantes</span> <span class='ocrx_word' id='word_1_546' title='bbox 1036 4329 1054 4363; x_wconf 70' lang='grc' dir='ltr'><em>τ</em></span> <span class='ocrx_word' id='word_1_547' title='bbox 1106 4331 1351 4383; x_wconf 90' lang='lat' dir='ltr'>frontem</span> <span class='ocrx_word' id='word_1_548' title='bbox 1429 4347 1543 4383; x_wconf 90' lang='lat' dir='ltr'>non</span> <span class='ocrx_word' id='word_1_549' title='bbox 1604 4331 1893 4395; x_wconf 87' lang='lat' dir='ltr'>muniunt,</span> <span class='ocrx_word' id='word_1_550' title='bbox 1950 4331 2127 4384; x_wconf 91' lang='lat' dir='ltr'>Deum</span> 
     </span>
    </p>
   </div>
   <div class='ocr_carea' id='block_1_75' title="bbox 436 4417 2131 4488">
    <p class='ocr_par' dir='ltr' id='par_1_75' title="bbox 436 4417 2131 4488">
     <span class='ocr_line' id='line_1_75' title="bbox 436 4417 2131 4488; baseline 0 -17"><span class='ocrx_word' id='word_1_551' title='bbox 436 4417 720 4471; x_wconf 89' lang='lat' dir='ltr'>Christum</span> <span class='ocrx_word' id='word_1_552' title='bbox 754 4434 869 4471; x_wconf 90' lang='lat' dir='ltr'>non</span> <span class='ocrx_word' id='word_1_553' title='bbox 914 4423 1109 4487; x_wconf 86' lang='lat' dir='ltr'>aperte</span> <span class='ocrx_word' id='word_1_554' title='bbox 1137 4434 1328 4472; x_wconf 86' lang='lat' dir='ltr'>coram</span> <span class='ocrx_word' id='word_1_555' title='bbox 1373 4435 1486 4485; x_wconf 91' lang='lat' dir='ltr'>eos,</span> <span class='ocrx_word' id='word_1_556' title='bbox 1529 4420 1623 4473; x_wconf 91' lang='lat' dir='ltr'>sed</span> <span class='ocrx_word' id='word_1_557' title='bbox 1657 4420 1864 4488; x_wconf 88' lang='lat' dir='ltr'>fugatis</span> <span class='ocrx_word' id='word_1_558' title='bbox 1915 4435 2131 4472; x_wconf 89' lang='lat' dir='ltr'>sermo-</span> 
     </span>
    </p>
   </div>
   <div class='ocr_carea' id='block_1_76' title="bbox 435 4504 2133 4577">
    <p class='ocr_par' dir='ltr' id='par_1_76' title="bbox 435 4504 2133 4577">
     <span class='ocr_line' id='line_1_76' title="bbox 435 4504 2133 4577; baseline 0.001 -20"><span class='ocrx_word' id='word_1_559' title='bbox 435 4504 605 4558; x_wconf 90' lang='lat' dir='ltr'>nibus</span> <span class='ocrx_word' id='word_1_560' title='bbox 637 4506 977 4575; x_wconf 84' lang='lat' dir='ltr'>preferunt:</span> <span class='ocrx_word' id='word_1_561' title='bbox 1035 4506 1283 4560; x_wconf 90' lang='lat' dir='ltr'>Verbum</span> <span class='ocrx_word' id='word_1_562' title='bbox 1335 4508 1454 4574; x_wconf 90' lang='lat' dir='ltr'>Dei,</span> <span class='ocrx_word' id='word_1_563' title='bbox 1515 4512 1569 4560; x_wconf 91' lang='lat' dir='ltr'>et</span> <span class='ocrx_word' id='word_1_564' title='bbox 1617 4507 1890 4577; x_wconf 87' lang='lat' dir='ltr'>Spiritum</span> <span class='ocrx_word' id='word_1_565' title='bbox 1942 4514 2007 4560; x_wconf 89' lang='lat' dir='ltr'>ut</span> <span class='ocrx_word' id='word_1_566' title='bbox 2050 4506 2133 4559; x_wconf 89' lang='lat' dir='ltr'>illi</span> 
     </span>
    </p>
   </div>
   <div class='ocr_carea' id='block_1_77' title="bbox 436 4594 2128 4665">
    <p class='ocr_par' dir='ltr' id='par_1_77' title="bbox 436 4594 2128 4665">
     <span class='ocr_line' id='line_1_77' title="bbox 436 4594 2128 4665; baseline 0.001 -20"><span class='ocrx_word' id='word_1_567' title='bbox 436 4599 700 4646; x_wconf 86' lang='lat' dir='ltr'>asserunt</span> <span class='ocrx_word' id='word_1_568' title='bbox 762 4596 1115 4663; x_wconf 85' lang='lat' dir='ltr'>profitentes,</span> <span class='ocrx_word' id='word_1_569' title='bbox 1194 4612 1441 4665; x_wconf 88' lang='lat' dir='ltr'>suasque</span> <span class='ocrx_word' id='word_1_570' title='bbox 1497 4595 1884 4648; x_wconf 85' lang='lat' dir='ltr'>confessiones</span> <span class='ocrx_word' id='word_1_571' title='bbox 1938 4594 2128 4661; x_wconf 88' lang='lat' dir='ltr'>corde,</span> 
     </span>
    </p>
   </div>
   <div class='ocr_carea' id='block_1_78' title="bbox 437 4682 2132 4753">
    <p class='ocr_par' dir='ltr' id='par_1_78' title="bbox 437 4682 2132 4753">
     <span class='ocr_line' id='line_1_78' title="bbox 437 4682 2132 4753; baseline 0.001 -20"><span class='ocrx_word' id='word_1_572' title='bbox 437 4682 597 4750; x_wconf 87' lang='lat' dir='ltr'>quasi</span> <span class='ocrx_word' id='word_1_573' title='bbox 650 4682 762 4734; x_wconf 90' lang='lat' dir='ltr'>Deo</span> <span class='ocrx_word' id='word_1_574' title='bbox 820 4682 1009 4735; x_wconf 87' lang='lat' dir='ltr'>omnia</span> <span class='ocrx_word' id='word_1_575' title='bbox 1044 4682 1433 4753; x_wconf 89' lang='lat' dir='ltr'>inspicientes,</span> <span class='ocrx_word' id='word_1_576' title='bbox 1496 4689 1802 4736; x_wconf 87' lang='lat' dir='ltr'>servantes.</span> <span class='ocrx_word' id='word_1_577' title='bbox 1854 4683 1999 4746; x_wconf 83' lang='lat' dir='ltr'>Quid</span> <span class='ocrx_word' id='word_1_578' title='bbox 2033 4683 2132 4751; x_wconf 53' lang='lat' dir='ltr'>,his</span> 
     </span>
    </p>
   </div>
   <div class='ocr_carea' id='block_1_79' title="bbox 436 4770 2133 4842">
    <p class='ocr_par' dir='ltr' id='par_1_79' title="bbox 436 4770 2133 4842">
     <span class='ocr_line' id='line_1_79' title="bbox 436 4770 2133 4842; baseline 0.001 -21"><span class='ocrx_word' id='word_1_579' title='bbox 436 4770 722 4835; x_wconf 87' lang='lat' dir='ltr'>omnibus,</span> <span class='ocrx_word' id='word_1_580' title='bbox 757 4770 865 4823; x_wconf 90' lang='lat' dir='ltr'>nisi</span> <span class='ocrx_word' id='word_1_581' title='bbox 900 4771 1228 4825; x_wconf 87' lang='lat' dir='ltr'>varietatem</span> <span class='ocrx_word' id='word_1_582' title='bbox 1278 4771 1442 4842; x_wconf 89' lang='lat' dir='ltr'>pardi</span> <span class='ocrx_word' id='word_1_583' title='bbox 1490 4773 1610 4825; x_wconf 87' lang='lat' dir='ltr'>zelo</span> <span class='ocrx_word' id='word_1_584' title='bbox 1672 4772 1768 4823; x_wconf 86' lang='lat' dir='ltr'>Dei</span> <span class='ocrx_word' id='word_1_585' title='bbox 1817 4770 2133 4823; x_wconf 86' lang='lat' dir='ltr'>zelantibus</span> 
     </span>
    </p>
   </div>
   <div class='ocr_carea' id='block_1_80' title="bbox 435 4857 2129 4929">
    <p class='ocr_par' dir='ltr' id='par_1_80' title="bbox 435 4857 2129 4929">
     <span class='ocr_line' id='line_1_80' title="bbox 435 4857 2129 4929; baseline 0.001 -20"><span class='ocrx_word' id='word_1_586' title='bbox 435 4857 544 4911; x_wconf 83' lang='lat' dir='ltr'>sibi</span> <span class='ocrx_word' id='word_1_587' title='bbox 578 4857 761 4910; x_wconf 88' lang='lat' dir='ltr'>inesse</span> <span class='ocrx_word' id='word_1_588' title='bbox 793 4859 1122 4927; x_wconf 88' lang='lat' dir='ltr'>ostendunt,</span> <span class='ocrx_word' id='word_1_589' title='bbox 1166 4860 1302 4913; x_wconf 90' lang='lat' dir='ltr'>dum</span> <span class='ocrx_word' id='word_1_590' title='bbox 1350 4876 1466 4913; x_wconf 90' lang='lat' dir='ltr'>non</span> <span class='ocrx_word' id='word_1_591' title='bbox 1498 4860 1741 4929; x_wconf 90' lang='lat' dir='ltr'>integre,</span> <span class='ocrx_word' id='word_1_592' title='bbox 1777 4860 1870 4912; x_wconf 88' lang='lat' dir='ltr'>sed</span> <span class='ocrx_word' id='word_1_593' title='bbox 1922 4859 2129 4927; x_wconf 89' lang='lat' dir='ltr'>medie,</span> 
     </span>
    </p>
   </div>
   <div class='ocr_carea' id='block_1_81' title="bbox 436 4945 2129 5002">
    <p class='ocr_par' dir='ltr' id='par_1_81' title="bbox 436 4945 2129 5002">
     <span class='ocr_line' id='line_1_81' title="bbox 436 4945 2129 5002; baseline 0.001 -4"><span class='ocrx_word' id='word_1_594' title='bbox 436 4945 937 4999; x_wconf 86' lang='lat' dir='ltr'>Christianismum</span> <span class='ocrx_word' id='word_1_595' title='bbox 967 4948 1327 5001; x_wconf 87' lang='lat' dir='ltr'>defendunt?</span> <span class='ocrx_word' id='word_1_596' title='bbox 1363 4950 1488 5001; x_wconf 73' lang='lat' dir='ltr'>Haec</span> <span class='ocrx_word' id='word_1_597' title='bbox 1524 4954 1715 5002; x_wconf 83' lang='lat' dir='ltr'>tamen</span> <span class='ocrx_word' id='word_1_598' title='bbox 1742 4947 1934 5000; x_wconf 87' lang='lat' dir='ltr'>omnia</span> <span class='ocrx_word' id='word_1_599' title='bbox 1978 4947 2129 5000; x_wconf 88' lang='lat' dir='ltr'>bona</span> 
     </span>
    </p>
   </div>
   <div class='ocr_carea' id='block_1_82' title="bbox 505 5133 1171 5200">
    <p class='ocr_par' dir='ltr' id='par_1_82' title="bbox 505 5133 1171 5200">
     <span class='ocr_line' id='line_1_82' title="bbox 505 5133 1171 5200; baseline 0.008 -15"><span class='ocrx_word' id='word_1_600' title='bbox 505 5142 529 5166; x_wconf 74' lang='grc'>⁸</span> <span class='ocrx_word' id='word_1_601' title='bbox 566 5133 685 5200; x_wconf 85' lang='lat' dir='ltr'>Ms.,</span> <span class='ocrx_word' id='word_1_602' title='bbox 716 5134 812 5187; x_wconf 80' lang='lat' dir='ltr'>Ad</span> <span class='ocrx_word' id='word_1_603' title='bbox 839 5150 928 5188; x_wconf 86' lang='lat' dir='ltr'>ore</span> <span class='ocrx_word' id='word_1_604' title='bbox 958 5135 1171 5190; x_wconf 84' lang='lat' dir='ltr'>harum.</span> 
     </span>
    </p>
   </div>
   <div class='ocr_carea' id='block_1_83' title="bbox 505 5206 1124 5273">
    <p class='ocr_par' dir='ltr' id='par_1_83' title="bbox 505 5206 1124 5273">
     <span class='ocr_line' id='line_1_83' title="bbox 505 5206 1124 5273; baseline 0.005 -16"><span class='ocrx_word' id='word_1_605' title='bbox 505 5206 530 5246; x_wconf 74' lang='grc' dir='ltr'>ι)</span> <span class='ocrx_word' id='word_1_606' title='bbox 571 5207 665 5258; x_wconf 87' lang='lat' dir='ltr'>Ms.</span> <span class='ocrx_word' id='word_1_607' title='bbox 728 5208 784 5258; x_wconf 84' lang='lat' dir='ltr'>in</span> <span class='ocrx_word' id='word_1_608' title='bbox 812 5208 1124 5273; x_wconf 82' lang='lat' dir='ltr'>purissimo.</span> 
     </span>
    </p>
   </div>
   <div class='ocr_carea' id='block_1_84' title="bbox 506 5275 1098 5332">
    <p class='ocr_par' dir='ltr' id='par_1_84' title="bbox 506 5275 1098 5332">
     <span class='ocr_line' id='line_1_84' title="bbox 506 5275 1098 5332; baseline 0.008 -6"><span class='ocrx_word' id='word_1_609' title='bbox 506 5282 525 5307; x_wconf 73' lang='grc' dir='ltr'><strong><em>ε</em></strong></span> <span class='ocrx_word' id='word_1_610' title='bbox 567 5275 725 5327; x_wconf 83' lang='lat' dir='ltr'>Forte</span> <span class='ocrx_word' id='word_1_611' title='bbox 754 5279 1098 5332; x_wconf 85' lang='lat' dir='ltr'>reclamante.</span> 
     </span>
    </p>
   </div>
   <div class='ocr_carea' id='block_1_85' title="bbox 504 5342 1108 5400">
    <p class='ocr_par' dir='ltr' id='par_1_85' title="bbox 504 5342 1108 5400">
     <span class='ocr_line' id='line_1_85' title="bbox 504 5342 1108 5400; baseline 0.003 -4"><span class='ocrx_word' id='word_1_612' title='bbox 504 5342 531 5379; x_wconf 73' lang='grc' dir='ltr'><em>δ</em></span> <span class='ocrx_word' id='word_1_613' title='bbox 571 5346 626 5397; x_wconf 87' lang='lat' dir='ltr'>Id</span> <span class='ocrx_word' id='word_1_614' title='bbox 658 5352 741 5397; x_wconf 90' lang='lat' dir='ltr'>est</span> <span class='ocrx_word' id='word_1_615' title='bbox 770 5346 1108 5400; x_wconf 81' lang='lat' dir='ltr'>Mahometo.</span> 
     </span>
    </p>
   </div>
   <div class='ocr_carea' id='block_1_86' title="bbox 504 5416 2130 5488">
    <p class='ocr_par' dir='ltr' id='par_1_86' title="bbox 504 5416 2130 5488">
     <span class='ocr_line' id='line_1_86' title="bbox 504 5416 2130 5488; baseline 0.003 -20"><span class='ocrx_word' id='word_1_616' title='bbox 504 5423 525 5448; x_wconf 74' lang='grc' dir='ltr'><strong><em>ο</em></strong></span> <span class='ocrx_word' id='word_1_617' title='bbox 566 5416 688 5488; x_wconf 63' lang='lat' dir='ltr'>Ms,</span> <span class='ocrx_word' id='word_1_618' title='bbox 721 5417 883 5469; x_wconf 78' lang='lat' dir='ltr'>Elius</span> <span class='ocrx_word' id='word_1_619' title='bbox 911 5434 928 5488; x_wconf 14' lang='grc' dir='ltr'>γε</span> <span class='ocrx_word' id='word_1_620' title='bbox 966 5417 1273 5486; x_wconf 86' lang='lat' dir='ltr'>legendum</span> <span class='ocrx_word' id='word_1_621' title='bbox 1296 5421 1485 5470; x_wconf 88' lang='lat' dir='ltr'>autem</span> <span class='ocrx_word' id='word_1_622' title='bbox 1517 5418 1640 5471; x_wconf 77' lang='lat' dir='ltr'>Haec</span> <span class='ocrx_word' id='word_1_623' title='bbox 1671 5423 1719 5472; x_wconf 87' lang='lat' dir='ltr'>et</span> <span class='ocrx_word' id='word_1_624' title='bbox 1752 5418 1923 5485; x_wconf 82' lang='lat' dir='ltr'>alias;</span> <span class='ocrx_word' id='word_1_625' title='bbox 1956 5418 2130 5488; x_wconf 83' lang='lat' dir='ltr'>phra-</span> 
     </span>
    </p>
   </div>
   <div class='ocr_carea' id='block_1_87' title="bbox 438 5485 1101 5541">
    <p class='ocr_par' dir='ltr' id='par_1_87' title="bbox 438 5485 1101 5541">
     <span class='ocr_line' id='line_1_87' title="bbox 438 5485 1101 5541; baseline 0.006 -4"><span class='ocrx_word' id='word_1_626' title='bbox 438 5485 512 5539; x_wconf 89' lang='lat' dir='ltr'>sis</span> <span class='ocrx_word' id='word_1_627' title='bbox 550 5487 755 5539; x_wconf 80' lang='lat' dir='ltr'>Alvaro</span> <span class='ocrx_word' id='word_1_628' title='bbox 786 5485 1101 5541; x_wconf 84' lang='lat' dir='ltr'>familiaris.</span> 
     </span>
    </p>
   </div>
   <div class='ocr_carea' id='block_1_88' title="bbox 508 5552 2131 5629">
    <p class='ocr_par' dir='ltr' id='par_1_88' title="bbox 508 5552 2131 5629">
     <span class='ocr_line' id='line_1_88' title="bbox 508 5552 2131 5629; baseline 0.002 -19"><span class='ocrx_word' id='word_1_629' title='bbox 508 5552 527 5591; x_wconf 83' lang='lat'>-&#39;</span> <span class='ocrx_word' id='word_1_630' title='bbox 555 5557 691 5611; x_wconf 76' lang='lat' dir='ltr'>Ecce</span> <span class='ocrx_word' id='word_1_631' title='bbox 725 5574 896 5626; x_wconf 90' lang='lat' dir='ltr'>quam</span> <span class='ocrx_word' id='word_1_632' title='bbox 928 5562 1187 5613; x_wconf 86' lang='lat' dir='ltr'>vetustus</span> <span class='ocrx_word' id='word_1_633' title='bbox 1218 5574 1341 5612; x_wconf 91' lang='lat' dir='ltr'>mos</span> <span class='ocrx_word' id='word_1_634' title='bbox 1374 5558 1468 5613; x_wconf 89' lang='lat' dir='ltr'>ille</span> <span class='ocrx_word' id='word_1_635' title='bbox 1507 5558 1777 5629; x_wconf 88' lang='lat' dir='ltr'>signandi</span> <span class='ocrx_word' id='word_1_636' title='bbox 1819 5574 1877 5613; x_wconf 87' lang='lat' dir='ltr'>se</span> <span class='ocrx_word' id='word_1_637' title='bbox 1909 5559 1968 5613; x_wconf 88' lang='lat' dir='ltr'>in</span> <span class='ocrx_word' id='word_1_638' title='bbox 2002 5563 2131 5614; x_wconf 83' lang='lat' dir='ltr'>actu</span> 
     </span>
    </p>
   </div>
   <div class='ocr_carea' id='block_1_89' title="bbox 2236 3104 3939 3173">
    <p class='ocr_par' dir='ltr' id='par_1_89' title="bbox 2236 3104 3939 3173">
     <span class='ocr_line' id='line_1_89' title="bbox 2236 3104 3939 3173; baseline 0.001 -18"><span class='ocrx_word' id='word_1_639' title='bbox 2236 3104 2593 3173; x_wconf 69' lang='lat' dir='ltr'>praedicatum</span> <span class='ocrx_word' id='word_1_640' title='bbox 2622 3106 2791 3168; x_wconf 78' lang='lat' dir='ltr'>fuerit</span> <span class='ocrx_word' id='word_1_641' title='bbox 2843 3104 2936 3157; x_wconf 85' lang='lat' dir='ltr'>hoc</span> <span class='ocrx_word' id='word_1_642' title='bbox 2981 3104 3333 3168; x_wconf 77' lang='lat' dir='ltr'>Evangclz&#39;um</span> <span class='ocrx_word' id='word_1_643' title='bbox 3377 3105 3433 3154; x_wconf 80' lang='lat' dir='ltr'>in</span> <span class='ocrx_word' id='word_1_644' title='bbox 3482 3106 3735 3156; x_wconf 79' lang='lat' dir='ltr'>unirersa</span> <span class='ocrx_word' id='word_1_645' title='bbox 3786 3120 3939 3157; x_wconf 78' lang='lat' dir='ltr'>crea-</span> 
     </span>
    </p>
   </div>
   <div class='ocr_carea' id='block_1_90' title="bbox 2244 3190 3945 3261">
    <p class='ocr_par' dir='ltr' id='par_1_90' title="bbox 2244 3190 3945 3261">
     <span class='ocr_line' id='line_1_90' title="bbox 2244 3190 3945 3261; baseline 0.001 -16"><span class='ocrx_word' id='word_1_646' title='bbox 2244 3198 2387 3258; x_wconf 86' lang='lat' dir='ltr'>tura,</span> <span class='ocrx_word' id='word_1_647' title='bbox 2426 3197 2548 3245; x_wconf 84' lang='lat' dir='ltr'>tunc</span> <span class='ocrx_word' id='word_1_648' title='bbox 2587 3194 2689 3245; x_wconf 80' lang='lat' dir='ltr'>erit</span> <span class='ocrx_word' id='word_1_649' title='bbox 2728 3190 2856 3260; x_wconf 83' lang='lat' dir='ltr'>ﬁnis</span> <span class='ocrx_word' id='word_1_650' title='bbox 2907 3192 3123 3261; x_wconf 78' lang='lat' dir='ltr'>(Matth.</span> <span class='ocrx_word' id='word_1_651' title='bbox 3176 3207 3319 3255; x_wconf 78' lang='lat' dir='ltr'>xxvi,</span> <span class='ocrx_word' id='word_1_652' title='bbox 3378 3194 3481 3244; x_wconf 51' lang='lat' dir='ltr'>l3‘..</span> <span class='ocrx_word' id='word_1_653' title='bbox 3530 3193 3833 3245; x_wconf 82' lang='lat' dir='ltr'>Attendite</span> <span class='ocrx_word' id='word_1_654' title='bbox 3892 3201 3945 3246; x_wconf 85' lang='lat' dir='ltr'>et</span> 
     </span>
    </p>
   </div>
   <div class='ocr_carea' id='block_1_91' title="bbox 2242 3278 3945 3350">
    <p class='ocr_par' dir='ltr' id='par_1_91' title="bbox 2242 3278 3945 3350">
     <span class='ocr_line' id='line_1_91' title="bbox 2242 3278 3945 3350; baseline -0.001 -17"><span class='ocrx_word' id='word_1_655' title='bbox 2242 3281 2383 3333; x_wconf 90' lang='lat' dir='ltr'>tanti</span> <span class='ocrx_word' id='word_1_656' title='bbox 2432 3280 2652 3350; x_wconf 87' lang='lat' dir='ltr'>opificis</span> <span class='ocrx_word' id='word_1_657' title='bbox 2695 3296 3013 3332; x_wconf 87' lang='lat' dir='ltr'>sermonem</span> <span class='ocrx_word' id='word_1_658' title='bbox 3060 3279 3318 3332; x_wconf 88' lang='lat' dir='ltr'>discutite</span> <span class='ocrx_word' id='word_1_659' title='bbox 3355 3295 3366 3331; x_wconf 93' lang='lat'>:</span> <span class='ocrx_word' id='word_1_660' title='bbox 3402 3279 3529 3331; x_wconf 87' lang='lat' dir='ltr'>dum</span> <span class='ocrx_word' id='word_1_661' title='bbox 3573 3278 3945 3347; x_wconf 65' lang='lat' dir='ltr'>praedicatum</span> 
     </span>
    </p>
   </div>
   <div class='ocr_carea' id='block_1_92' title="bbox 2240 3368 3944 3435">
    <p class='ocr_par' dir='ltr' id='par_1_92' title="bbox 2240 3368 3944 3435">
     <span class='ocr_line' id='line_1_92' title="bbox 2240 3368 3944 3435; baseline -0.001 -13"><span class='ocrx_word' id='word_1_662' title='bbox 2240 3371 2411 3435; x_wconf 79' lang='lat' dir='ltr'>fuerit</span> <span class='ocrx_word' id='word_1_663' title='bbox 2466 3369 2561 3422; x_wconf 87' lang='lat' dir='ltr'>hoc</span> <span class='ocrx_word' id='word_1_664' title='bbox 2605 3370 2959 3434; x_wconf 83' lang='lat' dir='ltr'>Evangelium</span> <span class='ocrx_word' id='word_1_665' title='bbox 2998 3370 3055 3420; x_wconf 77' lang='lat' dir='ltr'>in</span> <span class='ocrx_word' id='word_1_666' title='bbox 3093 3369 3344 3421; x_wconf 78' lang='lat' dir='ltr'>universa</span> <span class='ocrx_word' id='word_1_667' title='bbox 3393 3374 3658 3420; x_wconf 74' lang='lat' dir='ltr'>creatura.</span> <span class='ocrx_word' id='word_1_668' title='bbox 3706 3368 3774 3420; x_wconf 87' lang='lat' dir='ltr'>Et</span> <span class='ocrx_word' id='word_1_669' title='bbox 3830 3369 3944 3420; x_wconf 89' lang='lat' dir='ltr'>uti-</span> 
     </span>
    </p>
   </div>
   <div class='ocr_carea' id='block_1_93' title="bbox 2245 3455 3945 3528">
    <p class='ocr_par' dir='ltr' id='par_1_93' title="bbox 2245 3455 3945 3528">
     <span class='ocr_line' id='line_1_93' title="bbox 2245 3455 3945 3528; baseline 0 -19"><span class='ocrx_word' id='word_1_670' title='bbox 2245 3474 2354 3528; x_wconf 90' lang='lat' dir='ltr'>que</span> <span class='ocrx_word' id='word_1_671' title='bbox 2377 3457 2702 3527; x_wconf 81' lang='lat' dir='ltr'>praedicatio</span> <span class='ocrx_word' id='word_1_672' title='bbox 2737 3456 3153 3527; x_wconf 86' lang='lat' dir='ltr'>ignorantibus,</span> <span class='ocrx_word' id='word_1_673' title='bbox 3197 3461 3251 3508; x_wconf 92' lang='lat' dir='ltr'>et</span> <span class='ocrx_word' id='word_1_674' title='bbox 3282 3473 3395 3508; x_wconf 90' lang='lat' dir='ltr'>non</span> <span class='ocrx_word' id='word_1_675' title='bbox 3449 3455 3821 3509; x_wconf 88' lang='lat' dir='ltr'>credentibus</span> <span class='ocrx_word' id='word_1_676' title='bbox 3857 3458 3945 3509; x_wconf 86' lang='lat' dir='ltr'>in-</span> 
     </span>
    </p>
   </div>
   <div class='ocr_carea' id='block_1_94' title="bbox 2244 3546 3947 3616">
    <p class='ocr_par' dir='ltr' id='par_1_94' title="bbox 2244 3546 3947 3616">
     <span class='ocr_line' id='line_1_94' title="bbox 2244 3546 3947 3616; baseline -0.001 -16"><span class='ocrx_word' id='word_1_677' title='bbox 2244 3547 2488 3612; x_wconf 90' lang='lat' dir='ltr'>ducitur,</span> <span class='ocrx_word' id='word_1_678' title='bbox 2525 3563 2633 3600; x_wconf 88' lang='lat' dir='ltr'>non</span> <span class='ocrx_word' id='word_1_679' title='bbox 2660 3546 2780 3615; x_wconf 84' lang='lat' dir='ltr'>jam</span> <span class='ocrx_word' id='word_1_680' title='bbox 2802 3563 2864 3599; x_wconf 90' lang='lat' dir='ltr'>ea</span> <span class='ocrx_word' id='word_1_681' title='bbox 2896 3562 3023 3616; x_wconf 72' lang='lat' dir='ltr'>quae</span> <span class='ocrx_word' id='word_1_682' title='bbox 3056 3546 3338 3598; x_wconf 88' lang='lat' dir='ltr'>credenda</span> <span class='ocrx_word' id='word_1_683' title='bbox 3364 3554 3497 3598; x_wconf 88' lang='lat' dir='ltr'>sunt</span> <span class='ocrx_word' id='word_1_684' title='bbox 3526 3548 3947 3601; x_wconf 79' lang='lat' dir='ltr'>venerantibus</span> 
     </span>
    </p>
   </div>
   <div class='ocr_carea' id='block_1_95' title="bbox 2246 3632 3958 3703">
    <p class='ocr_par' dir='ltr' id='par_1_95' title="bbox 2246 3632 3958 3703">
     <span class='ocr_line' id='line_1_95' title="bbox 2246 3632 3958 3703; baseline 0.001 -16"><span class='ocrx_word' id='word_1_685' title='bbox 2246 3642 2300 3687; x_wconf 89' lang='lat' dir='ltr'>et</span> <span class='ocrx_word' id='word_1_686' title='bbox 2319 3634 2634 3688; x_wconf 85' lang='lat' dir='ltr'>colentibus</span> <span class='ocrx_word' id='word_1_687' title='bbox 2650 3640 2780 3686; x_wconf 89' lang='lat' dir='ltr'>nota</span> <span class='ocrx_word' id='word_1_688' title='bbox 2796 3636 3002 3703; x_wconf 63' lang='lat' dir='ltr'>saepius</span> <span class='ocrx_word' id='word_1_689' title='bbox 3024 3633 3369 3686; x_wconf 80' lang='lat' dir='ltr'>intentatur:</span> <span class='ocrx_word' id='word_1_690' title='bbox 3392 3632 3656 3685; x_wconf 88' lang='lat' dir='ltr'>fidelibus</span> <span class='ocrx_word' id='word_1_691' title='bbox 3671 3634 3840 3686; x_wconf 87' lang='lat' dir='ltr'>enim</span> <span class='ocrx_word' id='word_1_692' title='bbox 3865 3652 3958 3688; x_wconf 55' lang='lat' dir='ltr'>no.</span> 
     </span>
    </p>
   </div>
   <div class='ocr_carea' id='block_1_96' title="bbox 2244 3721 3959 3792">
    <p class='ocr_par' dir='ltr' id='par_1_96' title="bbox 2244 3721 3959 3792">
     <span class='ocr_line' id='line_1_96' title="bbox 2244 3721 3959 3792; baseline 0 -16"><span class='ocrx_word' id='word_1_693' title='bbox 2244 3728 2298 3776; x_wconf 89' lang='lat' dir='ltr'>ta</span> <span class='ocrx_word' id='word_1_694' title='bbox 2322 3724 2584 3792; x_wconf 83' lang='lat' dir='ltr'>ingerere</span> <span class='ocrx_word' id='word_1_695' title='bbox 2623 3722 2871 3776; x_wconf 88' lang='lat' dir='ltr'>conlatio</span> <span class='ocrx_word' id='word_1_696' title='bbox 2888 3722 2970 3775; x_wconf 85' lang='lat' dir='ltr'>vel</span> <span class='ocrx_word' id='word_1_697' title='bbox 2994 3722 3268 3774; x_wconf 88' lang='lat' dir='ltr'>confertio</span> <span class='ocrx_word' id='word_1_698' title='bbox 3285 3721 3644 3786; x_wconf 88' lang='lat' dir='ltr'>nominatur;</span> <span class='ocrx_word' id='word_1_699' title='bbox 3663 3724 3959 3790; x_wconf 69' lang='lat' dir='ltr'>praedica-</span> 
     </span>
    </p>
   </div>
   <div class='ocr_carea' id='block_1_97' title="bbox 2246 3809 3957 3879">
    <p class='ocr_par' dir='ltr' id='par_1_97' title="bbox 2246 3809 3957 3879">
     <span class='ocr_line' id='line_1_97' title="bbox 2246 3809 3957 3879; baseline 0 -14"><span class='ocrx_word' id='word_1_700' title='bbox 2246 3813 2323 3865; x_wconf 90' lang='lat' dir='ltr'>tio</span> <span class='ocrx_word' id='word_1_701' title='bbox 2357 3819 2548 3865; x_wconf 88' lang='lat' dir='ltr'>tamen</span> <span class='ocrx_word' id='word_1_702' title='bbox 2584 3828 2667 3877; x_wconf 93' lang='lat' dir='ltr'>ea,</span> <span class='ocrx_word' id='word_1_703' title='bbox 2706 3811 2813 3863; x_wconf 88' lang='lat' dir='ltr'>nisi</span> <span class='ocrx_word' id='word_1_704' title='bbox 2861 3810 3048 3876; x_wconf 86' lang='lat' dir='ltr'>fallor,</span> <span class='ocrx_word' id='word_1_705' title='bbox 3083 3810 3329 3862; x_wconf 79' lang='lat' dir='ltr'>veridice</span> <span class='ocrx_word' id='word_1_706' title='bbox 3362 3809 3587 3872; x_wconf 89' lang='lat' dir='ltr'>dicitur,</span> <span class='ocrx_word' id='word_1_707' title='bbox 3618 3826 3753 3879; x_wconf 64' lang='lat' dir='ltr'>qua:</span> <span class='ocrx_word' id='word_1_708' title='bbox 3797 3814 3957 3865; x_wconf 87' lang='lat' dir='ltr'>velut</span> 
     </span>
    </p>
   </div>
   <div class='ocr_carea' id='block_1_98' title="bbox 2246 3899 3954 3971">
    <p class='ocr_par' dir='ltr' id='par_1_98' title="bbox 2246 3899 3954 3971">
     <span class='ocr_line' id='line_1_98' title="bbox 2246 3899 3954 3971; baseline 0.001 -18"><span class='ocrx_word' id='word_1_709' title='bbox 2246 3917 2305 3953; x_wconf 84' lang='lat' dir='ltr'>ex</span> <span class='ocrx_word' id='word_1_710' title='bbox 2340 3917 2530 3971; x_wconf 91' lang='lat' dir='ltr'>opere,</span> <span class='ocrx_word' id='word_1_711' title='bbox 2556 3905 2619 3953; x_wconf 89' lang='lat' dir='ltr'>ut</span> <span class='ocrx_word' id='word_1_712' title='bbox 2640 3899 3096 3970; x_wconf 88' lang='lat' dir='ltr'>apostoliomnes</span> <span class='ocrx_word' id='word_1_713' title='bbox 3118 3899 3317 3964; x_wconf 80' lang='lat' dir='ltr'>fecere,</span> <span class='ocrx_word' id='word_1_714' title='bbox 3335 3914 3461 3951; x_wconf 91' lang='lat' dir='ltr'>cum</span> <span class='ocrx_word' id='word_1_715' title='bbox 3489 3899 3751 3968; x_wconf 89' lang='lat' dir='ltr'>periculo</span> <span class='ocrx_word' id='word_1_716' title='bbox 3777 3901 3954 3954; x_wconf 83' lang='lat' dir='ltr'>etiam</span> 
     </span>
    </p>
   </div>
   <div class='ocr_carea' id='block_1_99' title="bbox 2245 3987 3956 4057">
    <p class='ocr_par' dir='ltr' id='par_1_99' title="bbox 2245 3987 3956 4057">
     <span class='ocr_line' id='line_1_99' title="bbox 2245 3987 3956 4057; baseline -0.001 -17"><span class='ocrx_word' id='word_1_717' title='bbox 2245 3989 2445 4057; x_wconf 88' lang='lat' dir='ltr'>capitis</span> <span class='ocrx_word' id='word_1_718' title='bbox 2467 3994 2806 4057; x_wconf 90' lang='lat' dir='ltr'>opportune,</span> <span class='ocrx_word' id='word_1_719' title='bbox 2841 3988 3191 4056; x_wconf 87' lang='lat' dir='ltr'>importune,</span> <span class='ocrx_word' id='word_1_720' title='bbox 3222 3987 3535 4057; x_wconf 87' lang='lat' dir='ltr'>ingeritur;</span> <span class='ocrx_word' id='word_1_721' title='bbox 3563 3992 3638 4051; x_wconf 92' lang='lat' dir='ltr'>et,</span> <span class='ocrx_word' id='word_1_722' title='bbox 3664 3993 3732 4038; x_wconf 90' lang='lat' dir='ltr'>ut</span> <span class='ocrx_word' id='word_1_723' title='bbox 3752 3988 3956 4040; x_wconf 90' lang='lat' dir='ltr'>lumen</span> 
     </span>
    </p>
   </div>
   <div class='ocr_carea' id='block_1_100' title="bbox 2246 4077 3957 4146">
    <p class='ocr_par' dir='ltr' id='par_1_100' title="bbox 2246 4077 3957 4146">
     <span class='ocr_line' id='line_1_100' title="bbox 2246 4077 3957 4146; baseline -0.001 -16"><span class='ocrx_word' id='word_1_724' title='bbox 2246 4077 2377 4130; x_wconf 82' lang='lat' dir='ltr'>fidei</span> <span class='ocrx_word' id='word_1_725' title='bbox 2420 4077 2699 4146; x_wconf 88' lang='lat' dir='ltr'>recipiant</span> <span class='ocrx_word' id='word_1_726' title='bbox 2731 4093 2841 4129; x_wconf 93' lang='lat' dir='ltr'>non</span> <span class='ocrx_word' id='word_1_727' title='bbox 2891 4077 3201 4141; x_wconf 90' lang='lat' dir='ltr'>credentes,</span> <span class='ocrx_word' id='word_1_728' title='bbox 3250 4078 3584 4146; x_wconf 85' lang='lat' dir='ltr'>frequenter</span> <span class='ocrx_word' id='word_1_729' title='bbox 3630 4091 3769 4128; x_wconf 87' lang='lat' dir='ltr'>cum</span> <span class='ocrx_word' id='word_1_730' title='bbox 3824 4092 3957 4129; x_wconf 87' lang='lat' dir='ltr'>casu</span> 
     </span>
    </p>
   </div>
   <div class='ocr_carea' id='block_1_101' title="bbox 2245 4164 3957 4234">
    <p class='ocr_par' dir='ltr' id='par_1_101' title="bbox 2245 4164 3957 4234">
     <span class='ocr_line' id='line_1_101' title="bbox 2245 4164 3957 4234; baseline 0.001 -18"><span class='ocrx_word' id='word_1_731' title='bbox 2245 4164 2417 4217; x_wconf 90' lang='lat' dir='ltr'>etiam</span> <span class='ocrx_word' id='word_1_732' title='bbox 2445 4164 2491 4217; x_wconf 91' lang='lat' dir='ltr'>si</span> <span class='ocrx_word' id='word_1_733' title='bbox 2520 4164 2831 4217; x_wconf 90' lang='lat' dir='ltr'>occurrerit</span> <span class='ocrx_word' id='word_1_734' title='bbox 2872 4164 3129 4234; x_wconf 88' lang='lat' dir='ltr'>periculi,</span> <span class='ocrx_word' id='word_1_735' title='bbox 3163 4164 3485 4234; x_wconf 82' lang='lat' dir='ltr'>indagatur.</span> <span class='ocrx_word' id='word_1_736' title='bbox 3521 4164 3586 4215; x_wconf 85' lang='lat' dir='ltr'>Et</span> <span class='ocrx_word' id='word_1_737' title='bbox 3625 4170 3791 4217; x_wconf 89' lang='lat' dir='ltr'>certe</span> <span class='ocrx_word' id='word_1_738' title='bbox 3837 4180 3957 4218; x_wconf 90' lang='lat' dir='ltr'>non</span> 
     </span>
    </p>
   </div>
   <div class='ocr_carea' id='block_1_102' title="bbox 2244 4252 3955 4322">
    <p class='ocr_par' dir='ltr' id='par_1_102' title="bbox 2244 4252 3955 4322">
     <span class='ocr_line' id='line_1_102' title="bbox 2244 4252 3955 4322; baseline 0.001 -17"><span class='ocrx_word' id='word_1_739' title='bbox 2244 4259 2459 4321; x_wconf 89' lang='lat' dir='ltr'>aperte,</span> <span class='ocrx_word' id='word_1_740' title='bbox 2492 4258 2555 4306; x_wconf 91' lang='lat' dir='ltr'>ut</span> <span class='ocrx_word' id='word_1_741' title='bbox 2591 4253 2775 4306; x_wconf 91' lang='lat' dir='ltr'>omnis</span> <span class='ocrx_word' id='word_1_742' title='bbox 2820 4258 3076 4305; x_wconf 90' lang='lat' dir='ltr'>creatura</span> <span class='ocrx_word' id='word_1_743' title='bbox 3113 4252 3401 4321; x_wconf 82' lang='lat' dir='ltr'>Evangelii</span> <span class='ocrx_word' id='word_1_744' title='bbox 3446 4252 3955 4322; x_wconf 65' lang='lat' dir='ltr'>praedicationem,</span> 
     </span>
    </p>
   </div>
   <div class='ocr_carea' id='block_1_103' title="bbox 2171 4340 3958 4410">
    <p class='ocr_par' dir='ltr' id='par_1_103' title="bbox 2171 4340 3958 4410">
     <span class='ocr_line' id='line_1_103' title="bbox 2171 4340 3958 4410; baseline 0 -16"><span class='ocrx_word' id='word_1_745' title='bbox 2171 4342 2211 4394; x_wconf 95' lang='lat' dir='ltr'>D</span> <span class='ocrx_word' id='word_1_746' title='bbox 2242 4342 2400 4406; x_wconf 87' lang='lat' dir='ltr'>dixit,</span> <span class='ocrx_word' id='word_1_747' title='bbox 2428 4341 2679 4410; x_wconf 85' lang='lat' dir='ltr'>recipiat,</span> <span class='ocrx_word' id='word_1_748' title='bbox 2706 4340 2798 4393; x_wconf 91' lang='lat' dir='ltr'>sed</span> <span class='ocrx_word' id='word_1_749' title='bbox 2834 4346 2893 4393; x_wconf 91' lang='lat' dir='ltr'>ut</span> <span class='ocrx_word' id='word_1_750' title='bbox 2915 4340 3243 4410; x_wconf 50' lang='lat' dir='ltr'>praedicatio</span> <span class='ocrx_word' id='word_1_751' title='bbox 3271 4341 3525 4393; x_wconf 66' lang='lat' dir='ltr'>Ecclesiae</span> <span class='ocrx_word' id='word_1_752' title='bbox 3547 4340 3707 4392; x_wconf 91' lang='lat' dir='ltr'>omni</span> <span class='ocrx_word' id='word_1_753' title='bbox 3727 4343 3958 4394; x_wconf 88' lang='lat' dir='ltr'>mundo</span> 
     </span>
    </p>
   </div>
   <div class='ocr_carea' id='block_1_104' title="bbox 2242 4429 3960 4499">
    <p class='ocr_par' dir='ltr' id='par_1_104' title="bbox 2242 4429 3960 4499">
     <span class='ocr_line' id='line_1_104' title="bbox 2242 4429 3960 4499; baseline -0.001 -17"><span class='ocrx_word' id='word_1_754' title='bbox 2242 4430 2587 4499; x_wconf 88' lang='lat' dir='ltr'>generaliter</span> <span class='ocrx_word' id='word_1_755' title='bbox 2613 4430 2850 4482; x_wconf 87' lang='lat' dir='ltr'>clareat:</span> <span class='ocrx_word' id='word_1_756' title='bbox 2871 4446 2970 4499; x_wconf 91' lang='lat' dir='ltr'>per</span> <span class='ocrx_word' id='word_1_757' title='bbox 2992 4431 3145 4499; x_wconf 89' lang='lat' dir='ltr'>quod</span> <span class='ocrx_word' id='word_1_758' title='bbox 3178 4429 3557 4481; x_wconf 83' lang='lat' dir='ltr'>ministerium</span> <span class='ocrx_word' id='word_1_759' title='bbox 3590 4434 3644 4480; x_wconf 87' lang='lat' dir='ltr'>et</span> <span class='ocrx_word' id='word_1_760' title='bbox 3665 4431 3960 4497; x_wconf 67' lang='lat' dir='ltr'>praedica-</span> 
     </span>
    </p>
   </div>
   <div class='ocr_carea' id='block_1_105' title="bbox 2243 4518 3958 4589">
    <p class='ocr_par' dir='ltr' id='par_1_105' title="bbox 2243 4518 3958 4589">
     <span class='ocr_line' id='line_1_105' title="bbox 2243 4518 3958 4589; baseline 0.001 -18"><span class='ocrx_word' id='word_1_761' title='bbox 2243 4518 2461 4571; x_wconf 90' lang='lat' dir='ltr'>toribus</span> <span class='ocrx_word' id='word_1_762' title='bbox 2488 4518 2768 4571; x_wconf 86' lang='lat' dir='ltr'>inferatur</span> <span class='ocrx_word' id='word_1_763' title='bbox 2799 4519 3053 4571; x_wconf 89' lang='lat' dir='ltr'>debitum</span> <span class='ocrx_word' id='word_1_764' title='bbox 3104 4518 3432 4587; x_wconf 65' lang='lat' dir='ltr'>praemium,</span> <span class='ocrx_word' id='word_1_765' title='bbox 3490 4523 3547 4570; x_wconf 93' lang='lat' dir='ltr'>et</span> <span class='ocrx_word' id='word_1_766' title='bbox 3585 4523 3958 4589; x_wconf 88' lang='lat' dir='ltr'>contempto-</span> 
     </span>
    </p>
   </div>
   <div class='ocr_carea' id='block_1_106' title="bbox 2244 4606 3955 4677">
    <p class='ocr_par' dir='ltr' id='par_1_106' title="bbox 2244 4606 3955 4677">
     <span class='ocr_line' id='line_1_106' title="bbox 2244 4606 3955 4677; baseline 0 -18"><span class='ocrx_word' id='word_1_767' title='bbox 2244 4606 2397 4659; x_wconf 87' lang='lat' dir='ltr'>ribus</span> <span class='ocrx_word' id='word_1_768' title='bbox 2418 4608 2797 4677; x_wconf 89' lang='lat' dir='ltr'>justissimum</span> <span class='ocrx_word' id='word_1_769' title='bbox 2831 4612 3111 4660; x_wconf 65' lang='lat' dir='ltr'>internum</span> <span class='ocrx_word' id='word_1_770' title='bbox 3136 4607 3254 4659; x_wconf 91' lang='lat' dir='ltr'>sine</span> <span class='ocrx_word' id='word_1_771' title='bbox 3279 4606 3392 4660; x_wconf 90' lang='lat' dir='ltr'>fine</span> <span class='ocrx_word' id='word_1_772' title='bbox 3423 4607 3809 4676; x_wconf 89' lang='lat' dir='ltr'>supplicium.</span> <span class='ocrx_word' id='word_1_773' title='bbox 3841 4609 3955 4662; x_wconf 84' lang='lat' dir='ltr'>Nec</span> 
     </span>
    </p>
   </div>
   <div class='ocr_carea' id='block_1_107' title="bbox 2243 4695 3955 4766">
    <p class='ocr_par' dir='ltr' id='par_1_107' title="bbox 2243 4695 3955 4766">
     <span class='ocr_line' id='line_1_107' title="bbox 2243 4695 3955 4766; baseline -0.001 -17"><span class='ocrx_word' id='word_1_774' title='bbox 2243 4702 2466 4749; x_wconf 88' lang='lat' dir='ltr'>tantum</span> <span class='ocrx_word' id='word_1_775' title='bbox 2524 4696 2621 4749; x_wconf 90' lang='lat' dir='ltr'>illa</span> <span class='ocrx_word' id='word_1_776' title='bbox 2672 4697 2981 4766; x_wconf 87' lang='lat' dir='ltr'>apostolica</span> <span class='ocrx_word' id='word_1_777' title='bbox 3033 4701 3293 4765; x_wconf 87' lang='lat' dir='ltr'>tempora</span> <span class='ocrx_word' id='word_1_778' title='bbox 3351 4695 3751 4765; x_wconf 65' lang='lat' dir='ltr'>praedicationi</span> <span class='ocrx_word' id='word_1_779' title='bbox 3816 4698 3955 4750; x_wconf 85' lang='lat' dir='ltr'>fidei</span> 
     </span>
    </p>
   </div>
   <div class='ocr_carea' id='block_1_108' title="bbox 2243 4784 3953 4854">
    <p class='ocr_par' dir='ltr' id='par_1_108' title="bbox 2243 4784 3953 4854">
     <span class='ocr_line' id='line_1_108' title="bbox 2243 4784 3953 4854; baseline 0.002 -18"><span class='ocrx_word' id='word_1_780' title='bbox 2243 4790 2375 4838; x_wconf 90' lang='lat' dir='ltr'>sunt</span> <span class='ocrx_word' id='word_1_781' title='bbox 2410 4784 2813 4850; x_wconf 87' lang='lat' dir='ltr'>contradenda,</span> <span class='ocrx_word' id='word_1_782' title='bbox 2848 4784 2963 4838; x_wconf 91' lang='lat' dir='ltr'>imo</span> <span class='ocrx_word' id='word_1_783' title='bbox 2996 4801 3294 4854; x_wconf 85' lang='lat' dir='ltr'>quousque</span> <span class='ocrx_word' id='word_1_784' title='bbox 3324 4786 3511 4837; x_wconf 88' lang='lat' dir='ltr'>omnis</span> <span class='ocrx_word' id='word_1_785' title='bbox 3560 4800 3702 4853; x_wconf 83' lang='lat' dir='ltr'>gens</span> <span class='ocrx_word' id='word_1_786' title='bbox 3737 4792 3802 4838; x_wconf 89' lang='lat' dir='ltr'>et</span> <span class='ocrx_word' id='word_1_787' title='bbox 3836 4786 3953 4839; x_wconf 90' lang='lat' dir='ltr'>lin—</span> 
     </span>
    </p>
   </div>
   <div class='ocr_carea' id='block_1_109' title="bbox 2242 4872 3954 4943">
    <p class='ocr_par' dir='ltr' id='par_1_109' title="bbox 2242 4872 3954 4943">
     <span class='ocr_line' id='line_1_109' title="bbox 2242 4872 3954 4943; baseline 0.001 -17"><span class='ocrx_word' id='word_1_788' title='bbox 2242 4890 2353 4943; x_wconf 87' lang='lat' dir='ltr'>gua</span> <span class='ocrx_word' id='word_1_789' title='bbox 2385 4873 2591 4926; x_wconf 85' lang='lat' dir='ltr'>Christi</span> <span class='ocrx_word' id='word_1_790' title='bbox 2643 4874 2947 4943; x_wconf 86' lang='lat' dir='ltr'>Evangelio</span> <span class='ocrx_word' id='word_1_791' title='bbox 3000 4877 3255 4941; x_wconf 80' lang='lat' dir='ltr'>credant,</span> <span class='ocrx_word' id='word_1_792' title='bbox 3309 4872 3638 4943; x_wconf 65' lang='lat' dir='ltr'>praedicatio</span> <span class='ocrx_word' id='word_1_793' title='bbox 3675 4874 3954 4928; x_wconf 75' lang='lat' dir='ltr'>Ecclesia:</span> 
     </span>
    </p>
   </div>
   <div class='ocr_carea' id='block_1_110' title="bbox 2241 4961 3953 5032">
    <p class='ocr_par' dir='ltr' id='par_1_110' title="bbox 2241 4961 3953 5032">
     <span class='ocr_line' id='line_1_110' title="bbox 2241 4961 3953 5032; baseline 0.001 -18"><span class='ocrx_word' id='word_1_794' title='bbox 2241 4967 2325 5014; x_wconf 89' lang='lat' dir='ltr'>est</span> <span class='ocrx_word' id='word_1_795' title='bbox 2352 4977 2455 5031; x_wconf 88' lang='lat' dir='ltr'>per</span> <span class='ocrx_word' id='word_1_796' title='bbox 2484 4978 2656 5015; x_wconf 90' lang='lat' dir='ltr'>omne</span> <span class='ocrx_word' id='word_1_797' title='bbox 2688 4964 2957 5015; x_wconf 65' lang='lat' dir='ltr'>saaculum</span> <span class='ocrx_word' id='word_1_798' title='bbox 2987 4962 3339 5016; x_wconf 88' lang='lat' dir='ltr'>seminanda.</span> <span class='ocrx_word' id='word_1_799' title='bbox 3377 4963 3517 5015; x_wconf 90' lang='lat' dir='ltr'>Puto</span> <span class='ocrx_word' id='word_1_800' title='bbox 3548 4961 3701 5032; x_wconf 88' lang='lat' dir='ltr'>quod</span> <span class='ocrx_word' id='word_1_801' title='bbox 3746 4964 3813 5016; x_wconf 88' lang='lat' dir='ltr'>iu</span> <span class='ocrx_word' id='word_1_802' title='bbox 3849 4965 3953 5017; x_wconf 85' lang='lat' dir='ltr'>hac</span> 
     </span>
    </p>
   </div>
   <div class='ocr_carea' id='block_1_111' title="bbox 2240 5132 3953 5203">
    <p class='ocr_par' dir='ltr' id='par_1_111' title="bbox 2240 5132 3953 5203">
     <span class='ocr_line' id='line_1_111' title="bbox 2240 5132 3953 5203; baseline 0.001 -15"><span class='ocrx_word' id='word_1_803' title='bbox 2240 5132 2616 5188; x_wconf 86' lang='lat' dir='ltr'>oscitationisl</span> <span class='ocrx_word' id='word_1_804' title='bbox 2654 5134 2827 5188; x_wconf 84' lang='lat' dir='ltr'>Hodie</span> <span class='ocrx_word' id='word_1_805' title='bbox 2857 5139 3048 5189; x_wconf 88' lang='lat' dir='ltr'>tamen</span> <span class='ocrx_word' id='word_1_806' title='bbox 3068 5151 3148 5203; x_wconf 91' lang='lat' dir='ltr'>os,</span> <span class='ocrx_word' id='word_1_807' title='bbox 3183 5151 3299 5189; x_wconf 92' lang='lat' dir='ltr'>non</span> <span class='ocrx_word' id='word_1_808' title='bbox 3328 5134 3578 5187; x_wconf 85' lang='lat' dir='ltr'>frontem</span> <span class='ocrx_word' id='word_1_809' title='bbox 3611 5133 3795 5203; x_wconf 82' lang='lat' dir='ltr'>signo</span> <span class='ocrx_word' id='word_1_810' title='bbox 3835 5152 3953 5190; x_wconf 88' lang='lat' dir='ltr'>mu-</span> 
     </span>
    </p>
   </div>
   <div class='ocr_carea' id='block_1_112' title="bbox 2239 5222 2456 5259">
    <p class='ocr_par' dir='ltr' id='par_1_112' title="bbox 2239 5222 2456 5259">
     <span class='ocr_line' id='line_1_112' title="bbox 2239 5222 2456 5259; baseline -0.005 0"><span class='ocrx_word' id='word_1_811' title='bbox 2239 5222 2456 5259; x_wconf 86' lang='lat' dir='ltr'>nimus.</span> 
     </span>
    </p>
   </div>
   <div class='ocr_carea' id='block_1_113' title="bbox 2312 5275 3956 5346">
    <p class='ocr_par' dir='ltr' id='par_1_113' title="bbox 2312 5275 3956 5346">
     <span class='ocr_line' id='line_1_113' title="bbox 2312 5275 3956 5346; baseline 0 -16"><span class='ocrx_word' id='word_1_812' title='bbox 2312 5288 2341 5330; x_wconf 66' lang='grc' dir='ltr'><strong><em>ε</em></strong></span> <span class='ocrx_word' id='word_1_813' title='bbox 2380 5278 2601 5330; x_wconf 84' lang='lat' dir='ltr'>Nonnus</span> <span class='ocrx_word' id='word_1_814' title='bbox 2636 5292 2741 5328; x_wconf 81' lang='lat' dir='ltr'>vox</span> <span class='ocrx_word' id='word_1_815' title='bbox 2787 5281 2871 5329; x_wconf 90' lang='lat' dir='ltr'>est</span> <span class='ocrx_word' id='word_1_816' title='bbox 2924 5292 3036 5344; x_wconf 89' lang='lat' dir='ltr'>qua</span> <span class='ocrx_word' id='word_1_817' title='bbox 3091 5278 3335 5346; x_wconf 89' lang='lat' dir='ltr'>majores</span> <span class='ocrx_word' id='word_1_818' title='bbox 3384 5275 3721 5328; x_wconf 72' lang='lat' dir='ltr'>reverentiae</span> <span class='ocrx_word' id='word_1_819' title='bbox 3779 5293 3956 5330; x_wconf 76' lang='lat' dir='ltr'>causa</span> 
     </span>
    </p>
   </div>
   <div class='ocr_carea' id='block_1_114' title="bbox 2241 5346 3956 5417">
    <p class='ocr_par' dir='ltr' id='par_1_114' title="bbox 2241 5346 3956 5417">
     <span class='ocr_line' id='line_1_114' title="bbox 2241 5346 3956 5417; baseline 0.001 -18"><span class='ocrx_word' id='word_1_820' title='bbox 2241 5348 2615 5416; x_wconf 87' lang='lat' dir='ltr'>appellamus.</span> <span class='ocrx_word' id='word_1_821' title='bbox 2650 5346 2787 5399; x_wconf 86' lang='lat' dir='ltr'>Vide</span> <span class='ocrx_word' id='word_1_822' title='bbox 2831 5348 3005 5400; x_wconf 85' lang='lat' dir='ltr'>Gloss.</span> <span class='ocrx_word' id='word_1_823' title='bbox 3061 5348 3447 5417; x_wconf 87' lang='lat' dir='ltr'>Cangeanum.</span> <span class='ocrx_word' id='word_1_824' title='bbox 3494 5348 3557 5400; x_wconf 82' lang='lat' dir='ltr'>Et</span> <span class='ocrx_word' id='word_1_825' title='bbox 3598 5350 3783 5400; x_wconf 87' lang='lat' dir='ltr'>etiam</span> <span class='ocrx_word' id='word_1_826' title='bbox 3843 5350 3956 5401; x_wconf 89' lang='lat' dir='ltr'>lin-</span> 
     </span>
    </p>
   </div>
   <div class='ocr_carea' id='block_1_115' title="bbox 2240 5418 3957 5489">
    <p class='ocr_par' dir='ltr' id='par_1_115' title="bbox 2240 5418 3957 5489">
     <span class='ocr_line' id='line_1_115' title="bbox 2240 5418 3957 5489; baseline 0.003 -21"><span class='ocrx_word' id='word_1_827' title='bbox 2240 5432 2366 5486; x_wconf 67' lang='lat' dir='ltr'>guae</span> <span class='ocrx_word' id='word_1_828' title='bbox 2400 5419 2623 5487; x_wconf 72' lang='lat' dir='ltr'>Tagalaa</span> <span class='ocrx_word' id='word_1_829' title='bbox 2672 5434 2788 5489; x_wconf 81' lang='lat' dir='ltr'>vox</span> <span class='ocrx_word' id='word_1_830' title='bbox 2824 5418 2881 5469; x_wconf 88' lang='lat' dir='ltr'>in</span> <span class='ocrx_word' id='word_1_831' title='bbox 2930 5418 3272 5489; x_wconf 84' lang='lat' dir='ltr'>Philippiuis</span> <span class='ocrx_word' id='word_1_832' title='bbox 3330 5419 3531 5471; x_wconf 88' lang='lat' dir='ltr'>insulis</span> <span class='ocrx_word' id='word_1_833' title='bbox 3572 5418 3675 5489; x_wconf 88' lang='lat' dir='ltr'>sub</span> <span class='ocrx_word' id='word_1_834' title='bbox 3739 5421 3957 5473; x_wconf 85' lang='lat' dir='ltr'>eadem</span> 
     </span>
    </p>
   </div>
   <div class='ocr_carea' id='block_1_116' title="bbox 2240 5488 3957 5612">
    <p class='ocr_par' dir='ltr' id='par_1_116' title="bbox 2240 5488 3957 5612">
     <span class='ocr_line' id='line_1_116' title="bbox 2240 5488 3957 5612; baseline 0.003 -73"><span class='ocrx_word' id='word_1_835' title='bbox 2240 5489 2495 5612; x_wconf 52' lang='lat' dir='ltr'>qptlione.</span> <span class='ocrx_word' id='word_1_836' title='bbox 2528 5488 2776 5542; x_wconf 83' lang='lat' dir='ltr'>Inculcat</span> <span class='ocrx_word' id='word_1_837' title='bbox 2802 5503 2928 5541; x_wconf 84' lang='lat' dir='ltr'>eam</span> <span class='ocrx_word' id='word_1_838' title='bbox 2962 5488 3159 5543; x_wconf 84' lang='lat' dir='ltr'>auctor</span> <span class='ocrx_word' id='word_1_839' title='bbox 3187 5490 3335 5542; x_wconf 85' lang='lat' dir='ltr'>infra</span> <span class='ocrx_word' id='word_1_840' title='bbox 3367 5504 3524 5541; x_wconf 90' lang='lat' dir='ltr'>num.</span> <span class='ocrx_word' id='word_1_841' title='bbox 3576 5488 3664 5552; x_wconf 73' lang='grc'>34,</span> <span class='ocrx_word' id='word_1_842' title='bbox 3698 5504 3957 5544; x_wconf 80' lang='lat' dir='ltr'>nonnum</span> 
     </span>
     <span class='ocr_line' id='line_1_117' title="bbox 2310 5574 2549 5612; baseline -0.004 0"><span class='ocrx_word' id='word_1_843' title='bbox 2310 5574 2549 5612; x_wconf 75' lang='lat' dir='ltr'>ianum.</span> 
     </span>
    </p>
   </div>
   <div class='ocr_carea' id='block_1_117' title="bbox 2310 5561 2549 5612">
    <p class='ocr_par' dir='ltr' id='par_1_117' title="bbox 2310 5561 2549 5612">
     <span class='ocr_line' id='line_1_118' title="bbox 2310 5561 2549 5612; baseline -0.004 0"><span class='ocrx_word' id='word_1_844' title='bbox 2310 5561 2525 5612; x_wconf 75' lang='lat' dir='ltr'>ilarium</span> <span class='ocrx_word' id='word_1_845' title='bbox 2538 5599 2549 5611; x_wconf 98' lang='lat'>.</span> 
     </span>
    </p>
   </div>
  </div>
