4098 6180
194 322 276 372 525

1471 319 1848 374 lNDICULUS
1887 318 2302 375 LUMINOSUS.
3555 332 3653 383 526

188 449 492 503 lsmaelitica
536 454 705 517 gente
752 449 940 501 nullus
982 448 1257 501 hactenus
1301 449 1513 502 exstitit
1560 449 1841 520 przedica-
1880 452 1925 503 A
1956 454 2013 502 et
2044 455 2171 503 ante
2206 450 2357 503 diem
2394 451 2595 519 judicii
2646 453 2851 523 impios
2881 455 3013 526 igne
3043 473 3406 512 consumens.
3446 462 3647 515 Nonne

189 546 277 603 tor,
304 553 398 606 per
426 537 574 606 quod
622 536 905 590 debitores
940 536 1072 589 ﬁdei
1103 542 1455 590 tenerentur.
1493 538 1587 592 lsti
1618 546 1641 570 ³
1668 538 1844 597 enim,

187 631 237 679 ut
264 626 330 678 ita
353 625 551 689 dicam,
586 625 937 692 apostolatus
979 624 1153 677 vicem
1196 624 1255 676 in
1297 625 1526 678 eosdem
1566 630 1621 678 et
1675 642 1845 678 evan-

184 715 395 783 gelicam
425 714 887 783 prazdicationem
906 713 1290 782 impleverunt
1312 714 1542 767 eosdem
1563 714 1847 767 debitores

183 803 298 856 ﬁdei
327 803 721 868 reddiderunt;
757 802 851 855 sed
887 818 1001 855 non
1036 804 1078 868 ἰ»,
1116 818 1299 854 crassa
1330 802 1664 871 ignorantia:
1698 802 1847 855 nube

182 892 415 954 contecti,
470 891 803 961 mysterium
855 907 1080 944 currere
1114 891 1406 960 Evangelii
1446 907 1562 944 non
1592 892 1846 944 videmus

182 982 385 1033 aeterni.
424 982 486 1033 Et
516 980 1043 1050 evangelizantibus
1077 980 1235 1049 genti
1261 980 1565 1049 justitiam,
1599 979 1657 1032 in
1690 996 1803 1049 qua
1828 989 1847 1013 ο

180 1069 367 1122 nullius
414 1070 743 1138 praedicatio
797 1070 1069 1122 hactenus
1116 1068 1363 1138 prmbuit
1397 1069 1569 1133 viam,
1610 1069 1846 1122 insaniae

180 1157 531 1210 vociferamus
591 1174 711 1209 esse
769 1158 1112 1223 vecordiam,
1186 1173 1298 1210 non
1359 1158 1845 1227 complementum

179 1246 667 1315 evangelizantium
715 1247 1133 1316 prtescientiam
1183 1252 1579 1316 praesagatam.
1624 1247 1845 1309 Quanto

177 1350 403 1405 namque
454 1335 830 1405 philosophos
878 1352 1049 1405 super
1086 1352 1283 1388 omnes
1313 1336 1553 1388 aliarum
1586 1335 1844 1405 gentium

178 1439 225 1474 se
268 1440 382 1476 esse
422 1423 762 1492 gloriﬁcent,
815 1428 971 1476 tanto
1022 1425 1093 1477 ab
1134 1423 1468 1490 humilibus,
1522 1429 1578 1477 et
1624 1442 1657 1477 a
1702 1424 1845 1477 nihil

175 1516 362 1579 praeter
390 1512 677 1565 Christum
755 1513 1084 1577 scientibus,
1155 1517 1209 1564 et
1287 1513 1437 1565 hunc
1492 1512 1843 1578 cruciﬁxum,

174 1600 355 1653 merito
375 1606 840 1654 contemnuntur.
875 1602 1083 1656 Contra
1116 1618 1260 1670 quos
1293 1618 1543 1669 congrue
1576 1605 1630 1653 et
1660 1601 1844 1665 solite,

172 1686 405 1742 indoctos
434 1696 491 1743 et
523 1690 800 1743 mundiali
848 1690 1147 1759 disciplina
1176 1691 1436 1753 incultos,
1472 1691 1593 1759 ipsa
1633 1691 1846 1742 Veritas

172 1780 415 1845 parvulos
450 1780 628 1832 mittit
667 1779 992 1849 discipulos,
1036 1786 1099 1831 ut
1140 1780 1332 1832 rustici
1366 1785 1417 1832 et
1466 1779 1563 1849 qui
1593 1784 1846 1832 contem-

174 1868 381 1933 ptibiles
406 1868 676 1921 videntur
728 1868 967 1933 mundo,
1017 1869 1390 1937 philosophos
1432 1874 1489 1922 et
1534 1869 1710 1936 regali
1758 1868 1844 1921 in-

173 1958 273 2010 fula
322 1957 618 2010 decoratos
667 1958 852 2010 verbis
905 1957 1201 2027 impetant,
1256 1958 1493 2027 pedibus
1526 1962 1842 2023 conterunt,

174 2062 497 2116 omnemque
558 2046 857 2115 potestatis
916 2052 1199 2099 tumorem
1252 2046 1513 2099 calcaneo
1564 2046 1696 2099 ﬁdei
1744 2062 1846 2115 pro

172 2134 330 2187 nihilo
409 2136 641 2187 ducant.
735 2137 848 2189 Hoc
928 2140 1009 2187 est
1076 2135 1228 2204 quod
1309 2134 1573 2204 egregius
1651 2135 1849 2188 doctor

172 2223 435 2276 Arnobius
516 2225 575 2276 in
647 2228 845 2276 octavo
919 2223 1139 2276 decimo
1202 2224 1423 2293 psalmo
1504 2223 1767 2292 exposuit
1832 2239 1845 2275 :

170 2313 257 2367 Nec
308 2317 401 2379 est,
475 2312 687 2382 inquit,
757 2314 853 2381 qui
915 2328 969 2365 se
1026 2312 1320 2365 abscondat
1390 2328 1423 2364 a
1483 2313 1658 2365 calore
1711 2313 1845 2379 ejus.

171 2402 313 2454 Nulla
372 2402 551 2465 enim,
600 2401 808 2471 inquit,
858 2417 996 2470 gens
1048 2401 1157 2453 erit
1201 2401 1260 2453 in
1311 2401 1517 2453 saeculo
1564 2401 1629 2452 ad
1688 2402 1848 2469 cujus

169 2490 408 2543 notitiam
500 2506 616 2543 non
702 2490 946 2558 attingat
1036 2490 1187 2541 calor
1274 2489 1408 2541 ﬁdei
1487 2488 1845 2555 Christianae,

168 2579 215 2630 in
253 2596 359 2649 quo
402 2585 492 2633 est
531 2580 620 2632 lex
672 2578 897 2631 Domini
927 2577 1477 2647 inreprehensibilis,
1512 2583 1849 2630 convertens

167 2667 382 2733 animas,
474 2668 724 2719 invitans
801 2666 873 2718 ab
941 2682 1133 2718 errore
1200 2667 1269 2719 ad
1332 2666 1441 2718 iter
1509 2671 1750 2731 rectum,
1816 2683 1849 2718 a

166 2756 442 2809 mendacio
503 2758 569 2809 ad
632 2756 928 2808 veritatem
994 2771 1005 2807 :
1070 2754 1168 2807 ubi
1222 2759 1355 2806 suut
1408 2756 1609 2807 laetitia:
1665 2754 1840 2823 laeti/i-

166 2849 324 2897 cantes
382 2844 574 2898 corda.
650 2846 786 2897 Vere
838 2845 1083 2897 calorem
1146 2843 1277 2895 ﬁdei
1339 2843 1672 2896 Christiana;
1726 2844 1847 2896 haec

166 2933 532 2987 lsmahelitica
587 2950 727 3003 gens
790 2934 1012 3002 ignorat
1076 2949 1087 2985 :
1154 2936 1211 2985 et
1274 2932 1561 2985 ministros
1621 2933 1847 2986 Domini

166 3020 280 3088 igne
332 3028 541 3075 urente
605 3037 935 3091 conspersos
1008 3021 1277 3073 hactenus
1329 3020 1635 3073 nesciebat.
1696 3019 1845 3072 Facti

165 3127 360 3175 sumus,
395 3128 427 3163 ο
474 3110 612 3163 ﬁdei
662 3116 892 3177 nostrae,
939 3109 985 3162 si
1033 3117 1223 3162 tamen
1256 3109 1503 3177 dignatis
1537 3125 1676 3169 esse,
1710 3124 1844 3161 con-

166 3206 343 3264 sortes,
375 3216 555 3253 canes
596 3199 759 3265 muti,
792 3216 909 3251 non
956 3200 1205 3252 valentes
1238 3199 1465 3251 latrare.
1521 3199 1771 3267 Impetus
1797 3199 1843 3265 ἀ,

166 3289 214 3342 in
263 3307 361 3344 nos
409 3297 503 3345 est
551 3292 777 3344 cceleste
822 3289 1186 3343 bibliothecae
1232 3288 1463 3341 cultoris
1512 3288 1845 3357 Hieronymi

165 3380 489 3432 sanctissimi
540 3379 777 3443 dictum,
806 3378 867 3431 in
900 3395 1011 3448 quo
1045 3378 1231 3430 nullut
1262 3382 1303 3443 °,
1337 3376 1568 3446 exponit
1598 3376 1845 3445 prophe-

163 3467 316 3521 ticum
352 3486 363 3521 :
409 3470 789 3537 Speculatores
827 3471 951 3521 caeci
978 3482 1177 3531 omnes,
1234 3465 1476 3518 universi
1516 3480 1671 3517 canes
1710 3467 1849 3517 muti

162 3570 253 3609 non
293 3560 538 3611 ualentes
585 3559 790 3611 latrare
828 3557 965 3627 (Isa.
1000 3573 1106 3620 Lvi,
1148 3555 1254 3622 10).
1300 3554 1435 3608 Muti
1484 3553 1551 3607 ad
1603 3556 1845 3624 loquen-

163 3644 281 3699 dum
320 3654 527 3700 contra
579 3646 929 3700 adversarios
960 3645 1019 3698 in
1068 3650 1292 3697 nostros
1320 3642 1505 3696 rabidi
1551 3658 1718 3695 canes
1749 3659 1845 3694 su-

162 3748 292 3786 mus.
325 3736 434 3789 Sed
467 3736 577 3788 Dei
609 3734 792 3803 potius
826 3749 1137 3804 sequamur
1167 3733 1304 3784 vias.
1344 3730 1518 3785 Nobis
1542 3747 1676 3783 vero
1703 3731 1843 3800 lupi,

161 3822 279 3891 quia
321 3825 471 3877 circa
523 3825 712 3877 caulas
764 3824 1029 3891 saeviunt,
1076 3838 1272 3874 vocem
1314 3820 1718 3890 increpationis
1750 3824 1845 3871 tu-

160 3910 348 3965 lerunt.
390 3912 665 3966 Inaudito
714 3927 943 3981 genere,
977 3915 1032 3963 et
1082 3910 1283 3975 inviso,
1334 3908 1454 3977 lupi
1496 3912 1550 3961 et
1593 3923 1758 3960 canes
1788 3906 1847 3959 in

159 4013 282 4067 pace
309 4000 531 4054 reversi
558 4006 709 4053 sunt.

222 4093 300 4143 tt.
343 4092 507 4144 Hanc
558 4106 692 4142 vero
743 4088 1095 4159 superbiam,
1152 4102 1324 4156 quam
1378 4083 1556 4138 nostri
1602 4084 1847 4137 humiles

159 4174 207 4228 in
249 4195 446 4231 causas
497 4177 600 4231 Dei
646 4177 952 4230 tenendam
1002 4176 1360 4241 conlaudant,
1412 4191 1515 4244 per
1561 4174 1847 4243 majorum

156 4266 355 4320 scilicet
388 4266 665 4319 historias
691 4266 1071 4335 requiramus,
1110 4268 1165 4317 et
1209 4280 1380 4334 quam
1432 4279 1626 4315 verum
1661 4262 1848 4327 profe-

156 4362 271 4406 rant
316 4356 787 4425 comprobemus.
836 4355 1033 4407 Nonne
1081 4353 1227 4406 Elias
1278 4352 1346 4405 ab
1395 4352 1664 4405 omnibus
1712 4367 1845 4421 pro-

156 4442 312 4510 pheta
345 4460 603 4513 maguus
644 4443 919 4496 habetur?
970 4447 1027 4495 et
1069 4446 1219 4494 certe
1261 4440 1381 4509 ipse
1432 4445 1534 4505 est,
1585 4441 1682 4509 qui
1731 4440 1851 4493 zelo

160 4530 247 4582 Dei
276 4548 390 4584 non
424 4533 617 4584 solum
649 4530 856 4598 verbis,
908 4530 1005 4583 sed
1039 4546 1170 4582 ense
1214 4529 1497 4582 accinctus
1536 4529 1685 4580 ultra
1716 4544 1849 4597 qua-

158 4618 488 4691 dringentos
547 4620 720 4673 Bahal
768 4636 887 4673 non
936 4620 1125 4673 timuit
1172 4620 1636 4690 prophetizantes
1684 4624 1847 4672 trun-

157 4723 270 4762 care
315 4712 573 4763 cultores
618 4711 712 4776 (111
758 4711 895 4775 Reg.
940 4714 1091 4774 xviii)
1140 4725 1150 4762 :
1198 4714 1253 4761 et
1299 4710 1442 4762 duos
1488 4708 1849 4778 quinquage-

156 4798 335 4852 narios
408 4798 552 4867 igne
627 4814 986 4862 consumens,
1059 4797 1292 4850 tertium
1344 4814 1461 4850 non
1536 4796 1849 4849 molledine

155 4892 370 4953 mentis,
403 4892 463 4940 et
497 4886 824 4939 humilitate
855 4902 913 4939 se
946 4888 1335 4956 deprecantes,
1387 4886 1484 4939 sed
1530 4886 1793 4938 inlaesum
1835 4884 1852 4917 τ

155 4974 363 5028 dimisit
412 4974 529 5044 (13'
570 4974 707 5044 Reg.
772 4978 833 5043 1),
886 4975 1090 5027 merito
1139 4974 1319 5044 ipsius
1350 4974 1538 5044 operis
1590 4989 1849 5043 compro-

151 5063 297 5129 bato,
335 5066 690 5117 clementem
725 5063 1031 5116 Dominum
1063 5063 1133 5116 ad
1175 5062 1483 5116 vindictam
1514 5078 1847 5131 provocans,

213 5243 237 5266 ⁸
266 5236 386 5299 Isti,
423 5233 490 5286 id
522 5238 625 5299 est,
667 5233 767 5303 qui
808 5232 1087 5287 Cordubae
1117 5233 1381 5286 ultronee
1412 5247 1529 5284 sese
1562 5231 1852 5299 judicibus

153 5303 509 5369 obtulerunt,
543 5306 612 5358 de
645 5305 851 5375 quibus
882 5311 938 5357 et
966 5320 1070 5373 pro
1106 5304 1313 5374 quibus
1340 5304 1728 5373 apologeticus
1763 5304 1853 5355 hic

158 5377 402 5429 auctoris
428 5391 645 5428 sermo.

216 5448 238 5487 δ
272 5448 406 5516 Leg.
446 5447 545 5499 sed
569 5462 685 5510 nos,
737 5445 795 5500 id
847 5450 929 5498 est
962 5444 1265 5499 Christiani
1316 5444 1419 5502 illi.
1470 5444 1567 5514 qui
1611 5444 1667 5496 in
1700 5460 1849 5497 mar-

156 5518 358 5585 tyrium
394 5534 467 5569 eo
498 5522 755 5586 tempore
782 5522 1003 5586 gestum
1033 5516 1452 5585 improbabant.

219 5596 237 5620 °
270 5588 326 5641 Id
351 5593 442 5641 est
476 5588 538 5639 in
563 5590 972 5640 Saracenorum
1002 5596 1191 5657 gente.

1956 539 2077 608 ipse
2109 544 2193 592 est
2224 539 2324 608 qui
2355 541 2473 592 zelo
2507 540 2602 592 Dei
2649 548 2705 594 et
2752 544 2976 597 omissa:
3024 545 3158 600 ﬁdei
3192 548 3397 601 coelum
3430 549 3652 619 clausit,

1956 627 2135 680 nubes
2183 628 2497 696 prohibuit,
2558 635 2614 681 et
2648 635 2858 683 terram
2906 632 3181 687 idolatria)
3224 636 3651 693 inremediabili

1953 714 2194 782 penuria
2225 716 2389 784 panis
2422 716 2643 781 afﬂixit,
2696 718 2877 770 tribus
2922 721 3085 773 annis
3130 727 3185 774 et
3214 740 3308 776 sex
3355 725 3651 781 mensibus

1955 802 2166 857 imbres
2226 805 2557 873 prohibens,
2614 812 2670 858 et
2725 808 3321 865 misericordissimam
3383 815 3560 868 Deum
3621 831 3654 869 a

1954 891 2165 959 pietate
2214 893 2378 945 solita
2427 894 2683 946 oratione
2735 896 3113 964 suspendens,
3167 900 3311 952 nulli
3357 902 3483 969 pius
3534 904 3653 956 exi-

1953 983 2124 1058 stens,
2154 980 2251 1033 sed
2294 996 2663 1050 perseverans
2692 983 2953 1051 immitis,
2988 991 3044 1037 et
3076 986 3257 1055 rigide
3286 1004 3388 1057 pro
3419 991 3643 1044 ratione

1955 1069 2219 1129 crudelis,
2265 1086 2367 1122 nec
2412 1072 2565 1123 tetati
2612 1073 2820 1124 vetulas
2870 1074 3148 1141 parcens?
3181 1075 3276 1143 {Ill
3319 1078 3447 1142 Reg.
3496 1078 3649 1148 xvu.)

1958 1158 2021 1208 Et
2056 1159 2207 1226 quod
2242 1160 2422 1229 magis
2468 1160 2813 1213 crudelitatis
2867 1166 2922 1214 et
2952 1161 3281 1231 inreligiose
3314 1165 3492 1218 animi
3531 1182 3649 1219 esse

1955 1250 2179 1313 poterat
2234 1248 2484 1318 signum,
2547 1250 2832 1302 infantum
2902 1266 2934 1301 a
2986 1251 3228 1319 perﬁdia
3285 1252 3648 1307 innocentem

1957 1336 2237 1403 parentali
2265 1343 2513 1405 aetatem,
2548 1342 2729 1391 multo
2761 1355 2954 1392 severo
2986 1342 3146 1410 juxta
3175 1357 3274 1393 vos
3306 1343 3425 1395 zelo
3456 1348 3650 1395 contra

1955 1425 2295 1478 sententiam
2329 1426 2446 1493 Dei,
2479 1427 2848 1497 quajubetur
2892 1429 3072 1498 (Deut.
3117 1446 3263 1496 xx1v,
3315 1432 3401 1499 ~16)
3438 1436 3498 1485 ut
3544 1448 3648 1501 pro

1955 1513 2129 1579 patris
2178 1514 2433 1583 nequitia
2482 1532 2598 1567 non
2648 1516 2953 1569 ulciscatur
3001 1519 3221 1586 parvuli
3273 1520 3485 1585 anima,
3534 1536 3649 1573 non

1957 1605 2177 1653 vereret
2236 1606 2424 1653 tantus
2494 1609 2550 1654 et
2614 1603 2740 1654 talis
2799 1604 3083 1673 prepheta
3144 1611 3428 1659 truncare.
3497 1609 3647 1661 Hanc

1955 1688 2349 1741 crudelitatem
2391 1690 2605 1760 Moyses
2658 1691 2860 1760 legifer
2914 1693 3027 1755 Dei,
3084 1698 3137 1746 et
3186 1694 3391 1747 scholae
3441 1696 3645 1749 Altito-

1960 1778 2144 1830 nantis
2177 1794 2276 1848 per
2322 1780 2703 1849 quadraginta
2747 1781 2865 1832 dies
2914 1782 3245 1851 discipulus,
3297 1799 3415 1836 non
3459 1784 3644 1836 solum

1956 1867 2014 1919 in
2060 1868 2382 1936 Aigyptium
2431 1870 2551 1921 zelo
2602 1868 2703 1921 Dei
2755 1885 2887 1921 usus
2922 1874 3005 1922 est
3050 1870 3253 1938 (Emod.
3292 1888 3350 1935 ιι,
3398 1874 3499 1937 l2),
3545 1872 3644 1924 sed

1956 1954 2016 2006 in
2070 1956 2275 2007 tabulis
2326 1956 2504 2026 digito
2557 1957 2653 2009 Dci
2706 1958 2948 2027 scriptis,
3002 1974 3143 2028 quas
3188 1958 3499 2028 infringere
3532 1975 3645 2013 non

1956 2045 2297 2111 retractavit,
2358 2049 2573 2098 temere
2636 2046 2985 2098 sanctissime
3042 2053 3094 2100 et
3144 2047 3366 2100 liberali
3417 2048 3641 2101 fortitu-

1957 2132 2088 2186 dine
2139 2134 2277 2202 egit,
2322 2139 2375 2186 et
2424 2150 2527 2203 pro
2572 2134 2677 2186 hoc
2724 2151 2837 2188 non
2892 2136 3036 2188 iram
3089 2136 3209 2201 Dei,
3257 2136 3349 2189 sed
3404 2138 3647 2205 gratiam

1959 2223 2166 2274 meruit
2232 2223 2425 2290 (Exod.
2497 2239 2665 2288 xxxu,
2745 2224 2845 2293 16).
2930 2226 3093 2277 Forte
3170 2226 3275 2278 hac
3345 2226 3644 2279 severitate

1958 2311 2130 2363 homo
2177 2311 2687 2377 mansuetissimus,
2741 2328 2840 2380 per
2877 2312 3258 2382 quadraginta
3289 2313 3408 2367 dies
3442 2314 3648 2383 quibus

1958 2415 2085 2451 cum
2122 2399 2359 2452 Domino
2395 2405 2648 2452 moratus
2678 2405 2781 2463 est,
2813 2401 3065 2453 imbutus
3090 2401 3197 2453 fuit
3230 2418 3242 2453 :
3281 2402 3379 2471 qui
3418 2418 3549 2455 mox
3576 2402 3647 2456 ad

1959 2487 2182 2556 plebem
2238 2490 2703 2556 prmvaricantcm
2747 2489 3056 2555 descendit,
3109 2491 3354 2555 tabulas,
3402 2496 3464 2544 ut
3512 2491 3645 2557 dixi,

1958 2577 2059 2629 Dei
2108 2577 2409 2646 confregit,
2460 2582 2515 2630 et
2562 2580 2627 2630 ad
2680 2579 2960 2647 populum
3007 2580 3241 2632 veniens
3287 2581 3366 2632 ait
3418 2596 3429 2633 :
3477 2584 3649 2633 Ponat

1956 2668 2044 2717 τίν
2098 2666 2345 2731 gladium
2393 2670 2539 2719 circa
2588 2671 2766 2732 femur
2815 2683 3017 2731 suum:
3070 2670 3141 2721 ite
3196 2674 3245 2721 et
3301 2668 3531 2722 recedite
3585 2669 3650 2722 de

1951 2760 2113 2821 porta
2140 2770 2307 2821 usque
2336 2756 2409 2807 ad
2434 2760 2648 2823 portam
2678 2771 2775 2823 per
2803 2756 3037 2809 medium
3069 2762 3388 2822 castrorum,
3426 2763 3476 2810 et
3507 2761 3647 2811 occi-

1957 2843 2051 2895 dat
2076 2846 2444 2910 unusquisque
2463 2846 2714 2909 fratrem,
2737 2849 2787 2896 et
2807 2848 3059 2907 amicum,
3076 2850 3128 2899 et
3137 2848 3451 2912 proximum
3470 2862 3644 2900 suum.

1942 2930 2375 3000 ‘Cecideruntque
2413 2935 2469 2985 in
2501 2932 2588 2985 die
2630 2934 2722 2986 illo
2777 2936 2936 3001 quasi
2962 2936 3163 2997 viginti
3204 2936 3382 2987 millia
3407 2937 3648 2988 virorum

1887 3048 1925 3101 ο
1958 3019 2157 3088 (Exod.
2212 3036 2382 3085 xxxu,
2432 3022 2535 3087 27).
2590 3021 2696 3074 Sed
2747 3026 2801 3073 et
2853 3022 3032 3073 Datan
3080 3027 3137 3074 et
3185 3023 3414 3089 Aviron,
3458 3028 3650 3077 contra

1954 3125 2013 3161 se
2042 3107 2300 3162 indebite
2347 3114 2777 3177 consurgentes,
2829 3125 2861 3161 a
2904 3114 3055 3162 terra
3084 3111 3442 3180 conspiciens
3476 3113 3647 3165 devo-

1955 3197 2065 3250 rari
2095 3198 2253 3250 nulla
2283 3196 2491 3266 pietate
2537 3198 2701 3250 solita
2740 3197 3003 3265 inﬂexus,
3038 3214 3149 3268 qua
3179 3215 3329 3267 szepe
3363 3216 3466 3268 pro
3496 3216 3646 3268 prae-

1952 3285 2250 3339 varicatori
2302 3286 2515 3355 populo
2570 3285 2874 3339 Dominum
2917 3286 3278 3355 deprecabat,
3325 3292 3647 3341 commotus

1954 3378 2035 3427 est
2065 3374 2246 3441 (Nam.
2294 3374 2426 3443 xv1).
2483 3374 2592 3427 Sed
2630 3373 2885 3427 futuram
2934 3375 3239 3428 intendens
3288 3376 3644 3429 emendatio—

1954 3479 2087 3516 nem
2127 3463 2459 3527 multorum,
2502 3478 2699 3515 necem
2745 3464 3145 3533 aequanimiter
3195 3465 3459 3518 toleravit
3503 3481 3649 3534 pau-

1955 3567 2173 3605 corum.
2210 3553 2423 3606 Horum
2460 3552 2777 3605 crudelium
2820 3554 3079 3621 exempla
3129 3554 3645 3623 superabundant:

1954 3645 2010 3693 et
2055 3640 2264 3693 divinae
2313 3640 2539 3709 paginae
2599 3640 2665 3693 ab
2720 3640 2809 3693 his
2863 3641 3190 3695 auctoribus
3249 3642 3574 3696 crudelibus
3620 3654 3650 3696 ε

1952 3729 2197 3798 scriptae,
2253 3729 2416 3781 nobis
2476 3729 2975 3782 mansuetudinem
3046 3730 3398 3799 ingerentes,
3460 3732 3649 3785 hostes

1955 3817 2054 3870 Dei
2087 3818 2363 3871 insectare
2396 3818 2645 3886 perfecto
2677 3817 2808 3871 odio
2841 3824 3232 3888 suggerentes,
3267 3835 3439 3888 super
3477 3820 3647 3873 sacri-

1953 3892 2603 3975 ﬁcium‘acceptabilem
2646 3905 2790 3958 hanc
2836 3906 3229 3960 crudelitatem
3275 3923 3449 3977 quam
3482 3914 3647 3977 puta-

1952 3996 2023 4049 tis
2055 4000 2110 4047 et
2138 3995 2322 4048 verbis
2354 3999 2409 4047 et
2440 3994 2708 4063 Operibus
2757 3996 3020 4047 clamant.
3073 3996 3210 4049 Inde
3243 3995 3476 4049 Samuel
3516 4011 3643 4049 cru-

1955 4084 2119 4151 delis,
2171 4084 2287 4137 imo
2337 4083 2617 4137 Creatoris
2647 4099 2838 4136 servus
2869 4083 3066 4149 ﬁdelis,
3100 4099 3295 4153 regem
3327 4084 3639 4154 pinguissi-

1955 4189 2113 4227 mum
2146 4178 2389 4238 truncat,
2424 4188 2593 4242 quem
2641 4172 2769 4241 pius
2811 4172 2942 4225 Saul
2986 4188 3086 4225 rex
3130 4178 3314 4225 vester
3356 4179 3651 4227 conservat

1959 4264 2003 4325 (Ι
2048 4264 2174 4327 Reg.
2227 4278 2317 4327 xv,
2370 4264 2477 4326 33).
2525 4260 2634 4313 Sed
2686 4262 2831 4314 Deus
2870 4261 3132 4313 omnium
3180 4260 3470 4315 crudelem
3522 4278 3648 4331 pro-

1890 4328 1931 4381 D
1957 4349 2118 4415 bans,
2152 4355 2209 4402 et
2253 4349 2452 4402 mitem
2500 4349 2832 4417 reprobans,
2884 4348 3080 4417 rejecit
3122 4349 3281 4417 pium
3315 4328 3561 4415 Sauleni,
3595 4355 3650 4403 et

1958 4439 2125 4507 elegit
2176 4439 2499 4491 Samuelem
2547 4444 2786 4490 trucem.
2838 4438 3082 4490 Noverat
3123 4453 3373 4507 namque
3420 4438 3647 4492 Samuel

1956 4527 2204 4596 probans
2247 4525 2731 4595 indisciplinatum
2788 4525 3178 4593 molledinem,
3239 4532 3292 4579 et
3336 4526 3422 4579 Eli
3466 4528 3646 4597 magi-

1959 4622 2139 4668 strum
2173 4616 2494 4685 expulsum,
2528 4619 2581 4667 et
2607 4614 2886 4683 populum
2927 4614 3309 4679 Dominicum,
3347 4631 3475 4668 arca
3505 4615 3648 4686 legis

1958 4704 2019 4756 in
2086 4704 2539 4772 alienigenarum
2595 4707 2875 4771 potestate
2932 4703 3224 4756 redactum
3282 4706 3327 4755 h.
3395 4704 3544 4757 Dicit
3596 4710 3650 4757 et

1961 4792 2130 4846 David
2179 4809 2191 4846 :
2255 4794 2438 4847 Nonne
2478 4794 2574 4859 qui
2618 4796 2665 4843 te
2722 4791 2966 4855 oderant,
3026 4792 3269 4859 Domine,
3317 4792 3552 4855 oderam,
3601 4798 3650 4844 et

1957 4897 2120 4949 super
2158 4884 2403 4934 inimicos
2464 4885 2581 4933 tuos
2634 4879 3002 4932 tabescebam?
3052 4881 3289 4945 Perfecto
3354 4878 3475 4932 odio
3532 4879 3651 4932 ode-

1957 4986 2077 5023 ram
2126 4971 2266 5037 illos,
2338 4971 2549 5021 inimici
2599 4970 2739 5032 facti
2803 4972 2929 5021 sunt
2989 4969 3123 5020 mihi
3174 4968 3339 5035 (Psal.
3392 4982 3646 5033 cxxxvm,

1958 5061 2048 5125 2t,
2080 5060 2188 5127 22).
2242 5064 2325 5111 An
2374 5057 2674 5126 ignoratur
2718 5057 2904 5109 zelum
2956 5055 3214 5118 Phinees,
3268 5060 3324 5109 et
3371 5054 3647 5109 exoratio-

2030 5227 2055 5263 ιι
2084 5228 2203 5291 Ms.,
2234 5228 2507 5292 impetum.

2030 5308 2051 5332 υ
2085 5299 2246 5350 Forte
2277 5296 2434 5349 illud.

2032 5368 2049 5403 ί
2082 5369 2373 5436 Legerem,
2429 5383 2532 5420 non
2590 5366 2873 5421 molledtne
2923 5367 3131 5431 mentis,
3193 5366 3284 5418 sed
3347 5366 3653 5421 humilitate

1962 5456 2016 5493 se
2036 5440 2437 5506 deprecantum,
2468 5439 2711 5490 inlaesum
2742 5438 2970 5489 dimisit.

2035 5524 2063 5563 ς
2092 5511 2211 5573 Ms,
2248 5509 2314 5561 ab
2345 5510 2437 5561 hos
2467 5515 2707 5561 auctores
2727 5507 2985 5559 crudeles.

2036 5585 2059 5623 Ιι
2097 5583 2253 5633 Forte
2287 5596 2525 5632 arcam...
2560 5579 2851 5631 redactam.
