4022 6178
447 265 551 319 527

441 487 522 539 ita
552 489 614 538 ut
643 501 738 537 ore
783 479 1116 551 prophetico
1148 479 1215 532 de
1258 494 1323 530 eo
1371 477 1617 547 Spiritus
1670 476 1820 529 dicat
1865 476 2137 530 divinus:

441 575 601 629 Stetit
664 573 905 636 Phinees,
982 573 1032 622 et
1078 568 1368 621 emhoravit
1441 572 1491 619 et
1583 569 1809 619 cessavit
1865 567 2144 632 quassatio

443 661 611 729 (Psal.
674 675 756 723 cv,
808 662 909 718 30).
958 658 1020 710 Et
1066 664 1216 709 certe
1265 655 1516 708 exoratio
1565 655 1663 706 illa
1713 669 1849 706 voce
1889 654 2144 706 Psalmo-

442 748 648 819 graphi
682 751 1047 818 praecantata,
1087 745 1262 812 gladii
1295 744 1532 796 immitis
1561 743 1621 795 in
1658 742 2145 812 contemptoribus

437 837 547 890 fuit
615 836 918 889 sententia.
999 834 1240 886 Videant
1302 833 1478 885 nostri
1538 831 1937 884 misericordes
1990 831 2137 884 hanc

439 925 839 978 crudelitatem
891 922 1277 976 exorationem
1330 921 1570 974 existere
1626 936 1638 973 :
1690 925 1748 972 et
1784 919 2048 973 desinant
2079 919 2140 971 in

441 1014 611 1066 rebus
639 1013 834 1066 divino
881 1027 1147 1065 sermone
1197 1010 1429 1062 sacratis
1469 1008 1742 1078 pietatem
1774 1013 1830 1061 et
1858 1007 2146 1061 humilita-

441 1107 558 1155 tem
587 1101 965 1171 praetendere,
1021 1115 1124 1170 pro
1169 1115 1284 1169 qua
1313 1099 1542 1152 Saulem
1574 1115 1605 1149 a
1636 1113 1814 1166 regno
1844 1097 2140 1166 rejectum,

444 1197 501 1243 et
530 1190 613 1242 Eli
660 1189 978 1243 sacerdotio
1031 1191 1116 1241 vel
1163 1189 1276 1241 vita
1323 1188 1520 1256 legunt
1563 1191 1888 1256 exemptum
1937 1185 1986 1255 (Ι
2013 1187 2140 1251 Reg.

444 1294 506 1331 ιιι
560 1284 618 1331 et
667 1279 760 1348 iv).
812 1278 1086 1332 Recolant
1139 1276 1499 1330 severitatem
1561 1275 1712 1328 Petri
1762 1281 1814 1327 et
1875 1274 2036 1326 Pauli
2083 1275 2144 1326 in

446 1365 741 1420 Simonem
771 1367 856 1419 vel
890 1367 1130 1419 Elimam
1162 1381 1379 1435 magos,
1429 1379 1527 1417 seu
1559 1364 1618 1416 in
1663 1363 1942 1416 Ananiam
1972 1366 2143 1431 atque

446 1455 706 1510 Saftiram
744 1456 893 1524 (Act.
939 1471 992 1520 γ,
1026 1470 1144 1519 νιιι,
1191 1454 1327 1519 χιιι).
1365 1454 1427 1506 Et
1453 1453 1553 1523 qui
1599 1452 1658 1505 in
1692 1452 1809 1504 suis
1853 1457 2144 1504 contume-

445 1545 538 1598 liis
595 1545 787 1609 erecti,
838 1541 992 1608 elati,
1041 1542 1275 1612 superbi
1323 1546 1458 1594 sunt
1500 1544 1556 1593 et
1586 1540 1802 1605 inﬂexi,
1859 1545 1914 1593 et
1945 1544 2144 1592 contra

446 1635 634 1687 hostes
689 1634 786 1686 Dei
840 1633 1106 1694 humiles,
1161 1629 1465 1694 mansueti,
1523 1629 1809 1699 simplices
1866 1633 2146 1698 apparent

448 1728 506 1776 et
561 1721 770 1790 quieti;
827 1721 1045 1774 discant
1095 1737 1124 1772 a
1177 1720 1396 1773 Christo
1437 1735 1629 1771 rerum
1681 1718 1946 1771 omnium
2007 1718 2142 1782 Deo,

449 1827 617 1882 quam
651 1811 720 1863 ab
765 1809 1033 1862 omnibus
1064 1808 1380 1878 prophetis,
1413 1807 1706 1878 apostolis,
1741 1823 1836 1860 seu
1886 1806 2146 1859 Patribus

446 1899 744 1962 universis,
791 1898 858 1950 ad
902 1898 1082 1951 inlata
1125 1897 1435 1966 Opprobria
1480 1898 1713 1965 propria
1762 1895 2002 1948 existere
2037 1895 2142 1947 hu-

447 1989 632 2050 miles,
691 1993 747 2040 et
812 1987 1018 2054 dejecti
1066 2004 1077 2040 :
1134 1993 1190 2039 et
1236 2002 1338 2054 pro
1390 1984 1703 2038 divinitatis
1755 1984 2146 2036 ulciscendum

449 2081 840 2146 contemptum
891 2075 1062 2127 fortes
1110 2080 1165 2127 et
1212 2073 1428 2142 rigidos
1473 2083 1595 2126 esse
1645 2071 1874 2138 debere,
1925 2078 1981 2124 et
2028 2087 2141 2124 non

449 2165 660 2234 pietate
699 2166 906 2216 horum
940 2163 1272 2231 incongrua,
1307 2161 1402 2213 sed
1442 2160 1773 2214 crudelitate
1805 2160 1908 2213 hac
1953 2163 2148 2212 sancta

449 2257 627 2306 utere.
659 2253 784 2305 Non
835 2256 920 2304 est
964 2249 1116 2302 enim
1148 2250 1478 2309 crudelitas,
1532 2255 1593 2302 ut
1637 2248 1841 2301 beatus
1882 2248 2149 2315 Hierony-

451 2357 578 2394 mus
633 2340 731 2404 ait,
786 2355 891 2409 pro
939 2339 1053 2391 Deo
1097 2337 1279 2407 pietas
1329 2352 1341 2389 :
1405 2337 1553 2406 quod
1614 2336 1674 2388 in
1723 2337 1970 2389 secundo
2003 2336 2147 2388 libro

451 2429 828 2498 apertioribus
859 2426 1104 2493 indiciis,
1163 2431 1220 2478 et
1256 2424 1708 2478 evidentioribus
1757 2424 2149 2494 probamentis

455 2529 519 2566 ex
551 2515 844 2567 doctorum
879 2513 1120 2566 oraculis
1151 2513 1560 2581 comprobabo.
1612 2511 1718 2566 Sed
1765 2515 1883 2565 haec
1912 2519 1968 2565 et
2013 2512 2148 2565 alias

455 2617 607 2654 nunc
638 2603 704 2655 ad
740 2602 1096 2672 propositum
1131 2610 1500 2654 revertamus.

527 2693 611 2743 t2.
665 2691 986 2744 Persecutio
1035 2691 1186 2742 unde
1236 2696 1358 2742 orta
1393 2690 1464 2741 sit
1490 2695 1685 2757 aperte
1721 2689 2005 2758 digestum
2036 2691 2140 2753 est,

450 2782 506 2832 et
539 2780 665 2832 ideo
706 2779 775 2832 ad
807 2784 1029 2832 nostros
1059 2784 1409 2847 spontaneos
1440 2784 1717 2846 martyres
1751 2793 2145 2846 properemus.

451 2867 578 2920 Zelo
615 2868 710 2920 Dei
741 2867 894 2920 Isaac
934 2867 1254 2936 religiosus,
1298 2882 1410 2919 non
1462 2866 1713 2918 humana
1759 2864 2149 2934 instigatione,

451 2957 550 3009 sed
596 2956 786 3008 divina
833 2964 1173 3020 commotus,
1211 2971 1316 3008 nec
1365 2955 1632 3007 usitatum
1689 2954 1891 3006 callem
1944 2953 2148 3006 nostris

451 3045 826 3114 temporibus,
883 3045 979 3098 sed
1013 3045 1400 3097 oblitteratum
1447 3043 1731 3103 incedens,
1784 3042 2088 3112 antiquum
2127 3043 2150 3083 ί)

451 3134 865 3204 persecutionis
906 3135 1130 3186 fumum
1180 3148 1346 3201 aequo
1390 3147 1504 3183 non
1545 3130 1821 3184 suﬁ‘erens
1869 3139 1888 3163 °
1930 3131 2147 3197 animo,

444 3223 698 3293 judicem
727 3223 888 3287 adiit,
923 3228 978 3274 et
1002 3239 1068 3275 ea
1099 3237 1227 3291 quae
1274 3220 1368 3272 ille
1397 3217 1447 3283 ά,
1487 3219 1714 3288 ﬂagello
1760 3219 1884 3272 diro
1917 3226 2148 3271 vexatus

451 3311 715 3381 negabat,
768 3327 897 3379 quas
956 3312 1106 3363 inter
1137 3308 1371 3361 verbera
1428 3323 1484 3359 se
1548 3324 1664 3360 non
1713 3307 1916 3359 dixisse
1965 3307 2147 3376 jactor

453 3399 687 3452 debilis‘
727 3399 1090 3467 personabat,
1175 3397 1388 3449 athleta
1443 3395 1628 3458 fortis,
1691 3395 1931 3464 belliger
1985 3396 2144 3448 miles

453 3487 853 3540 abundantiori
912 3484 1308 3553 prosecutione
1359 3483 1628 3548 ﬁrmarit,
1679 3484 1888 3552 potiori
1946 3485 2145 3553 prtelio

451 3575 771 3636 intentavit,
833 3574 1166 3642 etingenua
1216 3575 1404 3624 mente
1459 3572 1767 3637 inchoavit,
1821 3573 2045 3641 peregit
2099 3581 2141 3638 ε,

451 3661 888 3726 consummavit,
966 3662 1255 3731 implevit;
1332 3667 1396 3714 ut
1476 3659 1804 3714 ostenderet
1878 3661 2144 3714 omnibus

450 3752 583 3805 ﬁdei
639 3768 697 3805 se
750 3752 871 3804 zelo
929 3755 1281 3803 commotum
1333 3764 1345 3800 :
1409 3765 1522 3801 non
1556 3749 1758 3801 timore
1790 3749 2142 3802 necessitatis

450 3853 824 3910 praeventum,
878 3846 939 3892 ut
997 3837 1279 3893 constanti
1334 3836 1546 3890 ﬁducia
1597 3836 1841 3889 Ecclesia
1873 3837 2142 3906 proelians

447 3931 594 3984 bella
625 3937 818 4001 aperte
851 3929 1132 3998 proferret
1166 3932 1220 3980 et
1247 3927 1437 3996 patule
1468 3925 1620 3994 quod
1670 3925 2013 3995 quibusdam
2045 3925 2137 3977 in-

446 4019 607 4073 diciis
655 4034 828 4087 super
859 4017 1339 4084 comprehensum
1373 4013 1706 4082 satagebant
1740 4014 2002 4079 ﬁrmare;
2034 4026 2096 4066 ut
2125 4013 2143 4047 τ

446 4107 788 4177 produceret
866 4105 1140 4158 Dominus
1207 4101 1551 4154 athletarum
1614 4116 1848 4154 suarum
1927 4103 2140 4155 mundo

444 4197 762 4260 victoriam,
799 4199 853 4247 et
885 4193 1131 4244 militum
1162 4205 1394 4242 suorum
1432 4189 1560 4241 rudi
1610 4200 1640 4242 ε
1683 4189 1894 4241 mundo
1936 4206 2138 4259 propa-

1805 260 2063 315 ALVARI
2101 259 2596 316 CORDUBENSIS.

442 414 576 452 nem
629 399 753 467 ejus
801 396 942 448 iram
996 389 1221 446 Domini
1274 387 1590 459 miligautis
1641 399 1663 426 ει
1715 390 1896 459 (Num.
1948 389 2138 459 xxvu),
2180 390 2411 450 Aretis.
2487 390 2916 459 Conspexerunt
2973 389 3299 443 certaminis
3359 391 3608 460 prmlium

2189 3000 2229 3055 C

3796 275 3870 327 5‘28

3663 411 3674 449 :
3730 399 3873 455 adorsi

2252 485 2386 532 sunt
2433 479 2567 532 ﬁdei
2621 479 2798 531 lorica
2841 478 3024 531 induti
3056 480 3504 549 pulcherrimum
3535 482 3743 552 bellum;
3779 505 3874 557 pro-

2253 583 2392 636 pero
2463 583 2652 632 cursu,
2736 567 2982 636 impigro
3051 583 3270 636 gressu,
3334 575 3620 639 postquam
3677 577 3869 631 occisum

2255 672 2455 721 unum,
2498 662 2551 709 et
2608 657 2850 708 alterum
2899 656 3303 709 vulneratnmi
3341 658 3610 722 viderunt,
3651 663 3710 715 ad
3734 673 3872 718 certa-

2255 743 2424 796 minis
2453 759 2720 813 campum
2747 745 2817 796 ob
2844 745 3043 814 gloriae
3074 746 3326 814 palmam
3349 756 3708 803 occurrerunt.

2321 831 2412 885 13.
2471 832 2584 884 Viri
2637 838 2799 886 erant
2856 833 3076 886 strenui
3135 839 3192 887 et
3245 835 3556 903 bellatores,
3611 854 3873 910 pugnaeque

2252 919 2532 988 spiritalis
2564 921 2953 974 desiderantes
2984 938 3249 991 agonem,
3309 924 3408 977 ubi
3437 940 3494 976 se
3524 927 3639 978 talis
3687 928 3880 995 praebuit

2255 1007 2422 1074 actio,
2479 1009 2665 1077 qualis
2709 1010 3016 1078 optabatur
3065 1011 3302 1064 occasio.
3363 1011 3628 1066 Cohibete
3683 1031 3778 1068 non
3818 1033 3880 1069 va-

2257 1095 2488 1149 luerunt
2530 1112 2780 1160 cursum,
2812 1098 2948 1167 quia
2982 1100 3170 1151 conati
3201 1107 3336 1152 sunt
3359 1099 3593 1169 implere
3621 1105 3793 1157 astet-ni
3816 1109 3879 1157 sui

2256 1184 2482 1236 Domini
2513 1184 2755 1252 jussum.
2812 1186 2957 1248 Quid
2986 1187 3360 1240 imbecillium
3390 1189 3718 1244 debilitatem
3748 1209 3883 1263 oppu-

2253 1275 2362 1338 nis,
2396 1278 2452 1326 et
2485 1289 2557 1326 ne
2609 1275 2930 1327 terreantur
2978 1275 3192 1328 inﬁrmi
3241 1277 3414 1329 fortes
3444 1277 3732 1347 infringis?
3753 1279 3799 1334 Si
3823 1281 3884 1334 in-

2253 1359 2472 1427 ﬁrmus,
2535 1360 2755 1428 debilis,
2843 1363 3049 1425 inanis,
3127 1364 3361 1418 timidus
3427 1381 3506 1434 es,
3571 1373 3623 1419 et
3682 1368 3883 1433 inﬂatus,

2254 1451 2500 1518 quiesce,
2553 1458 2611 1502 et
2657 1450 2772 1504 noli
2802 1457 2999 1504 contra
3041 1452 3190 1506 cives
3237 1454 3586 1507 certantibus
3633 1457 3883 1525 praeliare:

2254 1537 2350 1590 sed
2375 1537 2629 1591 residens
2658 1543 2713 1591 et
2733 1545 2996 1593 eventum
3024 1541 3105 1593 rei
3142 1547 3476 1610 exspectans
3513 1543 3652 1596 disce
3682 1544 3887 1614 linguam

2253 1626 2491 1679 tacendo
2522 1626 2784 1684 fraenare.
2840 1629 2896 1682 Si
2931 1628 3156 1694 habilis,
3210 1631 3256 1682 si
3306 1631 3487 1695 fortis,
3545 1632 3588 1684 si
3637 1633 3811 1698 audax,
3856 1634 3889 1683 si

2254 1721 2541 1780 constans,
2592 1721 2648 1768 et
2677 1716 2931 1786 abjectus
2984 1718 3010 1751 κ
3066 1735 3124 1771 es
3178 1717 3328 1772 bello
3363 1720 3464 1772 Dei
3515 1727 3700 1774 contra
3746 1723 3893 1775 hostes

2255 1809 2319 1857 ut
2348 1808 2638 1863 strenuus,
2673 1811 2727 1858 et
2759 1822 2874 1858 non
2927 1809 2988 1858 ut
3029 1806 3268 1875 ignavus
3318 1813 3515 1861 contra
3561 1815 3697 1874 tuos,
3744 1810 3891 1878 jacula

2255 1896 2480 1962 torque.
2529 1893 2714 1956 Quare
2767 1894 3146 1948 intentionem
3201 1896 3548 1961 mirabilem,
3603 1899 3821 1968 igneam,
3855 1907 3894 1951 et

2256 1982 2689 2033 resurrectionis
2734 1982 3087 2037 admiranda:
3137 1983 3430 2052 ﬁduciam,
3461 1992 3518 2039 et
3545 1989 3657 2057 spei
3682 1988 3892 2056 gloriosa:

2255 2069 2654 2132 constantiam,
2711 2075 2768 2123 et
2820 2072 3006 2124 zelum
3049 2072 3180 2125 ﬁdei
3225 2090 3288 2126 ac
3321 2075 3620 2144 religionis
3660 2076 3896 2128 catholicae

2256 2158 2516 2228 gloriam,
2577 2175 2694 2211 non
2741 2161 3023 2213 advortis?
3077 2163 3108 2214 '.
3144 2162 3256 2215 Cur
3309 2164 3440 2216 vita:
3475 2165 3817 2232 praepositum
3854 2173 3898 2243 ε’,

2258 2250 2314 2298 et
2354 2247 2616 2300 ordinem
2663 2263 2908 2313 sacrum,
2937 2253 2992 2301 et
3031 2250 3402 2303 confessionis
3436 2252 3718 2321 prolixum
3745 2250 3900 2319 dispo-

2256 2335 2448 2399 situm,
2483 2340 2539 2388 et
2568 2336 2856 2389 internum
2886 2338 3122 2408 longum
3152 2339 3328 2392 animi
3359 2341 3644 2409 praelium,
3672 2346 3724 2393 et
3751 2346 3904 2392 contra

2255 2423 2548 2476 diabolum
2596 2425 2683 2477 vel
2735 2426 3179 2479 Amalecitarum
3239 2444 3456 2481 cuneos
3507 2429 3790 2482 erectionis
3832 2443 3903 2478 ve-

2254 2513 2456 2565 xillum
2487 2519 2585 2566 tua
2631 2515 3026 2582 persecutione
3064 2515 3366 2586 infringis‘?
3421 2519 3628 2588 thuid
3661 2517 3906 2570 catholicis

2259 2604 2316 2653 et
2344 2608 2551 2653 sanctae
2585 2602 2841 2654 Ecclesiae
2873 2603 3026 2670 ﬁliis,
3059 2609 3115 2656 et
3160 2605 3255 2674 pio
3310 2606 3582 2676 dogmate
3613 2605 3840 2668 eruditis,
3867 2608 3906 2654 et

2255 2688 2463 2744 Christi
2519 2690 2944 2759 sequipedibus,
2995 2699 3049 2745 et
3099 2710 3128 2744 ει
3173 2694 3376 2746 mundi
3425 2696 3651 2748 actione
3695 2693 3905 2750 seclusis.

2257 2784 2312 2830 et
2351 2780 2467 2831 Deo
2518 2779 2636 2830 solo
2687 2780 3055 2846 haerentibus,
3110 2782 3392 2835 mendacii
3425 2799 3657 2836 naevum
3688 2779 3910 2834 inducis?

2260 2865 2370 2920 Cur
2427 2883 2542 2920 non
2592 2869 2823 2934 vereris,
2880 2869 3090 2922 bonam
3151 2877 3211 2922 ut
3260 2871 3499 2926 Mariam
3547 2873 3861 2942 eligentibus
3893 2881 3909 2908 α

2257 2960 2478 3024 partem
2548 2956 2854 3023 adversari,
2915 2962 2971 3010 et
3020 2959 3243 3011 aemulis
3295 2961 3508 3014 Christi
3562 2962 3621 3014 in
3675 2957 3910 3013 sententia

2261 3043 2494 3096 ultionis
2525 3052 2720 3097 contra
2769 3051 2990 3099 sanctos
3040 3049 3254 3117 perlide
3304 3048 3439 3113 lata,
3495 3056 3765 3120 quantum
3801 3048 3914 3100 inte

2258 3138 2364 3199 est,
2412 3135 2771 3187 consentire?
2806 3135 2892 3187 Illi
2921 3135 3253 3189 occiderunt
3283 3138 3510 3206 gladiis,
3568 3155 3709 3209 quos
3754 3136 3912 3189 adver-

2258 3237 2346 3274 sos
2373 3237 2488 3274 sua:
2520 3222 2652 3274 ﬁdei
2682 3223 3068 3291 probaverunt
3103 3240 3114 3278 :
3140 3230 3196 3277 tu
3233 3227 3443 3280 occidis
3471 3227 3768 3281 sententiis
3806 3239 3916 3295 quos

2255 3308 2385 3362 ﬁdei
2430 3314 2542 3362 tuae
2576 3311 2884 3364 concordes
2928 3328 3044 3364 non
3095 3314 3294 3366 nescis.
3348 3315 3432 3368 Illi
3487 3333 3584 3369 eos
3615 3333 3647 3368 a
3684 3311 3915 3369 mundiali

2258 3397 2368 3450 vita
2398 3398 2598 3450 tollere
2631 3415 2952 3453 conavere:
3005 3406 3063 3454 tu
3120 3417 3216 3454 eos
3269 3420 3300 3455 a
3350 3405 3464 3457 vita
3519 3410 3731 3458 aeterna
3756 3400 3918 3456 niteris

2255 3502 2575 3556 segregare.
2612 3487 2714 3541 Sed
2748 3487 2893 3540 absit
2924 3493 2984 3541 ut
3036 3497 3412 3560 segregentur
3456 3509 3492 3546 a
3537 3493 3674 3560 vita,
3708 3491 3800 3561 qui
3825 3489 3919 3542 ani-

2255 3588 2376 3624 mas
2436 3573 2811 3643 perdiderunt
2859 3591 2961 3644 pro
3012 3577 3146 3630 vita.
3205 3579 3385 3643 Absit,
3446 3588 3505 3634 et
3563 3582 3756 3650 procul
3798 3580 3920 3630 sita

2253 3660 2514 3713 sensibus
2558 3662 2786 3727 nostris,
2859 3667 2917 3715 ut
2985 3666 3229 3719 cultores
3297 3669 3578 3732 veritatis,
3646 3675 3699 3721 et
3754 3664 3920 3721 Christi

2249 3754 2407 3802 tanto
2447 3754 2702 3820 tempore
2752 3752 3126 3818 confessores,
3161 3754 3460 3810 inludente
3500 3756 3730 3810 diabolo
3761 3761 3919 3808 extrev

2253 3853 2412 3891 mum
2471 3838 2765 3892 mendacio
2839 3841 3246 3896 concluderent
3302 3860 3562 3898 cursum.
3627 3846 3783 3899 Dicat
3831 3843 3922 3893 haec

2253 3926 2556 3995 imperitiae
2588 3926 2776 3993 factio,
2809 3934 2865 3981 et
2915 3931 3235 3998 praedurata
3284 3935 3509 3987 occulto
3544 3933 3760 3986 Christo
3799 3929 3920 3997 justo

2245 4013 2462 4082 judicio
2494 4016 2839 4069 insensibilis
2879 4018 3206 4085 multitudo,
3261 4027 3317 4074 et
3348 4037 3648 4075 summum
3695 4019 3921 4075 Christia-

2251 4102 2476 4156 nissimi
2524 4104 2742 4157 ordinis
2786 4106 3028 4174 gradum
3076 4109 3338 4178 petulans
3388 4111 3660 4180 quisquis
3707 4110 3794 4162 ille
3828 4107 3921 4159 dia-

2252 4191 2385 4244 bolo
2413 4191 2471 4244 in
2505 4192 2618 4244 ﬁne
2663 4199 3011 4262 prosternat,
3043 4204 3099 4249 et
3130 4198 3409 4267 evigilans
3456 4199 3587 4268 ipse
3630 4197 3788 4253 nobis
3817 4194 3925 4265 quid

445 4283 590 4336 laret
619 4282 1016 4347 constantiam,
1065 4286 1114 4332 et
1162 4278 1488 4330 ostenderet
1532 4277 1684 4346 quod
1727 4278 1785 4329 in
1817 4277 2138 4330 novissimis
2180 4297 2222 4350 ι)
2251 4282 2319 4334 de
2350 4282 2547 4334 ceteris
2579 4283 2877 4337 ordinibus
2911 4285 3137 4352 sentiat,
3192 4287 3237 4338 si
3287 4287 3429 4341 forte
3472 4291 3646 4352 valet,
3691 4287 3921 4356 exponat.

443 4371 794 4441 temporibus
823 4373 849 4413 h
881 4371 1120 4422 victores
1151 4367 1406 4431 haberet,
1441 4367 1540 4436 qui
1589 4366 1737 4419 bella
1786 4366 2034 4431 Domini,
2083 4371 2138 4418 et

441 4461 713 4514 instinctu
777 4476 891 4530 quo
960 4459 1128 4528 prisci
1196 4456 1209 4490 ί
1268 4456 1713 4522 intentaverant,
1784 4456 2130 4524 pi'asliarent.

443 4551 586 4615 Quid
619 4551 678 4602 in
709 4550 815 4603 hoc
853 4547 1203 4618 culpandum
1233 4546 1478 4599 ducitis?
1511 4547 1645 4598 Ecce
1679 4545 2131 4614 persecutionem

441 4640 512 4692 ab
547 4638 787 4692 ethnicis
822 4643 1010 4690 natam
1057 4635 1445 4706 probavimus.
1485 4635 1620 4688 Ecce
1653 4639 1709 4686 et
1743 4640 1966 4687 nostros
2011 4633 2132 4685 zelo

441 4729 562 4793 Dei,
611 4743 724 4780 non
773 4727 1093 4789 hominum,
1138 4723 1514 4778 insurrexisse
1564 4721 1940 4776 ﬁrmavimus.
1986 4721 2132 4786 Quid

438 4819 497 4871 in
529 4818 636 4871 hoc
662 4815 1012 4886 culpandum
1061 4813 1312 4883 putatis?
1361 4826 1555 4881 qumso
1606 4809 1828 4864 edicere
1871 4826 1984 4862 non
2019 4827 2132 4863 mo-

506 4995 532 5023 ει
566 4970 696 5040 Leg.
731 4970 1084 5035 mitigantem.

507 5045 530 5082 tv
562 5041 681 5104 Ms.,
713 5041 1037 5104 antiqui/us.

505 5123 523 5144 ε
556 5113 632 5165 Ms
663 5150 676 5170 ,
705 5125 809 5162 non
831 5110 1149 5174 su/ﬁcerens.

502 5185 529 5225 d
561 5169 796 5236 Morales
826 5169 1108 5231 in"divum
1153 5176 1372 5243 Eulog,
1423 5173 1520 5226 fol.
1556 5175 1620 5225 55
1660 5171 1714 5235 b,
1749 5171 1902 5243 alter.
1940 5169 2124 5224 Codex

429 5269 564 5304 vero
609 5269 736 5312 ms.,
769 5251 879 5302 ille.
937 5249 1070 5300 Vide
1124 5242 1379 5314 supran.
1430 5247 1478 5302 3,
1518 5243 1612 5295 ubi
1647 5245 1715 5296 de
1759 5242 1813 5295 S.
1869 5243 2123 5314 Perfecto

432 5325 626 5391 (quem
677 5323 768 5375 hic
822 5324 1019 5371 auctor
1071 5313 1296 5370 videtur
1341 5315 1586 5382 signare)
1619 5314 1698 5367 ait
1745 5313 1863 5365 :Se
1907 5313 2002 5366 hoc
2030 5328 2122 5380 pc-

427 5397 575 5446 nitus
604 5408 708 5444 non
739 5392 963 5452 dimissa,
989 5394 1093 5440 etc.

497 5476 519 5503 ο
550 5461 806 5524 Morales,
838 5462 1130 5519 inchoavit,
1164 5459 1398 5520 ingenua
1429 5459 1597 5508 morte
1615 5457 1840 5522 pm~egit.

498 5530 519 5566 ί
555 5534 702 5585 Idem
739 5531 977 5592 addidit,
1022 5533 1202 5580 etiam.

2253 4370 2450 4422 Nostra
2480 4385 2612 4423 vero
2643 4387 2820 4440 egena
2854 4372 2999 4425 dolis
3027 4373 3383 4442 simplicitas,
3428 4382 3488 4429 et
3525 4377 3782 4430 Ecclesia!
3812 4386 3926 4442 pura

2247 4458 2541 4511 nobiscum
2593 4462 2747 4512 casta
2797 4461 3117 4527 sinceritas;
3173 4469 3228 4516 et
3276 4463 3666 4517 confessionis
3696 4463 3922 4516 ordinem

2245 4545 2434 4598 divino
2484 4546 2688 4615 spiritu
2753 4547 3000 4601 celebrat
3052 4549 3204 4614 duci,
3256 4555 3314 4603 et
3370 4552 3683 4605 veritatem
3727 4548 3928 4619 regibus

2243 4634 2570 4686 nuntiantes
2643 4635 2980 4690 inlustratos
3057 4639 3258 4692 asserit
3338 4640 3558 4694 Christi
3631 4642 3925 4710 repectionc

2241 4721 2410 4775 felici.

2317 4811 2399 4863 14.
2434 4809 2540 4862 Sed
2575 4809 2817 4879 objicitis
2869 4829 2880 4867 :
2934 4815 3134 4868 Eorum
3191 4817 3489 4870 occasione
3543 4819 3792 4873 basilicae
3847 4812 3923 4867 Dei

2311 4973 2339 5013 ιζ
2372 4960 2487 5024 Ms,
2521 4961 2658 5012 rude
2679 4962 2895 5016 mundo.
2926 4964 3168 5031 Moralis,
3199 4967 3336 5019 rude
3360 4971 3579 5023 saeculo.

2308 5031 2334 5101 ll
2368 5031 2463 5084 Hic
2488 5031 2697 5084 iterum
2722 5033 2954 5086 Morales
2983 5036 3218 5101 addidit,
3252 5041 3437 5091 etiam.

2310 5100 2320 5132 ¹
2351 5102 2511 5177 idem
2545 5103 2758 5177 ibidem
2791 5120 2815 5177 :_
2837 5108 3006 5172 primi
3027 5100 3425 5161 intentitcerant
3446 5113 3858 5177 praeberentur.

2347 5172 2613 5252 Sanctum
2686 5175 3004 5252 lferfectum
3066 5178 3301 5245 scilicet,
3362 5172 3809 5252 interemptum,
3872 5184 3918 5229 et

2231 5242 2505 5296 Joannem
2536 5243 2912 5313 tlagellatum.

2305 5314 2329 5382 ξ(
2370 5315 2497 5382 Leg.
2533 5322 2713 5380 aptus.

2303 5379 2316 5463 ξ
2348 5379 2712 5463 liis.,__avertis,
2737 5384 3159 5463 sicutalibinon
3181 5392 3352 5444 semel
3367 5399 3682 5463 avertepro
3702 5394 3917 5447 aduerte.

2302 5462 2340 5487 ω
2374 5456 2566 5507 Melius
2589 5458 2944 5523 propositum.

2297 5539 2323 5565 ιι
2357 5526 2476 5591 Msa,
2505 5527 2848 5591 elegentibus.
