4022 6178
135 316 222 364 529

1444 312 1810 369 INDICULUS
1852 312 2269 369 LUMINOSUS.

3505 322 3608 372 530

132 450 353 502 viduatae
423 464 456 500 a
513 446 894 500 sacerdotibus
962 453 1216 514 manent,
1281 454 1335 501 et
1405 450 1795 520 persecutione
1837 453 1877 503 A
1910 448 2341 503 obtendendum
2390 455 2475 503 est
2517 450 2587 503 de
2635 449 2746 503 illis
2789 467 2931 521 quos
2986 453 3363 507 ecclesiastica
3420 455 3601 511 inter-

130 542 401 609 grassaute
432 535 794 588 interdictum
839 540 923 587 est
956 537 1293 590 sacrificium
1342 538 1500 607 juge.
1550 540 1628 592 Ad
1676 539 1796 592 haec

128 642 272 679 verax
320 624 396 677 sic
444 624 753 693 respondet
800 624 1097 692 professio.
1155 627 1378 692 Nostra,
1434 634 1626 680 nostra
1672 630 1794 682 haec

125 717 360 769 fecerunt
388 714 611 777 delicta,
648 728 776 782 qua:
811 718 1007 765 contra
1041 721 1316 783 martyres
1355 716 1470 783 Dei,
1508 716 1623 769 imo
1652 733 1793 770 con-

122 810 197 857 tra
238 803 419 872 ipsum
472 804 799 868 Dominum,
861 806 945 854 est
992 802 1287 871 insurgere
1348 822 1501 859 ausa.
1566 806 1791 859 Recolat

121 889 418 943 fraternalis
446 896 644 943 vestrm
674 890 917 959 collegio
948 901 992 956 ³,
1023 899 1234 961 quanta
1286 898 1339 946 et
1388 894 1576 963 qualia
1626 910 1790 947 vesa-

119 979 213 1031 niae
255 978 520 1031 commoti
568 979 817 1048 procella
866 984 1063 1032 contra
1116 981 1293 1033 Deum
1347 982 1716 1035 rebellionem
1766 986 1791 1026 b

120 1066 338 1135 arripuit
371 1082 577 1119 arma:
630 1074 687 1120 et
727 1072 863 1120 tunc
910 1068 1118 1121 sanctis
1166 1070 1511 1139 martyribus
1561 1087 1786 1124 naevum

119 1156 269 1217 hunc,
315 1154 358 1206 si
406 1155 574 1215 valet,
624 1155 873 1208 inducat.
923 1156 1123 1209 Nonne
1165 1157 1271 1225 ipsi
1312 1159 1409 1227 qui
1452 1159 1787 1213 videbantur

118 1246 391 1307 columnae,
425 1242 524 1312 qui
555 1242 906 1312 putabantur
937 1244 1195 1297 Ecclesia!
1228 1251 1423 1315 petrae,
1458 1246 1557 1315 qui
1585 1248 1783 1299 crede-

116 1334 299 1386 bantur
347 1332 532 1397 electi,
590 1332 748 1384 nullo
812 1338 1069 1401 cogente,
1133 1334 1361 1386 nemine
1424 1340 1781 1404 provocante,

109 1421 332 1488 judicem
368 1420 633 1472 adierunt
669 1431 710 1486 ο,
746 1426 803 1473 et
838 1421 894 1473 in
937 1422 1236 1490 przesentia
1271 1423 1631 1491 Cynicorum,
1668 1424 1783 1477 imo

113 1510 515 1578 Epicureorum,
576 1509 675 1561 Dei
729 1515 1010 1579 martyres
1062 1510 1519 1565 infamaverunt?
1580 1513 1781 1566 Nonne

113 1606 341 1666 pastores
383 1597 613 1663 Christi,
660 1596 918 1650 doctores
971 1598 1249 1664 Ecclesiae,
1302 1600 1778 1669 epi~copi,abba-

112 1691 196 1751 tes,
237 1684 610 1755 presbyteros,
646 1700 908 1753 proceres
939 1692 995 1737 et
1027 1687 1299 1755 magnati,
1349 1687 1641 1740 bmreticos
1682 1705 1779 1740 eos

112 1791 211 1826 esse
242 1775 460 1842 publice
492 1774 919 1827 clamaverunt?
949 1779 1005 1826 et
1036 1774 1259 1844 publica
1281 1776 1631 1845 professione
1656 1778 1777 1831 sine

110 1862 513 1932 desquisitione,
564 1862 777 1931 absque
826 1864 1300 1931 interrogatione,
1354 1881 1480 1933 quae
1527 1882 1629 1917 nec
1670 1867 1778 1919 im-

112 1952 332 2004 minente
377 1950 578 2003 mortis
628 1951 909 2003 sententia
955 1958 1115 2004 erant
1162 1953 1423 2015 dicenda,
1466 1958 1779 2021 spontanea

112 2040 391 2103 voluntate,
446 2045 504 2092 et
554 2038 733 2091 libero
790 2039 997 2091 mentis
1053 2040 1313 2105 arbitrio,
1377 2042 1777 2110 protulerunt?

112 2130 289 2181 calcata
324 2128 539 2181 scilicet
579 2128 943 2193 conscientia,
979 2134 1032 2181 et
1071 2129 1182 2181 fide
1217 2130 1496 2198 despecta,
1537 2132 1776 2183 menda-

112 2217 180 2267 cio
217 2217 412 2279 cuncti,
458 2218 574 2269 heu
622 2216 771 2284 proh
816 2214 1006 2268 dolor!
1052 2218 1370 2269 servierunt
1409 2234 1420 2270 :
1458 2224 1513 2270 et
1545 2235 1687 2288 quos
1718 2219 1775 2272 in

112 2306 353 2358 catholica
385 2306 495 2358 fide
532 2310 691 2357 natos
738 2310 792 2357 et
839 2305 1035 2357 matris
1072 2306 1324 2358 Ecclesiae
1356 2308 1627 2360 uberibus
1664 2324 1776 2361 nu-

112 2394 247 2445 tritus
290 2398 587 2457 noverant,
636 2393 969 2445 meretriceo
1014 2394 1340 2459 concubitu,
1389 2402 1443 2447 et
1483 2396 1775 2449 adultero-

110 2498 212 2534 rum
242 2481 359 2533 cibo
390 2486 586 2550 pastos
618 2496 737 2533 esse
769 2480 1089 2533 firmarunt.

174 2572 243 2622 l5.
279 2572 332 2622 Et
366 2576 531 2621 estne
563 2569 769 2638 aliquis
802 2569 869 2621 de
901 2570 1128 2639 flagello
1160 2570 1260 2639 qui
1294 2570 1478 2623 adhuc
1519 2589 1774 2643 conque-

115 2664 183 2711 rat
215 2659 395 2727 digne,
432 2674 567 2711 cum
604 2675 770 2710 causa
807 2658 986 2727 ipsius
1015 2664 1303 2727 patentem
1342 2660 1492 2712 videt
1524 2662 1771 2729 flagelli?

114 2748 279 2799 Nonne
311 2748 679 2817 perspicuum
707 2748 732 2787 d
762 2754 849 2799 est
878 2746 1029 2817 quod
1062 2746 1152 2798 isti
1182 2763 1379 2799 omnes
1412 2749 1773 2803 mendacium

110 2836 307 2889 fuerunt
338 2835 606 2906 professi,
650 2840 706 2887 et
740 2836 1055 2887 secundum
1098 2836 1359 2889 Veritatis
1390 2837 1624 2902 dictum,
1661 2839 1772 2890 hu-

105 2924 181 2992 jus
209 2927 431 2978 extremi
464 2925 742 2994 temporis
767 2924 1074 2993 designans
1103 2937 1124 2960 ο
1151 2926 1490 2994 periculum,
1529 2927 1770 2979 scanda-

1906 537 2177 602 diximus,
2211 544 2267 591 et
2311 556 2339 590 a
2372 538 2580 607 quibus
2614 554 2683 590 ne
2716 538 3023 609 aliquando
3057 540 3125 593 ad
3172 544 3434 612 martyrii
3476 561 3605 600 sur-

1903 633 2103 697 gerent
2141 627 2392 695 palmam
2418 627 2813 695 juramentum
2848 629 3226 682 extorsimus?
3271 632 3477 701 quibus
3512 651 3601 687 er-

1902 729 2060 766 rores
2100 714 2404 782 gentilium
2442 714 2755 783 infringere
2796 716 3098 783 vetuimus,
3136 723 3190 770 et
3232 720 3599 776 maledictum

1903 818 1973 855 ne
2023 802 2520 855 maledictionibus
2576 802 2922 871 impeterent
2979 806 3280 875 Evangelio
3329 812 3383 860 et
3432 824 3597 863 cruce

1901 892 2099 944 educta
2131 891 2183 943 vi
2216 892 2411 960 jurare
2453 891 2794 960 improbiter
2823 892 3075 959 fecimus,
3110 894 3226 947 imo
3258 896 3510 949 feraliter
3541 903 3597 951 et

1900 978 2152 1032 belluino
2185 984 2402 1031 terrore
2430 980 2745 1049 coegimus,
2780 980 3059 1033 minantes
3091 981 3344 1036 inaudita
3374 986 3592 1054 suppli-

1898 1066 2002 1131 cia,
2036 1072 2091 1120 et
2120 1074 2481 1121 monstruosa
2517 1074 2918 1137 promittentes
2948 1072 3373 1125 truncationum
3407 1090 3593 1128 mem—

1895 1154 2130 1208 brorum
2168 1158 2316 1209 varia
2366 1163 2422 1209 et
2464 1157 2750 1209 horrenda
2796 1156 2969 1222 dictu,
3005 1159 3294 1224 audituve,
3328 1160 3594 1230 ﬂagella?

1898 1245 1962 1296 Et
2007 1261 2087 1297 va:
2122 1244 2319 1298 nobis!
2368 1251 2565 1298 contra
2601 1246 2967 1315 Evangelium
3018 1248 3321 1317 Evangelio
3371 1251 3457 1302 usi
3498 1268 3591 1303 su-

1895 1348 2022 1385 mus
2059 1350 2071 1386 :
2121 1334 2378 1404 quisquis
2411 1350 2659 1404 namque
2692 1334 3026 1387 maledicere
3062 1336 3346 1404 prohibet,
3394 1338 3590 1409 utique

1894 1421 2232 1475 benedicere
2258 1423 2442 1492 jubet.
2486 1424 2795 1475 Pensemus
2826 1422 2933 1475 hoc
2966 1423 3021 1475 in
3054 1425 3190 1484 loco,
3225 1426 3269 1477 si
3306 1426 3463 1479 vobis
3488 1428 3589 1494 ju-

1893 1514 2042 1562 stum
2094 1511 2339 1575 videtur,
2373 1517 2595 1563 nostras
2629 1528 2685 1563 ιιι
2720 1511 2949 1581 pubiico
2986 1513 3312 1579 mendaces;
3357 1521 3413 1567 et
3458 1516 3591 1568 illo-

1892 1614 2019 1651 rum
2071 1600 2454 1668 professiones
2496 1616 2737 1653 veraces.
2776 1600 2860 1653 Illi
2902 1601 3170 1655 dixerunt
3214 1603 3365 1673 quod
3400 1606 3588 1658 omnis

1891 1686 2139 1739 Ecclesia
2171 1688 2442 1758 prmdicat
2475 1704 2486 1740 :
2525 1704 2627 1740 nos
2675 1688 2923 1740 diximus
2971 1690 3122 1757 quod
3174 1696 3374 1743 cuncta
3424 1692 3585 1746 Chri-

1891 1775 2151 1829 stianitas
2210 1776 2466 1829 infamat.
2526 1776 2610 1829 Illi
2670 1777 3230 1847 pseudoprophetam
3279 1782 3584 1833 maledixe-

1890 1869 2068 1917 runt:
2112 1881 2213 1917 nos
2254 1866 2499 1917 cultores
2531 1866 2555 1906 ιι
2590 1864 2792 1917 Christi
2841 1865 3206 1919 detraximus.
3258 1868 3339 1920 Illi
3386 1885 3585 1937 perse-«

1888 1955 2113 2004 cutores
2167 1953 2551 2016 ethnicorum;
2606 1969 2708 2005 nos
2766 1958 3159 2021 persecutores
3219 1955 3583 2009 Christicola-

1888 2056 2035 2093 rum.
2092 2040 2176 2093 llli
2230 2042 2471 2093 audaces
2523 2046 2578 2093 et
2626 2042 2798 2093 erecti
2860 2049 3058 2095 contra
3113 2043 3425 2111 diabolum,
3478 2062 3581 2097 nos

1887 2128 2118 2197 superbi
2162 2134 2359 2181 contra
2407 2129 2730 2182 Dominum.
2775 2130 2861 2182 Illi
2904 2136 3102 2183 contra
3141 2148 3333 2199 regem
3380 2150 3579 2203 super-

1885 2215 2117 2268 bierunt
2158 2222 2450 2269 terrenum
2503 2234 2515 2269 :
2567 2234 2669 2270 nos
2718 2224 2915 2271 contra
2956 2234 3146 2287 regem
3190 2220 3579 2275 immortalem

1884 2308 2182 2357 aeternum.
2238 2307 2319 2357 Illi
2366 2322 2491 2374 quae
2543 2305 2709 2358 corde
2758 2307 3099 2369 retinebant,
3143 2324 3239 2360 ore
3281 2315 3412 2362 sunt
3453 2326 3580 2379 pro-

1883 2393 2016 2446 fessi
2052 2411 2063 2446 :
2098 2410 2200 2446 nos
2236 2394 2389 2446 aliud
2421 2394 2612 2459 corde,
2648 2394 2802 2447 aliud
2852 2411 2950 2447 ore
3000 2396 3258 2464 professi.
3312 2398 3398 2449 Illi
3450 2414 3578 2450 con-

1883 2482 2125 2535 fessores
2157 2488 2212 2534 et
2244 2488 2432 2550 testes,
2476 2488 2536 2535 ut
2582 2483 2717 2544 dixi,
2774 2499 3000 2535 veraces
3052 2500 3064 2537 :
3115 2501 3242 2548 nos,
3288 2502 3370 2538 vae
3404 2486 3573 2540 milii!

1883 2572 2147 2624 finctores
2187 2572 2433 2624 fallaces.
2486 2571 2818 2625 Carnalibus
2869 2588 3001 2624 vero
3049 2578 3101 2624 et
3152 2574 3342 2625 minus
3385 2576 3579 2644 peritis

1883 2660 2208 2711 scandalum
2256 2659 2409 2711 nasci
2450 2665 2710 2728 tempore
2754 2660 3031 2728 martyrii.
3066 2661 3264 2714 beatus
3297 2669 3349 2715 et
3382 2665 3576 2716 lumen

1882 2753 2077 2801 noster
2108 2748 2357 2801 Isidorus
2398 2748 2455 2799 in
2490 2765 2679 2801 rerum
2715 2755 2932 2801 natura:
2983 2750 3128 2802 libro
3178 2750 3421 2803 evidenti
3455 2753 3577 2805 elo-

1882 2837 2016 2905 quio
2051 2843 2106 2888 et
2138 2843 2269 2904 apta
2299 2836 2484 2905 figura
2515 2836 2703 2890 Stella:
2725 2837 3024 2905 cujusdam
3053 2838 3299 2891 Horione
3323 2841 3572 2893 nuntiat.

1882 2924 2166 2977 Horiones
2214 2930 2425 2987 autem,
2475 2925 2681 2995 inquit,
2733 2926 3057 2994 significant
3098 2933 3396 2995 martyres,
3441 2946 3573 2983 nam

108 3012 234 3065 lizati
286 3013 485 3066 electi?
547 3012 765 3081 (Matth.
826 3028 974 3076 niv,
1030 3012 1141 3079 24).
1204 3013 1377 3065 Electi
1427 3014 1579 3066 enim
1631 3014 1767 3083 quia
1807 3022 1847 3075 C
1881 3012 2025 3064 sicut
2068 3013 2187 3065 ista:
2232 3019 2542 3065 nascuntur
2582 3014 2639 3065 in
2682 3016 2822 3067 coelo
2856 3020 3114 3083 tempore
3148 3016 3374 3083 hiemis,
3408 3018 3481 3069 ita
3514 3019 3571 3071 in

107 3102 448 3169 speculatores
478 3100 675 3171 gregis
708 3101 827 3165 Dei,
860 3106 917 3153 et
947 3100 1117 3153 sacris
1149 3101 1448 3154 ordinibus
1472 3103 1722 3155 decorati
1750 3120 1761 3156 :

105 3188 178 3239 sed
219 3188 599 3252 scandalizati,
645 3188 781 3242 dum
826 3188 1143 3252 veritatem,
1186 3206 1315 3258 quae
1362 3190 1615 3243 Christus
1660 3196 1762 3257 est,

105 3276 331 3331 timentes
362 3278 595 3347 publice
633 3282 971 3341 contestare,
1012 3277 1217 3330 falsum
1267 3278 1450 3331 conati
1498 3284 1631 3332 sunt
1670 3296 1761 3331 ro-

104 3362 289 3418 borare.
322 3367 519 3420 Perdes
548 3381 653 3430 eos,
692 3366 771 3419 ait
815 3366 1104 3436 Scriptura
1143 3369 1239 3434 qui
1284 3368 1579 3436 loquuntur
1625 3362 1765 3421 meri-

104 3452 281 3507 dacium
326 3457 491 3523 (Psal.
543 3472 595 3519 v,
642 3455 717 3523 7).
774 3456 838 3507 Et
890 3471 902 3507 :
958 3455 1026 3509 Os
1075 3456 1219 3524 quod
1265 3460 1523 3509 mentitur
1568 3458 1764 3511 occidit

104 3544 300 3595 animam
334 3544 491 3612 (Sap.
536 3561 570 3608 ι,
619 3543 727 3611 ll),
776 3544 957 3595 multo
1001 3545 1183 3613 magis
1224 3545 1539 3614 propriam,
1588 3562 1759 3616 quam

104 3638 370 3686 externam.
422 3634 566 3686 Nam
631 3641 689 3684 ut
745 3631 956 3684 veritas
1015 3632 1273 3686 Christus
1325 3646 1407 3686 est
1464 3634 1757 3695 Dominus,

104 3717 164 3769 ita
210 3722 562 3775 mendacium
620 3721 1004 3773 Antichristus
1062 3722 1344 3775 diabolus.
1403 3722 1760 3791 Respuentes

102 3822 309 3877 quoque,
345 3816 404 3862 ut
437 3811 522 3861 ait
551 3810 858 3877 Apostolus
890 3810 1061 3878 (Rom.
1099 3827 1135 3874 ι,
1172 3812 1284 3876 25),
1315 3810 1632 3875 veritatem,
1669 3826 1760 3863 re-

100 3894 275 3963 cipient
296 3897 684 3962 mendacium,
712 3898 818 3950 hoc
848 3903 952 3962 est,
978 3898 1162 3967 ipsum
1187 3898 1411 3951 hostem
1441 3905 1755 3952 extremum

99 3984 264 4038 ultimo
304 3987 524 4055 judicio
569 3986 1035 4052 condemnatum,
1086 3986 1298 4039 diaboli
1348 4003 1651 4055 organum,
1703 3992 1759 4041 et

101 4075 319 4128 omnium
352 4077 670 4129 falsitatum
704 4074 1032 4143 aptissimus
1064 4075 1262 4127 titulus
1291 4074 1324 4127 ί.
1364 4075 1509 4128 Nihil
1547 4077 1755 4147 quippe

100 4160 305 4225 veritati,
354 4164 462 4215 nisi
519 4163 731 4215 falsitas
781 4162 1153 4215 contravenit.
1210 4164 1271 4215 Et
1315 4162 1467 4215 aliud
1515 4164 1755 4218 dubium

101 4250 223 4316 quod
259 4254 352 4320 qui
392 4252 756 4304 mendacium
807 4250 963 4313 dicit,
1016 4267 1046 4302 a
1097 4252 1207 4304 Deo
1256 4250 1355 4321 qui
1399 4251 1603 4303 veritas
1649 4258 1751 4317 est,

1875 3101 2118 3153 Ecclesia
2152 3107 2429 3168 martyres
2477 3102 2795 3170 procedunt
2834 3108 3092 3171 tempore
3136 3104 3569 3172 persecutionis.

1876 3189 2314 3241 Procedentibus
2368 3190 2712 3243 llorionibus
2764 3206 2918 3242 mare
2964 3191 3247 3256 turbatur,
3283 3198 3339 3245 et
3371 3198 3521 3245 terra
3555 3211 3567 3247 :

1875 3276 2090 3330 obortis
2121 3294 2253 3329 vero
2286 3277 2630 3347 martyribus
2661 3283 3017 3331 terrenorum
3044 3284 3099 3331 et
3119 3279 3377 3333 fidelium
3399 3282 3571 3334 corda

1873 3372 2210 3435 tempestate
2236 3366 2543 3435 jactantur.

1948 3458 2030 3508 16.
2082 3455 2187 3508 Sed
2241 3455 2475 3507 forsitan
2524 3454 2733 3524 aliquis
2782 3455 3206 3509 simulationem
3267 3456 3326 3510 in
3383 3458 3567 3511 causis

1870 3544 2079 3597 talibus
2118 3544 2478 3612 dispensator
2520 3544 2590 3596 ile
2627 3544 2638 3577 ί
2673 3544 2875 3596 asserit
2906 3544 3159 3613 dignam,
3198 3551 3255 3598 et
3284 3548 3567 3614 apostolo-

1872 3647 1999 3683 rum
2032 3632 2367 3683 auctoritate
2414 3631 2497 3683 vel
2541 3630 2683 3699 legis
2715 3631 2858 3683 hanc
2889 3631 3087 3684 frivole
3134 3632 3378 3685 intendit
3407 3633 3566 3687 affir—

1873 3736 2046 3772 mare.
2103 3722 2440 3773 Percurrant
2484 3720 2732 3771 breviter
2780 3720 2931 3788 ipsas
2992 3720 3436 3791 dispensatorias
3483 3739 3566 3774 ra-

1869 3808 2076 3873 tiones,
2110 3811 2163 3858 et
2194 3812 2387 3875 aperte
2431 3807 2721 3859 invenient
2752 3807 2974 3860 nullum
3026 3808 3084 3860 in
3129 3810 3311 3861 causis
3362 3810 3566 3878 princi-

1869 3896 2093 3965 palibus
2156 3895 2478 3948 officiosum
2549 3894 2913 3947 mendacium
2981 3896 3393 3965 frequentasse.
3456 3899 3565 3950 Nec

1868 3984 2014 4037 hanc
2045 4000 2177 4035 usos
2221 3983 2395 4036 fuisse
2439 3983 2496 4035 in
2533 3982 2849 4052 periculum
2885 3983 3111 4049 animae,
3156 3984 3250 4037 sed
3289 3984 3385 4037 ubi
3424 3987 3565 4037 mul-

1868 4077 2054 4126 torum
2089 4073 2352 4135 salutem,
2387 4087 2669 4141 suumque
2710 4070 2768 4124 in
2813 4072 3068 4125 futurum
3111 4072 3425 4143 principale
3459 4090 3563 4126 no-

1866 4165 2067 4213 verant
2100 4159 2440 4228 dispositum
2475 4158 2851 4211 saluberrime
2884 4160 3187 4228 parturire.
3223 4160 3380 4224 Quod
3410 4161 3562 4230 regis

1870 4248 2077 4303 lsraeli
2118 4247 2409 4300 simulatio
2458 4247 2767 4299 facietenus
2811 4248 3082 4317 proferet,
3130 4248 3227 4318 qui
3259 4264 3314 4301 se
3346 4248 3561 4302 idolum

104 4350 204 4389 mox
240 4319 462 4393 recedit.
514 4340 574 4392 Et
615 4355 730 4391 non
780 4339 967 4391 solum
1017 4319 1378 4391 mendacium
1426 4340 1485 4391 in
1537 4340 1753 4393 levibus
1794 4319 1836 4372 D
1870 4338 2008 4389 velle
2038 4336 2223 4389 colere
2264 4336 2554 4405 professus
2595 4340 2701 4401 est,
2753 4335 2879 4389 ideo
2926 4342 2991 4390 ut
3037 4337 3393 4391 sacerdotum
3442 4338 3562 4392 lati-

101 4430 144 4476 et
168 4428 349 4480 mediis
382 4442 410 4483 ς
440 4428 793 4481 incurrimus
826 4427 1030 4493 causis,
1064 4444 1263 4481 verum
1293 4428 1464 4480 etiam
1497 4428 1554 4481 in
1587 4429 1755 4481 rebus

101 4516 303 4568 summis
349 4523 404 4570 et
452 4516 757 4586 principali
807 4510 1043 4569 nomine
1102 4517 1461 4569 consecratis.
1515 4518 1577 4571 In
1635 4517 1755 4587 ipsa

101 4604 383 4669 specialiter
416 4606 552 4660 fidei
588 4606 823 4658 veritate
862 4605 1276 4674 persecutionis
1321 4605 1558 4658 articulo
1588 4623 1756 4661 coar-

101 4692 223 4757 ctati,
254 4710 349 4745 nos
383 4695 563 4747 multo
597 4693 994 4747 amaritudinis
1030 4694 1331 4747 infecimus
1364 4695 1513 4760 felle,
1552 4700 1607 4747 et
1636 4696 1753 4747 cul-

101 4781 223 4832 tores
264 4782 461 4835 Cbristi
515 4784 806 4836 basreseon
856 4784 1141 4849 scandala,
1190 4784 1422 4854 quando
1476 4784 1535 4837 in
1590 4784 1757 4837 nobis

104 4868 301 4933 exstitit,
334 4870 628 4923 induimus
660 4871 809 4924 olida
840 4871 1007 4941 pelle.
1053 4872 1167 4925 Hoc
1209 4872 1361 4942 quod
1393 4871 1529 4925 foris
1561 4872 1619 4925 in
1650 4889 1754 4942 pu-

102 4950 241 5020 blico,
285 4964 336 5011 et
380 4960 758 5029 potestatibus
802 4977 906 5014 nos
940 4962 1345 5015 devacantibus
1392 4961 1527 5015 feris
1568 4968 1753 5015 actum

102 5047 184 5105 est,
228 5044 454 5101 forsitan
505 5049 714 5102 alicubi
760 5050 972 5120 poterit
1020 5050 1200 5103 videri
1248 5050 1498 5103 inultum
1550 5066 1562 5103 :
1617 5050 1753 5118 quid

157 5195 177 5218 ι
202 5188 252 5240 ld
283 5197 365 5243 est
393 5192 644 5246 collectio.

159 5258 180 5297 δ
205 5258 354 5313 Forte
381 5262 616 5316 rebellio.

162 5336 177 5359 ε
208 5329 276 5381 Ms
304 5374 315 5397 ,
348 5332 657 5386 audierunt.

161 5399 182 5439 ἀ
211 5400 319 5473 iis,
347 5406 689 5473 perspicuum
718 5408 795 5458 est
825 5419 975 5473 quos.

164 5473 182 5539 ξ
210 5470 316 5537 Ms,
341 5472 727 5539 designantem.

164 5536 180 5571 τ
205 5536 314 5608 Ms,
340 5536 678 5599 notissimum
710 5546 945 5599 titulum.

1866 4426 1996 4479 bula
2029 4441 2131 4495 per
2159 4425 2381 4477 diversa
2414 4429 2684 4494 vagantes
2725 4424 2875 4479 facili
2918 4432 3120 4478 eventu
3149 4433 3561 4495 prosterneret,

1868 4514 2059 4568 dicens
2107 4529 2121 4565 :
2172 4515 2501 4578 Congrrgate
2552 4514 2690 4565 mihi
2737 4529 2914 4567 omnes
2958 4514 3259 4567 sacerdotes
3301 4516 3454 4570 Baal.
3497 4518 3564 4571 Si

1866 4606 2007 4657 enim
2044 4601 2194 4655 Acab
2225 4602 2451 4653 servivit
2483 4601 2756 4653 Bathalim
2787 4604 2845 4652 in
2876 4604 3085 4668 paucis,
3118 4617 3210 4667 ego
3244 4606 3476 4656 serviam
3504 4606 3561 4656 in

1864 4693 2048 4745 multis
2081 4690 2192 4759 (IV
2219 4690 2348 4754 Reg.
2395 4704 2449 4753 x,
2507 4689 2607 4753 18).
2644 4688 2735 4741 Sic
2774 4695 2829 4741 et
2870 4690 3043 4742 David
3076 4696 3317 4743 mortem
3352 4708 3560 4761 corpo-

1864 4778 1963 4844 ris,
1998 4794 2111 4830 non
2156 4778 2385 4843 animm,
2426 4776 2729 4829 imminere
2774 4778 3099 4847 respiciens,
3145 4779 3427 4832 insaniam
3460 4779 3562 4833 fin-

1864 4867 1944 4920 xit
1972 4869 2021 4933 (Ι
2050 4869 2176 4932 Reg.
2211 4882 2324 4929 xxx,
2362 4865 2467 4935 l3),
2502 4870 2558 4917 et
2590 4865 2855 4918 lethalem
2895 4882 3086 4919 casum
3122 4884 3235 4920 non
3270 4868 3427 4932 fidei,
3461 4868 3557 4919 sed

1867 4955 2133 5021 membri,
2185 4970 2355 5024 quam
2391 4953 2705 5005 incurrerat
2739 4954 3022 5006 devitavit.
3057 4956 3172 5008 Hoc
3218 4955 3384 5007 modo
3416 4957 3558 5008 Pau-

1865 5045 1954 5098 lus
1985 5044 2071 5096 vel
2120 5042 2310 5097 caateri
2358 5042 2610 5096 seniores
2664 5041 2909 5113 apostoli
2958 5043 3253 5096 simulasse
3290 5043 3559 5097 credendi

1938 5207 1968 5247 ε
1997 5193 2056 5247 Id
2083 5197 2167 5246 est
2196 5192 2597 5247 mediocribus.

1936 5266 1963 5307 ιι
1997 5265 2056 5318 L.
2086 5264 2398 5319 cultoribus.

1938 5335 1952 5369 ί
1996 5336 2055 5390 F.
2104 5338 2515 5403 dispensatorie,
2569 5351 2699 5391 cum
2743 5336 2932 5390 statim
2981 5334 3412 5403 dispensatorias
3444 5350 3559 5389 me-

1869 5410 2053 5461 moret
2080 5409 2333 5460 rationes.

1935 5479 1949 5520 i
1972 5479 2127 5545 Jehu,
2161 5478 2391 5532 scilicet.
