  <div class='ocr_page' id='page_1' title='image "/cluster/home/n/w/nwhite01/storage/ocr_20150623/121/hvd.32044054759832/271.png"; bbox 0 0 4098 6180; ppageno 0'>
   <div class='ocr_carea' id='block_1_1' title="bbox 428 298 521 350">
    <p class='ocr_par' dir='ltr' id='par_1_1' title="bbox 428 298 521 350">
     <span class='ocr_line' id='line_1_1' title="bbox 428 298 521 350; baseline 0.011 -1"><span class='ocrx_word' id='word_1_1' title='bbox 428 298 521 350; x_wconf 81' lang='grc'><strong>531</strong></span> 
     </span>
    </p>
   </div>
   <div class='ocr_carea' id='block_1_2' title="bbox 1796 292 2576 349">
    <p class='ocr_par' dir='ltr' id='par_1_2' title="bbox 1796 292 2576 349">
     <span class='ocr_line' id='line_1_2' title="bbox 1796 292 2576 349; baseline -0.003 -2"><span class='ocrx_word' id='word_1_2' title='bbox 1796 292 2060 348; x_wconf 84' lang='lat' dir='ltr'><strong>ALVARI</strong></span> <span class='ocrx_word' id='word_1_3' title='bbox 2101 292 2576 349; x_wconf 83' lang='lat' dir='ltr'><strong>CORDUBENSIS</strong></span> 
     </span>
    </p>
   </div>
   <div class='ocr_carea' id='block_1_3' title="bbox 3828 288 3923 341">
    <p class='ocr_par' dir='ltr' id='par_1_3' title="bbox 3828 288 3923 341">
     <span class='ocr_line' id='line_1_3' title="bbox 3828 288 3923 341; baseline 0.032 -3"><span class='ocrx_word' id='word_1_4' title='bbox 3828 288 3923 341; x_wconf 74' lang='lat'><strong>532</strong></span> 
     </span>
    </p>
   </div>
   <div class='ocr_carea' id='block_1_4' title="bbox 430 420 3926 501">
    <p class='ocr_par' dir='ltr' id='par_1_4' title="bbox 430 420 3926 501">
     <span class='ocr_line' id='line_1_4' title="bbox 430 420 3926 501; baseline -0.003 -16"><span class='ocrx_word' id='word_1_5' title='bbox 430 434 567 484; x_wconf 87' lang='lat' dir='ltr'><strong>sunt</strong></span> <span class='ocrx_word' id='word_1_6' title='bbox 594 430 734 501; x_wconf 83' lang='lat' dir='ltr'><strong>legis</strong></span> <span class='ocrx_word' id='word_1_7' title='bbox 763 426 1128 482; x_wconf 63' lang='lat' dir='ltr'><strong>caeremonias</strong></span> <span class='ocrx_word' id='word_1_8' title='bbox 1159 426 1470 496; x_wconf 83' lang='lat' dir='ltr'><strong>implevere</strong></span> <span class='ocrx_word' id='word_1_9' title='bbox 1511 427 1653 493; x_wconf 81' lang='lat' dir='ltr'><strong>(Act.</strong></span> <span class='ocrx_word' id='word_1_10' title='bbox 1683 431 1816 491; x_wconf 75' lang='lat' dir='ltr'><strong>xxx),</strong></span> <span class='ocrx_word' id='word_1_11' title='bbox 1856 430 1918 479; x_wconf 93' lang='lat' dir='ltr'><strong>ut</strong></span> <span class='ocrx_word' id='word_1_12' title='bbox 1946 425 2117 480; x_wconf 90' lang='lat' dir='ltr'><strong>saluti</strong></span> <span class='ocrx_word' id='word_1_13' title='bbox 2156 425 2204 481; x_wconf 85' lang='lat' dir='ltr'><strong>A</strong></span> <span class='ocrx_word' id='word_1_14' title='bbox 2234 430 2371 491; x_wconf 91' lang='lat' dir='ltr'><strong>tem,</strong></span> <span class='ocrx_word' id='word_1_15' title='bbox 2404 429 2458 479; x_wconf 92' lang='lat' dir='ltr'><strong>et</strong></span> <span class='ocrx_word' id='word_1_16' title='bbox 2486 425 2867 495; x_wconf 88' lang='lat' dir='ltr'><strong>injucundum</strong></span> <span class='ocrx_word' id='word_1_17' title='bbox 2898 423 3187 477; x_wconf 83' lang='lat' dir='ltr'><strong>infernum</strong></span> <span class='ocrx_word' id='word_1_18' title='bbox 3223 438 3253 476; x_wconf 60' lang='lat'><strong>:‘</strong></span> <span class='ocrx_word' id='word_1_19' title='bbox 3280 422 3433 475; x_wconf 90' lang='lat' dir='ltr'><strong>unde</strong></span> <span class='ocrx_word' id='word_1_20' title='bbox 3464 425 3520 475; x_wconf 89' lang='lat' dir='ltr'><strong>et</strong></span> <span class='ocrx_word' id='word_1_21' title='bbox 3554 420 3797 474; x_wconf 81' lang='lat' dir='ltr'><strong>tradidit</strong></span> <span class='ocrx_word' id='word_1_22' title='bbox 3827 436 3926 473; x_wconf 90' lang='lat' dir='ltr'><strong>nos</strong></span> 
     </span>
    </p>
   </div>
   <div class='ocr_carea' id='block_1_5' title="bbox 430 514 2123 591">
    <p class='ocr_par' dir='ltr' id='par_1_5' title="bbox 430 514 2123 591">
     <span class='ocr_line' id='line_1_5' title="bbox 430 514 2123 591; baseline -0.003 -17"><span class='ocrx_word' id='word_1_23' title='bbox 430 519 688 591; x_wconf 83' lang='lat' dir='ltr'><strong>gentium</strong></span> <span class='ocrx_word' id='word_1_24' title='bbox 719 533 822 587; x_wconf 90' lang='lat' dir='ltr'><strong>per</strong></span> <span class='ocrx_word' id='word_1_25' title='bbox 858 516 1005 570; x_wconf 90' lang='lat' dir='ltr'><strong>hanc</strong></span> <span class='ocrx_word' id='word_1_26' title='bbox 1051 514 1537 585; x_wconf 78' lang='lat' dir='ltr'><strong>dispensationem</strong></span> <span class='ocrx_word' id='word_1_27' title='bbox 1569 515 1731 568; x_wconf 77' lang='lat' dir='ltr'><strong>fieret</strong></span> <span class='ocrx_word' id='word_1_28' title='bbox 1764 516 2123 584; x_wconf 87' lang='lat' dir='ltr'><strong>consultum;</strong></span> 
     </span>
    </p>
   </div>
   <div class='ocr_carea' id='block_1_6' title="bbox 430 596 2124 678">
    <p class='ocr_par' dir='ltr' id='par_1_6' title="bbox 430 596 2124 678">
     <span class='ocr_line' id='line_1_6' title="bbox 430 596 2124 678; baseline -0.002 -17"><span class='ocrx_word' id='word_1_29' title='bbox 430 596 905 678; x_wconf 88' lang='lat' dir='ltr'><strong>parvipendentes</strong></span> <span class='ocrx_word' id='word_1_30' title='bbox 922 606 1206 674; x_wconf 84' lang='lat' dir='ltr'><strong>privatum</strong></span> <span class='ocrx_word' id='word_1_31' title='bbox 1230 604 1595 673; x_wconf 70' lang='lat' dir='ltr'><strong>dispendium</strong></span> <span class='ocrx_word' id='word_1_32' title='bbox 1614 604 1672 657; x_wconf 91' lang='lat' dir='ltr'><strong>in</strong></span> <span class='ocrx_word' id='word_1_33' title='bbox 1695 605 2124 673; x_wconf 79' lang='lat' dir='ltr'><strong>comparatione</strong></span> 
     </span>
    </p>
   </div>
   <div class='ocr_carea' id='block_1_7' title="bbox 429 692 2126 761">
    <p class='ocr_par' dir='ltr' id='par_1_7' title="bbox 429 692 2126 761">
     <span class='ocr_line' id='line_1_7' title="bbox 429 692 2126 761; baseline -0.002 -10"><span class='ocrx_word' id='word_1_34' title='bbox 429 697 601 751; x_wconf 87' lang='lat' dir='ltr'><strong>totius</strong></span> <span class='ocrx_word' id='word_1_35' title='bbox 634 694 853 761; x_wconf 90' lang='lat' dir='ltr'><strong>mundi,</strong></span> <span class='ocrx_word' id='word_1_36' title='bbox 884 693 976 747; x_wconf 91' lang='lat' dir='ltr'><strong>cui</strong></span> <span class='ocrx_word' id='word_1_37' title='bbox 1005 709 1069 746; x_wconf 86' lang='lat' dir='ltr'><strong>ex</strong></span> <span class='ocrx_word' id='word_1_38' title='bbox 1097 693 1204 746; x_wconf 88' lang='lat' dir='ltr'><strong>hoc</strong></span> <span class='ocrx_word' id='word_1_39' title='bbox 1235 692 1574 746; x_wconf 88' lang='lat' dir='ltr'><strong>imminebat</strong></span> <span class='ocrx_word' id='word_1_40' title='bbox 1622 693 1961 747; x_wconf 89' lang='lat' dir='ltr'><strong>remedium.</strong></span> <span class='ocrx_word' id='word_1_41' title='bbox 2015 694 2126 747; x_wconf 89' lang='lat' dir='ltr'><strong>Nec</strong></span> 
     </span>
    </p>
   </div>
   <div class='ocr_carea' id='block_1_8' title="bbox 432 781 2128 849">
    <p class='ocr_par' dir='ltr' id='par_1_8' title="bbox 432 781 2128 849">
     <span class='ocr_line' id='line_1_8' title="bbox 432 781 2128 849; baseline -0.001 -12"><span class='ocrx_word' id='word_1_42' title='bbox 432 784 502 837; x_wconf 89' lang='lat' dir='ltr'><strong>ad</strong></span> <span class='ocrx_word' id='word_1_43' title='bbox 550 783 707 837; x_wconf 88' lang='lat' dir='ltr'><strong>idola</strong></span> <span class='ocrx_word' id='word_1_44' title='bbox 758 782 996 836; x_wconf 90' lang='lat' dir='ltr'><strong>colenda</strong></span> <span class='ocrx_word' id='word_1_45' title='bbox 1038 781 1278 849; x_wconf 87' lang='lat' dir='ltr'><strong>inﬂexi,</strong></span> <span class='ocrx_word' id='word_1_46' title='bbox 1331 782 1426 834; x_wconf 90' lang='lat' dir='ltr'><strong>sed</strong></span> <span class='ocrx_word' id='word_1_47' title='bbox 1480 781 1549 834; x_wconf 90' lang='lat' dir='ltr'><strong>ad</strong></span> <span class='ocrx_word' id='word_1_48' title='bbox 1597 781 1969 834; x_wconf 76' lang='lat' dir='ltr'><strong>caeremonias</strong></span> <span class='ocrx_word' id='word_1_49' title='bbox 2032 782 2128 835; x_wconf 89' lang='lat' dir='ltr'><strong>Dei</strong></span> 
     </span>
    </p>
   </div>
   <div class='ocr_carea' id='block_1_9' title="bbox 430 867 2124 937">
    <p class='ocr_par' dir='ltr' id='par_1_9' title="bbox 430 867 2124 937">
     <span class='ocr_line' id='line_1_9' title="bbox 430 867 2124 937; baseline -0.001 -14"><span class='ocrx_word' id='word_1_50' title='bbox 430 870 543 923; x_wconf 82' lang='lat' dir='ltr'><strong>vivi</strong></span> <span class='ocrx_word' id='word_1_51' title='bbox 584 874 736 935; x_wconf 90' lang='lat' dir='ltr'><strong>sunt,</strong></span> <span class='ocrx_word' id='word_1_52' title='bbox 787 868 919 922; x_wconf 89' lang='lat' dir='ltr'><strong>licet</strong></span> <span class='ocrx_word' id='word_1_53' title='bbox 951 868 1071 937; x_wconf 89' lang='lat' dir='ltr'><strong>jam</strong></span> <span class='ocrx_word' id='word_1_54' title='bbox 1104 868 1202 921; x_wconf 91' lang='lat' dir='ltr'><strong>illo</strong></span> <span class='ocrx_word' id='word_1_55' title='bbox 1237 873 1496 937; x_wconf 87' lang='lat' dir='ltr'><strong>tempore</strong></span> <span class='ocrx_word' id='word_1_56' title='bbox 1551 867 1811 933; x_wconf 89' lang='lat' dir='ltr'><strong>abolitas,</strong></span> <span class='ocrx_word' id='word_1_57' title='bbox 1846 869 2124 922; x_wconf 83' lang='lat' dir='ltr'><strong>conversi.</strong></span> 
     </span>
    </p>
   </div>
   <div class='ocr_carea' id='block_1_10' title="bbox 507 956 2130 1024">
    <p class='ocr_par' dir='ltr' id='par_1_10' title="bbox 507 956 2130 1024">
     <span class='ocr_line' id='line_1_10' title="bbox 507 956 2130 1024; baseline 0 -14"><span class='ocrx_word' id='word_1_58' title='bbox 507 960 589 1010; x_wconf 85' lang='grc'><strong>17.</strong></span> <span class='ocrx_word' id='word_1_59' title='bbox 653 958 750 1010; x_wconf 68' lang='lat' dir='ltr'><strong>Has</strong></span> <span class='ocrx_word' id='word_1_60' title='bbox 802 957 1167 1009; x_wconf 84' lang='lat' dir='ltr'><strong>auctoritates</strong></span> <span class='ocrx_word' id='word_1_61' title='bbox 1224 957 1334 1008; x_wconf 87' lang='lat' dir='ltr'><strong>alio</strong></span> <span class='ocrx_word' id='word_1_62' title='bbox 1395 956 1452 1008; x_wconf 92' lang='lat' dir='ltr'><strong>in</strong></span> <span class='ocrx_word' id='word_1_63' title='bbox 1505 961 1763 1024; x_wconf 90' lang='lat' dir='ltr'><strong>tempore</strong></span> <span class='ocrx_word' id='word_1_64' title='bbox 1835 962 1967 1010; x_wconf 87' lang='lat' dir='ltr'><strong>sunt</strong></span> <span class='ocrx_word' id='word_1_65' title='bbox 2024 958 2130 1010; x_wconf 85' lang='lat' dir='ltr'><strong>fre-</strong></span> 
     </span>
    </p>
   </div>
   <div class='ocr_carea' id='block_1_11' title="bbox 432 1044 2128 1114">
    <p class='ocr_par' dir='ltr' id='par_1_11' title="bbox 432 1044 2128 1114">
     <span class='ocr_line' id='line_1_11' title="bbox 432 1044 2128 1114; baseline -0.001 -16"><span class='ocrx_word' id='word_1_66' title='bbox 432 1046 799 1114; x_wconf 68' lang='lat' dir='ltr'><strong>quentandaa,</strong></span> <span class='ocrx_word' id='word_1_67' title='bbox 836 1061 938 1097; x_wconf 90' lang='lat' dir='ltr'><strong>nec</strong></span> <span class='ocrx_word' id='word_1_68' title='bbox 968 1044 1026 1096; x_wconf 90' lang='lat' dir='ltr'><strong>in</strong></span> <span class='ocrx_word' id='word_1_69' title='bbox 1065 1044 1393 1113; x_wconf 85' lang='lat' dir='ltr'><strong>principali,</strong></span> <span class='ocrx_word' id='word_1_70' title='bbox 1439 1050 1502 1097; x_wconf 88' lang='lat' dir='ltr'><strong>ut</strong></span> <span class='ocrx_word' id='word_1_71' title='bbox 1531 1044 1798 1106; x_wconf 83' lang='lat' dir='ltr'><strong>diximus,</strong></span> <span class='ocrx_word' id='word_1_72' title='bbox 1834 1046 1967 1099; x_wconf 87' lang='lat' dir='ltr'><strong>fidei</strong></span> <span class='ocrx_word' id='word_1_73' title='bbox 1999 1062 2128 1097; x_wconf 87' lang='lat' dir='ltr'><strong>san-</strong></span> 
     </span>
    </p>
   </div>
   <div class='ocr_carea' id='block_1_12' title="bbox 434 1133 2129 1203">
    <p class='ocr_par' dir='ltr' id='par_1_12' title="bbox 434 1133 2129 1203">
     <span class='ocr_line' id='line_1_12' title="bbox 434 1133 2129 1203; baseline 0 -16"><span class='ocrx_word' id='word_1_74' title='bbox 434 1138 537 1187; x_wconf 66' lang='lat' dir='ltr'><strong>ctm</strong></span> <span class='ocrx_word' id='word_1_75' title='bbox 568 1134 725 1187; x_wconf 91' lang='lat' dir='ltr'><strong>cultu</strong></span> <span class='ocrx_word' id='word_1_76' title='bbox 755 1137 1002 1197; x_wconf 60' lang='lat' dir='ltr'><strong>utendas,</strong></span> <span class='ocrx_word' id='word_1_77' title='bbox 1036 1134 1132 1186; x_wconf 91' lang='lat' dir='ltr'><strong>sed</strong></span> <span class='ocrx_word' id='word_1_78' title='bbox 1164 1133 1580 1203; x_wconf 88' lang='lat' dir='ltr'><strong>subsequenter</strong></span> <span class='ocrx_word' id='word_1_79' title='bbox 1621 1133 1679 1185; x_wconf 90' lang='lat' dir='ltr'><strong>in</strong></span> <span class='ocrx_word' id='word_1_80' title='bbox 1715 1136 1893 1187; x_wconf 88' lang='lat' dir='ltr'><strong>salute</strong></span> <span class='ocrx_word' id='word_1_81' title='bbox 1925 1149 2129 1203; x_wconf 88' lang='lat' dir='ltr'><strong>corpo-</strong></span> 
     </span>
    </p>
   </div>
   <div class='ocr_carea' id='block_1_13' title="bbox 432 1222 2131 1292">
    <p class='ocr_par' dir='ltr' id='par_1_13' title="bbox 432 1222 2131 1292">
     <span class='ocr_line' id='line_1_13' title="bbox 432 1222 2131 1292; baseline -0.001 -15"><span class='ocrx_word' id='word_1_82' title='bbox 432 1223 515 1277; x_wconf 86' lang='lat' dir='ltr'><strong>ris</strong></span> <span class='ocrx_word' id='word_1_83' title='bbox 564 1227 619 1276; x_wconf 89' lang='lat' dir='ltr'><strong>et</strong></span> <span class='ocrx_word' id='word_1_84' title='bbox 659 1222 960 1277; x_wconf 89' lang='lat' dir='ltr'><strong>hominum</strong></span> <span class='ocrx_word' id='word_1_85' title='bbox 1018 1222 1232 1292; x_wconf 86' lang='lat' dir='ltr'><strong>absque</strong></span> <span class='ocrx_word' id='word_1_86' title='bbox 1286 1222 1630 1275; x_wconf 88' lang='lat' dir='ltr'><strong>detrimento</strong></span> <span class='ocrx_word' id='word_1_87' title='bbox 1685 1222 1814 1275; x_wconf 88' lang='lat' dir='ltr'><strong>fidei</strong></span> <span class='ocrx_word' id='word_1_88' title='bbox 1875 1238 2131 1292; x_wconf 88' lang='lat' dir='ltr'><strong>compro-</strong></span> 
     </span>
    </p>
   </div>
   <div class='ocr_carea' id='block_1_14' title="bbox 435 1310 2132 1381">
    <p class='ocr_par' dir='ltr' id='par_1_14' title="bbox 435 1310 2132 1381">
     <span class='ocr_line' id='line_1_14' title="bbox 435 1310 2132 1381; baseline -0.001 -16"><span class='ocrx_word' id='word_1_89' title='bbox 435 1312 659 1365; x_wconf 66' lang='lat' dir='ltr'><strong>bandae.</strong></span> <span class='ocrx_word' id='word_1_90' title='bbox 714 1311 1067 1364; x_wconf 85' lang='lat' dir='ltr'><strong>Mendacium</strong></span> <span class='ocrx_word' id='word_1_91' title='bbox 1128 1327 1259 1364; x_wconf 87' lang='lat' dir='ltr'><strong>vero</strong></span> <span class='ocrx_word' id='word_1_92' title='bbox 1313 1315 1369 1364; x_wconf 88' lang='lat' dir='ltr'><strong>et</strong></span> <span class='ocrx_word' id='word_1_93' title='bbox 1426 1310 1853 1364; x_wconf 72' lang='lat' dir='ltr'><strong>simulationem</strong></span> <span class='ocrx_word' id='word_1_94' title='bbox 1903 1312 2132 1381; x_wconf 89' lang='lat' dir='ltr'><strong>penitus</strong></span> 
     </span>
    </p>
   </div>
   <div class='ocr_carea' id='block_1_15' title="bbox 434 1399 2132 1470">
    <p class='ocr_par' dir='ltr' id='par_1_15' title="bbox 434 1399 2132 1470">
     <span class='ocr_line' id='line_1_15' title="bbox 434 1399 2132 1470; baseline -0.001 -16"><span class='ocrx_word' id='word_1_95' title='bbox 434 1400 766 1470; x_wconf 84' lang='lat' dir='ltr'><strong>fugiendam</strong></span> <span class='ocrx_word' id='word_1_96' title='bbox 811 1399 869 1451; x_wconf 91' lang='lat' dir='ltr'><strong>in</strong></span> <span class='ocrx_word' id='word_1_97' title='bbox 912 1416 971 1453; x_wconf 91' lang='lat' dir='ltr'><strong>re</strong></span> <span class='ocrx_word' id='word_1_98' title='bbox 1012 1399 1224 1465; x_wconf 88' lang='lat' dir='ltr'><strong>divina,</strong></span> <span class='ocrx_word' id='word_1_99' title='bbox 1269 1400 1602 1452; x_wconf 87' lang='lat' dir='ltr'><strong>auctoritate</strong></span> <span class='ocrx_word' id='word_1_100' title='bbox 1654 1405 1870 1452; x_wconf 85' lang='lat' dir='ltr'><strong>sacrata</strong></span> <span class='ocrx_word' id='word_1_101' title='bbox 1918 1401 2132 1452; x_wconf 84' lang='lat' dir='ltr'><strong>Eleaza-</strong></span> 
     </span>
    </p>
   </div>
   <div class='ocr_carea' id='block_1_16' title="bbox 437 1488 2131 1543">
    <p class='ocr_par' dir='ltr' id='par_1_16' title="bbox 437 1488 2131 1543">
     <span class='ocr_line' id='line_1_16' title="bbox 437 1488 2131 1543; baseline -0.001 -1"><span class='ocrx_word' id='word_1_102' title='bbox 437 1505 532 1543; x_wconf 87' lang='lat' dir='ltr'><strong>rus</strong></span> <span class='ocrx_word' id='word_1_103' title='bbox 562 1488 623 1541; x_wconf 91' lang='lat' dir='ltr'><strong>in</strong></span> <span class='ocrx_word' id='word_1_104' title='bbox 666 1489 809 1541; x_wconf 91' lang='lat' dir='ltr'><strong>libro</strong></span> <span class='ocrx_word' id='word_1_105' title='bbox 850 1488 1096 1541; x_wconf 89' lang='lat' dir='ltr'><strong>secundo</strong></span> <span class='ocrx_word' id='word_1_106' title='bbox 1143 1488 1591 1541; x_wconf 83' lang='lat' dir='ltr'><strong>Machabaeorum</strong></span> <span class='ocrx_word' id='word_1_107' title='bbox 1645 1488 2004 1540; x_wconf 90' lang='lat' dir='ltr'><strong>luminositer</strong></span> <span class='ocrx_word' id='word_1_108' title='bbox 2031 1489 2131 1541; x_wconf 89' lang='lat' dir='ltr'><strong>do-</strong></span> 
     </span>
    </p>
   </div>
   <div class='ocr_carea' id='block_1_17' title="bbox 438 1575 2133 1645">
    <p class='ocr_par' dir='ltr' id='par_1_17' title="bbox 438 1575 2133 1645">
     <span class='ocr_line' id='line_1_17' title="bbox 438 1575 2133 1645; baseline 0 -16"><span class='ocrx_word' id='word_1_109' title='bbox 438 1582 527 1630; x_wconf 88' lang='lat' dir='ltr'><strong>cet</strong></span> <span class='ocrx_word' id='word_1_110' title='bbox 571 1593 584 1629; x_wconf 88' lang='lat'><strong>:</strong></span> <span class='ocrx_word' id='word_1_111' title='bbox 637 1576 733 1645; x_wconf 89' lang='lat' dir='ltr'><strong>qui</strong></span> <span class='ocrx_word' id='word_1_112' title='bbox 790 1576 859 1628; x_wconf 86' lang='lat' dir='ltr'><strong>ab</strong></span> <span class='ocrx_word' id='word_1_113' title='bbox 911 1575 1106 1629; x_wconf 89' lang='lat' dir='ltr'><strong>amicis</strong></span> <span class='ocrx_word' id='word_1_114' title='bbox 1156 1576 1501 1640; x_wconf 86' lang='lat' dir='ltr'><strong>admonitus,</strong></span> <span class='ocrx_word' id='word_1_115' title='bbox 1561 1582 1622 1629; x_wconf 93' lang='lat' dir='ltr'><strong>ut</strong></span> <span class='ocrx_word' id='word_1_116' title='bbox 1667 1583 1884 1629; x_wconf 88' lang='lat' dir='ltr'><strong>secreto</strong></span> <span class='ocrx_word' id='word_1_117' title='bbox 1936 1593 2133 1629; x_wconf 86' lang='lat' dir='ltr'><strong>carnes</strong></span> 
     </span>
    </p>
   </div>
   <div class='ocr_carea' id='block_1_18' title="bbox 439 1664 2131 1735">
    <p class='ocr_par' dir='ltr' id='par_1_18' title="bbox 439 1664 2131 1735">
     <span class='ocr_line' id='line_1_18' title="bbox 439 1664 2131 1735; baseline -0.001 -16"><span class='ocrx_word' id='word_1_118' title='bbox 439 1666 575 1719; x_wconf 90' lang='lat' dir='ltr'><strong>alias</strong></span> <span class='ocrx_word' id='word_1_119' title='bbox 607 1668 814 1735; x_wconf 84' lang='lat' dir='ltr'><strong>praeter</strong></span> <span class='ocrx_word' id='word_1_120' title='bbox 857 1664 1269 1730; x_wconf 89' lang='lat' dir='ltr'><strong>immolatitias,</strong></span> <span class='ocrx_word' id='word_1_121' title='bbox 1310 1666 1395 1717; x_wconf 90' lang='lat' dir='ltr'><strong>vel</strong></span> <span class='ocrx_word' id='word_1_122' title='bbox 1425 1665 1619 1717; x_wconf 86' lang='lat' dir='ltr'><strong>suillas</strong></span> <span class='ocrx_word' id='word_1_123' title='bbox 1652 1665 1866 1731; x_wconf 85' lang='lat' dir='ltr'><strong>ederet,</strong></span> <span class='ocrx_word' id='word_1_124' title='bbox 1898 1664 2131 1717; x_wconf 88' lang='lat' dir='ltr'><strong>simula-</strong></span> 
     </span>
    </p>
   </div>
   <div class='ocr_carea' id='block_1_19' title="bbox 437 1753 2132 1824">
    <p class='ocr_par' dir='ltr' id='par_1_19' title="bbox 437 1753 2132 1824">
     <span class='ocr_line' id='line_1_19' title="bbox 437 1753 2132 1824; baseline -0.001 -16"><span class='ocrx_word' id='word_1_125' title='bbox 437 1760 640 1824; x_wconf 87' lang='lat' dir='ltr'><strong>retque</strong></span> <span class='ocrx_word' id='word_1_126' title='bbox 697 1770 755 1807; x_wconf 91' lang='lat' dir='ltr'><strong>se</strong></span> <span class='ocrx_word' id='word_1_127' title='bbox 810 1755 1129 1823; x_wconf 83' lang='lat' dir='ltr'><strong>prohibitas</strong></span> <span class='ocrx_word' id='word_1_128' title='bbox 1187 1754 1501 1820; x_wconf 85' lang='lat' dir='ltr'><strong>comedere,</strong></span> <span class='ocrx_word' id='word_1_129' title='bbox 1563 1770 1702 1823; x_wconf 83' lang='lat' dir='ltr'><strong>quas</strong></span> <span class='ocrx_word' id='word_1_130' title='bbox 1759 1770 1853 1807; x_wconf 85' lang='lat' dir='ltr'><strong>rex</strong></span> <span class='ocrx_word' id='word_1_131' title='bbox 1919 1753 2132 1824; x_wconf 90' lang='lat' dir='ltr'><strong>impius</strong></span> 
     </span>
    </p>
   </div>
   <div class='ocr_carea' id='block_1_20' title="bbox 440 1843 2135 1912">
    <p class='ocr_par' dir='ltr' id='par_1_20' title="bbox 440 1843 2135 1912">
     <span class='ocr_line' id='line_1_20' title="bbox 440 1843 2135 1912; baseline 0.001 -17"><span class='ocrx_word' id='word_1_132' title='bbox 440 1843 589 1896; x_wconf 87' lang='lat' dir='ltr'><strong>vesci</strong></span> <span class='ocrx_word' id='word_1_133' title='bbox 618 1843 897 1896; x_wconf 83' lang='lat' dir='ltr'><strong>instanter</strong></span> <span class='ocrx_word' id='word_1_134' title='bbox 927 1843 1186 1912; x_wconf 84' lang='lat' dir='ltr'><strong>urgebat,</strong></span> <span class='ocrx_word' id='word_1_135' title='bbox 1223 1848 1283 1895; x_wconf 89' lang='lat' dir='ltr'><strong>ut</strong></span> <span class='ocrx_word' id='word_1_136' title='bbox 1323 1849 1379 1895; x_wconf 84' lang='lat' dir='ltr'><strong>et</strong></span> <span class='ocrx_word' id='word_1_137' title='bbox 1425 1849 1669 1895; x_wconf 88' lang='lat' dir='ltr'><strong>mortem</strong></span> <span class='ocrx_word' id='word_1_138' title='bbox 1721 1843 2004 1909; x_wconf 79' lang='lat' dir='ltr'><strong>evaderet,</strong></span> <span class='ocrx_word' id='word_1_139' title='bbox 2060 1844 2135 1896; x_wconf 85' lang='lat' dir='ltr'><strong>le-</strong></span> 
     </span>
    </p>
   </div>
   <div class='ocr_carea' id='block_1_21' title="bbox 442 1931 2135 2002">
    <p class='ocr_par' dir='ltr' id='par_1_21' title="bbox 442 1931 2135 2002">
     <span class='ocr_line' id='line_1_21' title="bbox 442 1931 2135 2002; baseline 0 -18"><span class='ocrx_word' id='word_1_140' title='bbox 442 1932 642 2002; x_wconf 84' lang='lat' dir='ltr'><strong>gisque</strong></span> <span class='ocrx_word' id='word_1_141' title='bbox 675 1948 788 1984; x_wconf 91' lang='lat' dir='ltr'><strong>non</strong></span> <span class='ocrx_word' id='word_1_142' title='bbox 820 1932 1222 2001; x_wconf 65' lang='lat' dir='ltr'><strong>praavaricaret</strong></span> <span class='ocrx_word' id='word_1_143' title='bbox 1252 1931 1573 1995; x_wconf 86' lang='lat' dir='ltr'><strong>decretum;</strong></span> <span class='ocrx_word' id='word_1_144' title='bbox 1626 1931 1960 1985; x_wconf 88' lang='lat' dir='ltr'><strong>simulatum</strong></span> <span class='ocrx_word' id='word_1_145' title='bbox 2005 1948 2135 1984; x_wconf 83' lang='lat' dir='ltr'><strong>con-</strong></span> 
     </span>
    </p>
   </div>
   <div class='ocr_carea' id='block_1_22' title="bbox 440 2019 2132 2090">
    <p class='ocr_par' dir='ltr' id='par_1_22' title="bbox 440 2019 2132 2090">
     <span class='ocr_line' id='line_1_22' title="bbox 440 2019 2132 2090; baseline 0 -17"><span class='ocrx_word' id='word_1_146' title='bbox 440 2019 673 2090; x_wconf 89' lang='lat' dir='ltr'><strong>tempsit</strong></span> <span class='ocrx_word' id='word_1_147' title='bbox 721 2020 1040 2083; x_wconf 91' lang='lat' dir='ltr'><strong>deludium,</strong></span> <span class='ocrx_word' id='word_1_148' title='bbox 1092 2025 1155 2073; x_wconf 88' lang='lat' dir='ltr'><strong>ut</strong></span> <span class='ocrx_word' id='word_1_149' title='bbox 1194 2021 1555 2088; x_wconf 83' lang='lat' dir='ltr'><strong>propalaturn</strong></span> <span class='ocrx_word' id='word_1_150' title='bbox 1595 2029 1619 2053; x_wconf 72' lang='grc' dir='ltr'><strong>δ</strong></span> <span class='ocrx_word' id='word_1_151' title='bbox 1666 2020 1971 2074; x_wconf 87' lang='lat' dir='ltr'><strong>sustineret</strong></span> <span class='ocrx_word' id='word_1_152' title='bbox 2017 2025 2132 2073; x_wconf 91' lang='lat' dir='ltr'><strong>tro-</strong></span> 
     </span>
    </p>
   </div>
   <div class='ocr_carea' id='block_1_23' title="bbox 442 2108 2137 2179">
    <p class='ocr_par' dir='ltr' id='par_1_23' title="bbox 442 2108 2137 2179">
     <span class='ocr_line' id='line_1_23' title="bbox 442 2108 2137 2179; baseline 0 -18"><span class='ocrx_word' id='word_1_153' title='bbox 442 2125 656 2179; x_wconf 63' lang='lat' dir='ltr'><strong>paeum,</strong></span> <span class='ocrx_word' id='word_1_154' title='bbox 697 2110 973 2161; x_wconf 87' lang='lat' dir='ltr'><strong>secuturis</strong></span> <span class='ocrx_word' id='word_1_155' title='bbox 1017 2108 1237 2161; x_wconf 71' lang='lat' dir='ltr'><strong>sasculis</strong></span> <span class='ocrx_word' id='word_1_156' title='bbox 1281 2109 1507 2161; x_wconf 88' lang='lat' dir='ltr'><strong>virtutis</strong></span> <span class='ocrx_word' id='word_1_157' title='bbox 1557 2113 1671 2162; x_wconf 81' lang='lat' dir='ltr'><strong>tuae</strong></span> <span class='ocrx_word' id='word_1_158' title='bbox 1717 2125 1820 2178; x_wconf 89' lang='lat' dir='ltr'><strong>per</strong></span> <span class='ocrx_word' id='word_1_159' title='bbox 1858 2110 1966 2163; x_wconf 89' lang='lat' dir='ltr'><strong>hoc</strong></span> <span class='ocrx_word' id='word_1_160' title='bbox 2004 2109 2137 2161; x_wconf 87' lang='lat' dir='ltr'><strong>insi-</strong></span> 
     </span>
    </p>
   </div>
   <div class='ocr_carea' id='block_1_24' title="bbox 444 2197 2138 2267">
    <p class='ocr_par' dir='ltr' id='par_1_24' title="bbox 444 2197 2138 2267">
     <span class='ocr_line' id='line_1_24' title="bbox 444 2197 2138 2267; baseline 0.001 -17"><span class='ocrx_word' id='word_1_161' title='bbox 444 2213 627 2250; x_wconf 92' lang='lat' dir='ltr'><strong>nuans</strong></span> <span class='ocrx_word' id='word_1_162' title='bbox 687 2197 1061 2267; x_wconf 84' lang='lat' dir='ltr'><strong>exemplabile</strong></span> <span class='ocrx_word' id='word_1_163' title='bbox 1128 2198 1559 2250; x_wconf 87' lang='lat' dir='ltr'><strong>documentum.</strong></span> <span class='ocrx_word' id='word_1_164' title='bbox 1620 2200 1740 2252; x_wconf 81' lang='lat' dir='ltr'><strong>Non</strong></span> <span class='ocrx_word' id='word_1_165' title='bbox 1796 2201 1935 2251; x_wconf 84' lang='lat' dir='ltr'><strong>enim</strong></span> <span class='ocrx_word' id='word_1_166' title='bbox 1985 2200 2138 2251; x_wconf 63' lang='lat' dir='ltr'><strong>aetati</strong></span> 
     </span>
    </p>
   </div>
   <div class='ocr_carea' id='block_1_25' title="bbox 443 2286 2135 2355">
    <p class='ocr_par' dir='ltr' id='par_1_25' title="bbox 443 2286 2135 2355">
     <span class='ocr_line' id='line_1_25' title="bbox 443 2286 2135 2355; baseline 0 -16"><span class='ocrx_word' id='word_1_167' title='bbox 443 2292 639 2339; x_wconf 76' lang='lat' dir='ltr'><strong>nostrae</strong></span> <span class='ocrx_word' id='word_1_168' title='bbox 691 2286 913 2351; x_wconf 80' lang='lat' dir='ltr'><strong>dignum</strong></span> <span class='ocrx_word' id='word_1_169' title='bbox 965 2291 1061 2351; x_wconf 88' lang='lat' dir='ltr'><strong>est,</strong></span> <span class='ocrx_word' id='word_1_170' title='bbox 1111 2286 1318 2355; x_wconf 84' lang='lat' dir='ltr'><strong>inquit,</strong></span> <span class='ocrx_word' id='word_1_171' title='bbox 1369 2290 1586 2353; x_wconf 86' lang='lat' dir='ltr'><strong>ﬁngere,</strong></span> <span class='ocrx_word' id='word_1_172' title='bbox 1638 2291 1697 2338; x_wconf 88' lang='lat' dir='ltr'><strong>ut</strong></span> <span class='ocrx_word' id='word_1_173' title='bbox 1741 2288 1902 2340; x_wconf 81' lang='lat' dir='ltr'><strong>multi</strong></span> <span class='ocrx_word' id='word_1_174' title='bbox 1952 2287 2135 2341; x_wconf 89' lang='lat' dir='ltr'><strong>adole-</strong></span> 
     </span>
    </p>
   </div>
   <div class='ocr_carea' id='block_1_26' title="bbox 445 2375 2136 2441">
    <p class='ocr_par' dir='ltr' id='par_1_26' title="bbox 445 2375 2136 2441">
     <span class='ocr_line' id='line_1_26' title="bbox 445 2375 2136 2441; baseline 0.001 -12"><span class='ocrx_word' id='word_1_175' title='bbox 445 2376 671 2429; x_wconf 84' lang='lat' dir='ltr'><strong>scentuli</strong></span> <span class='ocrx_word' id='word_1_176' title='bbox 723 2375 1052 2428; x_wconf 77' lang='lat' dir='ltr'><strong>arbitrantes</strong></span> <span class='ocrx_word' id='word_1_177' title='bbox 1108 2375 1437 2428; x_wconf 77' lang='lat' dir='ltr'><strong>Eleazarum</strong></span> <span class='ocrx_word' id='word_1_178' title='bbox 1505 2378 1806 2441; x_wconf 78' lang='lat' dir='ltr'><strong>nonaginta</strong></span> <span class='ocrx_word' id='word_1_179' title='bbox 1871 2391 2136 2430; x_wconf 87' lang='lat' dir='ltr'><strong>annorum</strong></span> 
     </span>
    </p>
   </div>
   <div class='ocr_carea' id='block_1_27' title="bbox 450 2463 2138 2530">
    <p class='ocr_par' dir='ltr' id='par_1_27' title="bbox 450 2463 2138 2530">
     <span class='ocr_line' id='line_1_27' title="bbox 450 2463 2138 2530; baseline 0.001 -15"><span class='ocrx_word' id='word_1_180' title='bbox 450 2465 708 2515; x_wconf 80' lang='lat' dir='ltr'><strong>transisse</strong></span> <span class='ocrx_word' id='word_1_181' title='bbox 738 2463 811 2515; x_wconf 89' lang='lat' dir='ltr'><strong>ad</strong></span> <span class='ocrx_word' id='word_1_182' title='bbox 838 2465 1007 2516; x_wconf 84' lang='lat' dir='ltr'><strong>vitam</strong></span> <span class='ocrx_word' id='word_1_183' title='bbox 1038 2463 1485 2529; x_wconf 74' lang='lat' dir='ltr'><strong>alienigenarum,</strong></span> <span class='ocrx_word' id='word_1_184' title='bbox 1519 2466 1569 2514; x_wconf 90' lang='lat' dir='ltr'><strong>et</strong></span> <span class='ocrx_word' id='word_1_185' title='bbox 1602 2465 1710 2530; x_wconf 87' lang='lat' dir='ltr'><strong>ipsi</strong></span> <span class='ocrx_word' id='word_1_186' title='bbox 1726 2468 1950 2530; x_wconf 81' lang='lat' dir='ltr'><strong>propter</strong></span> <span class='ocrx_word' id='word_1_187' title='bbox 1965 2479 2138 2517; x_wconf 87' lang='lat' dir='ltr'><strong>meam</strong></span> 
     </span>
    </p>
   </div>
   <div class='ocr_carea' id='block_1_28' title="bbox 448 2551 2139 2619">
    <p class='ocr_par' dir='ltr' id='par_1_28' title="bbox 448 2551 2139 2619">
     <span class='ocr_line' id='line_1_28' title="bbox 448 2551 2139 2619; baseline 0.001 -17"><span class='ocrx_word' id='word_1_188' title='bbox 448 2552 870 2617; x_wconf 77' lang='lat' dir='ltr'><strong>simulationem,</strong></span> <span class='ocrx_word' id='word_1_189' title='bbox 919 2556 968 2603; x_wconf 88' lang='lat' dir='ltr'><strong>et</strong></span> <span class='ocrx_word' id='word_1_190' title='bbox 1014 2556 1238 2619; x_wconf 80' lang='lat' dir='ltr'><strong>propter</strong></span> <span class='ocrx_word' id='word_1_191' title='bbox 1285 2551 1553 2604; x_wconf 86' lang='lat' dir='ltr'><strong>modicum</strong></span> <span class='ocrx_word' id='word_1_192' title='bbox 1600 2551 1971 2619; x_wconf 76' lang='lat' dir='ltr'><strong>corruptibilis</strong></span> <span class='ocrx_word' id='word_1_193' title='bbox 2013 2555 2139 2605; x_wconf 69' lang='lat' dir='ltr'><strong>vitae</strong></span> 
     </span>
    </p>
   </div>
   <div class='ocr_carea' id='block_1_29' title="bbox 452 2638 2135 2707">
    <p class='ocr_par' dir='ltr' id='par_1_29' title="bbox 452 2638 2135 2707">
     <span class='ocr_line' id='line_1_29' title="bbox 452 2638 2135 2707; baseline 0.001 -18"><span class='ocrx_word' id='word_1_194' title='bbox 452 2642 657 2704; x_wconf 84' lang='lat' dir='ltr'><strong>tempus</strong></span> <span class='ocrx_word' id='word_1_195' title='bbox 697 2638 1064 2706; x_wconf 85' lang='lat' dir='ltr'><strong>decipiantur,</strong></span> <span class='ocrx_word' id='word_1_196' title='bbox 1109 2644 1157 2690; x_wconf 86' lang='lat' dir='ltr'><strong>et</strong></span> <span class='ocrx_word' id='word_1_197' title='bbox 1196 2654 1295 2707; x_wconf 86' lang='lat' dir='ltr'><strong>per</strong></span> <span class='ocrx_word' id='word_1_198' title='bbox 1335 2639 1427 2691; x_wconf 87' lang='lat' dir='ltr'><strong>hoc</strong></span> <span class='ocrx_word' id='word_1_199' title='bbox 1470 2639 1735 2691; x_wconf 88' lang='lat' dir='ltr'><strong>maculam</strong></span> <span class='ocrx_word' id='word_1_200' title='bbox 1783 2644 1946 2706; x_wconf 86' lang='lat' dir='ltr'><strong>atque</strong></span> <span class='ocrx_word' id='word_1_201' title='bbox 1987 2654 2135 2692; x_wconf 68' lang='lat' dir='ltr'><strong>exse-</strong></span> 
     </span>
    </p>
   </div>
   <div class='ocr_carea' id='block_1_30' title="bbox 450 2726 2139 2794">
    <p class='ocr_par' dir='ltr' id='par_1_30' title="bbox 450 2726 2139 2794">
     <span class='ocr_line' id='line_1_30' title="bbox 450 2726 2139 2794; baseline 0.002 -18"><span class='ocrx_word' id='word_1_202' title='bbox 450 2726 741 2777; x_wconf 82' lang='lat' dir='ltr'><strong>crationem</strong></span> <span class='ocrx_word' id='word_1_203' title='bbox 797 2741 922 2778; x_wconf 72' lang='lat' dir='ltr'><strong>mea:</strong></span> <span class='ocrx_word' id='word_1_204' title='bbox 984 2728 1265 2779; x_wconf 83' lang='lat' dir='ltr'><strong>senectutis</strong></span> <span class='ocrx_word' id='word_1_205' title='bbox 1332 2729 1665 2794; x_wconf 86' lang='lat' dir='ltr'><strong>conquiram.</strong></span> <span class='ocrx_word' id='word_1_206' title='bbox 1728 2728 1867 2781; x_wconf 86' lang='lat' dir='ltr'><strong>Nam</strong></span> <span class='ocrx_word' id='word_1_207' title='bbox 1922 2729 2024 2780; x_wconf 83' lang='lat' dir='ltr'><strong>etsi</strong></span> <span class='ocrx_word' id='word_1_208' title='bbox 2080 2730 2139 2779; x_wconf 86' lang='lat' dir='ltr'><strong>in</strong></span> 
     </span>
    </p>
   </div>
   <div class='ocr_carea' id='block_1_31' title="bbox 448 2815 2137 2882">
    <p class='ocr_par' dir='ltr' id='par_1_31' title="bbox 448 2815 2137 2882">
     <span class='ocr_line' id='line_1_31' title="bbox 448 2815 2137 2882; baseline 0.003 -19"><span class='ocrx_word' id='word_1_209' title='bbox 448 2815 705 2880; x_wconf 68' lang='lat' dir='ltr'><strong>praesenti</strong></span> <span class='ocrx_word' id='word_1_210' title='bbox 746 2817 977 2881; x_wconf 85' lang='lat' dir='ltr'><strong>tempore</strong></span> <span class='ocrx_word' id='word_1_211' title='bbox 1016 2816 1301 2882; x_wconf 81' lang='lat' dir='ltr'><strong>suppliciis</strong></span> <span class='ocrx_word' id='word_1_212' title='bbox 1334 2816 1608 2867; x_wconf 82' lang='lat' dir='ltr'><strong>hominum</strong></span> <span class='ocrx_word' id='word_1_213' title='bbox 1637 2817 1866 2882; x_wconf 86' lang='lat' dir='ltr'><strong>eripiar,</strong></span> <span class='ocrx_word' id='word_1_214' title='bbox 1898 2816 1991 2869; x_wconf 87' lang='lat' dir='ltr'><strong>sed</strong></span> <span class='ocrx_word' id='word_1_215' title='bbox 2020 2831 2137 2868; x_wconf 88' lang='lat' dir='ltr'><strong>ma-</strong></span> 
     </span>
    </p>
   </div>
   <div class='ocr_carea' id='block_1_32' title="bbox 448 2903 2139 2970">
    <p class='ocr_par' dir='ltr' id='par_1_32' title="bbox 448 2903 2139 2970">
     <span class='ocr_line' id='line_1_32' title="bbox 448 2903 2139 2970; baseline 0.002 -17"><span class='ocrx_word' id='word_1_216' title='bbox 448 2915 549 2953; x_wconf 86' lang='lat' dir='ltr'><strong>nus</strong></span> <span class='ocrx_word' id='word_1_217' title='bbox 601 2905 976 2969; x_wconf 72' lang='lat' dir='ltr'><strong>omnipotentis</strong></span> <span class='ocrx_word' id='word_1_218' title='bbox 1033 2919 1201 2970; x_wconf 87' lang='lat' dir='ltr'><strong>neque</strong></span> <span class='ocrx_word' id='word_1_219' title='bbox 1245 2905 1400 2956; x_wconf 83' lang='lat' dir='ltr'><strong>vivus</strong></span> <span class='ocrx_word' id='word_1_220' title='bbox 1449 2918 1617 2969; x_wconf 88' lang='lat' dir='ltr'><strong>neque</strong></span> <span class='ocrx_word' id='word_1_221' title='bbox 1658 2903 1944 2967; x_wconf 85' lang='lat' dir='ltr'><strong>defunctus</strong></span> <span class='ocrx_word' id='word_1_222' title='bbox 1996 2903 2139 2970; x_wconf 75' lang='lat' dir='ltr'><strong>effu—</strong></span> 
     </span>
    </p>
   </div>
   <div class='ocr_carea' id='block_1_33' title="bbox 450 2990 2221 3078">
    <p class='ocr_par' dir='ltr' id='par_1_33' title="bbox 450 2990 2221 3078">
     <span class='ocr_line' id='line_1_33' title="bbox 450 2990 2221 3078; baseline 0.002 -37"><span class='ocrx_word' id='word_1_223' title='bbox 450 2991 617 3054; x_wconf 88' lang='lat' dir='ltr'><strong>giam.</strong></span> <span class='ocrx_word' id='word_1_224' title='bbox 674 2990 1025 3055; x_wconf 85' lang='lat' dir='ltr'><strong>Quamobrem</strong></span> <span class='ocrx_word' id='word_1_225' title='bbox 1076 2994 1296 3056; x_wconf 84' lang='lat' dir='ltr'><strong>fortiter</strong></span> <span class='ocrx_word' id='word_1_226' title='bbox 1346 2994 1461 3044; x_wconf 83' lang='lat' dir='ltr'><strong>vita</strong></span> <span class='ocrx_word' id='word_1_227' title='bbox 1513 2992 1832 3058; x_wconf 61' lang='lat' dir='ltr'><strong>cur-cedendo,</strong></span> <span class='ocrx_word' id='word_1_228' title='bbox 1879 2997 2142 3045; x_wconf 87' lang='lat' dir='ltr'><strong>senectute</strong></span> <span class='ocrx_word' id='word_1_229' title='bbox 2182 3025 2221 3078; x_wconf 65' lang='grc' dir='ltr'>Ο</span> 
     </span>
    </p>
   </div>
   <div class='ocr_carea' id='block_1_34' title="bbox 452 3077 2141 3149">
    <p class='ocr_par' dir='ltr' id='par_1_34' title="bbox 452 3077 2141 3149">
     <span class='ocr_line' id='line_1_34' title="bbox 452 3077 2141 3149; baseline 0.002 -20"><span class='ocrx_word' id='word_1_230' title='bbox 452 3077 668 3145; x_wconf 83' lang='lat' dir='ltr'><strong>quidem</strong></span> <span class='ocrx_word' id='word_1_231' title='bbox 733 3079 932 3146; x_wconf 85' lang='lat' dir='ltr'><strong>dignus</strong></span> <span class='ocrx_word' id='word_1_232' title='bbox 998 3080 1292 3148; x_wconf 87' lang='lat' dir='ltr'><strong>apparebo,</strong></span> <span class='ocrx_word' id='word_1_233' title='bbox 1352 3080 1775 3133; x_wconf 84' lang='lat' dir='ltr'><strong>adolescentibus</strong></span> <span class='ocrx_word' id='word_1_234' title='bbox 1840 3082 2141 3149; x_wconf 64' lang='lat' dir='ltr'><strong>exemplum</strong></span> 
     </span>
    </p>
   </div>
   <div class='ocr_carea' id='block_1_35' title="bbox 449 3168 2139 3237">
    <p class='ocr_par' dir='ltr' id='par_1_35' title="bbox 449 3168 2139 3237">
     <span class='ocr_line' id='line_1_35' title="bbox 449 3168 2139 3237; baseline 0.002 -19"><span class='ocrx_word' id='word_1_235' title='bbox 449 3168 590 3231; x_wconf 79' lang='lat' dir='ltr'><strong>forte</strong></span> <span class='ocrx_word' id='word_1_236' title='bbox 645 3169 972 3235; x_wconf 85' lang='lat' dir='ltr'><strong>relinquam,</strong></span> <span class='ocrx_word' id='word_1_237' title='bbox 1029 3170 1079 3221; x_wconf 84' lang='lat' dir='ltr'><strong>si</strong></span> <span class='ocrx_word' id='word_1_238' title='bbox 1130 3173 1381 3236; x_wconf 86' lang='lat' dir='ltr'><strong>prompto</strong></span> <span class='ocrx_word' id='word_1_239' title='bbox 1433 3171 1613 3221; x_wconf 86' lang='lat' dir='ltr'><strong>animo</strong></span> <span class='ocrx_word' id='word_1_240' title='bbox 1671 3184 1733 3221; x_wconf 90' lang='lat' dir='ltr'><strong>ac</strong></span> <span class='ocrx_word' id='word_1_241' title='bbox 1779 3171 1999 3234; x_wconf 83' lang='lat' dir='ltr'><strong>fortiter</strong></span> <span class='ocrx_word' id='word_1_242' title='bbox 2039 3186 2139 3237; x_wconf 81' lang='lat' dir='ltr'><strong>pro</strong></span> 
     </span>
    </p>
   </div>
   <div class='ocr_carea' id='block_1_36' title="bbox 450 3254 2137 3326">
    <p class='ocr_par' dir='ltr' id='par_1_36' title="bbox 450 3254 2137 3326">
     <span class='ocr_line' id='line_1_36' title="bbox 450 3254 2137 3326; baseline 0.002 -19"><span class='ocrx_word' id='word_1_243' title='bbox 450 3257 795 3320; x_wconf 81' lang='lat' dir='ltr'><strong>gravissimis</strong></span> <span class='ocrx_word' id='word_1_244' title='bbox 833 3261 883 3309; x_wconf 89' lang='lat' dir='ltr'><strong>et</strong></span> <span class='ocrx_word' id='word_1_245' title='bbox 910 3254 1272 3310; x_wconf 81' lang='lat' dir='ltr'><strong>sanctissimis</strong></span> <span class='ocrx_word' id='word_1_246' title='bbox 1314 3257 1517 3321; x_wconf 81' lang='lat' dir='ltr'><strong>legibus</strong></span> <span class='ocrx_word' id='word_1_247' title='bbox 1563 3257 1784 3310; x_wconf 80' lang='lat' dir='ltr'><strong>honesta</strong></span> <span class='ocrx_word' id='word_1_248' title='bbox 1822 3264 1989 3311; x_wconf 87' lang='lat' dir='ltr'><strong>morte</strong></span> <span class='ocrx_word' id='word_1_249' title='bbox 2012 3274 2137 3326; x_wconf 87' lang='lat' dir='ltr'><strong>per-</strong></span> 
     </span>
    </p>
   </div>
   <div class='ocr_carea' id='block_1_37' title="bbox 450 3344 2138 3412">
    <p class='ocr_par' dir='ltr' id='par_1_37' title="bbox 450 3344 2138 3412">
     <span class='ocr_line' id='line_1_37' title="bbox 450 3344 2138 3412; baseline 0.002 -17"><span class='ocrx_word' id='word_1_250' title='bbox 450 3344 659 3409; x_wconf 83' lang='lat' dir='ltr'><strong>fungar</strong></span> <span class='ocrx_word' id='word_1_251' title='bbox 708 3346 786 3412; x_wconf 89' lang='lat' dir='ltr'><strong>(II</strong></span> <span class='ocrx_word' id='word_1_252' title='bbox 826 3344 999 3397; x_wconf 80' lang='lat' dir='ltr'><strong>Much.</strong></span> <span class='ocrx_word' id='word_1_253' title='bbox 1057 3360 1131 3409; x_wconf 73' lang='lat' dir='ltr'><strong>vr,</strong></span> <span class='ocrx_word' id='word_1_254' title='bbox 1180 3345 1391 3412; x_wconf 58' lang='lat'><strong>2-1-28).</strong></span> <span class='ocrx_word' id='word_1_255' title='bbox 1447 3346 1554 3398; x_wconf 89' lang='lat' dir='ltr'><strong>Iste</strong></span> <span class='ocrx_word' id='word_1_256' title='bbox 1586 3345 1739 3398; x_wconf 91' lang='lat' dir='ltr'><strong>enim</strong></span> <span class='ocrx_word' id='word_1_257' title='bbox 1775 3351 1831 3398; x_wconf 90' lang='lat' dir='ltr'><strong>et</strong></span> <span class='ocrx_word' id='word_1_258' title='bbox 1870 3346 2138 3400; x_wconf 89' lang='lat' dir='ltr'><strong>simulare</strong></span> 
     </span>
    </p>
   </div>
   <div class='ocr_carea' id='block_1_38' title="bbox 453 3432 2141 3499">
    <p class='ocr_par' dir='ltr' id='par_1_38' title="bbox 453 3432 2141 3499">
     <span class='ocr_line' id='line_1_38' title="bbox 453 3432 2141 3499; baseline 0.002 -16"><span class='ocrx_word' id='word_1_259' title='bbox 453 3432 644 3498; x_wconf 85' lang='lat' dir='ltr'><strong>potuit</strong></span> <span class='ocrx_word' id='word_1_260' title='bbox 674 3432 795 3484; x_wconf 89' lang='lat' dir='ltr'><strong>sine</strong></span> <span class='ocrx_word' id='word_1_261' title='bbox 836 3432 1287 3499; x_wconf 82' lang='lat' dir='ltr'><strong>transgressione</strong></span> <span class='ocrx_word' id='word_1_262' title='bbox 1326 3432 1560 3495; x_wconf 89' lang='lat' dir='ltr'><strong>inlicita,</strong></span> <span class='ocrx_word' id='word_1_263' title='bbox 1614 3438 1671 3485; x_wconf 90' lang='lat' dir='ltr'><strong>et</strong></span> <span class='ocrx_word' id='word_1_264' title='bbox 1716 3433 1867 3485; x_wconf 90' lang='lat' dir='ltr'><strong>licita</strong></span> <span class='ocrx_word' id='word_1_265' title='bbox 1909 3450 2025 3486; x_wconf 91' lang='lat' dir='ltr'><strong>non</strong></span> <span class='ocrx_word' id='word_1_266' title='bbox 2072 3434 2141 3487; x_wconf 90' lang='lat' dir='ltr'><strong>si-</strong></span> 
     </span>
    </p>
   </div>
   <div class='ocr_carea' id='block_1_39' title="bbox 456 3519 2137 3590">
    <p class='ocr_par' dir='ltr' id='par_1_39' title="bbox 456 3519 2137 3590">
     <span class='ocr_line' id='line_1_39' title="bbox 456 3519 2137 3590; baseline 0.003 -19"><span class='ocrx_word' id='word_1_267' title='bbox 456 3521 762 3585; x_wconf 89' lang='lat' dir='ltr'><strong>mulanter,</strong></span> <span class='ocrx_word' id='word_1_268' title='bbox 795 3520 891 3572; x_wconf 85' lang='lat' dir='ltr'><strong>sed</strong></span> <span class='ocrx_word' id='word_1_269' title='bbox 935 3536 1066 3572; x_wconf 85' lang='lat' dir='ltr'><strong>vere</strong></span> <span class='ocrx_word' id='word_1_270' title='bbox 1095 3519 1254 3573; x_wconf 88' lang='lat' dir='ltr'><strong>fuere</strong></span> <span class='ocrx_word' id='word_1_271' title='bbox 1295 3537 1306 3572; x_wconf 90' lang='lat'>:</span> <span class='ocrx_word' id='word_1_272' title='bbox 1352 3520 1447 3573; x_wconf 87' lang='lat' dir='ltr'><strong>sed</strong></span> <span class='ocrx_word' id='word_1_273' title='bbox 1488 3521 1694 3584; x_wconf 89' lang='lat' dir='ltr'><strong>renuit,</strong></span> <span class='ocrx_word' id='word_1_274' title='bbox 1742 3526 1797 3574; x_wconf 90' lang='lat' dir='ltr'><strong>et</strong></span> <span class='ocrx_word' id='word_1_275' title='bbox 1828 3522 2137 3590; x_wconf 88' lang='lat' dir='ltr'><strong>pretiosam</strong></span> 
     </span>
    </p>
   </div>
   <div class='ocr_carea' id='block_1_40' title="bbox 452 3608 2140 3679">
    <p class='ocr_par' dir='ltr' id='par_1_40' title="bbox 452 3608 2140 3679">
     <span class='ocr_line' id='line_1_40' title="bbox 452 3608 2140 3679; baseline 0.002 -19"><span class='ocrx_word' id='word_1_276' title='bbox 452 3612 695 3661; x_wconf 88' lang='lat' dir='ltr'><strong>mortem</strong></span> <span class='ocrx_word' id='word_1_277' title='bbox 734 3624 837 3677; x_wconf 91' lang='lat' dir='ltr'><strong>pro</strong></span> <span class='ocrx_word' id='word_1_278' title='bbox 881 3608 1122 3660; x_wconf 87' lang='lat' dir='ltr'><strong>Domino</strong></span> <span class='ocrx_word' id='word_1_279' title='bbox 1153 3617 1207 3660; x_wconf 86' lang='lat' dir='ltr'><strong>et</strong></span> <span class='ocrx_word' id='word_1_280' title='bbox 1241 3608 1496 3677; x_wconf 89' lang='lat' dir='ltr'><strong>legitima</strong></span> <span class='ocrx_word' id='word_1_281' title='bbox 1524 3611 1547 3651; x_wconf 66' lang='grc' dir='ltr'><strong>Ι)</strong></span> <span class='ocrx_word' id='word_1_282' title='bbox 1577 3610 1697 3679; x_wconf 89' lang='lat' dir='ltr'><strong>ejus</strong></span> <span class='ocrx_word' id='word_1_283' title='bbox 1730 3610 1926 3663; x_wconf 80' lang='lat' dir='ltr'><strong>volens</strong></span> <span class='ocrx_word' id='word_1_284' title='bbox 1956 3612 2140 3664; x_wconf 88' lang='lat' dir='ltr'><strong>incur-</strong></span> 
     </span>
    </p>
   </div>
   <div class='ocr_carea' id='block_1_41' title="bbox 453 3696 2138 3767">
    <p class='ocr_par' dir='ltr' id='par_1_41' title="bbox 453 3696 2138 3767">
     <span class='ocr_line' id='line_1_41' title="bbox 453 3696 2138 3767; baseline 0.002 -19"><span class='ocrx_word' id='word_1_285' title='bbox 453 3697 544 3761; x_wconf 85' lang='lat' dir='ltr'><strong>rit,</strong></span> <span class='ocrx_word' id='word_1_286' title='bbox 579 3696 772 3749; x_wconf 89' lang='lat' dir='ltr'><strong>dicens</strong></span> <span class='ocrx_word' id='word_1_287' title='bbox 801 3696 859 3750; x_wconf 92' lang='lat' dir='ltr'><strong>in</strong></span> <span class='ocrx_word' id='word_1_288' title='bbox 892 3697 979 3750; x_wconf 91' lang='lat' dir='ltr'><strong>sui</strong></span> <span class='ocrx_word' id='word_1_289' title='bbox 1011 3698 1280 3750; x_wconf 83' lang='lat' dir='ltr'><strong>transitus</strong></span> <span class='ocrx_word' id='word_1_290' title='bbox 1311 3698 1446 3749; x_wconf 90' lang='lat' dir='ltr'><strong>hora</strong></span> <span class='ocrx_word' id='word_1_291' title='bbox 1491 3712 1502 3750; x_wconf 91' lang='lat'>:</span> <span class='ocrx_word' id='word_1_292' title='bbox 1551 3701 1788 3762; x_wconf 87' lang='lat' dir='ltr'><strong>Domine,</strong></span> <span class='ocrx_word' id='word_1_293' title='bbox 1840 3701 1935 3767; x_wconf 85' lang='lat' dir='ltr'><strong>qui</strong></span> <span class='ocrx_word' id='word_1_294' title='bbox 1978 3700 2138 3753; x_wconf 86' lang='lat' dir='ltr'><strong>habes</strong></span> 
     </span>
    </p>
   </div>
   <div class='ocr_carea' id='block_1_42' title="bbox 449 3788 2138 3855">
    <p class='ocr_par' dir='ltr' id='par_1_42' title="bbox 449 3788 2138 3855">
     <span class='ocr_line' id='line_1_42' title="bbox 449 3788 2138 3855; baseline 0.001 -17"><span class='ocrx_word' id='word_1_295' title='bbox 449 3790 694 3839; x_wconf 89' lang='lat' dir='ltr'><strong>sanctam</strong></span> <span class='ocrx_word' id='word_1_296' title='bbox 746 3788 1042 3851; x_wconf 81' lang='lat' dir='ltr'><strong>scientiam,</strong></span> <span class='ocrx_word' id='word_1_297' title='bbox 1101 3788 1386 3851; x_wconf 77' lang='lat' dir='ltr'><strong>manifeste</strong></span> <span class='ocrx_word' id='word_1_298' title='bbox 1449 3790 1554 3840; x_wconf 84' lang='lat' dir='ltr'><strong>scis</strong></span> <span class='ocrx_word' id='word_1_299' title='bbox 1620 3793 1677 3840; x_wconf 88' lang='lat' dir='ltr'><strong>tu</strong></span> <span class='ocrx_word' id='word_1_300' title='bbox 1739 3790 1870 3855; x_wconf 87' lang='lat' dir='ltr'><strong>quia</strong></span> <span class='ocrx_word' id='word_1_301' title='bbox 1930 3802 2049 3839; x_wconf 88' lang='lat' dir='ltr'><strong>cum</strong></span> <span class='ocrx_word' id='word_1_302' title='bbox 2104 3803 2138 3839; x_wconf 81' lang='grc' dir='ltr'><strong>ιι</strong></span> 
     </span>
    </p>
   </div>
   <div class='ocr_carea' id='block_1_43' title="bbox 450 3875 2139 3943">
    <p class='ocr_par' dir='ltr' id='par_1_43' title="bbox 450 3875 2139 3943">
     <span class='ocr_line' id='line_1_43' title="bbox 450 3875 2139 3943; baseline 0 -16"><span class='ocrx_word' id='word_1_303' title='bbox 450 3880 616 3928; x_wconf 89' lang='lat' dir='ltr'><strong>morte</strong></span> <span class='ocrx_word' id='word_1_304' title='bbox 654 3877 860 3943; x_wconf 87' lang='lat' dir='ltr'><strong>possim</strong></span> <span class='ocrx_word' id='word_1_305' title='bbox 906 3875 1130 3928; x_wconf 78' lang='lat' dir='ltr'><strong>liberari</strong></span> <span class='ocrx_word' id='word_1_306' title='bbox 1175 3875 1337 3928; x_wconf 86' lang='lat' dir='ltr'><strong>duros</strong></span> <span class='ocrx_word' id='word_1_307' title='bbox 1369 3884 1388 3907; x_wconf 76' lang='grc' dir='ltr'>ο</span> <span class='ocrx_word' id='word_1_308' title='bbox 1430 3878 1671 3943; x_wconf 78' lang='lat' dir='ltr'><strong>corporis</strong></span> <span class='ocrx_word' id='word_1_309' title='bbox 1716 3878 1951 3927; x_wconf 87' lang='lat' dir='ltr'><strong>sustineo</strong></span> <span class='ocrx_word' id='word_1_310' title='bbox 1996 3875 2139 3927; x_wconf 86' lang='lat' dir='ltr'><strong>dolo-</strong></span> 
     </span>
    </p>
   </div>
   <div class='ocr_carea' id='block_1_44' title="bbox 447 3963 2138 4031">
    <p class='ocr_par' dir='ltr' id='par_1_44' title="bbox 447 3963 2138 4031">
     <span class='ocr_line' id='line_1_44' title="bbox 447 3963 2138 4031; baseline 0.001 -16"><span class='ocrx_word' id='word_1_311' title='bbox 447 3978 533 4016; x_wconf 87' lang='lat' dir='ltr'><strong>res</strong></span> <span class='ocrx_word' id='word_1_312' title='bbox 583 3982 598 4015; x_wconf 92' lang='lat'><strong><em>:</em></strong></span> <span class='ocrx_word' id='word_1_313' title='bbox 644 3963 935 4017; x_wconf 86' lang='lat' dir='ltr'><strong>secundum</strong></span> <span class='ocrx_word' id='word_1_314' title='bbox 979 3965 1217 4016; x_wconf 81' lang='lat' dir='ltr'><strong>animam</strong></span> <span class='ocrx_word' id='word_1_315' title='bbox 1258 3979 1381 4016; x_wconf 83' lang='lat' dir='ltr'><strong>vero</strong></span> <span class='ocrx_word' id='word_1_316' title='bbox 1422 3970 1643 4031; x_wconf 76' lang='lat' dir='ltr'><strong>propter</strong></span> <span class='ocrx_word' id='word_1_317' title='bbox 1698 3966 1939 4015; x_wconf 85' lang='lat' dir='ltr'><strong>timorem</strong></span> <span class='ocrx_word' id='word_1_318' title='bbox 1989 3968 2138 4016; x_wconf 86' lang='lat' dir='ltr'><strong>tuum</strong></span> 
     </span>
    </p>
   </div>
   <div class='ocr_carea' id='block_1_45' title="bbox 449 4051 2133 4121">
    <p class='ocr_par' dir='ltr' id='par_1_45' title="bbox 449 4051 2133 4121">
     <span class='ocr_line' id='line_1_45' title="bbox 449 4051 2133 4121; baseline 0 -17"><span class='ocrx_word' id='word_1_319' title='bbox 449 4053 672 4106; x_wconf 87' lang='lat' dir='ltr'><strong>libenter</strong></span> <span class='ocrx_word' id='word_1_320' title='bbox 722 4053 828 4105; x_wconf 72' lang='lat' dir='ltr'><strong>haec</strong></span> <span class='ocrx_word' id='word_1_321' title='bbox 872 4054 1057 4119; x_wconf 85' lang='lat' dir='ltr'><strong>patior</strong></span> <span class='ocrx_word' id='word_1_322' title='bbox 1102 4051 1294 4121; x_wconf 59' lang='lat' dir='ltr'><strong>(Ibid,</strong></span> <span class='ocrx_word' id='word_1_323' title='bbox 1357 4052 1467 4119; x_wconf 85' lang='lat'><strong>30).</strong></span> <span class='ocrx_word' id='word_1_324' title='bbox 1529 4052 1706 4119; x_wconf 82' lang='lat' dir='ltr'><strong>Hujus</strong></span> <span class='ocrx_word' id='word_1_325' title='bbox 1756 4051 1980 4103; x_wconf 88' lang='lat' dir='ltr'><strong>imitare</strong></span> <span class='ocrx_word' id='word_1_326' title='bbox 2039 4051 2133 4104; x_wconf 91' lang='lat' dir='ltr'><strong>de-</strong></span> 
     </span>
    </p>
   </div>
   <div class='ocr_carea' id='block_1_46' title="bbox 447 4138 2132 4208">
    <p class='ocr_par' dir='ltr' id='par_1_46' title="bbox 447 4138 2132 4208">
     <span class='ocr_line' id='line_1_46' title="bbox 447 4138 2132 4208; baseline -0.002 -15"><span class='ocrx_word' id='word_1_327' title='bbox 447 4141 564 4195; x_wconf 90' lang='lat' dir='ltr'><strong>cuit</strong></span> <span class='ocrx_word' id='word_1_328' title='bbox 602 4140 812 4193; x_wconf 90' lang='lat' dir='ltr'><strong>factum</strong></span> <span class='ocrx_word' id='word_1_329' title='bbox 856 4139 1169 4208; x_wconf 87' lang='lat' dir='ltr'><strong>probabile,</strong></span> <span class='ocrx_word' id='word_1_330' title='bbox 1218 4143 1275 4193; x_wconf 90' lang='lat' dir='ltr'><strong>et</strong></span> <span class='ocrx_word' id='word_1_331' title='bbox 1324 4156 1437 4192; x_wconf 91' lang='lat' dir='ltr'><strong>non</strong></span> <span class='ocrx_word' id='word_1_332' title='bbox 1482 4156 1653 4208; x_wconf 90' lang='lat' dir='ltr'><strong>prosu</strong></span> <span class='ocrx_word' id='word_1_333' title='bbox 1696 4139 1818 4191; x_wconf 88' lang='lat' dir='ltr'><strong>illas</strong></span> <span class='ocrx_word' id='word_1_334' title='bbox 1851 4138 1876 4172; x_wconf 71' lang='grc' dir='ltr'><strong><em>ἀ</em></strong></span> <span class='ocrx_word' id='word_1_335' title='bbox 1916 4155 2132 4205; x_wconf 86' lang='lat' dir='ltr'><strong>carnes,</strong></span> 
     </span>
    </p>
   </div>
   <div class='ocr_carea' id='block_1_47' title="bbox 447 4227 2137 4297">
    <p class='ocr_par' dir='ltr' id='par_1_47' title="bbox 447 4227 2137 4297">
     <span class='ocr_line' id='line_1_47' title="bbox 447 4227 2137 4297; baseline -0.001 -16"><span class='ocrx_word' id='word_1_336' title='bbox 447 4234 510 4281; x_wconf 89' lang='lat' dir='ltr'><strong>ut</strong></span> <span class='ocrx_word' id='word_1_337' title='bbox 540 4229 661 4296; x_wconf 88' lang='lat' dir='ltr'><strong>ipse</strong></span> <span class='ocrx_word' id='word_1_338' title='bbox 691 4228 1028 4281; x_wconf 86' lang='lat' dir='ltr'><strong>venerabilis</strong></span> <span class='ocrx_word' id='word_1_339' title='bbox 1057 4245 1245 4294; x_wconf 85' lang='lat' dir='ltr'><strong>senex,</strong></span> <span class='ocrx_word' id='word_1_340' title='bbox 1283 4229 1380 4281; x_wconf 91' lang='lat' dir='ltr'><strong>sed</strong></span> <span class='ocrx_word' id='word_1_341' title='bbox 1408 4244 1508 4297; x_wconf 89' lang='lat' dir='ltr'><strong>pro</strong></span> <span class='ocrx_word' id='word_1_342' title='bbox 1545 4227 1796 4292; x_wconf 78' lang='lat' dir='ltr'><strong>veritate,</strong></span> <span class='ocrx_word' id='word_1_343' title='bbox 1831 4243 1959 4296; x_wconf 68' lang='lat' dir='ltr'><strong>qua:</strong></span> <span class='ocrx_word' id='word_1_344' title='bbox 1993 4228 2137 4279; x_wconf 89' lang='lat' dir='ltr'><strong>Deus</strong></span> 
     </span>
    </p>
   </div>
   <div class='ocr_carea' id='block_1_48' title="bbox 2174 1728 2213 1781">
    <p class='ocr_par' dir='ltr' id='par_1_48' title="bbox 2174 1728 2213 1781">
     <span class='ocr_line' id='line_1_48' title="bbox 2174 1728 2213 1781; baseline 0 0"><span class='ocrx_word' id='word_1_345' title='bbox 2174 1728 2213 1781; x_wconf 89' lang='grc' dir='ltr'>Β</span> 
     </span>
    </p>
   </div>
   <div class='ocr_carea' id='block_1_49' title="bbox 2234 508 3926 582">
    <p class='ocr_par' dir='ltr' id='par_1_49' title="bbox 2234 508 3926 582">
     <span class='ocr_line' id='line_1_49' title="bbox 2234 508 3926 582; baseline -0.004 -16"><span class='ocrx_word' id='word_1_346' title='bbox 2234 513 2514 566; x_wconf 88' lang='lat' dir='ltr'><strong>Dominus</strong></span> <span class='ocrx_word' id='word_1_347' title='bbox 2561 514 2660 582; x_wconf 86' lang='lat' dir='ltr'><strong>qui</strong></span> <span class='ocrx_word' id='word_1_348' title='bbox 2685 513 2972 582; x_wconf 86' lang='lat' dir='ltr'><strong>justitiam</strong></span> <span class='ocrx_word' id='word_1_349' title='bbox 3003 511 3215 581; x_wconf 85' lang='lat' dir='ltr'><strong>diligit,</strong></span> <span class='ocrx_word' id='word_1_350' title='bbox 3253 516 3310 565; x_wconf 91' lang='lat' dir='ltr'><strong>et</strong></span> <span class='ocrx_word' id='word_1_351' title='bbox 3339 511 3498 580; x_wconf 87' lang='lat' dir='ltr'><strong>cujus</strong></span> <span class='ocrx_word' id='word_1_352' title='bbox 3528 511 3716 563; x_wconf 87' lang='lat' dir='ltr'><strong>vultus</strong></span> <span class='ocrx_word' id='word_1_353' title='bbox 3756 508 3926 578; x_wconf 76' lang='lat' dir='ltr'><strong>aequi-</strong></span> 
     </span>
    </p>
   </div>
   <div class='ocr_carea' id='block_1_50' title="bbox 2234 598 3923 670">
    <p class='ocr_par' dir='ltr' id='par_1_50' title="bbox 2234 598 3923 670">
     <span class='ocr_line' id='line_1_50' title="bbox 2234 598 3923 670; baseline -0.004 -15"><span class='ocrx_word' id='word_1_354' title='bbox 2234 606 2409 656; x_wconf 88' lang='lat' dir='ltr'><strong>tatem</strong></span> <span class='ocrx_word' id='word_1_355' title='bbox 2463 602 2720 655; x_wconf 88' lang='lat' dir='ltr'><strong>decernit</strong></span> <span class='ocrx_word' id='word_1_356' title='bbox 2765 602 2933 669; x_wconf 81' lang='lat' dir='ltr'><strong>(Psal.</strong></span> <span class='ocrx_word' id='word_1_357' title='bbox 2984 600 3064 670; x_wconf 79' lang='lat' dir='ltr'><strong>x),</strong></span> <span class='ocrx_word' id='word_1_358' title='bbox 3111 600 3221 670; x_wconf 87' lang='lat' dir='ltr'><strong>ipsi</strong></span> <span class='ocrx_word' id='word_1_359' title='bbox 3267 600 3463 653; x_wconf 71' lang='lat' dir='ltr'><strong>bestia:</strong></span> <span class='ocrx_word' id='word_1_360' title='bbox 3511 598 3923 652; x_wconf 79' lang='lat' dir='ltr'><strong>conrodendos.</strong></span> 
     </span>
    </p>
   </div>
   <div class='ocr_carea' id='block_1_51' title="bbox 2237 687 3929 757">
    <p class='ocr_par' dir='ltr' id='par_1_51' title="bbox 2237 687 3929 757">
     <span class='ocr_line' id='line_1_51' title="bbox 2237 687 3929 757; baseline -0.004 -12"><span class='ocrx_word' id='word_1_361' title='bbox 2237 690 2542 745; x_wconf 88' lang='lat' dir='ltr'><strong>Suscitavit</strong></span> <span class='ocrx_word' id='word_1_362' title='bbox 2588 690 2742 743; x_wconf 89' lang='lat' dir='ltr'><strong>enim</strong></span> <span class='ocrx_word' id='word_1_363' title='bbox 2789 706 2959 755; x_wconf 63' lang='lat' dir='ltr'><strong>super</strong></span> <span class='ocrx_word' id='word_1_364' title='bbox 3003 706 3105 741; x_wconf 89' lang='lat' dir='ltr'><strong>nos</strong></span> <span class='ocrx_word' id='word_1_365' title='bbox 3134 689 3324 757; x_wconf 88' lang='lat' dir='ltr'><strong>ipsum</strong></span> <span class='ocrx_word' id='word_1_366' title='bbox 3360 688 3521 757; x_wconf 89' lang='lat' dir='ltr'><strong>quasi</strong></span> <span class='ocrx_word' id='word_1_367' title='bbox 3552 687 3785 757; x_wconf 86' lang='lat' dir='ltr'><strong>proprie</strong></span> <span class='ocrx_word' id='word_1_368' title='bbox 3818 703 3929 739; x_wconf 88' lang='lat' dir='ltr'><strong>ma-</strong></span> 
     </span>
    </p>
   </div>
   <div class='ocr_carea' id='block_1_52' title="bbox 2236 777 3926 849">
    <p class='ocr_par' dir='ltr' id='par_1_52' title="bbox 2236 777 3926 849">
     <span class='ocr_line' id='line_1_52' title="bbox 2236 777 3926 849; baseline -0.003 -17"><span class='ocrx_word' id='word_1_369' title='bbox 2236 779 2531 843; x_wconf 90' lang='lat' dir='ltr'><strong>ledictum,</strong></span> <span class='ocrx_word' id='word_1_370' title='bbox 2573 779 2672 849; x_wconf 90' lang='lat' dir='ltr'><strong>qui</strong></span> <span class='ocrx_word' id='word_1_371' title='bbox 2711 794 2941 831; x_wconf 78' lang='lat' dir='ltr'><strong>omnem</strong></span> <span class='ocrx_word' id='word_1_372' title='bbox 2982 777 3420 831; x_wconf 67' lang='lat' dir='ltr'><strong>Lln&#39;istianitatis</strong></span> <span class='ocrx_word' id='word_1_373' title='bbox 3452 777 3719 846; x_wconf 88' lang='lat' dir='ltr'><strong>gradum,</strong></span> <span class='ocrx_word' id='word_1_374' title='bbox 3755 782 3812 827; x_wconf 90' lang='lat' dir='ltr'><strong>et</strong></span> <span class='ocrx_word' id='word_1_375' title='bbox 3842 780 3926 828; x_wconf 87' lang='lat' dir='ltr'><strong>to-</strong></span> 
     </span>
    </p>
   </div>
   <div class='ocr_carea' id='block_1_53' title="bbox 2237 864 3931 934">
    <p class='ocr_par' dir='ltr' id='par_1_53' title="bbox 2237 864 3931 934">
     <span class='ocr_line' id='line_1_53' title="bbox 2237 864 3931 934; baseline -0.004 -14"><span class='ocrx_word' id='word_1_376' title='bbox 2237 868 2351 920; x_wconf 87' lang='lat' dir='ltr'><strong>tius</strong></span> <span class='ocrx_word' id='word_1_377' title='bbox 2406 868 2663 920; x_wconf 71' lang='lat' dir='ltr'><strong>Ecclesia:</strong></span> <span class='ocrx_word' id='word_1_378' title='bbox 2716 872 2927 919; x_wconf 88' lang='lat' dir='ltr'><strong>statum</strong></span> <span class='ocrx_word' id='word_1_379' title='bbox 2989 865 3254 919; x_wconf 86' lang='lat' dir='ltr'><strong>contrivit</strong></span> <span class='ocrx_word' id='word_1_380' title='bbox 3304 882 3315 917; x_wconf 89' lang='lat'>:</span> <span class='ocrx_word' id='word_1_381' title='bbox 3367 881 3586 934; x_wconf 89' lang='lat' dir='ltr'><strong>nosque</strong></span> <span class='ocrx_word' id='word_1_382' title='bbox 3634 864 3829 932; x_wconf 82' lang='lat' dir='ltr'><strong>digne,</strong></span> <span class='ocrx_word' id='word_1_383' title='bbox 3880 868 3931 915; x_wconf 90' lang='lat' dir='ltr'><strong>et</strong></span> 
     </span>
    </p>
   </div>
   <div class='ocr_carea' id='block_1_54' title="bbox 2232 952 3930 1025">
    <p class='ocr_par' dir='ltr' id='par_1_54' title="bbox 2232 952 3930 1025">
     <span class='ocr_line' id='line_1_54' title="bbox 2232 952 3930 1025; baseline -0.001 -19"><span class='ocrx_word' id='word_1_384' title='bbox 2232 956 2405 1025; x_wconf 87' lang='lat' dir='ltr'><strong>juste,</strong></span> <span class='ocrx_word' id='word_1_385' title='bbox 2454 955 2681 1021; x_wconf 87' lang='lat' dir='ltr'><strong>merito,</strong></span> <span class='ocrx_word' id='word_1_386' title='bbox 2730 960 3054 1009; x_wconf 83' lang='lat' dir='ltr'><strong>terratenus</strong></span> <span class='ocrx_word' id='word_1_387' title='bbox 3099 953 3435 1024; x_wconf 56' lang='lat' dir='ltr'><strong>coasquavit.</strong></span> <span class='ocrx_word' id='word_1_388' title='bbox 3471 954 3609 1006; x_wconf 83' lang='lat' dir='ltr'><strong>Nam</strong></span> <span class='ocrx_word' id='word_1_389' title='bbox 3642 952 3779 1006; x_wconf 89' lang='lat' dir='ltr'><strong>dum</strong></span> <span class='ocrx_word' id='word_1_390' title='bbox 3814 969 3930 1005; x_wconf 79' lang='lat' dir='ltr'><strong>ma-</strong></span> 
     </span>
    </p>
   </div>
   <div class='ocr_carea' id='block_1_55' title="bbox 2238 1041 3926 1097">
    <p class='ocr_par' dir='ltr' id='par_1_55' title="bbox 2238 1041 3926 1097">
     <span class='ocr_line' id='line_1_55' title="bbox 2238 1041 3926 1097; baseline -0.002 -1"><span class='ocrx_word' id='word_1_391' title='bbox 2238 1044 2476 1096; x_wconf 89' lang='lat' dir='ltr'><strong>ledicere</strong></span> <span class='ocrx_word' id='word_1_392' title='bbox 2519 1044 2714 1097; x_wconf 86' lang='lat' dir='ltr'><strong>leviter</strong></span> <span class='ocrx_word' id='word_1_393' title='bbox 2755 1049 2977 1097; x_wconf 89' lang='lat' dir='ltr'><strong>sanctos</strong></span> <span class='ocrx_word' id='word_1_394' title='bbox 3021 1044 3119 1096; x_wconf 89' lang='lat' dir='ltr'><strong>Dei</strong></span> <span class='ocrx_word' id='word_1_395' title='bbox 3161 1046 3353 1095; x_wconf 88' lang='lat' dir='ltr'><strong>nostra</strong></span> <span class='ocrx_word' id='word_1_396' title='bbox 3396 1058 3511 1094; x_wconf 82' lang='lat' dir='ltr'><strong>non</strong></span> <span class='ocrx_word' id='word_1_397' title='bbox 3557 1042 3751 1093; x_wconf 84' lang='lat' dir='ltr'><strong>timuit</strong></span> <span class='ocrx_word' id='word_1_398' title='bbox 3801 1041 3926 1093; x_wconf 83' lang='lat' dir='ltr'><strong>levi-</strong></span> 
     </span>
    </p>
   </div>
   <div class='ocr_carea' id='block_1_56' title="bbox 2241 1130 3933 1200">
    <p class='ocr_par' dir='ltr' id='par_1_56' title="bbox 2241 1130 3933 1200">
     <span class='ocr_line' id='line_1_56' title="bbox 2241 1130 3933 1200; baseline -0.002 -16"><span class='ocrx_word' id='word_1_399' title='bbox 2241 1138 2345 1199; x_wconf 85' lang='lat' dir='ltr'><strong>tas,</strong></span> <span class='ocrx_word' id='word_1_400' title='bbox 2382 1138 2437 1186; x_wconf 91' lang='lat' dir='ltr'><strong>et</strong></span> <span class='ocrx_word' id='word_1_401' title='bbox 2466 1133 2833 1186; x_wconf 87' lang='lat' dir='ltr'><strong>maledictum</strong></span> <span class='ocrx_word' id='word_1_402' title='bbox 2866 1132 3191 1197; x_wconf 85' lang='lat' dir='ltr'><strong>defendere,</strong></span> <span class='ocrx_word' id='word_1_403' title='bbox 3234 1131 3352 1184; x_wconf 89' lang='lat' dir='ltr'><strong>imo</strong></span> <span class='ocrx_word' id='word_1_404' title='bbox 3406 1130 3661 1198; x_wconf 85' lang='lat' dir='ltr'><strong>quotidie</strong></span> <span class='ocrx_word' id='word_1_405' title='bbox 3703 1130 3933 1200; x_wconf 90' lang='lat' dir='ltr'><strong>publico</strong></span> 
     </span>
    </p>
   </div>
   <div class='ocr_carea' id='block_1_57' title="bbox 2240 1219 3934 1289">
    <p class='ocr_par' dir='ltr' id='par_1_57' title="bbox 2240 1219 3934 1289">
     <span class='ocr_line' id='line_1_57' title="bbox 2240 1219 3934 1289; baseline -0.002 -16"><span class='ocrx_word' id='word_1_406' title='bbox 2240 1238 2503 1275; x_wconf 86' lang='lat' dir='ltr'><strong>sermone</strong></span> <span class='ocrx_word' id='word_1_407' title='bbox 2558 1222 2789 1275; x_wconf 86' lang='lat' dir='ltr'><strong>laudare</strong></span> <span class='ocrx_word' id='word_1_408' title='bbox 2850 1220 2909 1274; x_wconf 91' lang='lat' dir='ltr'><strong>in</strong></span> <span class='ocrx_word' id='word_1_409' title='bbox 2968 1220 3211 1273; x_wconf 77' lang='lat' dir='ltr'><strong>Ecclesia</strong></span> <span class='ocrx_word' id='word_1_410' title='bbox 3278 1236 3341 1272; x_wconf 81' lang='lat' dir='ltr'><strong>cx</strong></span> <span class='ocrx_word' id='word_1_411' title='bbox 3408 1219 3753 1289; x_wconf 65' lang='lat' dir='ltr'><strong>prarccllenti</strong></span> <span class='ocrx_word' id='word_1_412' title='bbox 3812 1220 3934 1271; x_wconf 89' lang='lat' dir='ltr'><strong>loco</strong></span> 
     </span>
    </p>
   </div>
   <div class='ocr_carea' id='block_1_58' title="bbox 2240 1307 3936 1377">
    <p class='ocr_par' dir='ltr' id='par_1_58' title="bbox 2240 1307 3936 1377">
     <span class='ocr_line' id='line_1_58' title="bbox 2240 1307 3936 1377; baseline -0.003 -13"><span class='ocrx_word' id='word_1_413' title='bbox 2240 1316 2434 1364; x_wconf 87' lang='lat' dir='ltr'><strong>nostra</strong></span> <span class='ocrx_word' id='word_1_414' title='bbox 2493 1311 2719 1364; x_wconf 81' lang='lat' dir='ltr'><strong>cenavit</strong></span> <span class='ocrx_word' id='word_1_415' title='bbox 2775 1309 3097 1375; x_wconf 85' lang='lat' dir='ltr'><strong>temeritas;</strong></span> <span class='ocrx_word' id='word_1_416' title='bbox 3160 1308 3312 1362; x_wconf 89' lang='lat' dir='ltr'><strong>illico</strong></span> <span class='ocrx_word' id='word_1_417' title='bbox 3366 1308 3529 1377; x_wconf 90' lang='lat' dir='ltr'><strong>quasi</strong></span> <span class='ocrx_word' id='word_1_418' title='bbox 3587 1323 3651 1360; x_wconf 86' lang='lat' dir='ltr'><strong>ex</strong></span> <span class='ocrx_word' id='word_1_419' title='bbox 3709 1307 3936 1360; x_wconf 81' lang='lat' dir='ltr'><strong>inferno</strong></span> 
     </span>
    </p>
   </div>
   <div class='ocr_carea' id='block_1_59' title="bbox 2241 1395 3937 1469">
    <p class='ocr_par' dir='ltr' id='par_1_59' title="bbox 2241 1395 3937 1469">
     <span class='ocr_line' id='line_1_59' title="bbox 2241 1395 3937 1469; baseline -0.002 -18"><span class='ocrx_word' id='word_1_420' title='bbox 2241 1400 2584 1468; x_wconf 85' lang='lat' dir='ltr'><strong>productum</strong></span> <span class='ocrx_word' id='word_1_421' title='bbox 2648 1400 2837 1468; x_wconf 91' lang='lat' dir='ltr'><strong>ipsum</strong></span> <span class='ocrx_word' id='word_1_422' title='bbox 2893 1415 3066 1469; x_wconf 87' lang='lat' dir='ltr'><strong>quem</strong></span> <span class='ocrx_word' id='word_1_423' title='bbox 3123 1396 3491 1468; x_wconf 64' lang='lat' dir='ltr'><strong>prmeonabili</strong></span> <span class='ocrx_word' id='word_1_424' title='bbox 3555 1412 3685 1449; x_wconf 87' lang='lat' dir='ltr'><strong>voce</strong></span> <span class='ocrx_word' id='word_1_425' title='bbox 3745 1395 3937 1449; x_wconf 86' lang='lat' dir='ltr'><strong>defen-</strong></span> 
     </span>
    </p>
   </div>
   <div class='ocr_carea' id='block_1_60' title="bbox 2241 1485 3938 1557">
    <p class='ocr_par' dir='ltr' id='par_1_60' title="bbox 2241 1485 3938 1557">
     <span class='ocr_line' id='line_1_60' title="bbox 2241 1485 3938 1557; baseline -0.002 -17"><span class='ocrx_word' id='word_1_426' title='bbox 2241 1488 2452 1551; x_wconf 86' lang='lat' dir='ltr'><strong>dendo,</strong></span> <span class='ocrx_word' id='word_1_427' title='bbox 2487 1488 2649 1557; x_wconf 88' lang='lat' dir='ltr'><strong>quasi</strong></span> <span class='ocrx_word' id='word_1_428' title='bbox 2692 1488 3065 1552; x_wconf 84' lang='lat' dir='ltr'><strong>laudavimus,</strong></span> <span class='ocrx_word' id='word_1_429' title='bbox 3113 1491 3299 1539; x_wconf 87' lang='lat' dir='ltr'><strong>erecto</strong></span> <span class='ocrx_word' id='word_1_430' title='bbox 3335 1485 3392 1538; x_wconf 91' lang='lat' dir='ltr'><strong>in</strong></span> <span class='ocrx_word' id='word_1_431' title='bbox 3439 1485 3595 1553; x_wconf 84' lang='lat' dir='ltr'><strong>apice</strong></span> <span class='ocrx_word' id='word_1_432' title='bbox 3632 1501 3801 1554; x_wconf 88' lang='lat' dir='ltr'><strong>super</strong></span> <span class='ocrx_word' id='word_1_433' title='bbox 3835 1500 3938 1536; x_wconf 89' lang='lat' dir='ltr'><strong>nos</strong></span> 
     </span>
    </p>
   </div>
   <div class='ocr_carea' id='block_1_61' title="bbox 2236 1572 3935 1647">
    <p class='ocr_par' dir='ltr' id='par_1_61' title="bbox 2236 1572 3935 1647">
     <span class='ocr_line' id='line_1_61' title="bbox 2236 1572 3935 1647; baseline -0.002 -18"><span class='ocrx_word' id='word_1_434' title='bbox 2236 1576 2392 1645; x_wconf 90' lang='lat' dir='ltr'><strong>justo</strong></span> <span class='ocrx_word' id='word_1_435' title='bbox 2438 1577 2537 1629; x_wconf 90' lang='lat' dir='ltr'><strong>Dei</strong></span> <span class='ocrx_word' id='word_1_436' title='bbox 2579 1576 2793 1647; x_wconf 89' lang='lat' dir='ltr'><strong>judicio</strong></span> <span class='ocrx_word' id='word_1_437' title='bbox 2842 1575 3152 1639; x_wconf 86' lang='lat' dir='ltr'><strong>doluimus,</strong></span> <span class='ocrx_word' id='word_1_438' title='bbox 3199 1590 3371 1645; x_wconf 87' lang='lat' dir='ltr'><strong>quem</strong></span> <span class='ocrx_word' id='word_1_439' title='bbox 3418 1590 3533 1626; x_wconf 91' lang='lat' dir='ltr'><strong>non</strong></span> <span class='ocrx_word' id='word_1_440' title='bbox 3576 1573 3794 1638; x_wconf 88' lang='lat' dir='ltr'><strong>mitem,</strong></span> <span class='ocrx_word' id='word_1_441' title='bbox 3840 1572 3935 1626; x_wconf 86' lang='lat' dir='ltr'><strong>sed</strong></span> 
     </span>
    </p>
   </div>
   <div class='ocr_carea' id='block_1_62' title="bbox 2243 1661 3936 1734">
    <p class='ocr_par' dir='ltr' id='par_1_62' title="bbox 2243 1661 3936 1734">
     <span class='ocr_line' id='line_1_62' title="bbox 2243 1661 3936 1734; baseline -0.002 -18"><span class='ocrx_word' id='word_1_442' title='bbox 2243 1666 2530 1718; x_wconf 89' lang='lat' dir='ltr'><strong>crudelem</strong></span> <span class='ocrx_word' id='word_1_443' title='bbox 2575 1671 2631 1718; x_wconf 92' lang='lat' dir='ltr'><strong>et</strong></span> <span class='ocrx_word' id='word_1_444' title='bbox 2664 1665 2876 1731; x_wconf 91' lang='lat' dir='ltr'><strong>dirum,</strong></span> <span class='ocrx_word' id='word_1_445' title='bbox 2909 1669 3077 1734; x_wconf 86' lang='lat' dir='ltr'><strong>atque</strong></span> <span class='ocrx_word' id='word_1_446' title='bbox 3102 1664 3371 1733; x_wconf 84' lang='lat' dir='ltr'><strong>jugulum</strong></span> <span class='ocrx_word' id='word_1_447' title='bbox 3406 1662 3462 1715; x_wconf 92' lang='lat' dir='ltr'><strong>in</strong></span> <span class='ocrx_word' id='word_1_448' title='bbox 3504 1663 3711 1715; x_wconf 90' lang='lat' dir='ltr'><strong>nostris</strong></span> <span class='ocrx_word' id='word_1_449' title='bbox 3750 1661 3936 1714; x_wconf 80' lang='lat' dir='ltr'><strong>cervi-</strong></span> 
     </span>
    </p>
   </div>
   <div class='ocr_carea' id='block_1_63' title="bbox 2243 1751 3936 1820">
    <p class='ocr_par' dir='ltr' id='par_1_63' title="bbox 2243 1751 3936 1820">
     <span class='ocr_line' id='line_1_63' title="bbox 2243 1751 3936 1820; baseline -0.004 -12"><span class='ocrx_word' id='word_1_450' title='bbox 2243 1754 2403 1808; x_wconf 88' lang='lat' dir='ltr'><strong>cibus</strong></span> <span class='ocrx_word' id='word_1_451' title='bbox 2442 1760 2742 1807; x_wconf 90' lang='lat' dir='ltr'><strong>acuentem</strong></span> <span class='ocrx_word' id='word_1_452' title='bbox 2785 1755 3058 1807; x_wconf 87' lang='lat' dir='ltr'><strong>hactenus</strong></span> <span class='ocrx_word' id='word_1_453' title='bbox 3090 1752 3456 1805; x_wconf 84' lang='lat' dir='ltr'><strong>sustinemus.</strong></span> <span class='ocrx_word' id='word_1_454' title='bbox 3492 1751 3770 1820; x_wconf 89' lang='lat' dir='ltr'><strong>Iniquitas</strong></span> <span class='ocrx_word' id='word_1_455' title='bbox 3803 1765 3936 1801; x_wconf 89' lang='lat' dir='ltr'><strong>nam</strong></span> 
     </span>
    </p>
   </div>
   <div class='ocr_carea' id='block_1_64' title="bbox 2243 1837 3939 1907">
    <p class='ocr_par' dir='ltr' id='par_1_64' title="bbox 2243 1837 3939 1907">
     <span class='ocr_line' id='line_1_64' title="bbox 2243 1837 3939 1907; baseline -0.004 -11"><span class='ocrx_word' id='word_1_456' title='bbox 2243 1848 2433 1896; x_wconf 88' lang='lat' dir='ltr'><strong>nostra</strong></span> <span class='ocrx_word' id='word_1_457' title='bbox 2487 1843 2546 1895; x_wconf 91' lang='lat' dir='ltr'><strong>in</strong></span> <span class='ocrx_word' id='word_1_458' title='bbox 2608 1842 2816 1895; x_wconf 86' lang='lat' dir='ltr'><strong>vertice</strong></span> <span class='ocrx_word' id='word_1_459' title='bbox 2874 1845 3068 1893; x_wconf 91' lang='lat' dir='ltr'><strong>nostro</strong></span> <span class='ocrx_word' id='word_1_460' title='bbox 3129 1839 3425 1893; x_wconf 86' lang='lat' dir='ltr'><strong>descendit</strong></span> <span class='ocrx_word' id='word_1_461' title='bbox 3481 1840 3650 1907; x_wconf 88' lang='lat' dir='ltr'><strong>(Psal.</strong></span> <span class='ocrx_word' id='word_1_462' title='bbox 3708 1837 3827 1901; x_wconf 79' lang='lat' dir='ltr'><strong>vn),</strong></span> <span class='ocrx_word' id='word_1_463' title='bbox 3887 1844 3939 1891; x_wconf 87' lang='lat' dir='ltr'><strong>et</strong></span> 
     </span>
    </p>
   </div>
   <div class='ocr_carea' id='block_1_65' title="bbox 2245 1927 3935 1997">
    <p class='ocr_par' dir='ltr' id='par_1_65' title="bbox 2245 1927 3935 1997">
     <span class='ocr_line' id='line_1_65' title="bbox 2245 1927 3935 1997; baseline -0.004 -14"><span class='ocrx_word' id='word_1_464' title='bbox 2245 1931 2464 1983; x_wconf 80' lang='lat' dir='ltr'><strong>malitia</strong></span> <span class='ocrx_word' id='word_1_465' title='bbox 2492 1930 2741 1983; x_wconf 89' lang='lat' dir='ltr'><strong>calcanei</strong></span> <span class='ocrx_word' id='word_1_466' title='bbox 2776 1930 2950 1983; x_wconf 90' lang='lat' dir='ltr'><strong>nostri</strong></span> <span class='ocrx_word' id='word_1_467' title='bbox 2987 1946 3089 1981; x_wconf 92' lang='lat' dir='ltr'><strong>nos</strong></span> <span class='ocrx_word' id='word_1_468' title='bbox 3120 1927 3495 1981; x_wconf 90' lang='lat' dir='ltr'><strong>circumdedit</strong></span> <span class='ocrx_word' id='word_1_469' title='bbox 3524 1928 3689 1997; x_wconf 89' lang='lat' dir='ltr'><strong>(Psal.</strong></span> <span class='ocrx_word' id='word_1_470' title='bbox 3730 1927 3935 1991; x_wconf 79' lang='lat' dir='ltr'><strong>XLvui).</strong></span> 
     </span>
    </p>
   </div>
   <div class='ocr_carea' id='block_1_66' title="bbox 2245 2015 3939 2089">
    <p class='ocr_par' dir='ltr' id='par_1_66' title="bbox 2245 2015 3939 2089">
     <span class='ocr_line' id='line_1_66' title="bbox 2245 2015 3939 2089; baseline -0.004 -16"><span class='ocrx_word' id='word_1_471' title='bbox 2245 2021 2357 2073; x_wconf 89' lang='lat' dir='ltr'><strong>Nec</strong></span> <span class='ocrx_word' id='word_1_472' title='bbox 2389 2035 2736 2089; x_wconf 88' lang='lat' dir='ltr'><strong>conquererc</strong></span> <span class='ocrx_word' id='word_1_473' title='bbox 2779 2019 2848 2072; x_wconf 93' lang='lat' dir='ltr'><strong>de</strong></span> <span class='ocrx_word' id='word_1_474' title='bbox 2883 2018 3265 2089; x_wconf 85' lang='lat' dir='ltr'><strong>quorumdam</strong></span> <span class='ocrx_word' id='word_1_475' title='bbox 3310 2016 3781 2083; x_wconf 88' lang='lat' dir='ltr'><strong>Christianorum,</strong></span> <span class='ocrx_word' id='word_1_476' title='bbox 3824 2015 3939 2068; x_wconf 90' lang='lat' dir='ltr'><strong>imo</strong></span> 
     </span>
    </p>
   </div>
   <div class='ocr_carea' id='block_1_67' title="bbox 2244 2104 3937 2177">
    <p class='ocr_par' dir='ltr' id='par_1_67' title="bbox 2244 2104 3937 2177">
     <span class='ocr_line' id='line_1_67' title="bbox 2244 2104 3937 2177; baseline -0.003 -16"><span class='ocrx_word' id='word_1_477' title='bbox 2244 2108 2706 2177; x_wconf 83' lang='lat' dir='ltr'><strong>publicanorum,</strong></span> <span class='ocrx_word' id='word_1_478' title='bbox 2745 2107 3157 2160; x_wconf 83' lang='lat' dir='ltr'><strong>insurrectione</strong></span> <span class='ocrx_word' id='word_1_479' title='bbox 3189 2105 3484 2168; x_wconf 90' lang='lat' dir='ltr'><strong>debemus,</strong></span> <span class='ocrx_word' id='word_1_480' title='bbox 3527 2106 3626 2174; x_wconf 90' lang='lat' dir='ltr'><strong>qui</strong></span> <span class='ocrx_word' id='word_1_481' title='bbox 3657 2104 3769 2174; x_wconf 90' lang='lat' dir='ltr'><strong>ipsi</strong></span> <span class='ocrx_word' id='word_1_482' title='bbox 3804 2120 3937 2157; x_wconf 90' lang='lat' dir='ltr'><strong>con-</strong></span> 
     </span>
    </p>
   </div>
   <div class='ocr_carea' id='block_1_68' title="bbox 2243 2194 3939 2263">
    <p class='ocr_par' dir='ltr' id='par_1_68' title="bbox 2243 2194 3939 2263">
     <span class='ocr_line' id='line_1_68' title="bbox 2243 2194 3939 2263; baseline -0.003 -13"><span class='ocrx_word' id='word_1_483' title='bbox 2243 2201 2331 2250; x_wconf 89' lang='lat' dir='ltr'><strong>tra</strong></span> <span class='ocrx_word' id='word_1_484' title='bbox 2361 2202 2567 2250; x_wconf 66' lang='lat' dir='ltr'><strong>nostra:</strong></span> <span class='ocrx_word' id='word_1_485' title='bbox 2600 2196 2732 2250; x_wconf 87' lang='lat' dir='ltr'><strong>fidei</strong></span> <span class='ocrx_word' id='word_1_486' title='bbox 2761 2197 3005 2249; x_wconf 90' lang='lat' dir='ltr'><strong>cultores</strong></span> <span class='ocrx_word' id='word_1_487' title='bbox 3036 2194 3407 2259; x_wconf 82' lang='lat' dir='ltr'><strong>surreximus,</strong></span> <span class='ocrx_word' id='word_1_488' title='bbox 3453 2198 3508 2246; x_wconf 90' lang='lat' dir='ltr'><strong>et</strong></span> <span class='ocrx_word' id='word_1_489' title='bbox 3555 2194 3613 2246; x_wconf 91' lang='lat' dir='ltr'><strong>in</strong></span> <span class='ocrx_word' id='word_1_490' title='bbox 3655 2199 3939 2263; x_wconf 88' lang='lat' dir='ltr'><strong>quantum</strong></span> 
     </span>
    </p>
   </div>
   <div class='ocr_carea' id='block_1_69' title="bbox 2246 2281 3939 2352">
    <p class='ocr_par' dir='ltr' id='par_1_69' title="bbox 2246 2281 3939 2352">
     <span class='ocr_line' id='line_1_69' title="bbox 2246 2281 3939 2352; baseline -0.002 -16"><span class='ocrx_word' id='word_1_491' title='bbox 2246 2283 2538 2352; x_wconf 86' lang='lat' dir='ltr'><strong>potuimus</strong></span> <span class='ocrx_word' id='word_1_492' title='bbox 2581 2290 2803 2337; x_wconf 87' lang='lat' dir='ltr'><strong>sanctos</strong></span> <span class='ocrx_word' id='word_1_493' title='bbox 2841 2284 2937 2336; x_wconf 89' lang='lat' dir='ltr'><strong>Dei</strong></span> <span class='ocrx_word' id='word_1_494' title='bbox 2970 2282 3267 2349; x_wconf 79' lang='lat' dir='ltr'><strong>dicacibus</strong></span> <span class='ocrx_word' id='word_1_495' title='bbox 3314 2281 3498 2335; x_wconf 84' lang='lat' dir='ltr'><strong>verbis</strong></span> <span class='ocrx_word' id='word_1_496' title='bbox 3546 2282 3939 2334; x_wconf 88' lang='lat' dir='ltr'><strong>maledicendo</strong></span> 
     </span>
    </p>
   </div>
   <div class='ocr_carea' id='block_1_70' title="bbox 2246 2369 3942 2441">
    <p class='ocr_par' dir='ltr' id='par_1_70' title="bbox 2246 2369 3942 2441">
     <span class='ocr_line' id='line_1_70' title="bbox 2246 2369 3942 2441; baseline -0.001 -16"><span class='ocrx_word' id='word_1_497' title='bbox 2246 2373 2623 2441; x_wconf 88' lang='lat' dir='ltr'><strong>turpavimus.</strong></span> <span class='ocrx_word' id='word_1_498' title='bbox 2668 2374 2729 2425; x_wconf 86' lang='lat' dir='ltr'><strong>Et</strong></span> <span class='ocrx_word' id='word_1_499' title='bbox 2773 2372 2902 2425; x_wconf 90' lang='lat' dir='ltr'><strong>licet</strong></span> <span class='ocrx_word' id='word_1_500' title='bbox 2939 2372 3043 2424; x_wconf 88' lang='lat' dir='ltr'><strong>iste</strong></span> <span class='ocrx_word' id='word_1_501' title='bbox 3082 2378 3414 2440; x_wconf 77' lang='lat' dir='ltr'><strong>persecutor</strong></span> <span class='ocrx_word' id='word_1_502' title='bbox 3458 2369 3717 2424; x_wconf 67' lang='lat' dir='ltr'><strong>Ecclesia:</strong></span> <span class='ocrx_word' id='word_1_503' title='bbox 3758 2370 3942 2440; x_wconf 87' lang='lat' dir='ltr'><strong>publi-</strong></span> 
     </span>
    </p>
   </div>
   <div class='ocr_carea' id='block_1_71' title="bbox 2247 2459 3943 2531">
    <p class='ocr_par' dir='ltr' id='par_1_71' title="bbox 2247 2459 3943 2531">
     <span class='ocr_line' id='line_1_71' title="bbox 2247 2459 3943 2531; baseline -0.001 -18"><span class='ocrx_word' id='word_1_504' title='bbox 2247 2477 2420 2513; x_wconf 84' lang='lat' dir='ltr'><strong>canus</strong></span> <span class='ocrx_word' id='word_1_505' title='bbox 2461 2462 2728 2521; x_wconf 87' lang='lat' dir='ltr'><strong>multum,</strong></span> <span class='ocrx_word' id='word_1_506' title='bbox 2761 2461 3132 2531; x_wconf 87' lang='lat' dir='ltr'><strong>permittente</strong></span> <span class='ocrx_word' id='word_1_507' title='bbox 3178 2462 3312 2523; x_wconf 89' lang='lat' dir='ltr'><strong>Deo,</strong></span> <span class='ocrx_word' id='word_1_508' title='bbox 3357 2466 3554 2512; x_wconf 88' lang='lat' dir='ltr'><strong>contra</strong></span> <span class='ocrx_word' id='word_1_509' title='bbox 3599 2459 3733 2512; x_wconf 85' lang='lat' dir='ltr'><strong>ﬁdei</strong></span> <span class='ocrx_word' id='word_1_510' title='bbox 3770 2476 3892 2512; x_wconf 68' lang='lat' dir='ltr'><strong>sua:</strong></span> <span class='ocrx_word' id='word_1_511' title='bbox 3920 2472 3943 2500; x_wconf 72' lang='grc' dir='ltr'><strong>θ</strong></span> 
     </span>
    </p>
   </div>
   <div class='ocr_carea' id='block_1_72' title="bbox 2249 2547 3945 2618">
    <p class='ocr_par' dir='ltr' id='par_1_72' title="bbox 2249 2547 3945 2618">
     <span class='ocr_line' id='line_1_72' title="bbox 2249 2547 3945 2618; baseline -0.001 -17"><span class='ocrx_word' id='word_1_512' title='bbox 2249 2549 2403 2602; x_wconf 86' lang='lat' dir='ltr'><strong>canis</strong></span> <span class='ocrx_word' id='word_1_513' title='bbox 2459 2550 2767 2602; x_wconf 80' lang='lat' dir='ltr'><strong>surrexerit</strong></span> <span class='ocrx_word' id='word_1_514' title='bbox 2826 2549 3079 2614; x_wconf 86' lang='lat' dir='ltr'><strong>rabidus,</strong></span> <span class='ocrx_word' id='word_1_515' title='bbox 3138 2554 3195 2600; x_wconf 85' lang='lat' dir='ltr'><strong>et</strong></span> <span class='ocrx_word' id='word_1_516' title='bbox 3256 2547 3567 2618; x_wconf 64' lang='lat' dir='ltr'><strong>praebuerit</strong></span> <span class='ocrx_word' id='word_1_517' title='bbox 3632 2547 3945 2617; x_wconf 84' lang='lat' dir='ltr'><strong>gentilibus</strong></span> 
     </span>
    </p>
   </div>
   <div class='ocr_carea' id='block_1_73' title="bbox 2249 2636 3945 2708">
    <p class='ocr_par' dir='ltr' id='par_1_73' title="bbox 2249 2636 3945 2708">
     <span class='ocr_line' id='line_1_73' title="bbox 2249 2636 3945 2708; baseline -0.001 -19"><span class='ocrx_word' id='word_1_518' title='bbox 2249 2637 2505 2706; x_wconf 88' lang='lat' dir='ltr'><strong>gladium</strong></span> <span class='ocrx_word' id='word_1_519' title='bbox 2555 2638 2621 2690; x_wconf 92' lang='lat' dir='ltr'><strong>ad</strong></span> <span class='ocrx_word' id='word_1_520' title='bbox 2672 2639 2952 2708; x_wconf 87' lang='lat' dir='ltr'><strong>populum</strong></span> <span class='ocrx_word' id='word_1_521' title='bbox 3006 2636 3232 2689; x_wconf 87' lang='lat' dir='ltr'><strong>Domini</strong></span> <span class='ocrx_word' id='word_1_522' title='bbox 3274 2636 3685 2706; x_wconf 89' lang='lat' dir='ltr'><strong>jugulandum;</strong></span> <span class='ocrx_word' id='word_1_523' title='bbox 3747 2642 3945 2688; x_wconf 82' lang='lat' dir='ltr'><strong>tamen</strong></span> 
     </span>
    </p>
   </div>
   <div class='ocr_carea' id='block_1_74' title="bbox 2250 2724 3947 2793">
    <p class='ocr_par' dir='ltr' id='par_1_74' title="bbox 2250 2724 3947 2793">
     <span class='ocr_line' id='line_1_74' title="bbox 2250 2724 3947 2793; baseline -0.001 -15"><span class='ocrx_word' id='word_1_524' title='bbox 2250 2726 2394 2778; x_wconf 89' lang='lat' dir='ltr'><strong>sicut</strong></span> <span class='ocrx_word' id='word_1_525' title='bbox 2434 2727 2822 2779; x_wconf 90' lang='lat' dir='ltr'><strong>confitendum</strong></span> <span class='ocrx_word' id='word_1_526' title='bbox 2866 2732 2971 2792; x_wconf 88' lang='lat' dir='ltr'><strong>est,</strong></span> <span class='ocrx_word' id='word_1_527' title='bbox 3017 2726 3122 2778; x_wconf 92' lang='lat' dir='ltr'><strong>hoc</strong></span> <span class='ocrx_word' id='word_1_528' title='bbox 3164 2725 3427 2777; x_wconf 88' lang='lat' dir='ltr'><strong>fidelibus</strong></span> <span class='ocrx_word' id='word_1_529' title='bbox 3460 2724 3611 2793; x_wconf 91' lang='lat' dir='ltr'><strong>juste</strong></span> <span class='ocrx_word' id='word_1_530' title='bbox 3653 2728 3710 2777; x_wconf 89' lang='lat' dir='ltr'><strong>et</strong></span> <span class='ocrx_word' id='word_1_531' title='bbox 3743 2725 3947 2777; x_wconf 89' lang='lat' dir='ltr'><strong>merito</strong></span> 
     </span>
    </p>
   </div>
   <div class='ocr_carea' id='block_1_75' title="bbox 2248 2812 3947 2883">
    <p class='ocr_par' dir='ltr' id='par_1_75' title="bbox 2248 2812 3947 2883">
     <span class='ocr_line' id='line_1_75' title="bbox 2248 2812 3947 2883; baseline 0 -18"><span class='ocrx_word' id='word_1_532' title='bbox 2248 2815 2726 2883; x_wconf 69' lang='lat' dir='ltr'><strong>prmvaricationis</strong></span> <span class='ocrx_word' id='word_1_533' title='bbox 2770 2815 3055 2878; x_wconf 87' lang='lat' dir='ltr'><strong>evenisse;</strong></span> <span class='ocrx_word' id='word_1_534' title='bbox 3109 2814 3186 2865; x_wconf 84' lang='lat' dir='ltr'><strong>ita</strong></span> <span class='ocrx_word' id='word_1_535' title='bbox 3237 2829 3265 2864; x_wconf 90' lang='lat' dir='ltr'><strong>e</strong></span> <span class='ocrx_word' id='word_1_536' title='bbox 3309 2812 3596 2865; x_wconf 89' lang='lat' dir='ltr'><strong>contrario</strong></span> <span class='ocrx_word' id='word_1_537' title='bbox 3648 2812 3947 2865; x_wconf 84' lang='lat' dir='ltr'><strong>fatendum</strong></span> 
     </span>
    </p>
   </div>
   <div class='ocr_carea' id='block_1_76' title="bbox 2250 2899 3947 2970">
    <p class='ocr_par' dir='ltr' id='par_1_76' title="bbox 2250 2899 3947 2970">
     <span class='ocr_line' id='line_1_76' title="bbox 2250 2899 3947 2970; baseline -0.001 -15"><span class='ocrx_word' id='word_1_538' title='bbox 2250 2908 2352 2963; x_wconf 88' lang='lat' dir='ltr'><strong>est,</strong></span> <span class='ocrx_word' id='word_1_539' title='bbox 2387 2903 2549 2955; x_wconf 90' lang='lat' dir='ltr'><strong>illum</strong></span> <span class='ocrx_word' id='word_1_540' title='bbox 2593 2903 2806 2956; x_wconf 86' lang='lat' dir='ltr'><strong>diaboli</strong></span> <span class='ocrx_word' id='word_1_541' title='bbox 2851 2901 3123 2955; x_wconf 86' lang='lat' dir='ltr'><strong>membris</strong></span> <span class='ocrx_word' id='word_1_542' title='bbox 3162 2899 3181 2937; x_wconf 70' lang='grc' dir='ltr'><em>ῖ</em></span> <span class='ocrx_word' id='word_1_543' title='bbox 3225 2901 3551 2963; x_wconf 80' lang='lat' dir='ltr'><strong>adhaesisse,</strong></span> <span class='ocrx_word' id='word_1_544' title='bbox 3596 2905 3652 2953; x_wconf 88' lang='lat' dir='ltr'><strong>et</strong></span> <span class='ocrx_word' id='word_1_545' title='bbox 3701 2900 3769 2953; x_wconf 90' lang='lat' dir='ltr'><strong>ad</strong></span> <span class='ocrx_word' id='word_1_546' title='bbox 3822 2917 3947 2970; x_wconf 86' lang='lat' dir='ltr'><strong>pro-</strong></span> 
     </span>
    </p>
   </div>
   <div class='ocr_carea' id='block_1_77' title="bbox 2251 2989 3947 3059">
    <p class='ocr_par' dir='ltr' id='par_1_77' title="bbox 2251 2989 3947 3059">
     <span class='ocr_line' id='line_1_77' title="bbox 2251 2989 3947 3059; baseline -0.002 -15"><span class='ocrx_word' id='word_1_547' title='bbox 2251 2991 2539 3044; x_wconf 87' lang='lat' dir='ltr'><strong>bationem</strong></span> <span class='ocrx_word' id='word_1_548' title='bbox 2576 2991 2828 3044; x_wconf 70' lang='lat' dir='ltr'><strong>Ecclesia:</strong></span> <span class='ocrx_word' id='word_1_549' title='bbox 2859 2996 2915 3043; x_wconf 91' lang='lat' dir='ltr'><strong>et</strong></span> <span class='ocrx_word' id='word_1_550' title='bbox 2944 2991 3240 3059; x_wconf 87' lang='lat' dir='ltr'><strong>palearum</strong></span> <span class='ocrx_word' id='word_1_551' title='bbox 3274 2989 3698 3042; x_wconf 85' lang='lat' dir='ltr'><strong>vcntilationem</strong></span> <span class='ocrx_word' id='word_1_552' title='bbox 3733 2989 3947 3042; x_wconf 83' lang='lat' dir='ltr'><strong>instin-</strong></span> 
     </span>
    </p>
   </div>
   <div class='ocr_carea' id='block_1_78' title="bbox 2250 3078 3947 3149">
    <p class='ocr_par' dir='ltr' id='par_1_78' title="bbox 2250 3078 3947 3149">
     <span class='ocr_line' id='line_1_78' title="bbox 2250 3078 3947 3149; baseline -0.001 -17"><span class='ocrx_word' id='word_1_553' title='bbox 2250 3085 2342 3133; x_wconf 89' lang='lat' dir='ltr'><strong>ctu</strong></span> <span class='ocrx_word' id='word_1_554' title='bbox 2383 3080 2609 3133; x_wconf 77' lang='lat' dir='ltr'><strong>Domini</strong></span> <span class='ocrx_word' id='word_1_555' title='bbox 2657 3085 2713 3133; x_wconf 89' lang='lat' dir='ltr'><strong>et</strong></span> <span class='ocrx_word' id='word_1_556' title='bbox 2760 3080 2975 3149; x_wconf 85' lang='lat' dir='ltr'><strong>peccati</strong></span> <span class='ocrx_word' id='word_1_557' title='bbox 3015 3080 3211 3132; x_wconf 90' lang='lat' dir='ltr'><strong>aculeo</strong></span> <span class='ocrx_word' id='word_1_558' title='bbox 3254 3078 3541 3148; x_wconf 85' lang='lat' dir='ltr'><strong>prosilisse</strong></span> <span class='ocrx_word' id='word_1_559' title='bbox 3585 3094 3597 3131; x_wconf 94' lang='lat'>:</span> <span class='ocrx_word' id='word_1_560' title='bbox 3649 3080 3818 3147; x_wconf 84' lang='lat' dir='ltr'><strong>cujus</strong></span> <span class='ocrx_word' id='word_1_561' title='bbox 3867 3094 3947 3131; x_wconf 49' lang='lat' dir='ltr'><strong>re.</strong></span> 
     </span>
    </p>
   </div>
   <div class='ocr_carea' id='block_1_79' title="bbox 2249 3166 3949 3238">
    <p class='ocr_par' dir='ltr' id='par_1_79' title="bbox 2249 3166 3949 3238">
     <span class='ocr_line' id='line_1_79' title="bbox 2249 3166 3949 3238; baseline -0.001 -18"><span class='ocrx_word' id='word_1_562' title='bbox 2249 3170 2545 3233; x_wconf 87' lang='lat' dir='ltr'><strong>surrectio,</strong></span> <span class='ocrx_word' id='word_1_563' title='bbox 2599 3169 2729 3221; x_wconf 89' lang='lat' dir='ltr'><strong>licet</strong></span> <span class='ocrx_word' id='word_1_564' title='bbox 2775 3167 3152 3238; x_wconf 89' lang='lat' dir='ltr'><strong>permissione</strong></span> <span class='ocrx_word' id='word_1_565' title='bbox 3205 3166 3633 3236; x_wconf 88' lang='lat' dir='ltr'><strong>omnipotentis,</strong></span> <span class='ocrx_word' id='word_1_566' title='bbox 3697 3172 3758 3219; x_wconf 90' lang='lat' dir='ltr'><strong>ut</strong></span> <span class='ocrx_word' id='word_1_567' title='bbox 3810 3166 3949 3219; x_wconf 76' lang='lat' dir='ltr'><strong>dixi-</strong></span> 
     </span>
    </p>
   </div>
   <div class='ocr_carea' id='block_1_80' title="bbox 2251 3256 3947 3326">
    <p class='ocr_par' dir='ltr' id='par_1_80' title="bbox 2251 3256 3947 3326">
     <span class='ocr_line' id='line_1_80' title="bbox 2251 3256 3947 3326; baseline -0.001 -17"><span class='ocrx_word' id='word_1_568' title='bbox 2251 3272 2398 3321; x_wconf 91' lang='lat' dir='ltr'><strong>mus,</strong></span> <span class='ocrx_word' id='word_1_569' title='bbox 2444 3258 2717 3310; x_wconf 90' lang='lat' dir='ltr'><strong>hactenus</strong></span> <span class='ocrx_word' id='word_1_570' title='bbox 2761 3256 3178 3326; x_wconf 69' lang='lat' dir='ltr'><strong>prmtendatur;</strong></span> <span class='ocrx_word' id='word_1_571' title='bbox 3233 3261 3425 3309; x_wconf 81' lang='lat' dir='ltr'><strong>tamen</strong></span> <span class='ocrx_word' id='word_1_572' title='bbox 3474 3259 3601 3323; x_wconf 88' lang='lat' dir='ltr'><strong>post</strong></span> <span class='ocrx_word' id='word_1_573' title='bbox 3640 3263 3947 3323; x_wconf 88' lang='lat' dir='ltr'><strong>peractum</strong></span> 
     </span>
    </p>
   </div>
   <div class='ocr_carea' id='block_1_81' title="bbox 2249 3344 3945 3415">
    <p class='ocr_par' dir='ltr' id='par_1_81' title="bbox 2249 3344 3945 3415">
     <span class='ocr_line' id='line_1_81' title="bbox 2249 3344 3945 3415; baseline 0 -19"><span class='ocrx_word' id='word_1_574' title='bbox 2249 3345 2633 3399; x_wconf 87' lang='lat' dir='ltr'><strong>ventilationis</strong></span> <span class='ocrx_word' id='word_1_575' title='bbox 2701 3346 2787 3398; x_wconf 92' lang='lat' dir='ltr'><strong>vel</strong></span> <span class='ocrx_word' id='word_1_576' title='bbox 2851 3344 3205 3415; x_wconf 88' lang='lat' dir='ltr'><strong>probationis</strong></span> <span class='ocrx_word' id='word_1_577' title='bbox 3274 3344 3578 3414; x_wconf 86' lang='lat' dir='ltr'><strong>judicium,</strong></span> <span class='ocrx_word' id='word_1_578' title='bbox 3647 3344 3945 3409; x_wconf 82' lang='lat' dir='ltr'><strong>severiori,</strong></span> 
     </span>
    </p>
   </div>
   <div class='ocr_carea' id='block_1_82' title="bbox 2248 3432 3950 3505">
    <p class='ocr_par' dir='ltr' id='par_1_82' title="bbox 2248 3432 3950 3505">
     <span class='ocr_line' id='line_1_82' title="bbox 2248 3432 3950 3505; baseline -0.001 -20"><span class='ocrx_word' id='word_1_579' title='bbox 2248 3432 2366 3485; x_wconf 89' lang='lat' dir='ltr'><strong>imo</strong></span> <span class='ocrx_word' id='word_1_580' title='bbox 2415 3450 2546 3487; x_wconf 87' lang='lat' dir='ltr'><strong>vero</strong></span> <span class='ocrx_word' id='word_1_581' title='bbox 2583 3434 2801 3505; x_wconf 88' lang='lat' dir='ltr'><strong>judicio</strong></span> <span class='ocrx_word' id='word_1_582' title='bbox 2852 3434 3148 3504; x_wconf 88' lang='lat' dir='ltr'><strong>punietur,</strong></span> <span class='ocrx_word' id='word_1_583' title='bbox 3210 3438 3272 3488; x_wconf 90' lang='lat' dir='ltr'><strong>ut</strong></span> <span class='ocrx_word' id='word_1_584' title='bbox 3321 3438 3375 3487; x_wconf 87' lang='lat' dir='ltr'><strong>et</strong></span> <span class='ocrx_word' id='word_1_585' title='bbox 3428 3433 3635 3486; x_wconf 82' lang='lat' dir='ltr'><strong>Christi</strong></span> <span class='ocrx_word' id='word_1_586' title='bbox 3692 3432 3950 3486; x_wconf 84' lang='lat' dir='ltr'><strong>Ecclesia</strong></span> 
     </span>
    </p>
   </div>
   <div class='ocr_carea' id='block_1_83' title="bbox 2247 3520 3952 3590">
    <p class='ocr_par' dir='ltr' id='par_1_83' title="bbox 2247 3520 3952 3590">
     <span class='ocr_line' id='line_1_83' title="bbox 2247 3520 3952 3590; baseline -0.001 -16"><span class='ocrx_word' id='word_1_587' title='bbox 2247 3522 2602 3589; x_wconf 89' lang='lat' dir='ltr'><strong>probationis</strong></span> <span class='ocrx_word' id='word_1_588' title='bbox 2642 3523 2867 3576; x_wconf 87' lang='lat' dir='ltr'><strong>camino</strong></span> <span class='ocrx_word' id='word_1_589' title='bbox 2917 3524 3203 3583; x_wconf 87' lang='lat' dir='ltr'><strong>clarescat,</strong></span> <span class='ocrx_word' id='word_1_590' title='bbox 3260 3526 3316 3574; x_wconf 92' lang='lat' dir='ltr'><strong>et</strong></span> <span class='ocrx_word' id='word_1_591' title='bbox 3364 3521 3551 3574; x_wconf 82' lang='lat' dir='ltr'><strong>hostes</strong></span> <span class='ocrx_word' id='word_1_592' title='bbox 3599 3520 3725 3589; x_wconf 90' lang='lat' dir='ltr'><strong>ejus</strong></span> <span class='ocrx_word' id='word_1_593' title='bbox 3770 3521 3952 3590; x_wconf 83' lang='lat' dir='ltr'><strong>digna</strong></span> 
     </span>
    </p>
   </div>
   <div class='ocr_carea' id='block_1_84' title="bbox 2247 3609 3951 3675">
    <p class='ocr_par' dir='ltr' id='par_1_84' title="bbox 2247 3609 3951 3675">
     <span class='ocr_line' id='line_1_84' title="bbox 2247 3609 3951 3675; baseline 0 -13"><span class='ocrx_word' id='word_1_594' title='bbox 2247 3612 2527 3664; x_wconf 87' lang='lat' dir='ltr'><strong>sententia</strong></span> <span class='ocrx_word' id='word_1_595' title='bbox 2578 3612 2989 3665; x_wconf 90' lang='lat' dir='ltr'><strong>tenebrescant.</strong></span> <span class='ocrx_word' id='word_1_596' title='bbox 3047 3611 3193 3675; x_wconf 87' lang='lat' dir='ltr'><strong>Quid</strong></span> <span class='ocrx_word' id='word_1_597' title='bbox 3262 3610 3415 3663; x_wconf 90' lang='lat' dir='ltr'><strong>enim</strong></span> <span class='ocrx_word' id='word_1_598' title='bbox 3476 3624 3671 3661; x_wconf 83' lang='lat' dir='ltr'><strong>aerum</strong></span> <span class='ocrx_word' id='word_1_599' title='bbox 3733 3609 3951 3662; x_wconf 87' lang='lat' dir='ltr'><strong>incom-</strong></span> 
     </span>
    </p>
   </div>
   <div class='ocr_carea' id='block_1_85' title="bbox 2247 3697 3952 3770">
    <p class='ocr_par' dir='ltr' id='par_1_85' title="bbox 2247 3697 3952 3770">
     <span class='ocr_line' id='line_1_85' title="bbox 2247 3697 3952 3770; baseline -0.002 -17"><span class='ocrx_word' id='word_1_600' title='bbox 2247 3700 2573 3765; x_wconf 88' lang='lat' dir='ltr'><strong>moditates,</strong></span> <span class='ocrx_word' id='word_1_601' title='bbox 2617 3700 2754 3770; x_wconf 90' lang='lat' dir='ltr'><strong>quid</strong></span> <span class='ocrx_word' id='word_1_602' title='bbox 2795 3700 3163 3753; x_wconf 88' lang='lat' dir='ltr'><strong>inclementia</strong></span> <span class='ocrx_word' id='word_1_603' title='bbox 3208 3699 3353 3763; x_wconf 74' lang='lat' dir='ltr'><strong>creti,</strong></span> <span class='ocrx_word' id='word_1_604' title='bbox 3403 3698 3540 3768; x_wconf 88' lang='lat' dir='ltr'><strong>quid</strong></span> <span class='ocrx_word' id='word_1_605' title='bbox 3579 3697 3952 3751; x_wconf 87' lang='lat' dir='ltr'><strong>immensitas</strong></span> 
     </span>
    </p>
   </div>
   <div class='ocr_carea' id='block_1_86' title="bbox 2246 3784 3950 3857">
    <p class='ocr_par' dir='ltr' id='par_1_86' title="bbox 2246 3784 3950 3857">
     <span class='ocr_line' id='line_1_86' title="bbox 2246 3784 3950 3857; baseline -0.003 -16"><span class='ocrx_word' id='word_1_606' title='bbox 2246 3789 2543 3853; x_wconf 90' lang='lat' dir='ltr'><strong>imbrium,</strong></span> <span class='ocrx_word' id='word_1_607' title='bbox 2577 3788 2713 3857; x_wconf 91' lang='lat' dir='ltr'><strong>quid</strong></span> <span class='ocrx_word' id='word_1_608' title='bbox 2763 3788 2941 3840; x_wconf 89' lang='lat' dir='ltr'><strong>fames</strong></span> <span class='ocrx_word' id='word_1_609' title='bbox 2986 3788 3355 3857; x_wconf 88' lang='lat' dir='ltr'><strong>populorum,</strong></span> <span class='ocrx_word' id='word_1_610' title='bbox 3391 3786 3496 3840; x_wconf 90' lang='lat' dir='ltr'><strong>nisi</strong></span> <span class='ocrx_word' id='word_1_611' title='bbox 3530 3786 3670 3838; x_wconf 87' lang='lat' dir='ltr'><strong>iram</strong></span> <span class='ocrx_word' id='word_1_612' title='bbox 3709 3784 3950 3839; x_wconf 88' lang='lat' dir='ltr'><strong>Domini</strong></span> 
     </span>
    </p>
   </div>
   <div class='ocr_carea' id='block_1_87' title="bbox 2246 3872 3949 3945">
    <p class='ocr_par' dir='ltr' id='par_1_87' title="bbox 2246 3872 3949 3945">
     <span class='ocr_line' id='line_1_87' title="bbox 2246 3872 3949 3945; baseline -0.004 -14"><span class='ocrx_word' id='word_1_613' title='bbox 2246 3880 2515 3944; x_wconf 89' lang='lat' dir='ltr'><strong>clamant,</strong></span> <span class='ocrx_word' id='word_1_614' title='bbox 2551 3883 2608 3930; x_wconf 91' lang='lat' dir='ltr'><strong>et</strong></span> <span class='ocrx_word' id='word_1_615' title='bbox 2640 3877 2945 3930; x_wconf 87' lang='lat' dir='ltr'><strong>vindictam</strong></span> <span class='ocrx_word' id='word_1_616' title='bbox 2983 3877 3105 3945; x_wconf 88' lang='lat' dir='ltr'><strong>jam</strong></span> <span class='ocrx_word' id='word_1_617' title='bbox 3148 3878 3382 3945; x_wconf 89' lang='lat' dir='ltr'><strong>jamque</strong></span> <span class='ocrx_word' id='word_1_618' title='bbox 3422 3874 3728 3928; x_wconf 86' lang='lat' dir='ltr'><strong>imminere</strong></span> <span class='ocrx_word' id='word_1_619' title='bbox 3767 3872 3949 3927; x_wconf 85' lang='lat' dir='ltr'><strong>mini-</strong></span> 
     </span>
    </p>
   </div>
   <div class='ocr_carea' id='block_1_88' title="bbox 2245 3961 3950 4034">
    <p class='ocr_par' dir='ltr' id='par_1_88' title="bbox 2245 3961 3950 4034">
     <span class='ocr_line' id='line_1_88' title="bbox 2245 3961 3950 4034; baseline -0.004 -15"><span class='ocrx_word' id='word_1_620' title='bbox 2245 3970 2372 4021; x_wconf 88' lang='lat' dir='ltr'><strong>tant</strong></span> <span class='ocrx_word' id='word_1_621' title='bbox 2411 3972 2467 4018; x_wconf 92' lang='lat' dir='ltr'><strong>et</strong></span> <span class='ocrx_word' id='word_1_622' title='bbox 2514 3964 2840 4018; x_wconf 74' lang='lat' dir='ltr'><strong>intentant?</strong></span> <span class='ocrx_word' id='word_1_623' title='bbox 2886 3965 3121 4034; x_wconf 89' lang='lat' dir='ltr'><strong>Templa</strong></span> <span class='ocrx_word' id='word_1_624' title='bbox 3164 3964 3318 4017; x_wconf 91' lang='lat' dir='ltr'><strong>enim</strong></span> <span class='ocrx_word' id='word_1_625' title='bbox 3351 3963 3557 4017; x_wconf 88' lang='lat' dir='ltr'><strong>Christi</strong></span> <span class='ocrx_word' id='word_1_626' title='bbox 3593 3978 3624 4013; x_wconf 84' lang='lat' dir='ltr'><strong>a</strong></span> <span class='ocrx_word' id='word_1_627' title='bbox 3657 3961 3950 4015; x_wconf 79' lang='lat' dir='ltr'><strong>sacrificio</strong></span> 
     </span>
    </p>
   </div>
   <div class='ocr_carea' id='block_1_89' title="bbox 2247 4052 3951 4121">
    <p class='ocr_par' dir='ltr' id='par_1_89' title="bbox 2247 4052 3951 4121">
     <span class='ocr_line' id='line_1_89' title="bbox 2247 4052 3951 4121; baseline -0.003 -13"><span class='ocrx_word' id='word_1_628' title='bbox 2247 4055 2520 4121; x_wconf 86' lang='lat' dir='ltr'><strong>desolata,</strong></span> <span class='ocrx_word' id='word_1_629' title='bbox 2556 4060 2611 4106; x_wconf 91' lang='lat' dir='ltr'><strong>et</strong></span> <span class='ocrx_word' id='word_1_630' title='bbox 2640 4055 2764 4106; x_wconf 84' lang='lat' dir='ltr'><strong>loca</strong></span> <span class='ocrx_word' id='word_1_631' title='bbox 2790 4059 2980 4107; x_wconf 88' lang='lat' dir='ltr'><strong>sancta</strong></span> <span class='ocrx_word' id='word_1_632' title='bbox 3003 4054 3072 4107; x_wconf 87' lang='lat' dir='ltr'><strong>ab</strong></span> <span class='ocrx_word' id='word_1_633' title='bbox 3097 4053 3336 4106; x_wconf 89' lang='lat' dir='ltr'><strong>ethnicis</strong></span> <span class='ocrx_word' id='word_1_634' title='bbox 3359 4052 3682 4121; x_wconf 81' lang='lat' dir='ltr'><strong>exstirpata,</strong></span> <span class='ocrx_word' id='word_1_635' title='bbox 3710 4057 3771 4104; x_wconf 88' lang='lat' dir='ltr'><strong>et</strong></span> <span class='ocrx_word' id='word_1_636' title='bbox 3792 4068 3829 4104; x_wconf 89' lang='lat' dir='ltr'><strong>a</strong></span> <span class='ocrx_word' id='word_1_637' title='bbox 3851 4066 3951 4121; x_wconf 88' lang='lat' dir='ltr'><strong>pu-</strong></span> 
     </span>
    </p>
   </div>
   <div class='ocr_carea' id='block_1_90' title="bbox 2246 4140 3954 4203">
    <p class='ocr_par' dir='ltr' id='par_1_90' title="bbox 2246 4140 3954 4203">
     <span class='ocr_line' id='line_1_90' title="bbox 2246 4140 3954 4203; baseline -0.004 -6"><span class='ocrx_word' id='word_1_638' title='bbox 2246 4144 2394 4197; x_wconf 89' lang='lat' dir='ltr'><strong>blico</strong></span> <span class='ocrx_word' id='word_1_639' title='bbox 2453 4142 2652 4196; x_wconf 87' lang='lat' dir='ltr'><strong>eadem</strong></span> <span class='ocrx_word' id='word_1_640' title='bbox 2704 4143 2826 4195; x_wconf 87' lang='lat' dir='ltr'><strong>loca</strong></span> <span class='ocrx_word' id='word_1_641' title='bbox 2887 4142 2984 4196; x_wconf 93' lang='lat' dir='ltr'><strong>Dei</strong></span> <span class='ocrx_word' id='word_1_642' title='bbox 3039 4143 3343 4203; x_wconf 87' lang='lat' dir='ltr'><strong>destructa,</strong></span> <span class='ocrx_word' id='word_1_643' title='bbox 3399 4156 3569 4193; x_wconf 90' lang='lat' dir='ltr'><strong>censu</strong></span> <span class='ocrx_word' id='word_1_644' title='bbox 3629 4140 3954 4194; x_wconf 87' lang='lat' dir='ltr'><strong>crudeliter</strong></span> 
     </span>
    </p>
   </div>
   <div class='ocr_carea' id='block_1_91' title="bbox 2247 4228 3954 4302">
    <p class='ocr_par' dir='ltr' id='par_1_91' title="bbox 2247 4228 3954 4302">
     <span class='ocr_line' id='line_1_91' title="bbox 2247 4228 3954 4302; baseline -0.003 -18"><span class='ocrx_word' id='word_1_645' title='bbox 2247 4237 2571 4302; x_wconf 83' lang='lat' dir='ltr'><strong>aggravata,</strong></span> <span class='ocrx_word' id='word_1_646' title='bbox 2620 4247 2722 4300; x_wconf 88' lang='lat' dir='ltr'><strong>per</strong></span> <span class='ocrx_word' id='word_1_647' title='bbox 2769 4230 3264 4284; x_wconf 76' lang='lat' dir='ltr'><strong>incommoditates</strong></span> <span class='ocrx_word' id='word_1_648' title='bbox 3310 4245 3527 4292; x_wconf 82' lang='lat' dir='ltr'><strong>aerum,</strong></span> <span class='ocrx_word' id='word_1_649' title='bbox 3572 4233 3627 4280; x_wconf 84' lang='lat' dir='ltr'><strong>et</strong></span> <span class='ocrx_word' id='word_1_650' title='bbox 3668 4228 3954 4282; x_wconf 88' lang='lat' dir='ltr'><strong>distribu-</strong></span> 
     </span>
    </p>
   </div>
   <div class='ocr_carea' id='block_1_92' title="bbox 447 4316 3957 4389">
    <p class='ocr_par' dir='ltr' id='par_1_92' title="bbox 447 4316 3957 4389">
     <span class='ocr_line' id='line_1_92' title="bbox 447 4316 3957 4389; baseline 0.001 -22"><span class='ocrx_word' id='word_1_651' title='bbox 447 4322 552 4379; x_wconf 89' lang='lat' dir='ltr'><strong>est,</strong></span> <span class='ocrx_word' id='word_1_652' title='bbox 596 4332 777 4387; x_wconf 89' lang='lat' dir='ltr'><strong>usque</strong></span> <span class='ocrx_word' id='word_1_653' title='bbox 816 4316 886 4369; x_wconf 91' lang='lat' dir='ltr'><strong>ad</strong></span> <span class='ocrx_word' id='word_1_654' title='bbox 922 4316 1255 4370; x_wconf 78' lang='lat' dir='ltr'><strong>effusionem</strong></span> <span class='ocrx_word' id='word_1_655' title='bbox 1300 4316 1598 4384; x_wconf 88' lang='lat' dir='ltr'><strong>sanguinis</strong></span> <span class='ocrx_word' id='word_1_656' title='bbox 1646 4316 1896 4385; x_wconf 88' lang='lat' dir='ltr'><strong>oportuit</strong></span> <span class='ocrx_word' id='word_1_657' title='bbox 1940 4316 2131 4368; x_wconf 89' lang='lat' dir='ltr'><strong>decer-</strong></span> <span class='ocrx_word' id='word_1_658' title='bbox 2174 4320 2215 4373; x_wconf 92' lang='lat' dir='ltr'><strong>D</strong></span> <span class='ocrx_word' id='word_1_659' title='bbox 2248 4321 2435 4375; x_wconf 92' lang='lat' dir='ltr'><strong>tiones</strong></span> <span class='ocrx_word' id='word_1_660' title='bbox 2473 4320 2754 4389; x_wconf 90' lang='lat' dir='ltr'><strong>gentium,</strong></span> <span class='ocrx_word' id='word_1_661' title='bbox 2802 4325 2858 4372; x_wconf 89' lang='lat' dir='ltr'><strong>et</strong></span> <span class='ocrx_word' id='word_1_662' title='bbox 2902 4320 3257 4372; x_wconf 89' lang='lat' dir='ltr'><strong>incursiones</strong></span> <span class='ocrx_word' id='word_1_663' title='bbox 3301 4317 3681 4371; x_wconf 86' lang='lat' dir='ltr'><strong>vindicabitur</strong></span> <span class='ocrx_word' id='word_1_664' title='bbox 3735 4331 3768 4373; x_wconf 73' lang='grc' dir='ltr'><strong>ς</strong></span> <span class='ocrx_word' id='word_1_665' title='bbox 3810 4334 3957 4387; x_wconf 69' lang='lat' dir='ltr'><strong>pra:-</strong></span> 
     </span>
    </p>
   </div>
   <div class='ocr_carea' id='block_1_93' title="bbox 445 4405 2135 4476">
    <p class='ocr_par' dir='ltr' id='par_1_93' title="bbox 445 4405 2135 4476">
     <span class='ocr_line' id='line_1_93' title="bbox 445 4405 2135 4476; baseline 0.001 -18"><span class='ocrx_word' id='word_1_666' title='bbox 445 4409 584 4459; x_wconf 88' lang='lat' dir='ltr'><strong>tare.</strong></span> <span class='ocrx_word' id='word_1_667' title='bbox 622 4407 748 4459; x_wconf 65' lang='lat' dir='ltr'><strong>Haec</strong></span> <span class='ocrx_word' id='word_1_668' title='bbox 781 4422 884 4476; x_wconf 89' lang='lat' dir='ltr'><strong>pro</strong></span> <span class='ocrx_word' id='word_1_669' title='bbox 912 4405 1115 4458; x_wconf 91' lang='lat' dir='ltr'><strong>horum</strong></span> <span class='ocrx_word' id='word_1_670' title='bbox 1148 4405 1413 4457; x_wconf 90' lang='lat' dir='ltr'><strong>simulato</strong></span> <span class='ocrx_word' id='word_1_671' title='bbox 1447 4405 1580 4458; x_wconf 87' lang='lat' dir='ltr'><strong>fidei</strong></span> <span class='ocrx_word' id='word_1_672' title='bbox 1606 4405 1950 4458; x_wconf 88' lang='lat' dir='ltr'><strong>documento</strong></span> <span class='ocrx_word' id='word_1_673' title='bbox 1986 4421 1997 4457; x_wconf 74' lang='grc' dir='ltr'>ε</span> <span class='ocrx_word' id='word_1_674' title='bbox 2036 4405 2135 4459; x_wconf 89' lang='lat' dir='ltr'><strong>sed</strong></span> 
     </span>
    </p>
   </div>
   <div class='ocr_carea' id='block_1_94' title="bbox 446 4493 1195 4562">
    <p class='ocr_par' dir='ltr' id='par_1_94' title="bbox 446 4493 1195 4562">
     <span class='ocr_line' id='line_1_94' title="bbox 446 4493 1195 4562; baseline 0 -17"><span class='ocrx_word' id='word_1_675' title='bbox 446 4493 579 4546; x_wconf 87' lang='lat' dir='ltr'><strong>satis</strong></span> <span class='ocrx_word' id='word_1_676' title='bbox 608 4493 714 4546; x_wconf 91' lang='lat' dir='ltr'><strong>hoc</strong></span> <span class='ocrx_word' id='word_1_677' title='bbox 744 4494 865 4547; x_wconf 92' lang='lat' dir='ltr'><strong>loco</strong></span> <span class='ocrx_word' id='word_1_678' title='bbox 896 4493 1195 4562; x_wconf 83' lang='lat' dir='ltr'><strong>digestum.</strong></span> 
     </span>
    </p>
   </div>
   <div class='ocr_carea' id='block_1_95' title="bbox 523 4581 2129 4651">
    <p class='ocr_par' dir='ltr' id='par_1_95' title="bbox 523 4581 2129 4651">
     <span class='ocr_line' id='line_1_95' title="bbox 523 4581 2129 4651; baseline -0.001 -15"><span class='ocrx_word' id='word_1_679' title='bbox 523 4584 602 4636; x_wconf 86' lang='lat' dir='ltr'><strong>l8.</strong></span> <span class='ocrx_word' id='word_1_680' title='bbox 657 4582 817 4635; x_wconf 91' lang='lat' dir='ltr'><strong>Nunc</strong></span> <span class='ocrx_word' id='word_1_681' title='bbox 865 4582 934 4634; x_wconf 88' lang='lat' dir='ltr'><strong>ad</strong></span> <span class='ocrx_word' id='word_1_682' title='bbox 985 4598 1051 4635; x_wconf 89' lang='lat' dir='ltr'><strong>ea</strong></span> <span class='ocrx_word' id='word_1_683' title='bbox 1095 4597 1225 4651; x_wconf 82' lang='lat' dir='ltr'><strong>quae</strong></span> <span class='ocrx_word' id='word_1_684' title='bbox 1270 4598 1550 4651; x_wconf 87' lang='lat' dir='ltr'><strong>coeperam</strong></span> <span class='ocrx_word' id='word_1_685' title='bbox 1597 4581 1759 4635; x_wconf 89' lang='lat' dir='ltr'><strong>ﬂecto</strong></span> <span class='ocrx_word' id='word_1_686' title='bbox 1805 4582 2129 4649; x_wconf 89' lang='lat' dir='ltr'><strong>articulum,</strong></span> 
     </span>
    </p>
   </div>
   <div class='ocr_carea' id='block_1_96' title="bbox 445 4669 2132 4740">
    <p class='ocr_par' dir='ltr' id='par_1_96' title="bbox 445 4669 2132 4740">
     <span class='ocr_line' id='line_1_96' title="bbox 445 4669 2132 4740; baseline 0.001 -17"><span class='ocrx_word' id='word_1_687' title='bbox 445 4676 501 4723; x_wconf 85' lang='lat' dir='ltr'><strong>et</strong></span> <span class='ocrx_word' id='word_1_688' title='bbox 550 4670 794 4740; x_wconf 89' lang='lat' dir='ltr'><strong>probare</strong></span> <span class='ocrx_word' id='word_1_689' title='bbox 843 4673 1036 4722; x_wconf 89' lang='lat' dir='ltr'><strong>nostro</strong></span> <span class='ocrx_word' id='word_1_690' title='bbox 1083 4669 1221 4723; x_wconf 86' lang='lat' dir='ltr'><strong>vitio</strong></span> <span class='ocrx_word' id='word_1_691' title='bbox 1277 4670 1519 4724; x_wconf 85' lang='lat' dir='ltr'><strong>inlatum</strong></span> <span class='ocrx_word' id='word_1_692' title='bbox 1579 4671 1786 4723; x_wconf 89' lang='lat' dir='ltr'><strong>iterum</strong></span> <span class='ocrx_word' id='word_1_693' title='bbox 1840 4671 2132 4724; x_wconf 83' lang='lat' dir='ltr'><strong>intentabo</strong></span> 
     </span>
    </p>
   </div>
   <div class='ocr_carea' id='block_1_97' title="bbox 444 4759 2134 4829">
    <p class='ocr_par' dir='ltr' id='par_1_97' title="bbox 444 4759 2134 4829">
     <span class='ocr_line' id='line_1_97' title="bbox 444 4759 2134 4829; baseline 0 -17"><span class='ocrx_word' id='word_1_694' title='bbox 444 4760 755 4828; x_wconf 84' lang='lat' dir='ltr'><strong>ﬂagellum.</strong></span> <span class='ocrx_word' id='word_1_695' title='bbox 810 4759 1014 4811; x_wconf 87' lang='lat' dir='ltr'><strong>Nostra</strong></span> <span class='ocrx_word' id='word_1_696' title='bbox 1060 4759 1200 4825; x_wconf 69' lang='lat'><strong>11836,</strong></span> <span class='ocrx_word' id='word_1_697' title='bbox 1251 4759 1471 4824; x_wconf 83' lang='lat' dir='ltr'><strong>fratres,</strong></span> <span class='ocrx_word' id='word_1_698' title='bbox 1533 4766 1728 4812; x_wconf 87' lang='lat' dir='ltr'><strong>nostra</strong></span> <span class='ocrx_word' id='word_1_699' title='bbox 1781 4760 1995 4813; x_wconf 86' lang='lat' dir='ltr'><strong>desidia</strong></span> <span class='ocrx_word' id='word_1_700' title='bbox 2042 4777 2134 4829; x_wconf 86' lang='lat' dir='ltr'><strong>pe-</strong></span> 
     </span>
    </p>
   </div>
   <div class='ocr_carea' id='block_1_98' title="bbox 443 4847 2133 4918">
    <p class='ocr_par' dir='ltr' id='par_1_98' title="bbox 443 4847 2133 4918">
     <span class='ocr_line' id='line_1_98' title="bbox 443 4847 2133 4918; baseline 0.001 -19"><span class='ocrx_word' id='word_1_701' title='bbox 443 4847 592 4918; x_wconf 89' lang='lat' dir='ltr'><strong>perit</strong></span> <span class='ocrx_word' id='word_1_702' title='bbox 624 4847 795 4911; x_wconf 88' lang='lat' dir='ltr'><strong>mala,</strong></span> <span class='ocrx_word' id='word_1_703' title='bbox 843 4851 1032 4899; x_wconf 88' lang='lat' dir='ltr'><strong>nostra</strong></span> <span class='ocrx_word' id='word_1_704' title='bbox 1072 4847 1391 4916; x_wconf 90' lang='lat' dir='ltr'><strong>impuritas,</strong></span> <span class='ocrx_word' id='word_1_705' title='bbox 1436 4856 1626 4912; x_wconf 82' lang='lat' dir='ltr'><strong>nostra</strong></span> <span class='ocrx_word' id='word_1_706' title='bbox 1676 4848 1890 4914; x_wconf 86' lang='lat' dir='ltr'><strong>levitas,</strong></span> <span class='ocrx_word' id='word_1_707' title='bbox 1941 4852 2133 4901; x_wconf 90' lang='lat' dir='ltr'><strong>nostra</strong></span> 
     </span>
    </p>
   </div>
   <div class='ocr_carea' id='block_1_99' title="bbox 443 4935 2127 5001">
    <p class='ocr_par' dir='ltr' id='par_1_99' title="bbox 443 4935 2127 5001">
     <span class='ocr_line' id='line_1_99' title="bbox 443 4935 2127 5001; baseline -0.001 -11"><span class='ocrx_word' id='word_1_708' title='bbox 443 4951 671 4990; x_wconf 90' lang='lat' dir='ltr'><strong>morum</strong></span> <span class='ocrx_word' id='word_1_709' title='bbox 708 4935 1062 5001; x_wconf 87' lang='lat' dir='ltr'><strong>obsccenitas,</strong></span> <span class='ocrx_word' id='word_1_710' title='bbox 1106 4937 1241 4990; x_wconf 91' lang='lat' dir='ltr'><strong>dum</strong></span> <span class='ocrx_word' id='word_1_711' title='bbox 1289 4936 1574 4998; x_wconf 86' lang='lat' dir='ltr'><strong>timemus,</strong></span> <span class='ocrx_word' id='word_1_712' title='bbox 1627 4936 1726 4989; x_wconf 89' lang='lat' dir='ltr'><strong>ubi</strong></span> <span class='ocrx_word' id='word_1_713' title='bbox 1773 4952 1887 4989; x_wconf 91' lang='lat' dir='ltr'><strong>non</strong></span> <span class='ocrx_word' id='word_1_714' title='bbox 1938 4941 2020 4989; x_wconf 88' lang='lat' dir='ltr'><strong>est</strong></span> <span class='ocrx_word' id='word_1_715' title='bbox 2060 4935 2127 4989; x_wconf 91' lang='lat' dir='ltr'><strong>ti-</strong></span> 
     </span>
    </p>
   </div>
   <div class='ocr_carea' id='block_1_100' title="bbox 442 5024 2129 5096">
    <p class='ocr_par' dir='ltr' id='par_1_100' title="bbox 442 5024 2129 5096">
     <span class='ocr_line' id='line_1_100' title="bbox 442 5024 2129 5096; baseline 0 -18"><span class='ocrx_word' id='word_1_716' title='bbox 442 5041 589 5091; x_wconf 91' lang='lat' dir='ltr'><strong>mor,</strong></span> <span class='ocrx_word' id='word_1_717' title='bbox 624 5030 681 5077; x_wconf 91' lang='lat' dir='ltr'><strong>et</strong></span> <span class='ocrx_word' id='word_1_718' title='bbox 714 5024 1181 5094; x_wconf 89' lang='lat' dir='ltr'><strong>parvipendimus</strong></span> <span class='ocrx_word' id='word_1_719' title='bbox 1219 5041 1231 5077; x_wconf 89' lang='lat'><strong>:</strong></span> <span class='ocrx_word' id='word_1_720' title='bbox 1276 5041 1378 5095; x_wconf 91' lang='lat' dir='ltr'><strong>pro</strong></span> <span class='ocrx_word' id='word_1_721' title='bbox 1416 5042 1482 5078; x_wconf 91' lang='lat' dir='ltr'><strong>eo</strong></span> <span class='ocrx_word' id='word_1_722' title='bbox 1514 5026 1664 5096; x_wconf 91' lang='lat' dir='ltr'><strong>quod</strong></span> <span class='ocrx_word' id='word_1_723' title='bbox 1701 5024 1963 5078; x_wconf 84' lang='lat' dir='ltr'><strong>differtur</strong></span> <span class='ocrx_word' id='word_1_724' title='bbox 1991 5042 2129 5095; x_wconf 81' lang='lat' dir='ltr'><strong>sup-</strong></span> 
     </span>
    </p>
   </div>
   <div class='ocr_carea' id='block_1_101' title="bbox 439 5112 2132 5184">
    <p class='ocr_par' dir='ltr' id='par_1_101' title="bbox 439 5112 2132 5184">
     <span class='ocr_line' id='line_1_101' title="bbox 439 5112 2132 5184; baseline 0 -17"><span class='ocrx_word' id='word_1_725' title='bbox 439 5113 680 5184; x_wconf 91' lang='lat' dir='ltr'><strong>plicium</strong></span> <span class='ocrx_word' id='word_1_726' title='bbox 710 5112 1149 5183; x_wconf 87' lang='lat' dir='ltr'><strong>sempiternum,</strong></span> <span class='ocrx_word' id='word_1_727' title='bbox 1184 5112 1359 5166; x_wconf 90' lang='lat' dir='ltr'><strong>secuti</strong></span> <span class='ocrx_word' id='word_1_728' title='bbox 1391 5129 1587 5166; x_wconf 89' lang='lat' dir='ltr'><strong>sumus</strong></span> <span class='ocrx_word' id='word_1_729' title='bbox 1618 5114 1958 5167; x_wconf 86' lang='lat' dir='ltr'><strong>horrendam</strong></span> <span class='ocrx_word' id='word_1_730' title='bbox 1983 5130 2132 5167; x_wconf 90' lang='lat' dir='ltr'><strong>mor-</strong></span> 
     </span>
    </p>
   </div>
   <div class='ocr_carea' id='block_1_102' title="bbox 509 5273 1043 5342">
    <p class='ocr_par' dir='ltr' id='par_1_102' title="bbox 509 5273 1043 5342">
     <span class='ocr_line' id='line_1_102' title="bbox 509 5273 1043 5342; baseline -0.004 -15"><span class='ocrx_word' id='word_1_731' title='bbox 509 5282 535 5308; x_wconf 73' lang='grc'>⁸</span> <span class='ocrx_word' id='word_1_732' title='bbox 566 5273 623 5327; x_wconf 89' lang='lat' dir='ltr'><strong>F.</strong></span> <span class='ocrx_word' id='word_1_733' title='bbox 648 5277 1043 5342; x_wconf 73' lang='lat' dir='ltr'><strong>praeparatum.</strong></span> 
     </span>
    </p>
   </div>
   <div class='ocr_carea' id='block_1_103' title="bbox 509 5344 1195 5411">
    <p class='ocr_par' dir='ltr' id='par_1_103' title="bbox 509 5344 1195 5411">
     <span class='ocr_line' id='line_1_103' title="bbox 509 5344 1195 5411; baseline -0.003 -14"><span class='ocrx_word' id='word_1_734' title='bbox 509 5346 534 5386; x_wconf 67' lang='grc' dir='ltr'>δ</span> <span class='ocrx_word' id='word_1_735' title='bbox 564 5345 623 5397; x_wconf 88' lang='lat' dir='ltr'><strong>L.</strong></span> <span class='ocrx_word' id='word_1_736' title='bbox 658 5345 889 5398; x_wconf 85' lang='lat' dir='ltr'><strong>licitis...</strong></span> <span class='ocrx_word' id='word_1_737' title='bbox 919 5344 1195 5411; x_wconf 79' lang='lat' dir='ltr'><strong>legitimis.</strong></span> 
     </span>
    </p>
   </div>
   <div class='ocr_carea' id='block_1_104' title="bbox 511 5414 884 5479">
    <p class='ocr_par' dir='ltr' id='par_1_104' title="bbox 511 5414 884 5479">
     <span class='ocr_line' id='line_1_104' title="bbox 511 5414 884 5479; baseline 0.008 -14"><span class='ocrx_word' id='word_1_738' title='bbox 511 5422 531 5448; x_wconf 72' lang='grc' dir='ltr'><strong>ε</strong></span> <span class='ocrx_word' id='word_1_739' title='bbox 564 5414 687 5479; x_wconf 88' lang='lat' dir='ltr'><strong>Ms.,</strong></span> <span class='ocrx_word' id='word_1_740' title='bbox 719 5414 884 5468; x_wconf 91' lang='lat' dir='ltr'><strong>dolos.</strong></span> 
     </span>
    </p>
   </div>
   <div class='ocr_carea' id='block_1_105' title="bbox 510 5481 2127 5553">
    <p class='ocr_par' dir='ltr' id='par_1_105' title="bbox 510 5481 2127 5553">
     <span class='ocr_line' id='line_1_105' title="bbox 510 5481 2127 5553; baseline 0.001 -17"><span class='ocrx_word' id='word_1_741' title='bbox 510 5481 535 5518; x_wconf 73' lang='grc' dir='ltr'>ἀ</span> <span class='ocrx_word' id='word_1_742' title='bbox 570 5484 624 5536; x_wconf 83' lang='lat' dir='ltr'><strong>L.</strong></span> <span class='ocrx_word' id='word_1_743' title='bbox 661 5500 758 5551; x_wconf 83' lang='lat' dir='ltr'><strong>pro</strong></span> <span class='ocrx_word' id='word_1_744' title='bbox 786 5486 977 5538; x_wconf 79' lang='lat' dir='ltr'><strong>suillos</strong></span> <span class='ocrx_word' id='word_1_745' title='bbox 1009 5503 1023 5537; x_wconf 88' lang='lat'><strong><em>:</em></strong></span> <span class='ocrx_word' id='word_1_746' title='bbox 1059 5500 1123 5536; x_wconf 91' lang='lat' dir='ltr'><strong>ac</strong></span> <span class='ocrx_word' id='word_1_747' title='bbox 1154 5483 1373 5553; x_wconf 77' lang='lat' dir='ltr'><strong>corrige</strong></span> <span class='ocrx_word' id='word_1_748' title='bbox 1406 5502 1506 5553; x_wconf 80' lang='lat' dir='ltr'><strong>pro</strong></span> <span class='ocrx_word' id='word_1_749' title='bbox 1535 5486 1712 5539; x_wconf 82' lang='lat' dir='ltr'><strong>suillis</strong></span> <span class='ocrx_word' id='word_1_750' title='bbox 1742 5485 2016 5552; x_wconf 70' lang='lat' dir='ltr'><strong>cantibus,</strong></span> <span class='ocrx_word' id='word_1_751' title='bbox 2049 5486 2127 5538; x_wconf 84' lang='lat' dir='ltr'><strong>sic</strong></span> 
     </span>
    </p>
   </div>
   <div class='ocr_carea' id='block_1_106' title="bbox 438 5555 1291 5624">
    <p class='ocr_par' dir='ltr' id='par_1_106' title="bbox 438 5555 1291 5624">
     <span class='ocr_line' id='line_1_106' title="bbox 438 5555 1291 5624; baseline 0 -17"><span class='ocrx_word' id='word_1_752' title='bbox 438 5559 503 5607; x_wconf 90' lang='lat' dir='ltr'><strong>ut</strong></span> <span class='ocrx_word' id='word_1_753' title='bbox 531 5555 723 5607; x_wconf 88' lang='lat' dir='ltr'><strong>statim</strong></span> <span class='ocrx_word' id='word_1_754' title='bbox 754 5555 890 5608; x_wconf 89' lang='lat' dir='ltr'><strong>dicit</strong></span> <span class='ocrx_word' id='word_1_755' title='bbox 917 5570 1016 5624; x_wconf 88' lang='lat' dir='ltr'><strong>pro</strong></span> <span class='ocrx_word' id='word_1_756' title='bbox 1046 5558 1291 5609; x_wconf 74' lang='lat' dir='ltr'><strong>veritate.</strong></span> 
     </span>
    </p>
   </div>
   <div class='ocr_carea' id='block_1_107' title="bbox 2244 4406 3955 4478">
    <p class='ocr_par' dir='ltr' id='par_1_107' title="bbox 2244 4406 3955 4478">
     <span class='ocr_line' id='line_1_107' title="bbox 2244 4406 3955 4478; baseline -0.003 -14"><span class='ocrx_word' id='word_1_757' title='bbox 2244 4411 2474 4464; x_wconf 88' lang='lat' dir='ltr'><strong>liorum.</strong></span> <span class='ocrx_word' id='word_1_758' title='bbox 2505 4411 2633 4462; x_wconf 84' lang='lat' dir='ltr'><strong>Haec</strong></span> <span class='ocrx_word' id='word_1_759' title='bbox 2664 4409 2817 4461; x_wconf 87' lang='lat' dir='ltr'><strong>enim</strong></span> <span class='ocrx_word' id='word_1_760' title='bbox 2847 4409 3032 4461; x_wconf 91' lang='lat' dir='ltr'><strong>omnis</strong></span> <span class='ocrx_word' id='word_1_761' title='bbox 3056 4411 3223 4478; x_wconf 87' lang='lat' dir='ltr'><strong>plaga</strong></span> <span class='ocrx_word' id='word_1_762' title='bbox 3247 4408 3512 4461; x_wconf 85' lang='lat' dir='ltr'><strong>fidelibus</strong></span> <span class='ocrx_word' id='word_1_763' title='bbox 3533 4407 3600 4459; x_wconf 94' lang='lat' dir='ltr'><strong>ad</strong></span> <span class='ocrx_word' id='word_1_764' title='bbox 3630 4406 3955 4475; x_wconf 61' lang='lat' dir='ltr'><strong>praemium</strong></span> 
     </span>
    </p>
   </div>
   <div class='ocr_carea' id='block_1_108' title="bbox 2243 4496 3957 4568">
    <p class='ocr_par' dir='ltr' id='par_1_108' title="bbox 2243 4496 3957 4568">
     <span class='ocr_line' id='line_1_108' title="bbox 2243 4496 3957 4568; baseline -0.002 -18"><span class='ocrx_word' id='word_1_765' title='bbox 2243 4498 2493 4568; x_wconf 89' lang='lat' dir='ltr'><strong>proficit,</strong></span> <span class='ocrx_word' id='word_1_766' title='bbox 2542 4497 2866 4551; x_wconf 89' lang='lat' dir='ltr'><strong>infidelibus</strong></span> <span class='ocrx_word' id='word_1_767' title='bbox 2918 4497 2987 4550; x_wconf 91' lang='lat' dir='ltr'><strong>ad</strong></span> <span class='ocrx_word' id='word_1_768' title='bbox 3031 4497 3373 4566; x_wconf 88' lang='lat' dir='ltr'><strong>supplicium</strong></span> <span class='ocrx_word' id='word_1_769' title='bbox 3425 4496 3643 4548; x_wconf 88' lang='lat' dir='ltr'><strong>crescit.</strong></span> <span class='ocrx_word' id='word_1_770' title='bbox 3702 4496 3957 4547; x_wconf 79' lang='lat' dir='ltr'><strong>Munda-</strong></span> 
     </span>
    </p>
   </div>
   <div class='ocr_carea' id='block_1_109' title="bbox 2244 4583 3956 4655">
    <p class='ocr_par' dir='ltr' id='par_1_109' title="bbox 2244 4583 3956 4655">
     <span class='ocr_line' id='line_1_109' title="bbox 2244 4583 3956 4655; baseline -0.003 -15"><span class='ocrx_word' id='word_1_771' title='bbox 2244 4603 2375 4640; x_wconf 92' lang='lat' dir='ltr'><strong>mur</strong></span> <span class='ocrx_word' id='word_1_772' title='bbox 2419 4602 2666 4655; x_wconf 82' lang='lat' dir='ltr'><strong>namque</strong></span> <span class='ocrx_word' id='word_1_773' title='bbox 2714 4602 2817 4653; x_wconf 91' lang='lat' dir='ltr'><strong>per</strong></span> <span class='ocrx_word' id='word_1_774' title='bbox 2866 4586 3057 4639; x_wconf 70' lang='lat' dir='ltr'><strong>saeculi</strong></span> <span class='ocrx_word' id='word_1_775' title='bbox 3108 4586 3269 4638; x_wconf 88' lang='lat' dir='ltr'><strong>istius</strong></span> <span class='ocrx_word' id='word_1_776' title='bbox 3317 4600 3630 4653; x_wconf 72' lang='lat' dir='ltr'><strong>pressurus,</strong></span> <span class='ocrx_word' id='word_1_777' title='bbox 3665 4583 3716 4636; x_wconf 88' lang='lat' dir='ltr'><strong>si</strong></span> <span class='ocrx_word' id='word_1_778' title='bbox 3752 4590 3956 4637; x_wconf 81' lang='lat' dir='ltr'><strong>tamen</strong></span> 
     </span>
    </p>
   </div>
   <div class='ocr_carea' id='block_1_110' title="bbox 2243 4672 3959 4742">
    <p class='ocr_par' dir='ltr' id='par_1_110' title="bbox 2243 4672 3959 4742">
     <span class='ocr_line' id='line_1_110' title="bbox 2243 4672 3959 4742; baseline -0.002 -16"><span class='ocrx_word' id='word_1_779' title='bbox 2243 4674 2643 4742; x_wconf 86' lang='lat' dir='ltr'><strong>resipiscentes</strong></span> <span class='ocrx_word' id='word_1_780' title='bbox 2717 4679 2938 4726; x_wconf 91' lang='lat' dir='ltr'><strong>nostras</strong></span> <span class='ocrx_word' id='word_1_781' title='bbox 3012 4672 3463 4741; x_wconf 89' lang='lat' dir='ltr'><strong>disposuerimus</strong></span> <span class='ocrx_word' id='word_1_782' title='bbox 3529 4687 3735 4724; x_wconf 87' lang='lat' dir='ltr'><strong>curare</strong></span> <span class='ocrx_word' id='word_1_783' title='bbox 3811 4688 3959 4742; x_wconf 89' lang='lat' dir='ltr'><strong>quas</strong></span> 
     </span>
    </p>
   </div>
   <div class='ocr_carea' id='block_1_111' title="bbox 2242 4760 3957 4832">
    <p class='ocr_par' dir='ltr' id='par_1_111' title="bbox 2242 4760 3957 4832">
     <span class='ocr_line' id='line_1_111' title="bbox 2242 4760 3957 4832; baseline -0.002 -17"><span class='ocrx_word' id='word_1_784' title='bbox 2242 4763 2631 4815; x_wconf 81' lang='lat' dir='ltr'><strong>contraximus</strong></span> <span class='ocrx_word' id='word_1_785' title='bbox 2678 4763 2890 4832; x_wconf 90' lang='lat' dir='ltr'><strong>culpas.</strong></span> <span class='ocrx_word' id='word_1_786' title='bbox 2940 4763 3218 4815; x_wconf 60' lang='lat' dir='ltr'><strong>Caeterum</strong></span> <span class='ocrx_word' id='word_1_787' title='bbox 3262 4760 3309 4813; x_wconf 89' lang='lat' dir='ltr'><strong>si</strong></span> <span class='ocrx_word' id='word_1_788' title='bbox 3354 4761 3410 4812; x_wconf 90' lang='lat' dir='ltr'><strong>in</strong></span> <span class='ocrx_word' id='word_1_789' title='bbox 3453 4777 3643 4813; x_wconf 82' lang='lat' dir='ltr'><strong>errore</strong></span> <span class='ocrx_word' id='word_1_790' title='bbox 3695 4762 3957 4829; x_wconf 86' lang='lat' dir='ltr'><strong>pristino</strong></span> 
     </span>
    </p>
   </div>
   <div class='ocr_carea' id='block_1_112' title="bbox 2240 4847 3954 4919">
    <p class='ocr_par' dir='ltr' id='par_1_112' title="bbox 2240 4847 3954 4919">
     <span class='ocr_line' id='line_1_112' title="bbox 2240 4847 3954 4919; baseline 0.002 -17"><span class='ocrx_word' id='word_1_791' title='bbox 2240 4850 2617 4919; x_wconf 89' lang='lat' dir='ltr'><strong>perdurantes</strong></span> <span class='ocrx_word' id='word_1_792' title='bbox 2664 4850 2945 4903; x_wconf 88' lang='lat' dir='ltr'><strong>obstinata</strong></span> <span class='ocrx_word' id='word_1_793' title='bbox 2992 4855 3205 4915; x_wconf 90' lang='lat' dir='ltr'><strong>mente,</strong></span> <span class='ocrx_word' id='word_1_794' title='bbox 3254 4854 3308 4902; x_wconf 90' lang='lat' dir='ltr'><strong>et</strong></span> <span class='ocrx_word' id='word_1_795' title='bbox 3356 4847 3699 4901; x_wconf 89' lang='lat' dir='ltr'><strong>indomabili</strong></span> <span class='ocrx_word' id='word_1_796' title='bbox 3751 4850 3954 4905; x_wconf 86' lang='lat' dir='ltr'><strong>corde.</strong></span> 
     </span>
    </p>
   </div>
   <div class='ocr_carea' id='block_1_113' title="bbox 2241 4937 3957 5009">
    <p class='ocr_par' dir='ltr' id='par_1_113' title="bbox 2241 4937 3957 5009">
     <span class='ocr_line' id='line_1_113' title="bbox 2241 4937 3957 5009; baseline -0.002 -18"><span class='ocrx_word' id='word_1_797' title='bbox 2241 4939 2475 5009; x_wconf 87' lang='lat' dir='ltr'><strong>obliqua</strong></span> <span class='ocrx_word' id='word_1_798' title='bbox 2516 4938 3042 5008; x_wconf 79' lang='lat' dir='ltr'><strong>praecalcaverimus</strong></span> <span class='ocrx_word' id='word_1_799' title='bbox 3084 4938 3309 5005; x_wconf 86' lang='lat' dir='ltr'><strong>itinera,</strong></span> <span class='ocrx_word' id='word_1_800' title='bbox 3358 4937 3672 4990; x_wconf 86' lang='lat' dir='ltr'><strong>cavendum</strong></span> <span class='ocrx_word' id='word_1_801' title='bbox 3723 4945 3840 5005; x_wconf 85' lang='lat' dir='ltr'><strong>est,</strong></span> <span class='ocrx_word' id='word_1_802' title='bbox 3886 4954 3957 4990; x_wconf 86' lang='lat' dir='ltr'><strong>ne</strong></span> 
     </span>
    </p>
   </div>
   <div class='ocr_carea' id='block_1_114' title="bbox 2239 5026 3955 5098">
    <p class='ocr_par' dir='ltr' id='par_1_114' title="bbox 2239 5026 3955 5098">
     <span class='ocr_line' id='line_1_114' title="bbox 2239 5026 3955 5098; baseline -0.002 -18"><span class='ocrx_word' id='word_1_803' title='bbox 2239 5027 2669 5082; x_wconf 88' lang='lat' dir='ltr'><strong>clementissimi</strong></span> <span class='ocrx_word' id='word_1_804' title='bbox 2716 5028 2895 5096; x_wconf 88' lang='lat' dir='ltr'><strong>patris</strong></span> <span class='ocrx_word' id='word_1_805' title='bbox 2936 5028 3004 5081; x_wconf 88' lang='lat' dir='ltr'><strong>ad</strong></span> <span class='ocrx_word' id='word_1_806' title='bbox 3044 5029 3258 5098; x_wconf 91' lang='lat' dir='ltr'><strong>majora</strong></span> <span class='ocrx_word' id='word_1_807' title='bbox 3300 5026 3627 5080; x_wconf 87' lang='lat' dir='ltr'><strong>ulciscenda</strong></span> <span class='ocrx_word' id='word_1_808' title='bbox 3664 5042 3955 5096; x_wconf 86' lang='lat' dir='ltr'><strong>provoce-</strong></span> 
     </span>
    </p>
   </div>
   <div class='ocr_carea' id='block_1_115' title="bbox 2238 5114 3954 5185">
    <p class='ocr_par' dir='ltr' id='par_1_115' title="bbox 2238 5114 3954 5185">
     <span class='ocr_line' id='line_1_115' title="bbox 2238 5114 3954 5185; baseline -0.002 -16"><span class='ocrx_word' id='word_1_809' title='bbox 2238 5132 2367 5169; x_wconf 90' lang='lat' dir='ltr'><strong>mus</strong></span> <span class='ocrx_word' id='word_1_810' title='bbox 2417 5114 2768 5180; x_wconf 88' lang='lat' dir='ltr'><strong>sententiam,</strong></span> <span class='ocrx_word' id='word_1_811' title='bbox 2826 5120 2883 5168; x_wconf 91' lang='lat' dir='ltr'><strong>et</strong></span> <span class='ocrx_word' id='word_1_812' title='bbox 2937 5131 3053 5169; x_wconf 90' lang='lat' dir='ltr'><strong>non</strong></span> <span class='ocrx_word' id='word_1_813' title='bbox 3110 5114 3585 5184; x_wconf 89' lang='lat' dir='ltr'><strong>redemptionem,</strong></span> <span class='ocrx_word' id='word_1_814' title='bbox 3647 5115 3758 5168; x_wconf 89' lang='lat' dir='ltr'><strong>sed</strong></span> <span class='ocrx_word' id='word_1_815' title='bbox 3826 5116 3954 5185; x_wconf 87' lang='lat' dir='ltr'><strong>gla-</strong></span> 
     </span>
    </p>
   </div>
   <div class='ocr_carea' id='block_1_116' title="bbox 2307 5272 3954 5344">
    <p class='ocr_par' dir='ltr' id='par_1_116' title="bbox 2307 5272 3954 5344">
     <span class='ocr_line' id='line_1_116' title="bbox 2307 5272 3954 5344; baseline -0.001 -18"><span class='ocrx_word' id='word_1_816' title='bbox 2307 5282 2328 5308; x_wconf 83' lang='lat'><em>°</em></span> <span class='ocrx_word' id='word_1_817' title='bbox 2374 5275 2539 5327; x_wconf 89' lang='lat' dir='ltr'><strong>Deest</strong></span> <span class='ocrx_word' id='word_1_818' title='bbox 2585 5272 2804 5343; x_wconf 89' lang='lat' dir='ltr'><strong>aliquid</strong></span> <span class='ocrx_word' id='word_1_819' title='bbox 2855 5288 2869 5325; x_wconf 88' lang='lat'><strong>:</strong></span> <span class='ocrx_word' id='word_1_820' title='bbox 2925 5273 3009 5327; x_wconf 87' lang='lat' dir='ltr'><strong>vel</strong></span> <span class='ocrx_word' id='word_1_821' title='bbox 3057 5278 3241 5327; x_wconf 88' lang='lat' dir='ltr'><strong>contra</strong></span> <span class='ocrx_word' id='word_1_822' title='bbox 3295 5273 3455 5341; x_wconf 82' lang='lat' dir='ltr'><strong>ﬁdem</strong></span> <span class='ocrx_word' id='word_1_823' title='bbox 3510 5288 3665 5326; x_wconf 87' lang='lat' dir='ltr'><strong>suam</strong></span> <span class='ocrx_word' id='word_1_824' title='bbox 3730 5273 3954 5344; x_wconf 85' lang='lat' dir='ltr'><strong>legen-</strong></span> 
     </span>
    </p>
   </div>
   <div class='ocr_carea' id='block_1_117' title="bbox 2237 5344 2853 5481">
    <p class='ocr_par' dir='ltr' id='par_1_117' title="bbox 2237 5344 2853 5481">
     <span class='ocr_line' id='line_1_117' title="bbox 2237 5344 2393 5398; baseline -0.013 0"><span class='ocrx_word' id='word_1_825' title='bbox 2237 5344 2393 5398; x_wconf 90' lang='lat' dir='ltr'><strong>dum.</strong></span> 
     </span>
     <span class='ocr_line' id='line_1_118' title="bbox 2308 5414 2853 5481; baseline 0 -14"><span class='ocrx_word' id='word_1_826' title='bbox 2308 5414 2327 5449; x_wconf 67' lang='grc' dir='ltr'><strong>ί</strong></span> <span class='ocrx_word' id='word_1_827' title='bbox 2356 5415 2477 5481; x_wconf 87' lang='lat' dir='ltr'><strong>Ms.,</strong></span> <span class='ocrx_word' id='word_1_828' title='bbox 2510 5414 2853 5467; x_wconf 85' lang='lat' dir='ltr'><strong>membribus.</strong></span> 
     </span>
    </p>
   </div>
   <div class='ocr_carea' id='block_1_118' title="bbox 2309 5486 3274 5553">
    <p class='ocr_par' dir='ltr' id='par_1_118' title="bbox 2309 5486 3274 5553">
     <span class='ocr_line' id='line_1_119' title="bbox 2309 5486 3274 5553; baseline -0.004 -15"><span class='ocrx_word' id='word_1_829' title='bbox 2309 5498 2337 5538; x_wconf 70' lang='grc' dir='ltr'>ε</span> <span class='ocrx_word' id='word_1_830' title='bbox 2368 5486 2541 5537; x_wconf 83' lang='lat' dir='ltr'><strong>Bravo</strong></span> <span class='ocrx_word' id='word_1_831' title='bbox 2576 5502 2587 5537; x_wconf 76' lang='grc' dir='ltr'>ε</span> <span class='ocrx_word' id='word_1_832' title='bbox 2622 5486 2955 5546; x_wconf 78' lang='lat' dir='ltr'><strong>vindicatur,</strong></span> <span class='ocrx_word' id='word_1_833' title='bbox 2988 5500 3114 5553; x_wconf 86' lang='lat' dir='ltr'><strong>pag.</strong></span> <span class='ocrx_word' id='word_1_834' title='bbox 3156 5486 3274 5537; x_wconf 66' lang='grc'><strong>134.</strong></span> 
     </span>
    </p>
   </div>
  </div>
