4022 6178
155 292 241 346 533
1456 289 1815 346 INDICULUS
1857 290 2258 349 LUMINOSlJS.
3509 303 3609 356 53’s

149 428 285 481 dium
312 424 695 495 temporalem,
728 424 845 477 imo
888 427 1156 489 mortem,
1193 423 1555 477 incurramus
1590 439 1792 494 perpe-
1836 427 1877 479 A
1907 429 2142 477 conatus
2197 424 2397 491 adfuit,
2450 426 2677 479 tramite
2738 425 2894 479 brevi
2953 427 3314 496 digessimus.
3366 431 3431 484 Et
3476 430 3607 485 licet

152 522 303 569 tuam.

212 604 279 655 l9.
313 600 474 654 Miror
516 604 707 653 tamen
739 600 959 670 aliquos
991 600 1248 653 invenire
1285 617 1627 671 prmparvos,
1677 602 1801 654 for-

149 706 232 743 san
273 705 376 742 non
406 688 684 752 homines,
718 689 814 741 sed
850 706 976 742 vero
1010 705 1138 741 cum
1186 689 1571 743 minoratione
1605 690 1798 743 dicen-

149 780 233 832 dos
253 776 632 840 homunculos,
662 776 762 845 qui
783 777 1088 845 praesulem
1110 776 1391 829 infamant
1408 777 1798 842 maledictum,

147 884 175 935 ς
219 864 534 933 martyrium
580 879 746 933 aequo
778 864 971 916 animo
1004 864 1285 917 suﬁ'erunt
1316 865 1679 929 detestatum,
1708 881 1800 917 ve-

146 958 381 1008 nerantes
427 952 564 1005 letas
594 959 617 984 ⁸
646 950 1044 1021 episcoporum
1077 952 1135 1005 in
1174 953 1477 1022 praesulem
1511 957 1801 1006 currentes

148 1042 445 1107 sententias,
480 1041 975 1094 maledictionibus
1006 1046 1062 1095 et
1078 1042 1553 1096 detestationibus
1582 1042 1797 1111 plenas.

148 1134 199 1186 Et
233 1131 414 1182 eodem
450 1129 652 1183 mentis
685 1131 878 1199 vigore
910 1130 1207 1182 adversum
1238 1130 1369 1183 ﬁdei
1402 1130 1798 1199 episcoporum

145 1222 366 1272 colentes
420 1218 730 1284 decretum,
766 1217 1066 1289 sacrilegio
1101 1225 1158 1271 et
1192 1218 1585 1288 blasphemiis,
1623 1222 1682 1270 ut
1713 1218 1801 1271 le-

147 1309 265 1361 viter
294 1312 509 1378 putant,
542 1308 601 1360 in
650 1308 983 1377 tyrunculos
1014 1307 1221 1361 Christi
1253 1307 1525 1360 refertum
1557 1323 1569 1360 :
1615 1304 1799 1359 homi-

145 1414 257 1451 num
296 1396 719 1450 maledictiones
752 1395 809 1448 in
852 1395 1119 1466 episcopo
1160 1395 1537 1459 attendentes,
1589 1398 1646 1447 et
1693 1394 1799 1447 hu-

141 1500 313 1538 manas
358 1484 509 1552 leges
543 1498 768 1535 summa
798 1482 1227 1535 conservatione
1258 1486 1625 1547 venerantes;
1655 1478 1799 1531 divi—

142 1589 222 1625 nas
260 1588 381 1625 vero
426 1571 754 1623 sanctiones
801 1576 999 1623 contra
1043 1571 1264 1623 hostem
1309 1568 1573 1621 Ecclesia:
1620 1572 1799 1620 teme-

140 1666 321 1723 rantes,
365 1665 419 1712 et
468 1659 811 1713 damnantes
859 1659 1067 1713 Christi
1126 1664 1403 1728 martyres
1453 1656 1799 1710 conlaudan-

140 1757 205 1804 tes
247 1754 269 1791 ι)
299 1768 309 1802 :
358 1766 457 1802 uec
488 1751 701 1817 apertis
733 1749 912 1803 oculis
940 1755 993 1802 et
1023 1754 1269 1801 reserato
1301 1748 1515 1800 lumine
1546 1763 1605 1799 se
1644 1746 1797 1815 justo

141 1838 408 1892 maledicto
444 1838 637 1891 vident
683 1838 959 1903 addictos,
993 1838 1128 1891 dum
1178 1836 1635 1890 benedictionem
1686 1851 1799 1887 no-

139 1928 311 1990 lentes,
365 1926 571 1979 Christi
643 1932 1115 1996 contempserunt
1170 1926 1402 1978 amicos.
1474 1926 1586 1980 Cur
1642 1924 1798 1977 enim

144 2016 513 2069 Biothenatum
548 2024 567 2049 °
598 2016 901 2085 praesulem
935 2018 1181 2068 renuant
1210 2014 1419 2079 nescio,
1457 2014 1594 2067 dum
1630 2016 1799 2065 testes

141 2103 316 2157 Christi
360 2109 415 2156 et
442 2102 700 2156 veritatis
731 2103 1022 2155 ministros
1070 2102 1425 2155 damnationi
1457 2116 1602 2153 verm
1629 2101 1656 2142 d
1704 2116 1795 2151 as-

139 2196 316 2256 serant,
394 2196 450 2244 et
494 2206 756 2262 congruo
810 2192 1100 2261 subjacere
1154 2191 1392 2259 judicio.
1454 2192 1797 2260 Aperiamus

139 2294 250 2347 ergo
277 2279 461 2331 oculos
491 2292 512 2315 ο
545 2280 749 2345 cordis,
801 2286 858 2332 et
881 2280 1162 2349 judicium
1214 2280 1441 2334 Domini
1468 2280 1687 2349 justum
1733 2279 1794 2331 in

139 2367 274 2419 nobis
303 2367 589 2419 videamus
620 2366 843 2420 saevisse
872 2384 883 2420 :
921 2373 975 2421 et
1019 2369 1345 2421 desinamus
1375 2384 1408 2421 a
1448 2366 1795 2421 contumelio

137 2460 436 2524 martyrum,
496 2469 571 2507 ne
626 2470 729 2506 nos
787 2455 926 2507 ultio
975 2455 1121 2525 regis
1171 2457 1371 2509 aeterni
1440 2456 1798 2524 incorreptos

137 2542 372 2610 perducat
424 2541 494 2594 ad
544 2546 842 2595 tartarum.
896 2543 1172 2597 Curemus
1225 2548 1290 2597 ut
1327 2561 1439 2597 non
1476 2549 1637 2597 exeat
1676 2559 1795 2596 ma-

135 2631 463 2701 guiloquium
512 2646 583 2682 ex
631 2646 727 2683 ore
774 2635 990 2694 nostro,
1033 2637 1088 2684 et
1131 2633 1192 2685 in
1230 2634 1435 2686 coelum
1480 2648 1689 2702 ponere
1734 2648 1797 2685 os

137 2725 363 2772 nostrum
420 2720 591 2788 (Psal.
643 2719 810 2788 Lxxu)
859 2720 1130 2785 vitemus;
1173 2721 1414 2773 scientes
1453 2721 1586 2790 quia
1633 2720 1797 2773 mise-

134 2808 343 2861 ricordia
390 2815 445 2862 et
473 2809 565 2861 ira
611 2809 682 2862 ab
729 2808 829 2862 illo
870 2809 979 2861 cito
1022 2810 1370 2878 proximant,
1410 2815 1465 2862 et
1502 2810 1791 2874 timentes,

134 2912 191 2948 ne
217 2896 391 2949 subito
422 2896 585 2949 furor
614 2895 737 2965 ejus
764 2897 997 2950 veniens
1024 2898 1314 2966 disperdat
1340 2914 1444 2951 nos
1484 2914 1495 2950 :
1532 2914 1600 2951 ne
1633 2897 1795 2950 nobis

1914 512 2296 581 incomposita
2349 513 2519 567 dictio
2576 530 2805 567 sensum
2856 515 3081 567 lectoris
3122 524 3373 583 enervet,
3415 523 3607 574 tamen

1912 600 2176 653 instantis
2235 602 2459 654 devotio
2519 618 2636 654 non
2689 602 2903 655 inculta
2960 604 3312 672 pensabitur,
3375 606 3422 658 si
3492 623 3606 677 quo

1914 690 2104 741 animo
2151 697 2401 759 coeptum
2437 696 2537 756 est,
2572 690 2891 743 Christiano
2925 692 3093 744 modo
3125 692 3377 753 libretur,
3412 694 3606 763 Neque

1913 778 2064 830 enim
2100 785 2215 831 tam
2264 780 2439 832 densa
2491 779 2838 831 hebetudine
2872 785 3087 844 teneor,
3127 786 3189 833 ut
3238 782 3352 834 mei
3400 782 3607 835 oblitus

1911 883 2016 936 per
2064 884 2191 937 quae
2245 867 2546 935 displicere
2604 868 2739 919 viris
2796 867 3044 919 strenuis
3093 868 3286 935 timeo,
3337 886 3439 939 per
3486 870 3605 923 haec

1913 956 2096 1008 laudis
2155 972 2245 1007 me
2304 962 2559 1025 reputem
2622 955 2865 1024 gloriam
2922 956 3268 1011 incurrisse:
3318 960 3452 1027 quia
3500 975 3605 1012 nec

1911 1043 1971 1097 in
2022 1044 2341 1097 liberalium
2383 1044 2593 1097 artium
2626 1044 2927 1113 disciplina
2971 1060 3084 1097 non
3132 1046 3421 1099 excultum
3471 1064 3601 1117 pro-

1911 1133 2101 1202 prium
2150 1133 2351 1200 ignoro
2396 1132 2671 1197 studium,
2728 1139 2782 1184 et
2828 1132 3197 1187 nescientiam
3249 1150 3435 1187 meam
3483 1136 3603 1203 ipse

1913 1235 2028 1274 non
2075 1220 2284 1287 nescio,
2331 1226 2386 1272 et
2420 1221 2572 1290 quod
2615 1221 2941 1286 magisterio
2981 1222 3233 1275 humano
3266 1239 3382 1275 non
3410 1223 3601 1286 didici,

1912 1310 2179 1363 exhibere
2224 1309 2368 1375 aliis,
2414 1315 2479 1363 ut
2531 1315 2664 1379 pote
2694 1310 2947 1379 ignarus,
2982 1326 3097 1363 non
3140 1312 3312 1365 valui.
3357 1313 3421 1364 Et
3452 1318 3603 1366 certe

1912 1397 2216 1459 rusticitas,
2263 1414 2388 1467 qua:
2438 1398 2579 1451 mihi
2611 1400 2847 1451 vernula
2894 1399 3071 1451 lueret
3104 1399 3333 1453 incultm
3368 1400 3599 1469 linguae,

1912 1485 2209 1555 imponere
2242 1486 2533 1539 silentium
2568 1487 2783 1549 debuit,
2810 1493 2867 1539 et
2902 1504 2969 1539 ne
3004 1487 3361 1555 peritissimis
3392 1496 3446 1540 et
3486 1490 3602 1540 elo-

1912 1575 2161 1644 quentiaa
2213 1575 2516 1645 splendore
2549 1575 2899 1643 fulgentibus
2945 1592 3034 1628 me
3079 1576 3406 1646 importune
3438 1576 3601 1644 inge-

1911 1679 2120 1728 rerem,
2180 1662 2602 1732 sapientissime
2658 1664 2895 1717 fortasse
2955 1664 3165 1734 aliquis
3222 1679 3250 1719 ς
3304 1666 3594 1733 opinatur,

1909 1751 2081 1805 fuisse
2117 1751 2432 1806 vitandum.
2491 1752 2599 1806 Sed
2650 1769 2757 1821 ego
2809 1768 2923 1805 non
2967 1769 3139 1822 quam
3189 1759 3447 1819 venuste,
3502 1754 3600 1806 sed

1908 1856 2081 1911 quam
2117 1856 2245 1893 vere
2276 1841 2583 1893 scriberem
2625 1841 2880 1909 cogitans
2912 1841 3312 1911 parvipendidi
3340 1841 3599 1910 philoso-

1908 1929 2155 1998 phorum
2189 1929 2445 1981 omnium
2480 1929 2728 1994 laudem,
2762 1945 2864 1981 nec
2901 1928 2967 1981 ad
3002 1928 3396 1981 defensionem
3430 1928 3600 1997 justi-

1906 2016 2001 2069 tiae
2048 2015 2196 2069 labia
2236 2031 2363 2068 mea
2414 2016 2699 2068 inerudita
2734 2016 2931 2085 lingua
2960 2015 3277 2084 prohibuit,
3320 2015 3453 2085 quia
3484 2032 3600 2068 non

1907 2104 2228 2174 imputatur
2270 2106 2617 2175 praeputium
2650 2104 2764 2157 oris
2798 2104 2889 2156 cui
2934 2103 3290 2156 circumcisio
3327 2105 3483 2173 jussa
3518 2110 3600 2157 est

1907 2193 2109 2247 cordis.
2146 2193 2325 2245 Habet
2354 2208 2601 2262 namque
2632 2192 2979 2261 praeputium
3012 2192 3251 2244 subdola
3279 2197 3334 2244 et
3362 2192 3600 2261 palpans

1906 2281 2154 2335 invectio
2190 2281 2497 2344 atfresnata,
2543 2286 2599 2333 et
2652 2287 2832 2333 metas
2881 2281 3208 2333 transiliens
3261 2287 3600 2349 exaggerata

1906 2370 2175 2440 fatuaque
2221 2370 2500 2422 dissoluta
2545 2370 2649 2435 ira,
2701 2370 2785 2421 vel
2839 2368 2952 2421 risu
2987 2369 3249 2422 contexio
3297 2370 3343 2422 ιι.
3389 2368 3493 2421 Sed
3544 2374 3600 2422 et

1909 2463 2171 2510 accurata
2210 2458 2562 2527 dissertaque
2591 2457 2649 2510 in
2681 2456 2850 2509 rebus
2887 2457 3157 2525 perituris
3185 2463 3242 2509 et
3274 2456 3598 2509 labentibus

1907 2545 2021 2598 ﬁne
2070 2545 2356 2610 facundia,
2405 2547 2491 2598 vel
2540 2545 2599 2598 in
2656 2544 3047 2597 mundialibus
3091 2550 3149 2597 et
3178 2545 3309 2598 ﬁdei
3349 2544 3599 2597 adversis

1907 2634 2156 2704 eloquia,
2230 2636 2467 2705 polluta,
2519 2633 2933 2693 incircumcisa,
2990 2640 3045 2686 et
3101 2633 3598 2686 immunditiarum

1912 2723 2173 2775 sordibus
2204 2727 2336 2775 sunt
2366 2722 2688 2791 inquinata.
2725 2721 3033 2775 Rusticitas
3063 2727 3253 2774 autem
3286 2722 3598 2788 fructuosa,

1907 2814 1962 2862 et
2007 2811 2298 2881 imperitia
2328 2810 2388 2863 in
2439 2811 2611 2863 sacris
2652 2810 2988 2862 extollendis
3036 2811 3316 2879 mysteriis
3348 2826 3462 2862 non
3513 2825 3601 2861 ve-

1908 2904 2094 2963 nusta,
2147 2916 2263 2952 non
2308 2915 2469 2952 εαξηο
2526 2898 2878 2951 inﬁdelitatis
2918 2904 2975 2950 et
3026 2897 3261 2950 salebris
3305 2897 3597 2966 voragini-

134 2982 248 3035 illud
277 2985 531 3038 Jeremia:
568 2985 867 3038 conveniat
898 2987 1112 3040 dictum
1148 3002 1158 3040 :
1194 2990 1451 3053 Inter/cci
1488 2992 1536 3042 et
1576 2986 1798 3054 perdidi
1834 3001 1875 3057 ο
1904 2986 2126 3057 busque
2173 2988 2422 3051 sordida,
2475 2992 2689 3056 turget;
2747 2988 2845 3039 sed
2888 2986 3208 3039 humilitate
3246 2990 3300 3037 et
3348 2983 3598 3038 veritatis

135 3074 356 3140 populum
398 3090 597 3139 meum,
650 3079 701 3128 et
740 3092 771 3127 a
810 3078 912 3129 viis
950 3079 1063 3130 suis
1107 3093 1211 3129 non
1254 3082 1380 3130 sunt
1417 3078 1620 3129 reversi
1648 3077 1784 3142 (Jer.

138 3176 204 3223 xv,
246 3164 318 3229 7).
381 3163 442 3216 Et
500 3164 760 3217 iterum:
823 3165 1001 3217 Multo
1054 3166 1233 3218 labore
1281 3166 1539 3218 sudatum
1586 3168 1683 3227 est,
1746 3169 1795 3217 et

136 3264 219 3302 non
243 3252 403 3303 exivit
446 3252 513 3305 ab
546 3268 611 3305 ea
660 3254 831 3306 nimia
878 3254 1067 3318 rubigo
1098 3253 1233 3321 ejus,
1266 3269 1435 3320 neque
1475 3268 1575 3320 per
1619 3254 1795 3316 ignem

136 3337 447 3392 immunditiu
492 3346 590 3393 tua
631 3341 998 3401 exsecrabilis,
1044 3356 1174 3409 qum
1220 3341 1484 3394 mundare
1529 3347 1578 3393 te
1624 3341 1791 3401 volui,

136 3428 175 3475 et
212 3440 303 3479 non
333 3442 384 3481 es
423 3428 691 3481 mundata
737 3445 770 3481 a
804 3429 1055 3483 sordibus
1094 3433 1202 3483 tuis
1234 3430 1446 3498 (Ezech.
1497 3444 1643 3493 xxw,
1684 3430 1789 3494 l2).

141 3514 243 3565 Haec
290 3520 341 3568 et
385 3516 471 3569 his
504 3516 720 3569 similia
768 3516 1075 3581 intuentes,
1112 3523 1167 3571 et
1206 3523 1530 3570 sanctorum
1582 3517 1794 3569 multo-

134 3614 235 3653 rum
279 3618 447 3671 opera
477 3610 936 3673 compensantes,
988 3606 1362 3675 victoriasque
1398 3605 1658 3658 ﬁdelium
1691 3619 1793 3657 ex-

132 3690 376 3755 tollentes,
412 3694 806 3762 gloriﬁcemus
849 3694 1177 3757 Dominum,
1222 3699 1278 3747 et
1307 3694 1518 3747 nodum
1553 3694 1793 3764 ﬁgamus

133 3777 449 3848 criminibus,
484 3789 543 3834 et
576 3782 746 3834 dente
776 3782 969 3835 ravido
1003 3783 1185 3835 nostri
1217 3783 1604 3845 immemores,
1638 3782 1792 3851 quie-

133 3866 297 3921 tudine
336 3870 453 3938 jam
488 3873 752 3924 laetantes
781 3877 1015 3937 aeterna,
1064 3878 1120 3926 et
1151 3873 1271 3942 regi
1306 3889 1408 3924 suo
1442 3872 1583 3925 facie
1626 3877 1792 3926 tenus

131 3956 423 4016 servientes.
460 3960 736 4012 belluinis
769 3960 1052 4013 morsibus
1086 3976 1201 4014 non
1234 3964 1596 4029 impetamus.

186 4046 260 4098 20.
308 4046 414 4100 Sed
474 4048 520 4100 si
580 4047 750 4101 ﬁdem
802 4048 1031 4102 Domini
1072 4049 1215 4102 sicut
1261 4049 1500 4117 dignum
1550 4053 1633 4101 est
1676 4064 1791 4101 non

132 4132 496 4199 praedicamus,
577 4136 767 4188 saltim
842 4137 1059 4190 occulte
1132 4138 1506 4207 prmdioantes
1569 4138 1792 4190 dextras

132 4220 296 4273 auxilii
326 4222 547 4277 demus.
593 4224 881 4293 Rogantes
921 4225 1429 4278 clementissimum
1480 4223 1789 4279 Dominum

131 4306 267 4360 solite
296 4311 729 4365 subvenientem
763 4312 1230 4383 delinquentibus
1254 4314 1445 4367 Jesum
1477 4312 1786 4376 Christum,
1829 4299 1872 4352 Ι)

132 4396 211 4463 qui
253 4404 306 4452 et
352 4406 636 4454 retroacta
690 4406 747 4455 et
777 4417 928 4454 nunc
969 4404 1252 4455 multoties
1296 4404 1573 4455 intentata
1603 4400 1791 4453 indul-

132 4490 238 4551 geat
266 4502 278 4539 :
311 4504 371 4539 ac
416 4505 488 4542 ne
541 4488 811 4557 deinceps
856 4503 1109 4557 prmceps
1152 4490 1295 4542 actio
1341 4494 1607 4541 consuete
1657 4504 1790 4557 pro-

132 4585 274 4625 ruens
303 4575 482 4642 cadat,
534 4591 636 4628 sua
674 4574 882 4627 invicta
911 4576 1275 4628 inﬁrmorum
1321 4577 1493 4628 corda
1537 4574 1794 4644 potentia

133 4660 313 4713 teneat.
356 4665 483 4716 Haec
522 4662 735 4715 nostris
769 4679 885 4715 non
926 4664 1213 4728 malivole,
1245 4664 1339 4717 sed
1375 4664 1605 4734 paciﬁce
1649 4665 1789 4718 dixi-

130 4759 271 4802 mus:
325 4751 579 4804 adversis
630 4767 764 4804 vero
824 4756 1151 4805 constanter
1198 4758 1253 4806 et
1296 4755 1464 4817 elate,
1514 4753 1791 4808 catholice

132 4831 145 4865 τ
186 4840 239 4888 ut
280 4838 605 4908 injunctum
637 4845 721 4893 est
770 4840 1027 4895 Ecclesia:
1061 4842 1213 4908 ﬁliis,
1265 4843 1654 4912 prompsimus
1689 4859 1702 4895 :
1737 4850 1795 4898 et

132 4920 389 4982 incondito
432 4929 668 5000 eloquio
700 4944 829 4999 quae
872 4936 1006 4983 sunt
1037 4936 1246 4985 nostrae
1280 4931 1397 4985 visa
1425 4932 1688 5000 inscitiae,
1733 4937 1795 4986 ut

190 5095 423 5167 éBravo,
450 5114 587 5167 pag.
625 5100 744 5162 130,
778 5100 957 5154 lectas.
996 5100 1052 5153 F.
1089 5101 1248 5154 latas.

191 5164 466 5232 ξιΒι-ἓὶνο,“
520 5164 651 5239 pag.
735 5172 855 5233 t3l,
940 5171 1307 5239 praetermisit
1386 5170 1790 5225 conlaudantes.

135 5231 315 5313 sensus
344 5231 537 5292 tamen
574 5231 676 5302 est,
713 5256 810 5293 eos
840 5231 1104 5294 adversus
1137 5258 1280 5310 quos
1316 5246 1513 5295 auctor
1549 5242 1795 5313 insurgit

135 5302 365 5362 damnare
392 5312 532 5365 alios
554 5313 651 5379 qui
670 5312 939 5379 Martyres
966 5302 1405 5367 conlaudabant;

194 5379 653 5504 LDesBiothenato
700 5382 825 5436 vide
854 5388 1010 5437 tomo
1041 5384 1103 5449 X,
1129 5388 1291 5439 tract.
1325 5400 1514 5449 xxxm,
1558 5400 1681 5455 cap.
1737 5388 1790 5451 8,

138 5459 268 5500 num.
300 5459 349 5502 8.

192 5519 214 5560 ἀ
242 5520 354 5590 Ms.,
380 5537 523 5577 vero.

1905 3075 2110 3129 decore
2154 3090 2257 3144 per
2291 3091 2348 3127 se
2397 3075 2658 3143 speciﬁce
2697 3075 2892 3142 fulget.
2942 3075 3007 3127 Et
3048 3074 3177 3126 ideo
3215 3073 3261 3125 si
3292 3090 3405 3142 qua
3452 3074 3595 3125 forte

1905 3163 2260 3217 adversantia
2316 3163 2596 3215 catholico
2653 3162 2909 3231 dogmati
2960 3162 3316 3230 negligenter
3364 3162 3374 3195 ί
3424 3162 3592 3213 disse-

1903 3252 2021 3315 rui;
2056 3267 2171 3304 non
2202 3256 2355 3316 voto,
2381 3251 2476 3303 sed
2508 3253 2759 3304 caecitate
2789 3250 2997 3303 mentis
3027 3254 3297 3318 urgente;
3333 3265 3400 3301 ea
3430 3265 3590 3317 rogo,

1902 3342 2143 3394 lectores
2183 3339 2319 3405 mei,
2354 3340 2581 3393 ﬁetibus
2621 3339 2860 3404 diluant,
2901 3340 3163 3408 precibus
3196 3344 3440 3407 tergant,
3475 3354 3596 3389 ora-

1902 3429 2154 3484 tionibus
2203 3428 2482 3482 mundent
2528 3445 2539 3481 :
2588 3444 2919 3480 sermonum
2976 3443 3105 3479 vero
3150 3426 3285 3478 vitia
3332 3431 3449 3478 tota
3494 3442 3593 3477 oro

1901 3518 2243 3571 intemerata
2305 3518 2651 3587 relinquant.
2714 3517 2896 3569 Judex
2952 3516 3104 3568 enim
3165 3516 3262 3568 ille
3312 3514 3402 3568 cui
3450 3514 3595 3566 hanc

1900 3606 2277 3659 intentionem
2329 3606 2652 3659 devotionis
2692 3605 2886 3672 libavi,
2928 3620 3045 3657 non
3084 3606 3389 3657 verborum
3433 3603 3590 3665 folia,

1900 3696 1997 3749 sed
2047 3695 2294 3748 radicem
2354 3696 2542 3747 cordis
2594 3694 2902 3747 discernit:
2960 3710 3059 3746 nec
3119 3695 3185 3745 ad
3237 3693 3593 3745 curationem

1900 3799 2191 3837 coruscam
2230 3799 2433 3852 prosa},
2493 3782 2589 3835 sed
2634 3782 2823 3850 operis
2868 3780 3041 3834 ﬁnem
3089 3779 3351 3833 intendit.
3410 3782 3595 3848 Agint

1900 3878 2227 3926 eructuosas
2301 3871 2647 3940 quaestiones
2720 3869 3072 3939 philosophi,
3136 3875 3193 3921 et
3264 3868 3590 3929 Donatistze,

1900 3961 2062 4031 genis
2106 3961 2338 4029 impuri,
2391 3961 2617 4025 latratu,
2669 3974 2901 4024 canum,
2951 3956 3226 4026 grunnitu
3284 3970 3590 4025 porcorum

1898 4050 2060 4103 fauce
2119 4066 2262 4113 rasa,
2324 4053 2379 4101 et
2428 4048 2694 4101 dentibus
2751 4046 3075 4110 stridentes,
3124 4045 3296 4097 saliva
3338 4044 3592 4113 spumosi

1898 4137 2255 4207 grammatici
2332 4140 2572 4188 ructent.

2655 4135 2765 4187 Nos
2825 4150 2957 4186 vero
3028 4131 3343 4203 evangelici
3421 4131 3587 4194 servi,

1903 4223 2109 4279 Christi
2166 4222 2453 4292 discipuli,
2516 4221 2934 4273 rusticanorum
3001 4217 3321 4288 sequipedi,
3384 4216 3591 4288 quibus

1902 4313 2285 4381 injunguntur
2334 4313 2525 4381 plena,
2585 4310 2791 4379 quibus
2839 4308 3254 4379 praecipiuntur
3297 4305 3486 4371 fortia,
3540 4310 3594 4357 et

1902 4418 2021 4455 non
2051 4417 2205 4464 cava,
2244 4400 2410 4461 levia,
2446 4404 2502 4451 et
2535 4398 2752 4464 inﬂata,
2788 4398 2882 4450 sed
2914 4398 3369 4450 holocautomata
3400 4393 3590 4463 injun-

1903 4496 1991 4543 cta
2049 4494 2181 4541 sunt
2234 4487 2552 4552 medulata;
2630 4492 2912 4539 sectemur
2970 4485 3168 4545 solida,
3243 4488 3300 4536 et
3362 4487 3590 4535 senten-

1903 4578 2114 4631 tiarum
2163 4575 2465 4628 vivacitate
2511 4576 2831 4643 perspicua,
2868 4590 3003 4638 non,
3038 4572 3185 4642 quod
3218 4571 3385 4638 absit,
3420 4586 3594 4622 vacua

1903 4673 1960 4721 et
2014 4666 2211 4720 lethali
2268 4670 2428 4734 peste
2484 4664 2796 4732 turgentia,
2857 4670 3027 4733 atque
3087 4661 3268 4715 laudis
3324 4662 3591 4713 humanie

1902 4758 2055 4811 ultro
2086 4755 2347 4824 citroque
2390 4753 2633 4817 fumosa,
2665 4769 2794 4823 quae
2829 4751 3009 4822 magis
3039 4756 3290 4804 mentem
3342 4748 3589 4802 auctoris

1903 4849 1959 4897 et
2003 4844 2371 4897 tractantium
2429 4845 2697 4907 macerat,
2769 4857 2943 4911 quam
3000 4844 3215 4893 textum
3284 4836 3591 4907 aperiendo

1904 4932 2160 4987 lectionis
2242 4932 2467 4983 animos
2534 4930 2671 4983 faece
2744 4934 3021 4982 conturna
3070 4956 3082 4997 ι
3136 4926 3376 4981 infectos
3441 4923 3589 4977 inlu-

1973 5110 1994 5135 °
2024 5100 2141 5161 Ms,
2174 5098 2362 5152 oculis.

1974 5172 1991 5206 ι
2024 5171 2145 5235 Ms.,
2177 5169 2458 5222 catholica.

1974 5257 2003 5297 ς
2037 5242 2151 5304 M5,,
2184 5239 2419 5307 aliquid.

1973 5316 1999 5356 h
2034 5314 2090 5365 F.
2124 5314 2273 5375 rima,
2303 5312 2588 5363 contentio.

1974 5384 1985 5417 ¹
2018 5384 2143 5450 Ms.,
2175 5383 2423 5447 dogmate
2448 5382 2812 5447 neglegentur.

1979 5482 1991 5524 ι
2035 5446 2337 5511 Conturnus
2380 5446 2686 5524 proﬂatu,
2736 5452 2977 5519 deﬂexa,
3017 5448 3274 5514 circuitu,
3309 5446 3586 5518 accipitur

1903 5523 2252 5597 quandoque
2284 5524 2437 5595 apud
2468 5523 2679 5594 Cange.
