4098 6180
409 285 511 335 535
1753 280 2009 335 ALVARI
2052 281 2555 338 CORDUBENSIS.
3780 291 3861 342 536

409 417 553 468 strat
574 423 598 448 ⁸
627 435 642 480 ;
669 415 883 482 ubique
905 413 1120 481 absque
1141 411 1378 464 rationis
1400 427 1562 464 camo
1586 411 1921 481 procedens,
1946 416 2001 464 et
2021 412 2117 465 ha-
2153 415 2194 468 A
2225 411 2460 466 denario
2495 427 2734 465 numero
2768 427 3025 482 surgens,
3060 411 3160 482 qui
3188 411 3493 482 Scripturis
3525 414 3714 466 sanctis
3737 431 3860 471 sem-

411 503 575 559 benis
603 501 802 555 laxatis
834 505 1117 554 metarum
1146 500 1288 554 ﬁnes
1314 500 1497 570 magis
1535 499 1886 568 transiliens,
1927 517 2096 571 quam

412 591 751 660 adimplens,
815 605 930 642 uno
988 588 1363 642 contumacia
1413 588 1524 641 ictu
1563 588 1862 655 editorem,
1913 590 2107 643 obser-

409 686 752 746 vantemque
801 680 1188 747 prosternens,
1223 677 1360 730 dum
1399 681 1454 729 et
1494 676 1840 747 principium
1883 693 1915 729 a
1965 694 2110 731 vana

411 751 596 836 gloria
627 765 823 831 sumit,
863 771 921 819 et
950 783 1007 818 se
1057 765 1168 818 nisi
1213 765 1273 818 in
1305 764 1662 820 laudantium
1712 770 1945 835 pectora
1991 782 2109 819 non

411 853 680 907 infundit.
721 854 852 907 Haec
883 860 1078 907 contra
1113 854 1430 906 Donatistas
1461 853 1664 906 dinsse
1698 853 1962 906 sufﬁciat.

481 945 571 996 2t.
605 943 766 996 Nunc
796 942 864 995 ad
901 959 968 995 ea
1012 947 1138 1012 post
1169 942 1482 995 discessum
1517 941 1860 996 defensionis
1902 947 2110 996 nostrae

417 1031 776 1085 redeundum
828 1037 932 1097 est,
966 1046 1094 1101 quae
1140 1030 1274 1083 huic
1303 1030 1641 1099 parvissimo
1677 1032 1835 1101 operi
1881 1032 2112 1084 culmen

414 1119 784 1192 perfectionis
845 1120 1147 1190 imponant
1201 1124 1256 1172 et
1312 1135 1721 1188 praecursorem
1777 1119 2112 1174 Antichristi

415 1215 538 1264 tota
605 1209 888 1275 libertate,
965 1209 1421 1262 testimoniorum
1483 1209 1630 1260 fasce
1695 1214 1916 1261 tantum
1978 1209 2110 1262 huic

419 1296 732 1351 materiola:
782 1295 1005 1365 exigua:
1040 1296 1514 1349 substentandum
1560 1299 1642 1347 est
1685 1298 1731 1362 Ι),
1764 1296 1927 1348 facile
1956 1312 2109 1348 com-

417 1385 672 1456 primaut
699 1385 782 1436 vel
811 1384 1151 1453 dimergant.
1186 1389 1228 1437 Α
1273 1383 1502 1435 Daniele
1533 1383 1825 1452 capiamus
1851 1384 2108 1447 initium,

421 1480 478 1528 et
539 1489 604 1526 cx
655 1477 814 1543 parte
869 1489 996 1542 quae
1053 1472 1112 1524 in
1152 1471 1498 1524 Antichristo
1546 1487 1578 1523 a
1639 1473 1801 1524 beato
1859 1472 2114 1541 exposita

421 1565 641 1616 exstant
692 1561 1066 1630 Hieronymo,
1108 1559 1242 1613 huic
1289 1559 1702 1612 nefandissimo
1734 1568 2114 1614 consentanea

422 1657 479 1705 et
523 1651 709 1702 vicina
757 1650 1071 1702 ﬁrmemus.
1127 1649 1345 1702 Dehinc
1378 1648 1531 1701 beati
1560 1649 1662 1702 Job
1687 1649 1754 1702 de
1802 1651 2114 1703 Behemoth

421 1740 511 1792 vel
568 1738 896 1791 Leviatham
961 1737 1108 1790 dicta
1157 1737 1457 1803 rimemus,
1519 1743 1575 1791 et
1626 1737 1802 1789 sancti
1857 1738 2115 1808 Gregorii

423 1827 834 1880 concordantes
884 1826 1228 1896 expositioni
1260 1835 1298 1892 ο,
1349 1842 1477 1895 quae
1518 1827 1575 1878 in
1624 1826 1969 1880 Antichristo
2001 1844 2121 1894 spe-

423 1915 644 1969 cialiter
695 1922 828 1967 sunt
893 1915 1205 1984 designata,
1282 1915 1377 1966 isti
1434 1914 1698 1967 similiter
1756 1916 2122 1969 ostendamus

424 2005 700 2075 injuncta.
735 2003 824 2058 Sic
863 2004 1028 2056 tertio
1061 2004 1180 2056 loco
1215 2003 1284 2056 ad
1317 2004 1714 2072 Apocalypsim
1767 2005 2117 2068 accedentes,

426 2097 480 2145 et
525 2091 746 2162 aliquas
775 2090 949 2144 simili
995 2096 1193 2144 tenore
1246 2091 1463 2159 species
1515 2091 1873 2158 disserentes,
1922 2093 2123 2145 docto--

424 2182 584 2234 ribus
641 2185 696 2233 et
739 2179 1167 2233 inlustrioribus
1221 2179 1500 2232 secuturis
1562 2180 1874 2233 disserendi
1929 2180 2124 2234 omnia

427 2269 728 2323 materiam
761 2268 1177 2337 relinquamus,
1209 2272 1265 2320 et
1295 2272 1423 2336 post
1452 2269 1838 2336 quorumdam
1873 2269 2122 2338 prophe-

428 2362 616 2410 tarum
653 2357 740 2410 vel
779 2362 1105 2410 sanctorum
1137 2355 1426 2410 difﬁorata
1461 2357 1488 2397 ά
1529 2357 1760 2409 oracula
1788 2358 1901 2411 iine
1931 2358 2124 2411 debito

431 2445 769 2514 opusculum
802 2445 1219 2513 praecidamus:
1255 2460 1317 2496 ac
1341 2444 1397 2496 in
1429 2445 1677 2497 secundo
1701 2444 1893 2498 libello
1926 2446 2122 2499 docto—

432 2548 562 2585 rum
609 2533 922 2586 sententias
972 2548 1407 2602 congregemus,
1459 2538 1792 2603 nostrasque
1855 2550 2125 2603 operosas

430 2621 664 2675 fabellas
721 2621 1007 2675 veracium
1058 2621 1377 2675 stellatione
1437 2623 1733 2675 ﬁrmemus
1782 2632 1822 2676 ο.
1869 2623 1928 2676 Si
1971 2623 2125 2678 enim

433 2710 769 2778 Domitium,
802 2711 1085 2763 Neronem
1118 2726 1220 2780 pro
1250 2710 1606 2764 immanitate
1637 2711 1936 2778 scelerum,
1965 2712 2128 2765 Anti-

432 2799 712 2853 christum
765 2798 942 2869 aliqui
981 2799 1305 2864 firmavere,
1354 2806 1410 2852 et
1459 2800 1806 2852 Anthiocum
1857 2800 2126 2854 eumdem

433 2888 684 2957 ﬁgurare
715 2887 926 2950 dixere,
967 2887 1054 2940 vel
1087 2893 1321 2940 crateras
1350 2895 1537 2958 pestes
1581 2894 1781 2941 contra
1819 2888 2126 2942 Ecclesiam

435 2977 816 3046 insurgentes,
894 2992 1274 3047 praecursores
1348 2977 1525 3045 ipsius
1602 2977 1860 3030 nefandze
1934 2977 2128 3032 bestiae

436 3065 698 3118 doctores
729 3065 1118 3136 probatissimi
1140 3071 1452 3130 astruxere,
1478 3065 1615 3134 quid
1639 3071 1767 3118 nost
1795 3071 1926 3135 post
1957 3067 2127 3120 hodie

437 3154 754 3223 incongrue
805 3154 1059 3223 garrient
1107 3154 1378 3224 posuisse,
1431 3153 1532 3224 qui
1579 3170 1806 3207 nmvum
1863 3155 2129 3225 operibus

438 3241 682 3296 aliorum
715 3248 923 3296 conant
967 3243 1298 3313 imponere?
1333 3244 1468 3295 Ecce
1501 3243 1747 3295 Danielis
1783 3245 2128 3313 praesagium

437 3331 625 3400 primo
669 3331 794 3384 loco
843 3331 1192 3384 discutiens:
1245 3331 1513 3384 brevibus
1563 3336 1618 3384 et
1658 3333 2127 3401 consequentiam

436 3418 779 3471 habentibus
828 3418 1291 3471 conclusionibus
1339 3418 1607 3485 serviam,
1652 3423 1707 3471 et
1754 3435 1870 3471 non
1921 3419 2130 3489 specia-

437 3505 569 3557 liter
600 3505 814 3570 omnia,
847 3505 942 3557 sed
977 3504 1169 3575 aliqua
1200 3521 1270 3558 ex
1298 3511 1458 3574 parte
1501 3507 1818 3575 expediam,
1856 3510 1911 3558 et
1955 3509 2061 3560 hoc
2099 3523 2132 3561 a

439 3595 674 3646 Patrum
753 3593 966 3664 regulis
1038 3593 1099 3646 in
1151 3594 1381 3648 devium
1440 3611 1556 3647 non
1619 3595 1917 3648 divertam.
1985 3597 2130 3650 Dicit

440 3697 692 3752 namque
743 3682 812 3736 de
872 3682 1175 3736 undecimo
1237 3683 1434 3737 bestia:
1494 3700 1717 3737 cornu:
1779 3687 1979 3750 Bestia,
2039 3686 2131 3738 in-

441 3769 584 3841 quit,
618 3775 836 3839 quarla,
868 3786 1031 3840 quam
1059 3772 1272 3838 vidisti,
1306 3778 1559 3840 quartum
1582 3788 1802 3839 regnum
1834 3776 1954 3841 erit,
1991 3775 2134 3843 quod

439 3861 617 3928 majus
691 3864 794 3914 erit
850 3861 1096 3914 omnibus
1156 3863 1335 3927 regnis
1394 3861 1551 3932 (Dan.
1629 3878 1722 3924 vn,
1782 3863 1891 3931 23).
1973 3863 2130 3917 Haud

442 3946 460 3981 ί
519 3947 776 4012 dubium,
844 3948 1001 4018 quod
1087 3949 1408 4003 Romanum
1475 3949 1778 4017 signiticet,
1844 3951 2133 4003 multoties

443 4037 749 4102 elevatum,
806 4037 1096 4108 latiusque
1175 4054 1208 4090 a
1279 4038 1472 4107 regnis
1526 4038 1748 4090 caeteris
1811 4038 2128 4092 dilatatum.

442 4127 605 4180 Porro
657 4140 862 4178 cornua
903 4125 1078 4179 decem
1127 4128 1302 4194 ipsius
1347 4128 1520 4192 regni,
1567 4126 1743 4179 Jecem
1776 4141 1924 4192 reges
1971 4133 2129 4181 sunt:

441 4218 492 4266 et
522 4215 665 4267 alius
688 4219 969 4279 consurget
1001 4218 1126 4282 post
1154 4229 1259 4279 eos,
1309 4219 1358 4266 et
1397 4215 1512 4282 ipse
1535 4216 1806 4282 potentior
1841 4217 1942 4269 erit
1979 4218 2131 4283 prio-

441 4301 614 4367 ribus,
670 4306 720 4354 et
777 4305 882 4354 tres
933 4316 1084 4369 reges
1146 4302 1478 4367 humiliabit,
1531 4308 1582 4355 et
1635 4317 1898 4356 sermones
1946 4310 2134 4357 contra

442 4391 730 4444 Excelsum
801 4391 1067 4459 loquetur,
1138 4395 1187 4443 et
1257 4397 1468 4444 sanctas
1527 4392 1806 4444 Altissimi
1863 4397 2129 4446 conteret:

442 4483 494 4531 et
540 4478 763 4545 putabit
801 4478 945 4546 quod
987 4480 1160 4546 possit
1207 4482 1416 4532 mutare
1464 4487 1722 4546 tempora,
1771 4485 1820 4532 et
1873 4481 2032 4546 leges,
2086 4485 2135 4534 et

445 4567 730 4620 tradentur
779 4569 837 4620 in
893 4582 1061 4620 manu
1107 4567 1223 4635 ejus
1265 4583 1434 4635 usque
1475 4573 1700 4636 temlms,
1765 4573 1814 4621 et
1872 4575 2130 4638 tempora,

442 4660 493 4708 et
544 4655 836 4709 dimidium
891 4658 1144 4724 temporis
1200 4656 1387 4724 (lbid.,
1434 4658 1522 4723 24,
1593 4657 1702 4727 ‘25).
1755 4657 1891 4721 Quae
1942 4657 2134 4710 omnia

445 4743 730 4811 historice,
800 4749 857 4798 et
920 4745 1150 4814 propiie
1228 4745 1500 4798 Porﬁrius
1563 4745 1621 4798 in
1688 4746 1962 4799 Anthioco
2029 4762 2131 4816 po-

443 4832 574 4887 suit.
641 4833 829 4888 Nostri
883 4849 1015 4888 vero
1061 4834 1121 4887 in
1163 4833 1446 4888 Anthioco
1497 4837 1702 4904 typice,
1745 4839 1798 4887 et
1845 4835 2034 4887 verius
2074 4835 2133 4887 in

441 4922 813 4984 Antichristo,
857 4929 913 4976 et
955 4923 1164 4975 rectius
1213 4923 1535 4992 specialiter
1577 4939 1838 4992 posuere.
1893 4923 2003 4976 Nos
2050 4929 2130 4984 ta-

441 5027 576 5065 men
621 5010 682 5064 in
710 5011 863 5064 hunc
892 5010 1073 5063 nostri
1113 5012 1386 5080 temporis
1411 5011 1663 5065 damnati
1695 5011 1948 5064 hominis
1980 5026 2130 5080 pra:-

439 5116 732 5155 cursorem
761 5112 791 5154 ε
822 5115 885 5153 ex
918 5105 1077 5170 parte
1119 5099 1360 5153 dicimus
1405 5099 1729 5153 convenire.
1765 5100 1906 5153 Nam
1936 5099 1997 5153 in
2033 5117 2134 5152 un-

507 5233 532 5258 ι
561 5223 618 5277 Si
652 5227 948 5295 macerant,
982 5228 1040 5276 et
1067 5223 1363 5276 inlustrant
1392 5223 1626 5292 legeris,
1659 5224 1957 5294 sequentia
1994 5241 2133 5295 quo-

439 5309 550 5364 que
584 5294 941 5363 corrigenda.

509 5367 534 5407 Β
582 5365 1066 5435 Testimoniorum
1115 5364 1235 5417 face
1284 5363 1470 5417 lucem
1514 5363 1597 5418 rei
1646 5363 1781 5418 dare
1833 5366 1999 5435 velle,
2048 5366 2133 5420 in-

439 5450 616 5488 nuere
657 5435 883 5488 videtur
912 5451 1018 5504 per
1046 5434 1168 5489 haec
1199 5435 1390 5488 verba.

508 5514 527 5538 ε
559 5506 617 5558 F.
655 5509 1035 5573 expositiones.

504 5576 531 5618 ά
564 5578 862 5643 Deﬂorare,
895 5577 1062 5631 ﬂores
1096 5577 1305 5647 legere.

2217 518 2320 572 per
2341 503 2620 556 infaustus
2651 506 2757 567 est,
2787 501 2899 554 tria
2922 517 3097 571 regna
3131 501 3488 570 perdomuit,
3515 501 3642 555 dum
3679 505 3867 560 Gracc-

2219 606 2368 654 rum,
2431 591 2800 654 Francorum,
2868 605 2996 660 qua:
3067 590 3174 643 sub
3237 590 3470 643 nomine
3525 591 3868 648 Romanorum

2218 679 2506 748 vigebant,
2559 678 2878 749 provinciae
2927 678 3245 748 m-cupavit,
3294 683 3349 731 et
3393 678 3695 733 Gothorum
3740 682 3871 736 Occi-

2221 767 2534 820 dentalium
2584 766 2708 819 cola
2741 768 2955 818 ViCUiCt
2988 766 3178 834 planta
3211 766 3448 818 calcavit
3480 782 3493 819 :
3529 767 3609 820 vel
3652 768 3774 822 dum
3793 770 3871 824 de-

2223 855 2508 925 calogum,
2543 855 2652 908 hoc
2681 859 2782 919 est,
2814 854 3195 908 universalem
3236 855 3592 925 religionem,
3623 863 3674 908 et
3699 873 3871 912 nume-

2224 961 2374 1010 rum,
2428 942 2528 1014 qui
2583 943 2926 1013 plerumque
2973 959 3077 1013 pro
3134 947 3254 996 toto
3303 943 3591 1010 inseritur,
3637 944 3874 1016 dissipare

2222 1033 2467 1099 conavit,
2501 1037 2558 1086 et
2589 1037 2786 1086 contra
2827 1031 2999 1086 ﬁdem
3030 1030 3344 1097 Trinitatis,
3378 1048 3496 1102 spe,
3542 1032 3670 1099 ﬁde,
3716 1033 3872 1088 chari-

2221 1125 2334 1175 tate
2398 1121 2699 1183 munitam,
2761 1119 3056 1191 superbire
3125 1121 3384 1173 tentavit.
3450 1120 3655 1174 Contra
3718 1123 3869 1176 Deum

2223 1211 2504 1263 excelsum
2547 1225 2838 1262 sermones
2884 1209 3167 1278 petulanti
3212 1209 3574 1263 contumacia
3610 1208 3874 1277 fabricans,

2223 1299 2461 1369 grandia
2479 1299 2777 1364 trutinans,
2805 1303 2860 1352 et
2887 1299 3113 1352 fumosa
3146 1299 3244 1350 illa
3271 1303 3597 1363 contexens,
3622 1315 3739 1368 quae
3766 1315 3876 1352 vere

2225 1386 2568 1442 Antichristo
2617 1393 2751 1440 sunt
2798 1385 3028 1456 praevia,
3067 1389 3116 1438 et
3163 1385 3369 1438 humili
3403 1385 3660 1455 religioni
3702 1393 3879 1438 nostra:

2225 1475 2358 1528 satis
2405 1475 2656 1528 adversa.
2693 1475 2898 1543 Legem
2931 1471 3159 1525 Domini
3211 1472 3618 1524 miraculorum
3650 1472 3757 1524 sole
3796 1488 3875 1524 co-

2225 1580 2471 1631 ruscam,
2520 1563 2795 1616 nebulosa
2827 1561 3117 1614 involvere
3149 1545 3356 1630 putans
3398 1560 3658 1630 caligine,
3691 1566 3742 1613 et
3779 1561 3880 1614 fau-

2225 1651 2443 1705 toribus
2473 1651 2591 1704 suis
2619 1651 2782 1721 quasi
2813 1667 2878 1702 ex
2903 1651 3067 1719 jussu
3112 1648 3375 1702 altissimi
3423 1649 3641 1703 Domini
3672 1648 3881 1701 ridiculo

2159 1715 2195 1767 Β
2227 1756 2390 1802 ausu,
2441 1739 2614 1803 leves,
2665 1745 2721 1791 et
2772 1739 2886 1790 risu
2937 1737 3140 1801 dignas
3190 1742 3386 1790 texens
3432 1735 3713 1798 historias,
3763 1736 3882 1805 stylo

2235 1829 2392 1893 falso,
2442 1828 2670 1897 impura
2716 1827 2926 1891 fronte,
2959 1825 3225 1880 theatrali
3259 1825 3469 1890 favore,
3515 1825 3761 1878 fabulosa
3797 1825 3885 1876 ﬁn-

2230 1933 2374 1987 gens
2425 1915 2733 1976 mendacia,
2780 1916 2938 1968 nullo
2986 1913 3269 1967 virilitatis
3311 1915 3396 1967 vel
3443 1914 3681 1967 rationis
3721 1913 3888 1982 vigore

2231 2005 2555 2076 pra’cincta,
2592 2012 2816 2058 sanctos
2860 2004 2953 2057 Dei
3000 2010 3320 2065 conterens,
3359 2008 3414 2056 et
3452 2004 3521 2056 de
3553 2001 3726 2055 stellis
3763 2000 3885 2066 cceli,

2231 2094 2287 2147 id
2332 2099 2414 2147 est
2444 2110 2506 2146 ex
2553 2093 2812 2147 Ecclesia:
2845 2093 2998 2157 ﬁliis,
3032 2099 3253 2161 partem
3293 2091 3436 2162 pede
3483 2089 3756 2143 scurribili
3801 2089 3889 2141 cal-

2229 2199 2379 2236 cans.
2431 2183 2590 2246 Quod
2643 2182 2824 2250 magis
2879 2183 3175 2233 oculorum
3223 2180 3455 2245 indicio,
3508 2195 3678 2250 quam
3726 2182 3890 2230 nostro

2231 2270 2599 2340 expositionis
2627 2269 3037 2338 comprobatur
3063 2268 3311 2338 eloquio.
3353 2269 3476 2321 lam
3507 2284 3641 2320 vero
3670 2273 3888 2334 tempus,

2231 2364 2512 2428 tempora,
2542 2356 2919 2410 etdimidium
2942 2357 3234 2425 temporis,
3260 2355 3434 2425 capiti
3461 2355 3586 2424 ejus
3607 2353 3894 2425 specialiter

2231 2447 2650 2516 iujungendum
2703 2453 2786 2499 est
2846 2445 3224 2499 Antichristo:
3270 2449 3326 2497 et
3366 2443 3766 2514 requirendum
3810 2455 3893 2492 cur

2233 2552 2349 2590 non
2382 2541 2577 2605 aperte
2609 2541 2722 2587 tres
2753 2550 2934 2587 annos
2955 2541 3010 2587 et
3035 2534 3284 2587 medium
3318 2532 3539 2598 dixerit,
3566 2532 3659 2585 sed
3684 2532 3894 2584 obscure

2233 2625 2331 2678 illo
2358 2624 2628 2677 vocabulo
2660 2639 2846 2676 sermo
2877 2623 3045 2692 hujus
3075 2623 3246 2675 fuerit
3277 2622 3521 2687 divinus,
3557 2638 3668 2692 quo
3692 2619 3894 2672 solitum

2235 2718 2321 2765 est
2365 2713 2652 2765 diversum
2685 2727 2915 2764 sensum
2967 2711 3026 2763 iu
3061 2711 3232 2763 corda
3266 2710 3552 2780 parturire
3606 2710 3894 2762 doctorum.

2238 2802 2378 2854 Nam
2409 2806 2466 2854 et
2501 2816 2683 2852 annus
2716 2805 2966 2869 quatuor
2997 2806 3254 2868 tempora
3297 2798 3484 2865 habet,
3515 2804 3573 2851 et
3602 2799 3717 2868 ipse
3745 2811 3900 2849 unum

2235 2894 2462 2958 tempus
2493 2889 2700 2940 dicitur
2730 2903 2936 2953 annus,
2969 2893 3026 2940 et
3055 2887 3473 2956 quinquaginta
3500 2891 3560 2939 et
3589 2891 3825 2948 centum,
3856 2887 3901 2935 et

2170 2991 2210 3043 ς
2237 2977 2465 3030 brevem
2498 2976 2548 3028 el
2595 2976 2831 3044 longum
2862 2976 3155 3040 horarum,
3190 2975 3432 3039 dierum,
3470 2974 3762 3034 mensium,
3813 2985 3898 3022 an-

2241 3079 2562 3132 norumque
2602 3065 2872 3132 spatium,
2909 3068 3233 3133 temporum
3264 3063 3501 3115 nomine
3534 3062 3900 3132 designantur.

2241 3151 2467 3206 Hebraei
2532 3167 2782 3221 namque
2831 3168 3012 3204 unum
3055 3157 3281 3220 tempus
3330 3151 3692 3221 septuaginta
3751 3163 3904 3202 annos

2240 3241 2546 3309 accipiunt,
2581 3241 2894 3294 secundum
2927 3241 3103 3294 illud:
3141 3242 3270 3294 Dies
3317 3256 3583 3294 annorum
3629 3245 3905 3293 nostrorum

2240 3333 2589 3397 septuaginta
2621 3331 2754 3381 anni
2783 3330 2956 3396 (Psal.
3003 3344 3215 3394 LXXXIX,
3249 3330 3334 3394 10)
3361 3342 3372 3382 :
3408 3329 3496 3381 vel
3522 3328 3687 3397 juxta
3729 3339 3905 3378 nume-

2239 3433 2369 3470 rum
2401 3433 2684 3470 annorum
2717 3433 2831 3487 quo
2861 3418 2968 3470 sub
2999 3417 3524 3470 Nabuchobonosor
3552 3418 3778 3470 fuerunt
3807 3427 3908 3466 ser-

2241 3505 2390 3558 vitus
2430 3506 2571 3575 jugo
2623 3504 2855 3558 addicti.
2888 3506 3170 3574 quue...,
3197 3535 3265 3542 —-
3298 3504 3695 3574 intelligentiae
3724 3515 3907 3573 genere

2242 3594 2415 3660 ducti,
2447 3597 2695 3663 tempus,
2720 3600 3002 3664 tempora,
3024 3597 3079 3646 et
3104 3593 3408 3646 dimidium
3434 3593 3714 3664 temporis
3739 3592 3792 3643 in
3817 3590 3905 3641 hoc

2241 3683 2366 3736 loco
2401 3683 2726 3749 llebraei...,
2756 3714 2824 3722 —
2855 3683 3129 3736 ducentos
3159 3682 3539 3752 quadraginta
3566 3683 3815 3752 quinque
3848 3676 3910 3729 ls-

2243 3771 2644 3825 mahelitarum
2678 3772 2957 3840 deputant
2991 3772 3169 3840 genti,
3203 3771 3409 3841 quibus
3440 3771 3687 3840 peractis
3727 3765 3908 3820 ﬁnien-

2241 3861 2377 3914 dum
2402 3876 2643 3931 regnum
2668 3861 2925 3930 ipsorum
2950 3860 3086 3913 satis
3111 3860 3311 3914 audaci
3335 3875 3599 3912 sermone
3624 3856 3910 3911 conﬁdunt.

2243 3949 2538 4019 Siquidem
2569 3950 2627 4002 in
2662 3950 2767 4002 hoc
2797 3949 3208 4001 lncarnationis
3239 3948 3462 4001 Domini
3493 3963 3647 4000 anno
3670 3974 3734 3985 —
3755 3941 3912 3996 octin-

2244 4038 2564 4106 gentesimo
2603 4037 3078 4108 quinquagesimo
3111 4041 3340 4107 quarto,
3368 4040 3424 4089 et
3452 4051 3566 4089 aera
3600 4049 3730 4106 quae
3760 4026 3915 4084 currit

2245 4125 2717 4194 octingentesima
2744 4124 3112 4194 uonagesima
3130 4125 3400 4188 secunda,
3425 4125 3564 4177 anni
3598 4154 3664 4162 —
3688 4120 3911 4175 Arabum

2245 4214 2473 4267 lunares
2531 4214 2760 4267 ducenti
2809 4219 3218 4283 computantur
3274 4213 3678 4283 quadraginta,
3729 4211 3914 4262 solares

2174 4303 2214 4355 Ι)
2243 4318 2374 4356 vero
2409 4304 2545 4356 anni
2577 4304 2808 4356 ducenti
2856 4319 3067 4356 xxvuu.
3107 4304 3182 4356 Ex
3231 4318 3345 4373 qua
3391 4288 3628 4355 summa’
3669 4297 3915 4368 superant

2243 4408 2423 4445 annos
2453 4393 2665 4445 solares
2697 4392 2964 4445 sedecim.

2311 4483 2400 4534 22.
2438 4481 2551 4534 Nos
2590 4497 2723 4534 vero
2769 4481 2886 4534 haec
2933 4480 3033 4533 Dei
3076 4479 3180 4532 soli
3215 4478 3618 4550 intelligentiae
3663 4469 3914 4541 relinqui-

2243 4586 2391 4636 mus,
2451 4575 2507 4622 et
2546 4569 2626 4622 eis
2685 4569 2778 4639 qui
2834 4569 3024 4622 divino
3074 4567 3287 4639 Spiritu
3337 4567 3467 4620 tacti
3517 4569 3758 4636 possunt
3801 4572 3910 4612 cum

2241 4659 2426 4728 Moyse
2467 4657 2678 4711 nubem
2730 4656 3132 4722 conscendere,
3177 4662 3233 4709 et
3280 4657 3496 4709 occulta
3542 4653 3643 4708 Dei
3678 4669 3743 4706 eo
3783 4661 3914 4702 rese-

2242 4752 2403 4800 rante
2435 4746 2589 4799 clara
2620 4745 2759 4799 facie
2792 4745 3034 4798 intuere.
3071 4744 3176 4798 Sed
3208 4745 3443 4796 solerter
3463 4750 3548 4796 est
3571 4738 3914 4796 intuendum,

2244 4841 2299 4890 et
2323 4835 2494 4904 legali
2521 4835 2877 4888 dissertionis
2890 4833 3079 4887 studio
3101 4832 3560 4903 praevidendum,
3586 4848 3660 4884 ne
3687 4831 3827 4883 hanc
3845 4823 3920 4876 ob-

2243 4924 2573 4977 scuritatem
2599 4924 2916 4976 involutam
2943 4922 3248 4976 temerarie
3265 4926 3448 4975 tentet
3468 4933 3758 4989 exponere
3781 4925 3920 4967 mens

2242 5028 2469 5076 vesana,
2504 5017 2561 5064 et
2593 5010 2971 5080 multiplicem
3002 5010 3360 5081 designatam
3393 5007 3742 5062 sententiam
3775 4999 3922 5054 auda-

2241 5101 2392 5154 cium
2424 5105 2479 5153 et
2510 5099 2882 5153 insolentium
2913 5104 3218 5152 retractare
3250 5101 3564 5168 praesumat
3594 5092 3819 5148 insania
3846 5087 3921 5140 de-

2313 5232 2334 5258 °
2366 5225 2422 5278 F.
2470 5225 2729 5290 favillas;
2773 5223 2957 5294 utisic
2997 5222 3149 5287 quod
3197 5222 3455 5294 sequitur
3488 5221 3767 5294 veracium
3816 5210 3921 5294 stel-

2241 5297 2442 5349 latione
2470 5285 2780 5361 ﬁrmemus,
2815 5293 2968 5346 idem
3016 5285 3094 5346 _sit
3127 5309 3190 5346 ac
3236 5285 3402 5346 ﬁrma
3431 5296 3488 5344 et
3533 5287 3771 5343 micanti
3817 5285 3920 5337 luce

2241 5366 2568 5488 doptﬁrum,
2595 5365 2894 5419 veritatem
2917 5364 3004 5417 sui
3032 5363 3230 5417 asserti
3262 5363 3567 5416 illustrare.

2417 5454 2485 5488 s..
2517 5441 2630 5488 aut.

2312 5521 2340 5562 ε
2364 5475 2886 5571 ‘ldthsTBUvI-ahomet,
2914 5505 3243 5558 Antichristi
3270 5517 3611 5575 pra-cursor.
