4022 6178
198 290 281 342 337
1498 282 1866 339 INDICULUS
1906 285 2316 341 LUMINOSUS.
3553 289 3654 341 538

191 416 439 471 testanda.
466 414 603 467 Dicit
631 413 785 466 enim
818 412 875 465 in
906 413 1020 465 ﬁne
1053 410 1356 465 voluminis
1386 429 1398 465 :
1428 413 1845 467 Per-transibunt
1881 416 1927 467 Α
1960 414 2150 480 habet,
2200 416 2287 469 vel
2327 432 2444 469 non
2492 415 2695 468 habeat
2734 416 3250 485 concupiscentiam
3305 418 3652 473 feminarum

188 508 409 572 plurimi,
452 509 500 556 et
526 504 810 571 multiplex
848 504 951 555 erit
988 504 1212 555 scientia
1259 502 1425 568 (Dan.
1469 518 1565 566 xu,
1612 501 1668 568 4)
1705 518 1716 555 :
1752 502 1845 556 di-

190 595 479 647 versitatem
520 592 882 644 tractantium
928 606 1182 660 praesago
1238 591 1445 659 spiritu
1476 591 1723 659 nuntiat,
1790 598 1849 645 et

188 700 287 736 non
317 682 668 745 stolidorum,
716 680 813 733 sed
855 679 1217 750 sapientium,
1253 680 1667 733 commentaria
1700 697 1846 750 prae-

188 774 429 841 ﬁgurans.
464 770 747 838 Multiplex
780 785 1029 838 namque
1060 767 1167 821 erit
1196 768 1451 833 scientia,
1501 768 1637 821 dum
1685 768 1848 822 multi

186 875 286 912 non
316 864 580 925 errantes,
616 859 711 910 sed
744 858 1115 911 discutientes
1148 857 1511 927 opinaverint
1543 859 1738 921 multa,
1792 864 1849 913 et

186 948 504 1001 diversarum
553 954 878 1015 temporum
930 962 1113 999 causae
1164 962 1278 999 uno
1328 946 1540 999 fuerint
1588 947 1848 1000 revelata:

187 1052 441 1089 sermone.
493 1037 647 1089 Unde
693 1041 749 1088 et
795 1036 1000 1106 opinor
1051 1035 1385 1088 sublimaria
1432 1034 1850 1105 signiﬁcatione

186 1124 492 1195 ﬁgurarum,
554 1131 608 1177 et
658 1124 961 1194 multiplici
1022 1123 1349 1176 inductione
1404 1124 1847 1192 problematum,

186 1229 330 1266 unam
358 1213 715 1282 eamdemque
742 1228 862 1265 rem
892 1211 1207 1280 saepissime
1233 1211 1525 1263 multoties
1548 1212 1846 1281 repetitam

184 1304 231 1355 et
255 1301 308 1354 in
352 1301 528 1354 tribus
560 1308 615 1354 et
647 1307 897 1371 quatuor
940 1300 1077 1353 locis
1112 1300 1217 1352 sub
1252 1300 1363 1352 alia
1392 1305 1563 1369 atque
1621 1302 1787 1369 longe
1819 1318 1852 1354 a

183 1390 337 1458 priori
368 1390 787 1442 monstrationis
818 1390 1001 1455 figura
1055 1388 1110 1440 id
1148 1389 1334 1457 ipsum
1383 1388 1534 1458 quod
1577 1388 1849 1457 primitus

182 1480 419 1548 ﬁgurare.
466 1479 527 1531 Et
559 1478 663 1530 hoc
694 1478 752 1529 in
795 1478 1059 1530 omnibus
1102 1477 1374 1545 operibus
1405 1478 1744 1545 prophetiae,
1790 1481 1852 1529 ut

182 1568 381 1636 opinor,
404 1566 569 1619 debet
602 1565 865 1634 intelligi,
898 1572 956 1617 et
984 1565 1088 1617 sub
1114 1564 1268 1617 varia
1300 1565 1607 1633 repetionis
1666 1565 1852 1634 specie

178 1654 333 1707 totius
359 1654 630 1724 temporis
669 1669 867 1706 causas
895 1669 1008 1705 uno
1044 1652 1363 1722 prophetia:
1416 1653 1563 1705 libro
1598 1653 1847 1722 signare.

181 1742 296 1806 Quae
332 1742 626 1805 sententia,
660 1741 704 1793 si
735 1741 907 1809 digna
938 1746 992 1793 et
1022 1740 1204 1793 amica
1237 1745 1426 1793 mente
1451 1740 1849 1808 perpenditur,

183 1846 281 1882 non
323 1846 381 1882 ex
429 1830 533 1883 hac
583 1830 954 1899 generatione
1014 1828 1209 1883 livoris
1266 1827 1710 1896 improbabitur,
1754 1828 1851 1881 sed

180 1918 497 1971 evidentium
520 1934 823 1971 causarum
858 1917 1154 1970 eventibus
1200 1918 1597 1969 conﬁrmatur.
1638 1918 1703 1970 Et
1743 1916 1849 1969 isto

182 2007 549 2076 intelligentim
604 2023 812 2075 genere
865 2006 1207 2070 conﬁrmati,
1255 2022 1322 2057 eo
1374 2022 1681 2075 possumus
1730 2005 1851 2058 sine

182 2112 349 2149 errore
378 2096 710 2164 procedere,
742 2102 805 2147 ut
846 2112 962 2148 non
1004 2096 1192 2147 solum
1224 2094 1530 2164 prophetas
1574 2094 1851 2163 temporis

184 2185 405 2254 ipsorum
430 2185 688 2238 dicamus
718 2184 923 2254 spiritu
956 2183 1147 2236 divino
1179 2184 1491 2247 nuntiasse,
1521 2199 1647 2253 quze
1694 2189 1853 2251 gesta

181 2279 311 2333 sunt,
332 2274 420 2327 sed
436 2276 609 2327 etiam
623 2274 882 2327 omnium
907 2274 1242 2326 smculorum
1270 2289 1397 2342 quas
1425 2273 1676 2341 gerenda
1690 2278 1852 2326 erant

184 2362 578 2417 evidentissiine
594 2378 939 2431 praesagasse
957 2368 1018 2413 ut
1037 2377 1225 2413 sermo
1240 2361 1466 2414 divinus
1490 2377 1603 2413 uno
1626 2367 1853 2413 contex-

182 2458 232 2503 tu
251 2453 507 2505 sermonis
524 2453 700 2505 totius
714 2451 905 2504 saeculi
933 2456 1246 2521 exponeret
1273 2466 1489 2503 causas.
1514 2449 1718 2503 Eccein
1745 2450 1850 2503 Ha—

180 2539 332 2592 bacuc
365 2547 562 2593 contra
585 2540 1101 2594 Nabuchodonosor
1122 2555 1311 2592 sermo
1348 2539 1639 2608 dirigitur,
1693 2538 1851 2591 omni

181 2628 340 2680 vicina
383 2634 436 2681 et
480 2634 868 2681 consentanea
912 2644 1039 2680 mox
1073 2628 1290 2679 clarum
1342 2626 1667 2679 videntibus
1711 2642 1850 2695 ape-

179 2717 305 2769 ritur
330 2727 371 2781 ³,
402 2734 500 2770 nec
522 2734 554 2769 a
601 2717 828 2771 tramite
861 2716 1114 2769 veritatis
1146 2715 1448 2782 errabitur,
1483 2715 1529 2767 si
1595 2715 1852 2784 prophe-

181 2805 247 2856 tia
272 2806 561 2858 adversum
594 2806 890 2861 Chaldaeos
935 2806 1168 2870 directa,
1226 2804 1286 2857 in
1319 2820 1415 2856 eos
1456 2803 1653 2857 itidem
1685 2820 1853 2872 expo-

180 2899 342 2946 natur.
377 2896 488 2947 Hoc
517 2895 733 2965 quippe
784 2894 966 2964 magis
996 2893 1259 2962 congruit
1297 2892 1595 2961 sapientiae
1641 2892 1759 2957 Dei,
1796 2897 1854 2945 et

182 2983 429 3035 catholico
461 2984 556 3035 cui
597 2983 875 3035 servimus
904 2982 1178 3050 dogmati,
1230 2997 1400 3051 quam
1459 2986 1519 3033 ut
1572 2980 1847 3045 dicamus,

181 3069 329 3138 hujus
352 3072 543 3125 vesani
573 3070 823 3123 hominis
855 3072 938 3123 vel
988 3070 1232 3123 aliorum
1264 3084 1572 3139 regnorum
1618 3068 1850 3121 storiain

182 3160 489 3226 prophetice
540 3176 659 3213 non
708 3159 1029 3228 praevisum.
1083 3158 1371 3222 Quinimo,
1408 3162 1470 3209 ut
1516 3156 1656 3209 mihi
1691 3156 1851 3209 vide-

184 3253 279 3311 tur,
307 3250 448 3318 quod
500 3248 827 3318 specialiter
863 3248 920 3300 in
966 3248 1149 3318 capite
1184 3247 1585 3317 pra-dictorum
1621 3252 1706 3298 est
1763 3246 1851 3298 di-

183 3341 333 3402 ctum,
368 3338 421 3390 in
445 3338 727 3402 membro,
758 3337 895 3402 imo,
923 3340 985 3389 ut
1016 3336 1338 3390 evidentius
1369 3335 1575 3401 dicam,
1611 3334 1669 3387 in
1728 3339 1853 3403 gut-

185 3429 290 3479 ture
318 3427 454 3495 ejus,
504 3430 670 3479 acute
728 3426 1093 3479 cernentibus
1136 3424 1496 3495 aznigmatice
1557 3424 1747 3489 servit,
1798 3427 1853 3475 et

185 3514 307 3567 hanc
335 3516 725 3585 intelligentia:
756 3531 985 3568 sensum
1016 3514 1155 3567 ﬁdes
1188 3515 1463 3567 catholica
1496 3528 1607 3565 non
1640 3512 1852 3565 abhor-

184 3607 269 3655 ret.
303 3604 434 3656 Nam
462 3621 527 3657 ea
556 3620 687 3674 quas
727 3603 785 3656 in
816 3603 927 3656 fine
960 3602 1271 3655 voluminis
1299 3603 1367 3655 de
1403 3602 1526 3671 ipso
1573 3602 1852 3671 superbo-

185 3706 292 3743 rum
340 3694 516 3762 capite
593 3692 836 3762 Spiritus
895 3691 1032 3745 dicit
1080 3691 1470 3761 propheticus,
1532 3690 1747 3760 liquide
1798 3694 1855 3742 et

183 3779 345 3832 subtili
384 3781 657 3851 indagine
714 3780 1006 3845 ventilata,
1058 3780 1192 3832 huic
1239 3778 1576 3848 nequissimi
1618 3778 1853 3845 spiritus

182 3867 399 3937 hospitis
446 3871 810 3923 disseruntur
840 3872 864 3911 b
894 3868 1195 3923 intentata.
1251 3868 1586 3931 Elevabitur,
1644 3866 1850 3935 inquit,

182 3960 223 4007 et
241 3959 671 4027 magniﬁcabitur
696 3958 956 4010 adversus
987 3973 1191 4011 omnem
1229 3958 1399 4010 Deum
1424 3958 1593 4021 (Dan.
1636 3972 1708 4019 x1,
1743 3957 1848 4022 36),

182 4043 229 4096 id
256 4055 332 4098 est
356 4048 634 4116 gentium,
665 4063 810 4115 quos
848 4046 1013 4117 quasi
1046 4045 1343 4126 religione,
1391 4044 1485 4097 sed
1521 4044 1572 4096 ei
1623 4045 1853 4112 magni-

182 4131 353 4197 ﬁcans,
387 4135 767 4205 despectionis
808 4136 948 4204 pede
976 4134 1277 4187 conteruit.
1308 4136 1373 4187 Et
1399 4132 1657 4187 adversus
1690 4136 1853 4187 Deum

181 4223 375 4276 dearum
419 4227 667 4293 loquetur
708 4224 1237 4292 magniﬁca(lbid.).
1289 4222 1614 4275 Sanctiﬁcet
1660 4228 1855 4273 contra

184 4310 464 4365 Dominum
493 4313 866 4365 dominorum
891 4314 1017 4366 cmli
1048 4316 1102 4364 et
1134 4322 1321 4375 terrae,
1354 4316 1666 4363 creatorem
1696 4315 1856 4362 aster-

182 4414 323 4465 num,
355 4403 536 4472 legem
569 4402 725 4454 illam
762 4417 932 4471 quam
965 4400 1236 4453 instinctu
1268 4400 1595 4451 daemonum
1630 4414 1696 4450 ex
1731 4398 1853 4467 ejus

184 4490 393 4543 nomine
424 4508 644 4544 veneno
674 4490 1017 4558 composuit,
1050 4494 1103 4540 et
1145 4487 1511 4557 sequentibus
1546 4503 1604 4539 se
1647 4486 1851 4539 falsum

183 4582 566 4633 testamentum
618 4580 872 4647 tertium,
924 4579 1061 4632 falsa
1110 4576 1478 4645 subreptione
1542 4574 1850 4628 contexuit.

184 4666 251 4719 Et
291 4671 447 4722 Deum
492 4674 717 4737 patrum
743 4683 962 4722 suorum
1020 4682 1125 4719 non
1170 4664 1444 4733 reputabit
1494 4663 1679 4728 (lbid.,
1742 4662 1852 4732 37),

184 4750 276 4805 hoc
318 4760 418 4817 est,
474 4756 934 4808 lsmahelitarum
986 4754 1162 4817 idola,
1195 4768 1324 4822 qua:
1359 4768 1535 4821 usque
1569 4752 1624 4803 in
1661 4751 1849 4819 ipsum

185 4843 388 4910 tempus
432 4845 718 4908 colebant,
760 4845 839 4897 Et
868 4846 971 4896 erit
1014 4846 1073 4895 in
1130 4843 1571 4909 concupiscentiis
1614 4842 1856 4907 femina—

182 4941 285 4981 rum
310 4930 513 5000 (Ibtd.).
550 4931 685 4994 Quis
729 4948 841 4984 non
870 4931 1057 4984 videat
1091 4932 1192 4984 hoc
1236 4931 1359 4983 loco
1393 4930 1545 4982 hunc
1602 4928 1854 4998 impudi-

183 5030 294 5070 cum
325 5020 642 5088 specialiter
674 5020 778 5073 hac
806 5020 1088 5073 sententia
1117 5019 1474 5087 designatum
1495 5017 1522 5071 ?
1554 5019 1615 5072 Et
1639 5018 1769 5070 licet
1796 5017 1855 5069 in

186 5103 395 5161 Hebrzeo
421 5109 531 5162 hoc
579 5108 751 5162 dubie
801 5110 1053 5178 positum
1102 5109 1411 5177 relegatur,
1444 5107 1600 5178 quod
1650 5106 1857 5160 scilicct

243 5237 264 5261 ⁸
300 5231 351 5284 F.
384 5236 637 5287 omnia...
672 5234 882 5287 clare...
917 5234 1257 5301 aperiuntur.

243 5302 263 5340 ί)
299 5302 413 5364 515.,
446 5305 752 5357 disseritur.

243 5379 260 5402 ε
295 5372 409 5435 Ms.,
438 5382 506 5427 et.

243 5438 268 5475 δ
303 5445 664 5510 Αρὴνοάίδίεε,
695 5444 750 5497 id
774 5450 859 5497 est
882 5442 1139 5497 Veneris.

246 5520 265 5582 ῗ
306 5516 638 5582 Voluptatem
670 5515 947 5580 intellige.

249 5580 265 5616 ί
303 5580 529 5655 Vulgata
559 5602 571 5651 ;
603 5602 781 5641 eorum
813 5601 1059 5654 quorum.

1955 505 2177 557 dicente
2206 504 2412 573 Aquila
2443 520 2455 556 :
2492 504 2552 556 lit
2582 519 2756 572 super
2787 505 2966 557 Deum
2998 511 3226 573 patrum
3259 522 3491 560 suorum
3537 524 3651 562 non

1959 593 2277 663 intelliget:
2314 599 2368 646 et
2397 608 2567 661 super
2618 592 3138 662 concupiscentiam
3175 595 3538 663 feminarum,
3597 602 3653 649 et

1958 698 2129 752 super
2160 698 2389 735 omnem
2428 683 2604 734 Deum
2645 698 2759 734 non
2800 682 3126 751 intelliget:
3173 684 3381 753 quibus
3443 685 3648 751 verbis,

1959 777 2021 823 ut
2069 772 2206 839 dixi,
2257 778 2317 824 et
2364 771 2574 823 habere
2608 787 2739 823 eum
2773 771 3350 841 inconcupiscentiam
3408 773 3652 826 femina-

1957 876 2106 925 rum,
2140 866 2194 912 et
2223 876 2335 912 non
2369 860 2576 912 habere
2601 859 3139 930 intelligitur;quod
3163 860 3335 913 dubie
3364 861 3490 913 ideo
3525 877 3653 913 reor

1958 949 2207 1018 positum
2232 964 2373 1009 esse,
2409 953 2469 1000 ut
2494 954 2764 1018 utrosque
2800 964 2913 999 uno
2941 964 3109 1000 sensu
3142 949 3437 1002 sententiae
3462 948 3651 1001 scieno

1958 1038 2111 1090 tibus
2142 1037 2411 1107 aperiret.
2449 1036 2674 1091 Scilicet
2707 1037 2763 1088 in
2798 1036 2901 1088 hac
2944 1037 3197 1105 priorem
3249 1038 3487 1091 bestiam
3521 1054 3651 1091 con-

1959 1126 2365 1195 cupiscentiam
2412 1126 2757 1177 feminarum
2809 1126 3118 1183 afﬁrmans,
3160 1134 3216 1178 et
3254 1126 3309 1178 in
3344 1127 3653 1196 posteriore

1960 1230 2075 1267 non
2124 1214 2306 1267 inesse
2355 1214 2669 1277 declarans,
2703 1214 2838 1267 dum
2881 1220 2937 1267 et
2974 1214 3184 1267 habere
3212 1220 3267 1267 et
3300 1231 3413 1267 non
3445 1216 3654 1269 habere

1958 1318 2075 1356 uno
2106 1302 2500 1372 intelligentiae
2552 1307 2737 1371 potest
2785 1302 3028 1371 intelligi
3057 1308 3236 1355 tractu
3275 1320 3286 1356 :
3326 1320 3427 1356 nec
3460 1305 3545 1356 fac
3571 1310 3657 1357 est

1963 1392 2423 1445 utdiscordantia
2456 1408 2696 1462 operum
2733 1391 3178 1461 uniassignetur
3211 1408 3491 1463 personze,
3535 1394 3651 1456 sed,

1963 1487 2025 1533 ut
2057 1481 2189 1546 dixi,
2223 1481 2302 1533 ita
2335 1498 2446 1533 uno
2498 1480 2779 1532 sermonis
2837 1486 2993 1533 textu
3043 1497 3219 1533 unum
3277 1480 3509 1545 indicat,
3548 1487 3606 1533 ut
3635 1493 3654 1515 υ

1962 1568 2137 1621 alium
2170 1585 2286 1621 non
2320 1569 2605 1621 dimittat:
2639 1568 2714 1619 ita
2745 1567 2997 1637 priorem
3025 1585 3211 1621 sermo
3240 1568 3369 1621 ferit
3404 1570 3654 1638 prophe-

1962 1656 2123 1717 ticus,
2178 1656 2551 1709 novissimum
2614 1656 2889 1709 intactum
2942 1655 3165 1709 divinus
3215 1672 3327 1708 non
3370 1655 3656 1725 relinquat

1960 1745 2216 1813 spiritus.

2031 1836 2117 1887 23.
2145 1832 2436 1899 Convenit,
2471 1837 2527 1885 et
2551 1832 2683 1885 satis
2723 1838 2784 1887 ut
2826 1848 2952 1885 reor
2982 1832 3198 1901 optime
3232 1831 3513 1900 congruit,
3548 1830 3655 1883 hoc

1959 1920 2018 1973 in
2050 1922 2173 1973 loco
2204 1922 2407 1973 horum
2431 1920 2689 1989 gentium
2715 1919 3058 1973 deridendos
3107 1919 3378 1972 recensiri
3410 1933 3655 1984 errores,

1960 2009 2235 2079 omnique
2270 2008 2521 2062 Ecclesiae
2569 2025 2671 2077 pro
2716 2008 3103 2061 exsecratione
3152 2007 3449 2060 habendos
3490 2022 3657 2075 expo-

1961 2114 2097 2151 nere
2142 2098 2368 2150 fetores.
2415 2097 2667 2149 Tradunt
2722 2098 2875 2149 enim
2927 2102 2982 2148 et
3027 2096 3189 2165 quasi
3247 2094 3656 2148 exclamatione

1961 2187 2190 2255 egregia
2230 2186 2576 2254 importunis
2633 2185 2894 2253 garriunt
2944 2182 3279 2253 disciplinis,
3333 2182 3482 2234 hunc
3524 2182 3657 2233 illo-

1962 2292 2088 2327 rum
2121 2274 2401 2327 amasium
2422 2273 2740 2327 femellario
2773 2289 2945 2341 opere
2972 2276 3309 2341 occupatum
3342 2286 3459 2340 prae
3493 2276 3655 2322 crete-

1961 2365 2038 2418 ris
2098 2363 2426 2417 hominibus
2484 2362 2767 2416 afrodisite
2801 2363 2827 2404 ά
2884 2362 3197 2415 obtinuisse
3252 2360 3544 2424 virtutem,
3604 2364 3659 2411 et

1961 2454 2439 2507 abundantiorem
2477 2452 2745 2505 omnibus
2788 2470 2819 2505 a
2861 2453 2973 2505 Deo
3022 2468 3124 2504 suo
3157 2451 3240 2503 illi
3280 2466 3384 2519 pro
3416 2464 3658 2502 munere

1960 2543 2150 2596 datam
2223 2542 2456 2594 Veneris
2500 2542 2853 2594 Voluntatem
2888 2552 2926 2603 θ,
2970 2541 3367 2610 liquoremque
3418 2538 3660 2608 spurcis-

1960 2631 2087 2683 simi
2123 2630 2311 2700 operis
2342 2636 2398 2682 et
2424 2631 2730 2691 largiorem
2760 2629 2981 2682 caateris
3015 2628 3300 2694 habuisse,
3336 2632 3392 2679 et
3421 2626 3660 2681 faciliori

1958 2720 2162 2773 effectu
2212 2719 2281 2771 ab
2324 2718 2449 2772 aliis
2491 2718 2791 2788 digessisse
2828 2734 2839 2770 :
2895 2718 3230 2787 ﬁuxumque
3260 2716 3318 2769 in
3352 2716 3562 2769 coitum
3604 2719 3661 2767 et

1958 2808 2236 2876 vigorem,
2271 2807 2386 2859 imo
2425 2806 2667 2875 copiam,
2722 2804 2780 2857 in
2820 2805 3127 2858 femineam
3162 2804 3460 2858 libidinem
3503 2819 3661 2856 exer-

1959 2897 2195 2947 cendam
2230 2896 2614 2963 quadraginta
2642 2894 2896 2947 virorum
2932 2911 2963 2947 a
2993 2894 3215 2964 superis
3245 2894 3325 2945 illi
3359 2892 3531 2945 fuisse
3571 2892 3661 2943 de-

1890 3014 1929 3067 C
1961 2985 2153 3037 latam.
2201 2983 2380 3046 Quam
2453 2998 2739 3052 spurcam,
2794 2983 3187 3052 pinguemque
3251 2981 3658 3034 abundantiam

1962 3072 2101 3125 olidi
2134 3071 2313 3123 lumbi
2338 3087 2448 3123 non
2485 3087 2517 3121 a
2547 3086 2737 3123 rerum
2769 3076 3002 3139 parente
3042 3072 3179 3133 Deo,
3222 3078 3283 3121 ut
3316 3070 3511 3137 priedo
3555 3067 3661 3120 ini-

1962 3159 2270 3229 quissimus
2303 3158 2633 3224 somniavit,
2685 3160 2779 3211 sed
2812 3175 2841 3210 a
2889 3160 3106 3211 Venere
3151 3158 3486 3221 ludibriosa,
3534 3156 3660 3208 Vul-

1961 3249 2087 3301 cani
2118 3248 2383 3316 conjuge,
2422 3246 2479 3299 id
2510 3252 2594 3299 est
2640 3246 2791 3316 ignis
2848 3262 3102 3309 uxorem,
3137 3262 3265 3316 quae
3317 3252 3372 3297 et
3425 3250 3660 3313 propter

1962 3352 2299 3406 spumosum
2328 3336 2609 3405 liquorem
2645 3334 2878 3387 Afrodin
2907 3333 3057 3387 dicta
3099 3339 3183 3386 est
3218 3350 3230 3387 :
3278 3333 3377 3402 qui
3418 3339 3473 3385 et
3519 3348 3659 3402 opus

1962 3440 2268 3477 venereum
2301 3424 2643 3491 assignatur,
2692 3422 2969 3487 alkaufeit
2999 3422 3148 3474 idem
3192 3421 3517 3491 impudicus
3564 3436 3660 3471 no-

1962 3513 2221 3567 minavit.
2271 3512 2513 3582 Egregia
2559 3527 2694 3565 sane
2744 3512 2869 3564 laus
2916 3516 2971 3564 et
3028 3512 3272 3563 multum
3342 3508 3659 3563 carnalium

1961 3603 2191 3671 elegans
2224 3618 2453 3655 munus.
2478 3601 2580 3655 Cui
2610 3605 2741 3669 apte
2772 3601 3038 3653 convenit
3081 3600 3176 3651 illa
3208 3598 3265 3651 in
3324 3596 3661 3652 Srahelitica

1962 3698 2131 3761 gente
2158 3707 2221 3743 ex
2264 3690 2368 3743 hac
2418 3688 2806 3758 generationis
2838 3688 3106 3750 invectio,
3166 3704 3293 3757 quae
3337 3703 3433 3740 ore
3491 3701 3661 3755 super

1966 3780 2336 3849 Egyptiorum
2372 3780 2525 3831 ﬂuxu
2572 3782 2767 3830 manat
2803 3777 3141 3846 prophetico
3178 3793 3189 3828 ε
3244 3778 3517 3829 lnsanivit
3565 3776 3657 3826 in-

1964 3868 2108 3938 quit,
2163 3883 2325 3935 super
2373 3866 2711 3919 concubitum
2760 3882 2827 3917 ea:
2876 3864 2893 3898 ί
2932 3880 3160 3932 quorum
3206 3879 3392 3917 carnes
3430 3868 3557 3916 sunt
3602 3868 3661 3917 ut

1963 3973 2148 4012 carnes
2175 3959 2474 4020 asinorum,
2505 3960 2555 4007 et
2584 3958 2724 4007 sicut
2754 3956 2935 4020 ﬂuxus
2982 3968 3239 4021 equorum
3270 3955 3450 4018 ﬂuqu
3482 3967 3662 4003 eorum

1965 4047 2179 4115 (Ezech.
2214 4061 2344 4106 vxu,
2368 4046 2480 4111 20).
2510 4044 2604 4095 Vel
2632 4043 2771 4096 illud
2798 4059 2810 4096 :
2838 4045 2982 4110 Equi
3004 4044 3333 4094 insanientes
3353 4043 3411 4091 in
3439 4042 3661 4105 feminis

1960 4139 2101 4201 fucti
2126 4140 2280 4199 sunt;
2312 4135 2687 4201 unusquisque
2712 4132 2787 4184 ad
2805 4147 3029 4185 umorem
3052 4132 3299 4198 proximi
3319 4131 3408 4181 sui
3451 4129 3661 4181 hinnie-

1964 4226 2054 4278 but
2088 4227 2211 4292 (Jer.
2250 4241 2301 4289 ν,
2328 4222 2379 4291 8)
2436 4222 2593 4286 Quod
2622 4222 2712 4275 hic
2742 4220 3167 4290 impurissimus
3197 4224 3349 4272 vates
3382 4224 3435 4270 et
3465 4216 3663 4271 fecisse

1897 4315 1938 4368 D
1966 4311 2309 4380 praedicatur
2340 4316 2395 4362 et
2422 4308 2762 4378 pra'dicasse
2811 4308 3093 4371 laudatur,
3146 4306 3281 4359 dum
3314 4306 3577 4357 seductus
3609 4310 3665 4356 et

1962 4416 2065 4452 sua
2097 4400 2387 4468 voluptate
2420 4400 2641 4451 illectus
2673 4413 2906 4450 uxorem
2941 4395 3189 4465 proximi
3225 4394 3310 4447 sui
3367 4393 3500 4447 ﬁdei
3547 4409 3665 4445 suae

1962 4493 2345 4539 consentaneo
2379 4487 2531 4546 tulit,
2561 4502 2732 4555 quam
2764 4486 2905 4538 adeo
2938 4498 2966 4537 ε
2996 4484 3102 4536 sibi
3136 4499 3238 4552 per
3259 4482 3667 4535 rcvelationem

1963 4574 2239 4629 Gabrielis
2266 4576 2522 4643 junctam
2579 4574 2850 4626 mentitus
2902 4578 3004 4630 est.
3042 4574 3223 4634 Quam
3290 4570 3666 4639 impurissimi

1966 4670 2201 4728 sectam,
2231 4662 2606 4731 impurissimi
2648 4660 2943 4731 sequipedi
2978 4660 3317 4728 amplientes
3348 4662 3394 4720 Ιι,
3434 4660 3666 4711 amissa-

1964 4755 2034 4806 rii
2067 4753 2077 4786 ί
2102 4759 2157 4805 et
2183 4751 2427 4805 adulteri
2452 4750 2703 4803 universi
2726 4755 2859 4801 sunt
2878 4748 3029 4814 facti,
3057 4748 3193 4801 dum
3219 4748 3667 4816 etpropterjura

1965 4850 2220 4895 mentum
2244 4840 2513 4891 scindunt
2530 4839 2863 4906 conjugium
2890 4837 3064 4905 quod,
3095 4858 3108 4900 ι
3152 4837 3363 4904 majore
3391 4836 3665 4887 dedecore

1965 4931 2173 4983 iterum
2205 4926 2584 4981 adulterando
2617 4926 2976 4995 conjungunt
3010 4941 3022 4977 :
3057 4930 3112 4977 et
3156 4923 3361 4993 pelices
3397 4919 3669 4990 multipli-

1964 5018 2145 5071 cando
2178 5034 2210 5069 a
2250 5014 2512 5085 trigamis
2568 5015 2652 5066 vel
2684 5012 3077 5084 quadrigamis
3129 5010 3425 5064 serviendo
3470 5009 3666 5062 femel-

1964 5106 2113 5171 larii,
2150 5105 2266 5157 imo
2297 5103 2485 5156 verius
2519 5101 2796 5156 amissarii
2834 5100 2968 5170 equi
3019 5098 3367 5164 hinnientes,
3411 5114 3506 5151 seu
3566 5113 3665 5150 ru-

2037 5244 2067 5284 e
2108 5229 2165 5282 F.
2195 5244 2229 5281 a
2262 5232 2379 5283 Deo.

2036 5303 2063 5344 ιι
2106 5300 2160 5353 L.
2192 5301 2595 5368 amplectantes,
2632 5297 2718 5351 vel
2746 5295 3098 5364 ampliantes.

2036 5373 2047 5406 ¹
2092 5366 2361 5441 διψισέίὶη
2407 5368 2669 5424 Jeremiaa
2702 5368 3178 5441 textu_dicuntur_
3202 5366 3328 5441 equi
3372 5369 3660 5441 amatores,

1963 5449 2013 5497 et
2069 5437 2358 5506 emissarii,
2389 5441 2480 5495 hic
2527 5442 2828 5499 amissarii,
2863 5439 2969 5491 hoc
2991 5442 3076 5489 est
3105 5437 3427 5490 admissarii
3459 5451 3472 5489 :
3506 5437 3660 5506 quod

1968 5514 2159 5567 Latine
2194 5512 2560 5582 loquentibus
2592 5511 2866 5581 probatur
2899 5508 3166 5578 amplius.

2057 5594 2069 5626 ³
2125 5586 2247 5649 Ms.,
2272 5600 2444 5651 quem.
