4022 6178
380 266 483 316 539

383 396 583 451 dentes
612 398 775 465 asini,
820 402 952 451 sunt
1011 399 1279 453 universi.
1332 401 1512 454 Pudet
1551 401 1764 472 quippe
1820 407 1938 456 tota
1978 419 2065 456 re-
2104 405 2148 457 A

381 490 605 540 traxere
636 494 865 557 qumsta.
902 487 1053 540 licita
1088 489 1196 540 sibi
1228 488 1284 541 in
1344 490 1700 555 mulieribus,
1745 493 2074 561 usurpando

385 577 699 628 naturalem
761 576 964 644 legem,
1015 582 1069 628 et
1127 592 1301 629 novas
1349 578 1465 630 vias
1520 579 1821 633 libidinum
1890 582 2077 652 inqui-

384 665 582 731 rendo,
617 680 698 716 vae
730 664 889 729 mihi,
946 665 1325 733 plausibiliter
1370 672 1567 737 agunt.
1609 669 1720 721 Nec
1777 668 1913 721 sinit
1971 686 2076 721 nos

384 754 559 807 rubor
614 769 893 820 genarum
943 755 1291 808 rhetoricum
1353 763 1550 808 contra
1591 757 1809 809 hostem
1861 758 2075 827 jactare

382 857 701 895 sermonem
741 843 1089 912 :przeserlim
1119 844 1254 913 quia
1284 845 1469 913 pudor
1498 846 1785 898 silentium
1810 846 2072 916 imperat.

383 932 450 985 Et
479 930 607 983 licet
636 930 882 984 invectio
929 939 1190 985 accurata
1224 939 1414 985 exerto
1465 950 1635 1003 opere
1695 935 1751 987 in
1812 951 2077 1006 campum

384 1024 501 1073 tota
527 1020 824 1089 producat,
857 1026 912 1073 et
953 1021 1284 1091 impetenda
1330 1023 1529 1092 jaculis
1570 1030 1959 1093 pugnatorum
1999 1024 2079 1077 di-

383 1114 565 1178 gerat,
625 1109 710 1161 vel
755 1115 1027 1179 exponat;
1093 1116 1283 1163 tamen
1352 1110 1758 1165 inconveniens
1805 1113 1973 1179 actio,
2026 1118 2081 1167 et

384 1212 499 1250 non
531 1196 705 1266 digna
733 1198 857 1267 ipso
888 1199 1045 1267 operi
1075 1200 1331 1253 membra
1362 1200 1541 1271 magis
1598 1217 1656 1253 se
1710 1201 1905 1255 leviter
1970 1204 2081 1271 pal-

383 1286 510 1355 pari
587 1287 745 1340 tenui
789 1287 1204 1357 significatione
1259 1289 1798 1360 desideratuquam
1857 1292 2081 1361 procaci

385 1374 768 1428 denudatione
834 1376 1095 1429 vocabuli
1156 1376 1367 1429 intecto
1420 1377 2081 1447 eloquio,iuverecnnda

385 1462 599 1532 lingua,
632 1463 903 1516 modestis
952 1463 1261 1518 lectoribus
1308 1465 1495 1535 turpia
1537 1466 1835 1533 denudari,
1871 1484 1939 1520 ne
1987 1484 2077 1520 ve-

385 1552 713 1605 recundiam
744 1569 858 1622 qua
884 1553 967 1606 illi
1006 1559 1311 1607 caruerunt
1355 1570 1546 1624 opere,
1582 1572 1683 1608 nos
1715 1556 1887 1609 etiam
1921 1557 2080 1610 amit-

387 1648 574 1695 tamus
605 1658 889 1695 sermone.

455 1733 541 1784 24.
577 1732 775 1784 Nullus
804 1747 934 1783 vero
967 1730 1105 1784 adeo
1145 1731 1396 1784 libidinis
1432 1732 1709 1801 perditus,
1750 1738 1806 1785 et
1853 1734 2070 1787 voluta-

386 1819 474 1874 bri
500 1819 763 1872 sordibus
801 1820 1018 1872 exstitit
1045 1820 1378 1885 feculentus,
1412 1826 1473 1873 ut
1505 1821 1596 1873 hic
1630 1822 1760 1873 leno
1804 1821 2078 1875 fetoribus

384 1907 743 1976 inquinatus.
790 1907 897 1971 Qui
936 1908 1106 1960 etiam
1138 1908 1410 1978 conjuges
1461 1909 1802 1973 alienorum,
1840 1916 1899 1962 ut
1928 1910 2078 1964 dixi—

384 2013 534 2061 mus,
568 1996 956 2049 lenocinanter
991 1996 1194 2049 t'ruitus
1226 2002 1329 2059 est,
1378 1998 1637 2065 angelica
1663 1998 1923 2065 jussione
1956 2015 2074 2051 sor-

387 2085 547 2140 dium
583 2101 814 2138 suarum
847 2084 1269 2138 scrabredinem
1315 2085 1528 2151 celans,
1583 2102 1645 2138 ac
1686 2086 1793 2138 sibi
1850 2087 2078 2140 creden-

386 2178 468 2227 tes
503 2180 683 2226 scorta
715 2172 862 2243 passi
902 2178 957 2225 et
986 2174 1145 2225 nullo
1214 2178 1406 2225 saturo
1437 2183 1459 2205 ι
1509 2174 1660 2226 coitu
1703 2174 1961 2227 finienda
2016 2175 2076 2227 in

386 2262 649 2334 paradiso
685 2262 783 2315 Dei
838 2262 925 2315 sui
969 2262 1040 2315 ob
1090 2263 1570 2315 remunerationis
1600 2262 1813 2315 donum
1860 2264 2080 2333 jugiter

387 2350 662 2421 potienda
691 2350 1050 2419 promittens,
1085 2349 1163 2403 ita
1197 2355 1258 2401 ut
1288 2356 1575 2402 extremus
1623 2350 1777 2402 calor
1808 2349 2080 2405 instinctu

392 2438 559 2491 unius
584 2439 741 2493 hora:
774 2440 937 2491 solito
971 2456 1085 2492 non
1110 2438 1451 2492 terminetur
1482 2438 1688 2508 spatio,
1714 2440 1809 2491 sed
1843 2445 2081 2509 proten-

390 2528 558 2580 datur
604 2544 706 2597 per
764 2528 1129 2597 septuaginta
1183 2526 1558 2581 delectatione
1628 2527 1899 2589 virorum.
1958 2528 2080 2598 ipsa

391 2614 690 2668 delectatio
754 2616 1072 2686 specialiter
1126 2615 1417 2687 proﬂuens
1479 2615 1793 2669 asinorum.
1856 2617 2082 2671 Habens

391 2703 650 2774 quisquis
685 2704 779 2757 ille
816 2704 1060 2774 paradisi
1105 2704 1279 2758 fuerit
1325 2705 1559 2757 colonus
1592 2707 1923 2759 veternosus
1968 2722 2082 2759 am-

390 2792 631 2862 pliatum
682 2794 922 2860 fluuium,
982 2799 1036 2845 et
1063 2794 1387 2846 desiderum
1426 2794 1780 2863 pinguorum
1827 2797 1852 2837 b
1899 2802 2084 2848 exten-

390 2886 512 2934 tum
545 2887 601 2934 et
628 2898 731 2951 per
761 2898 931 2935 omne
958 2882 1171 2935 coitum
1207 2882 1501 2951 virginitas
1531 2888 1645 2935 tam
1681 2882 1898 2952 prolixo
1946 2883 2081 2937 faci-

391 2985 533 3022 nore
590 2970 831 3039 perdita,
876 2977 1108 3041 tamque
1162 2970 1459 3023 inflexibili
1519 2973 1737 3025 calamo
1799 2972 2084 3042 perforata

391 3058 589 3112 itidem
647 3059 966 3112 {ruentibus
1034 3059 1242 3112 serviat
1325 3065 1657 3125 restaurata,
1715 3076 2083 3130 crescensque

393 3148 651 3217 disrupta
681 3149 963 3219 pelliculae
992 3148 1171 3218 ipsius
1202 3148 1472 3216 concisio,
1505 3154 1561 3201 et
1588 3150 1776 3202 tenuis
1806 3150 2085 3220 defrigata

393 3239 576 3307 lappa:
608 3238 889 3301 contexio,
941 3254 1057 3290 non
1098 3238 1293 3291 dolore
1328 3238 1637 3291 functionis
1690 3239 1968 3308 patientes
2016 3255 2082 3292 ex

392 3331 622 3393 terreat,
669 3326 765 3379 sed
821 3326 1215 3379 delectationis
1254 3326 1556 3379 dulcedine
1593 3332 1863 3396 utrosque
1886 3326 2081 3379 dulco-

394 3420 498 3479 ret,
531 3414 877 3467 desiderium
902 3413 1159 3483 potiendi
1185 3429 1286 3482 per
1318 3413 1427 3466 hoc
1454 3414 1763 3467 avidiorem
1798 3427 1819 3450 ο
1849 3414 2081 3466 'menti-

394 3503 499 3555 bus
529 3518 859 3571 suggerens,
911 3506 966 3554 et
1010 3501 1470 3554 ardentissimam
1523 3503 1713 3570 gulam
1758 3502 2081 3554 renovatio-

396 3606 529 3644 nem
562 3606 676 3643 non
723 3590 949 3656 liniens,
1000 3590 1095 3643 sed
1137 3589 1465 3642 extendens.
1518 3591 1581 3643 Et
1610 3590 1929 3659 ingentiora
1950 3590 2082 3656 alia,

398 3695 525 3750 qua:
559 3679 626 3732 de
648 3685 893 3749 utroque
925 3694 1079 3744 sexu,
1129 3683 1185 3730 et
1216 3684 1459 3747 utraque
1490 3683 1715 3741 natura,
1754 3678 2086 3731 illecebrosa

397 3767 639 3821 invectio
672 3784 785 3821 non
820 3768 1025 3838 puduit
1055 3767 1265 3838 populo
1286 3767 1510 3837 perdito
1533 3784 1599 3820 ex
1632 3783 1872 3837 persona
1906 3768 2087 3820 omni-

397 3856 781 3926 potentissimi
833 3857 1056 3911 Domini
1110 3857 1351 3927 impuris
1383 3857 1545 3927 genis
1590 3859 1889 3909 conficere.
1951 3856 2085 3919 Qua:

398 3948 594 4001 omnia
634 3947 693 4001 in
738 3947 849 4000 alio
895 3963 1066 4017 opere
1126 3947 1478 3999 enucleatius
1519 3952 1575 3999 et
1613 3945 1882 3999 limatiori
1932 3946 2088 3998 inve-

397 4037 605 4101 ctione,
639 4037 685 4089 si
712 4037 859 4089 Deus
888 4036 1061 4089 vitam
1102 4034 1465 4101 concesserit,
1499 4035 1841 4087 disseremus
1870 4036 1914 4086 ά.

466 4130 535 4179 25
619 4125 920 4194 Sequitur:
991 4126 1092 4179 Nec
1153 4139 1476 4191 quamquam
1558 4123 1778 4177 deorum
1851 4122 2084 4188 curabit,

398 4218 530 4282 quia
593 4215 881 4269 adversum
950 4215 1204 4265 universa
1282 4215 1566 4278 consurget
1617 4212 1772 4279 (Dan.
1843 4227 1917 4273 xi.
1977 4210 2085 4280 37),

2115 1702 2155 1756 Β

1745 270 2006 326 ALVARI
2042 270 2522 326 CORDUBENSIS

3734 270 3814 321 6'10

2185 417 2311 455 mus
2351 402 2423 467 ei,
2462 399 2615 470 quod
2648 396 3046 458 fortissimum,
3090 394 3147 448 id
3178 398 3263 448 est
3322 395 3514 456 Deum,
3543 412 3597 447 se
3643 396 3820 451 similet

2182 493 2303 545 haec
2337 491 2537 560 religio
2562 490 2617 542 in
2652 490 2775 542 loco
2808 504 2911 541 suo
2941 501 3233 540 venerare.
3277 484 3381 538 Sed
3426 483 3519 536 hoc
3546 484 3661 537 ideo
3704 487 3818 554 agit,

2183 587 2243 635 ut
2297 583 2509 634 muniat
2566 581 2800 633 Maozim
2874 593 2993 631 cum
3045 576 3141 630 deo
3196 576 3371 629 alieno
3426 590 3571 643 quem
3617 580 3821 641 cognorit

2184 670 2370 740 (lbid.,
2415 672 2504 737 39)
2570 676 2612 719 °.
2673 666 2838 731 Quod
2895 665 3213 719 Teudotion
3278 664 3527 732 apertius
3579 664 3818 731 explicat:

2187 779 2213 807 ‹‹
2248 760 2313 812 Et
2346 760 2486 822 haec,
2540 757 2744 827 inquit,
2792 755 2873 808 ait
2918 754 2934 790 ί
2968 759 3028 807 ut
3058 752 3280 807 muniat
3313 751 3571 821 praesidia
3599 768 3713 804 cum
3741 753 3824 805 deo

2186 849 2405 900 alieno:
2436 853 2492 899 et
2539 862 2668 899 cum
2700 845 2779 899 eis
2812 843 3144 907 ostenderit,
3181 842 3235 894 id
3284 847 3371 894 est
3412 840 3541 904 suis,
3587 841 3823 907 multipli-

2185 935 2333 987 cabit
2363 935 2663 997 honorem,
2699 938 2756 985 et
2787 931 3073 985 dominari
3120 929 3312 983 multis
3344 930 3526 992 faciet,
3560 934 3613 979 et
3650 933 3825 981 terram

2185 1024 2395 1078 dividet
2436 1023 2631 1092 gratis.
2684 1022 2813 1076 Ideo
2873 1022 3049 1073 Deum
3104 1019 3477 1072 fortissimum
3524 1033 3578 1069 se
3636 1017 3829 1069 simulat

2186 1113 2443 1176 adorare,
2479 1118 2539 1163 ut
2590 1112 2767 1163 Deum
2820 1110 3071 1161 alienum
3113 1109 3230 1159 suis
3268 1106 3607 1169 introducat,
3637 1113 3686 1157 et
3725 1120 3830 1175 per-

2188 1216 2365 1256 veres
2397 1203 2674 1254 rationem
2715 1200 2809 1253 Dci
2849 1200 3125 1253 honorem
3185 1195 3525 1264 multiplicet
3570 1196 3624 1246 in
3671 1195 3829 1263 genti-

2188 1292 2312 1357 bus,
2373 1295 2428 1344 et
2492 1291 2807 1343 accumulet
2858 1288 3236 1341 dominatum.
3276 1306 3303 1332 »
3337 1284 3493 1349 Quod
3520 1283 3609 1335 isti
3658 1283 3710 1335 in
3757 1283 3831 1335 fu-

2188 1379 2362 1433 mosis
2432 1378 2681 1432 turribus
2741 1376 2999 1447 quotidie
3056 1375 3274 1429 barritu
3324 1372 3551 1437 inormi,
3609 1376 3659 1426 et
3696 1387 3832 1424 mon-

2188 1479 2432 1533 struoso,
2470 1485 2530 1521 ac
2563 1469 2811 1521 ferarum
2853 1466 2967 1518 ritu
3001 1469 3049 1531 ιι,
3106 1462 3393 1518 dissolutis
3448 1462 3605 1514 labiis
3647 1466 3695 1513 et
3734 1461 3834 1512 fau-

2188 1559 2338 1611 cium
2388 1559 2505 1611 latu
2552 1562 2748 1626 aperto
2806 1560 2869 1608 ut
2921 1553 3203 1607 cardiacii
3254 1551 3581 1614 vociferant,
3632 1565 3689 1601 ac
3720 1548 3838 1601 voci-

2187 1646 2423 1701 ferando
2456 1644 2609 1699 velut
2669 1644 2867 1697 furiosi
2916 1647 3263 1712 praiconant,
3298 1646 3358 1693 ut
3391 1641 3600 1692 muniat
3644 1639 3838 1690 Maozim

2186 1752 2303 1790 cum
2354 1736 2448 1789 deo
2509 1736 2684 1788 alieno
2744 1749 2899 1802 quem
2949 1734 3213 1797 cognovit,
3277 1730 3335 1782 id
3393 1734 3479 1781 est
3537 1732 3597 1779 ut
3642 1726 3839 1779 Maozim

2186 1841 2357 1896 quem
2395 1824 2476 1877 illi
2511 1824 2683 1878 Cobar
2715 1828 2938 1880 vocant,
2989 1822 3095 1874 hoc
3122 1824 3206 1873 est
3261 1819 3557 1887 majorem,
3590 1832 3708 1868 cum
3753 1814 3839 1866 deo

2186 1914 2395 1975 alieno,
2428 1913 2482 1966 id
2515 1919 2598 1966 est
2630 1914 2889 1966 dmmone
2924 1912 3021 1964 illo
3050 1910 3146 1980 qui
3181 1909 3231 1962 ei
3264 1909 3367 1961 sub
3387 1922 3625 1977 persona
3645 1904 3841 1959 Gabrie-

2188 2004 2253 2057 lis
2279 2002 2566 2073 apparuit,
2620 2019 2731 2054 uno
2781 1999 3166 2053 venerationis
3205 1996 3436 2050 nomine
3492 1994 3742 2047 muniat:
3792 1997 3843 2043 ut

2186 2108 2288 2162 per
2317 2092 2421 2145 hoc
2453 2107 2703 2144 errorem
2747 2106 2912 2142 suum
2972 2090 3031 2142 in
3093 2088 3264 2140 corda
3306 2083 3657 2139 credentium
3697 2085 3842 2151 tegat,

2188 2181 2325 2234 dum
2373 2180 2606 2234 nomine
2658 2180 2903 2247 majores
2960 2176 3057 2231 Dei
3105 2177 3274 2228 ritum
3325 2170 3731 2227 vociferationis
3768 2185 3842 2221 ex-

2185 2270 2355 2333 tollit,
2435 2277 2492 2322 et
2547 2248 2943 2335 superstitioso
3015 2270 3244 2327 conatu,
3326 2262 3577 2315 nefando
3651 2258 3845 2327 spiritu,

2188 2358 2468 2412 nobilium
2518 2356 2739 2410 animus
2798 2355 2995 2408 inficit.
3056 2353 3164 2407 Sed
3221 2368 3290 2405 ne
3337 2350 3534 2404 videar
3584 2350 3695 2402 haec
3736 2346 3847 2399 aani-

2189 2446 2433 2516 gmatice
2508 2450 2563 2499 et
2622 2461 2735 2497 non
2798 2443 3030 2513 proprie
3089 2442 3275 2495 dicere
3340 2464 3374 2505 ε,
3430 2443 3490 2492 et
3556 2439 3724 2503 magis
3780 2450 3847 2484 re~

2188 2539 2353 2605 putet
2409 2534 2644 2603 ingenio
2694 2533 2946 2584 humano
3005 2530 3244 2601 quaesita
3306 2544 3481 2598 quam
3534 2525 3713 2579 divino
3756 2521 3849 2590 spi-

2190 2624 2300 2677 ritu
2362 2624 2657 2676 enucleata
2711 2622 2982 2691 proferre,
3034 2618 3320 2689 apertiora
3372 2615 3691 2669 inducenda
3745 2615 3851 2662 sunt

2191 2712 2586 2781 prohamenta.
2615 2712 2748 2763 Ecce
2771 2710 2925 2762 enim
2959 2708 3158 2761 eodem
3193 2707 3323 2759 ritui
3359 2704 3544 2758 dediti
3590 2702 3702 2755 dies
3754 2700 3853 2751 illos

2192 2800 2401 2871 quibus
2431 2799 2711 2852 insaniam
2746 2798 2803 2851 in
2861 2798 3033 2850 domo
3068 2796 3207 2849 idoli
3266 2798 3625 2855 consecrant,
3681 2787 3852 2840 eodem

2191 2888 2465 2942 vocabulo
2529 2888 2803 2941 hactenus
2854 2890 3214 2954 nuncupant,
3277 2889 3333 2936 et
3384 2887 3625 2951 propter
3676 2878 3855 2945 lingere

2125 3001 2165 3056 ο
2195 2978 2447 3031 Ανδϋὶοω
2508 2977 2913 3039 diversitatem,
2952 2990 3081 3044 qua:
3126 2987 3441 3043 parumper
3501 2971 3561 3023 in
3605 2966 3855 3037 plerisque

2195 3066 2523 3121 nominibus
2582 3066 2607 3099 ¹ί
2655 3066 2726 3117 ab
2779 3064 3051 3118 Hebraico
3099 3063 3401 3128 discrepat.
3466 3060 3724 3112 .ilmozem
3759 3054 3856 3121 ipse

2194 3156 2299 3211 feri
2335 3157 2348 3190 ¹
2390 3155 2771 3223 appellantur,
2811 3152 3046 3222 ipsoque
3077 3158 3333 3219 tempore
3391 3164 3509 3217 quo
3565 3146 3680 3216 jam
3728 3142 3853 3195 dicto

2194 3245 2346 3298 idolo
2394 3242 2708 3312 antiquitus
2739 3241 2862 3309 ipsa
2911 3255 3051 3304 gens
3104 3240 3193 3291 vel
3246 3236 3541 3306 gentilitas
3598 3231 3768 3302 posita
3806 3244 3854 3279 ex

2195 3331 2474 3387 universis
2500 3330 2757 3400 partibus
2803 3328 3192 3389 concurrebat,
3231 3341 3381 3379 nunc
3421 3324 3626 3377 eadem
3668 3318 3858 3389 perdita

2193 3422 2360 3476 turba
2390 3436 2581 3475 annue
2611 3419 2853 3472 confluit
2882 3435 2893 3471 :
2926 3416 3148 3487 ipsique
3190 3413 3443 3469 daamoni
3508 3421 3545 3446 ω
3575 3424 3736 3481 quem
3776 3421 3857 3475 pu-

2194 3515 2320 3563 taut
2351 3526 2383 3563 a
2413 3510 2537 3563 loco
2586 3509 2709 3578 ipso
2760 3507 2891 3560 fidei
2931 3507 3187 3577 ipsorum
3234 3502 3637 3572 magnitudine
3686 3495 3853 3550 exstir-

2196 3604 2350 3670 pato,
2399 3597 2731 3667 perenniter
2791 3594 3062 3647 serviunt.
3126 3591 3359 3645 Maozim
3408 3593 3467 3642 in
3527 3590 3636 3642 loco
3666 3600 3771 3647 suo,
3809 3584 3859 3633 ut

2195 3686 2477 3757 propheta
2508 3684 2723 3754 Spiritu
2761 3681 2954 3735 divino
2994 3679 3206 3746 retulit,
3265 3693 3453 3748 neque
3502 3674 3669 3730 hodie
3723 3672 3859 3725 inco—

2197 3777 2342 3841 lunt,
2404 3774 2635 3845 quando
2691 3777 2747 3826 et
2774 3772 2928 3841 ipsos
2977 3785 3003 3813 η
3049 3770 3169 3823 dies
3212 3768 3380 3821 solito
3422 3767 3750 3834 nuncupant
3786 3772 3862 3811 ιιο·

2198 3864 2375 3927 mine,
2409 3868 2463 3916 et
2493 3878 2749 3916 mensem
2794 3860 2975 3921 illum,
3019 3874 3191 3928 quem
3234 3858 3374 3910 almo
3434 3869 3625 3909 arram
3679 3863 3702 3886 ο
3742 3847 3862 3901 voci-

2198 3957 2343 4019 tant,
2392 3956 2457 4005 ut
2487 3951 2735 4004 cultores
2764 3948 3042 4001 idolatriae
3087 3946 3223 3999 olim
3254 3944 3654 4006 sustollebant,
3704 3941 3771 3992 ita
3816 3936 3861 3989 bi

2198 4041 2371 4095 hodie
2432 4038 2854 4112 abundantiori,
2908 4034 3252 4107 perfectiori,
3310 4039 3374 4086 ut
3439 4033 3552 4086 sibi
3608 4030 3861 4084 videntur,

2198 4130 2339 4183 cmlo
2397 4134 2565 4182 tenus
2615 4127 2930 4197 perferunt.
2993 4125 3171 4178 Pudet
3224 4141 3247 4179 P
3304 4137 3558 4191 namque
3613 4114 3862 4172 insaniam

2199 4217 2380 4288 ipsius
2403 4218 2607 4271 domus
2638 4215 2972 4284 singillatim
3005 4228 3312 4281 exponere.
3347 4212 3459 4263 Nec
3499 4208 3711 4277 expetit
3755 4204 3865 4256 bre—

398 4303 638 4367 Scilicet,
675 4302 811 4371 quia
839 4306 895 4354 et
932 4300 1240 4355 Gentilium
1273 4305 1328 4352 et
1355 4299 1706 4363 Judzeorum,
1760 4316 1858 4352 seu
1910 4300 2080 4351 etiam
2123 4305 2163 4357 D
2191 4306 2335 4359 viter
2379 4305 2573 4375 aliqua
2631 4321 2693 4357 ex
2748 4302 2943 4356 multis
2984 4299 3299 4355 deridenda
3348 4298 3559 4367 jaculis
3609 4291 3861 4362 impetire,

399 4391 848 4446 Christianorum
911 4389 1249 4459 religionem
1285 4388 1559 4457 despexit,
1614 4394 1668 4442 et
1715 4395 1914 4442 contra
1959 4388 2087 4441 uni-

400 4496 557 4533 versa
606 4480 869 4532 surrexit.
918 4483 1080 4533 Deum
1112 4483 1289 4531 autem
1328 4480 1556 4533 Maozim
1584 4480 1642 4531 in
1698 4479 1809 4532 loco
1851 4493 1945 4531 suo
1996 4495 2087 4532 ve-

396 4569 687 4621 nerabitur
717 4569 896 4629 (Ibid,
930 4568 1035 4637 38).
1068 4568 1298 4620 Maozim
1334 4567 1563 4635 grandis
1604 4573 1659 4621 et
1719 4569 1897 4637 major
1951 4566 2089 4621 dici-

399 4664 510 4724 tur,
545 4674 640 4711 seu
676 4657 832 4710 fortis
874 4658 961 4711 vel
990 4658 1349 4710 fortissimus.
1394 4656 1450 4711 Si
1482 4672 1615 4710 vero
1644 4673 1760 4710 non
1792 4658 2089 4725 majorem,

399 4747 495 4801 sed
552 4746 924 4800 fortissimum
974 4746 1178 4800 diXerit
1230 4745 1435 4816 aliquis
1462 4745 1727 4815 ﬁgurare,
1781 4745 2095 4815 responde-

466 4902 487 4927 ³
532 4893 614 4959 F.,
648 4893 849 4944 saturi.

468 4965 492 5005 δ
527 4965 581 5016 L.
602 4964 883 5031 pinguius.

469 5044 489 5068 °
529 5035 589 5088 1..
622 5033 861 5086 avidius.

470 5109 495 5148 d
536 5105 670 5158 Vide
710 5103 1001 5168 Notitiam,
1031 5118 1223 5172 supra.
1257 5102 1365 5156 col.
1397 5105 1518 5157 587.

469 5185 490 5210 °
530 5176 612 5229 Ad
655 5176 852 5227 horam
907 5174 998 5228 hic
1036 5171 1116 5227 in
1147 5174 1338 5227 codice
1393 5178 1695 5227 notatum:
1749 5171 1845 5226 deo
1893 5173 2089 5239 alieno,

400 5248 634 5301 daemone
662 5246 815 5299 dicit.

473 5315 493 5352 ί
534 5318 589 5370 L.
621 5320 758 5382 agit.

475 5400 503 5441 ε
542 5389 602 5439 1,.
628 5404 726 5455 per
752 5389 884 5440 veri.

474 5458 503 5499 ιι
542 5458 735 5510 Melius
767 5460 928 5510 rictu.

480 5526 490 5559 ί
535 5527 590 5580 Id
624 5532 725 5593 est,
762 5528 861 5598 qui
883 5528 1137 5582 cardiaco
1173 5526 1436 5581 laborant
1463 5526 1680 5580 morbo.

2200 4410 2330 4447 cum
2390 4393 2599 4447 nostris
2633 4396 2896 4445 teneatur
2944 4392 3000 4443 in
3053 4388 3335 4442 mentibus
3382 4391 3503 4440 tota
3554 4384 3866 4455 quandoque

2201 4482 2467 4535 fidelibus
2497 4480 2807 4551 publicare.
2844 4482 2913 4534 Et
2940 4477 3398 4546 multiplicabitur
3445 4477 3625 4543 gloria
3657 4472 3780 4541 ejus.
3828 4472 3865 4518 et

2201 4570 2355 4624 dabit
2392 4574 2466 4624 eis
2504 4574 2821 4639 potestatem
2861 4571 2919 4621 in
2966 4568 3167 4629 multis,
3223 4570 3273 4619 et
3303 4564 3513 4618 dividet
3559 4566 3636 4616 eis
3695 4568 3867 4614 terram

2200 4661 2442 4724 gratuito
2491 4658 2647 4727 (Dan.
2688 4674 2761 4721 χι,
2809 4659 2914 4725 39).
2979 4655 3178 4709 Divisit
3226 4668 3473 4724 namque
3532 4652 3615 4704 eis
3663 4656 3865 4702 terram.

2200 4746 2383 4817 magis
2411 4762 2584 4816 quam
2612 4746 2840 4811 coelum,
2874 4750 2931 4798 et
2960 4743 3203 4814 gloriam
3237 4742 3391 4796 dedit
3435 4740 3709 4811 gratuito,
3754 4735 3869 4789 dum

2252 4914 2281 4956 ri
2329 4888 2448 4953 Ms.,
2492 4886 2621 4939 dici.

2276 4958 2302 4991 ¹ί
2334 4959 2453 5023 Ms.,
2487 4959 2543 5010 in
2562 4958 2821 5024 pleraque
2845 4958 3084 5010 nomina.

2276 5031 2289 5063 ¹
2330 5030 2386 5082 F.
2413 5031 2544 5096 ipsa:
2570 5029 2743 5093 ferire.

2273 5108 2313 5134 ιιι
2348 5100 2469 5165 Ms.,
2512 5101 2735 5166 ipsoque
2762 5098 3017 5151 damone.

2272 5186 2298 5214 ιι
2340 5172 2463 5238 Ms.,
2512 5176 2561 5223 et
2589 5170 2647 5221 in
2673 5171 2839 5237 ipsos.
3003 5238 3031 5240 η
3161 5238 3170 5240 _
3473 5239 3478 5240 γ
3580 5235 3594 5240 _
3750 5231 3758 5240 .

2274 5258 2297 5283 ο
2336 5233 2559 5293 lncuria
2590 5233 2723 5293 hinc
2775 5238 3205 5293 transcribentis
3250 5239 3507 5307 apparet,
3562 5235 3697 5307 dum
3746 5233 3873 5305 inter

2202 5312 2416 5365 Arabes
2464 5312 2698 5381 degens,
2750 5326 3006 5363 mensem
3056 5309 3218 5362 illum
3250 5309 3325 5361 ita
3356 5306 3699 5360 inconcinne
3755 5314 3873 5355 scri-

2202 5384 2335 5452 psit.

2274 5470 2299 5511 r
2336 5455 2455 5519 Ms.,
2490 5455 2710 5507 Putet...
2735 5452 2937 5506 domui.
