4022 6178
195 270 275 321 3H

190 399 357 465 legem
389 412 558 467 quam
586 410 761 465 usque
790 394 859 447 ad
886 394 1076 465 ipsum
1107 400 1332 465 tempus
1360 394 1704 465 ignorabant
1735 412 1866 449 con-

189 485 374 538 stituit.
413 484 628 537 Hebraei
680 489 870 536 tamen
920 500 1033 536 non
1078 486 1336 551 gratuita,
1395 485 1490 537 sed
1540 501 1657 538 cum
1688 487 1860 553 pretio

188 580 379 627 terram
408 572 726 625 venundare
759 577 1020 624 asserunt
1044 573 1317 642 positum.
1354 573 1516 636 Quod
1548 574 1859 627 Teodotion

190 662 425 732 apertius
452 661 694 730 explicat
723 685 732 713 :
771 682 796 709 α
854 661 915 713 Et
944 661 1065 713 ham
1097 661 1285 730 inquit
1324 662 1403 714 ait
1450 671 1493 719 α.
1546 668 1607 714 nt
1640 662 1860 714 muniat

189 749 431 822 praesidia
478 765 606 801 cum
652 750 762 801 Deo
800 749 1012 809 alieno,
1073 754 1129 802 et
1181 766 1312 802 cum
1361 750 1439 803 eis
1484 752 1765 812 tenderet,
1804 750 1859 803 id

187 846 264 893 est
289 838 420 903 suis,
458 838 859 907 multiplicabit
891 838 1193 905 honorem,
1241 842 1297 891 et
1340 837 1625 891 dominari
1664 838 1859 891 multis

186 927 354 993 faciet,
388 932 443 979 et
493 932 702 978 terram
760 925 979 978 dividet
1028 927 1225 996 gratis.
1280 927 1411 980 ldeo
1450 927 1628 980 Deum
1660 926 1859 979 fortis-

189 1015 377 1067 simum
421 1030 477 1066 se
525 1015 756 1067 simulat
794 1015 1055 1081 adorare,
1097 1019 1158 1068 ut
1206 1014 1377 1068 deum
1436 1016 1687 1067 alienum
1742 1016 1859 1068 suis

184 1103 503 1169 introducat,
535 1108 588 1155 et
636 1119 868 1173 perverc
902 1104 1183 1157 rationem
1218 1104 1317 1157 Dei
1348 1103 1627 1157 honorem
1660 1104 1858 1156 multi-

184 1193 337 1262 plicet
364 1192 421 1244 in
452 1192 740 1261 gentibus,
791 1198 847 1245 et
885 1194 1204 1246 accumnlet
1252 1192 1628 1245 dominatum.
1684 1212 1705 1239 ι
1755 1194 1861 1245 Per

184 1280 319 1352 quod
346 1279 640 1333 evidenter
678 1280 914 1349 hujusce
960 1281 1147 1350 gentis
1195 1280 1280 1335 vel
1330 1281 1493 1351 regni
1536 1280 1860 1351 specialiter

185 1370 313 1422 actio
351 1374 651 1421 reseretnr.
700 1369 766 1422 Hi
813 1369 965 1421 enim
997 1370 1169 1422 etiam
1216 1370 1359 1435 loca,
1396 1386 1523 1439 qum
1557 1369 1859 1422 mercimo-

184 1458 279 1511 nio:
329 1456 589 1509 instituta
635 1458 984 1521 deserviunt,
1032 1458 1091 1511 in
1132 1458 1340 1528 quibus
1390 1458 1554 1511 solite
1588 1458 1857 1511 nundinas

182 1553 494 1602 exercentur
524 1549 548 1588 b
594 1550 741 1599 tecto
774 1546 1046 1613 carentia,
1080 1547 1183 1599 soli
1232 1553 1288 1601 et
1330 1548 1469 1600 casto
1518 1547 1794 1617 patientia
1821 1555 1854 1608 ο,

182 1635 404 1706 pretiosa
434 1635 678 1703 pecunia
708 1635 1014 1696 venditant,
1062 1636 1137 1688 ita
1171 1641 1232 1689 ut
1274 1637 1467 1689 nullus
1498 1636 1681 1689 audax
1714 1653 1855 1706 prae-

184 1727 441 1790 sumptor,
489 1720 600 1773 nisi
653 1722 835 1789 pretio
885 1722 1069 1774 soluto
1115 1720 1142 1756 ἀ
1190 1723 1513 1775 sensionem
1571 1722 1858 1775 mercandi

184 1826 294 1879 qua?
322 1808 553 1878 prorria
586 1809 887 1861 necessitas
913 1810 1120 1880 exegit,
1153 1826 1519 1880 quocumque
1549 1826 1677 1862 casu
1710 1826 1858 1880 prae-

187 1902 370 1949 sumat.
413 1897 543 1951 Haec
575 1896 770 1949 omnia
800 1897 921 1967 ipse
954 1914 1132 1951 cornu
1166 1899 1531 1951 undecimum
1565 1906 1585 1932 °
1616 1902 1859 1965 ingentia

189 1987 383 2054 loquens
416 1986 581 2054 (Dan.
614 2000 711 2049 vn,
747 1986 799 2054 8)
834 1985 1103 2053 instituit,
1154 1986 1306 2055 quod
1341 2003 1405 2039 ex
1450 1986 1603 2040 tribu
1636 1987 1860 2040 modica

187 2089 418 2142 surgens,
452 2080 508 2125 et
538 2089 659 2126 non
692 2079 992 2143 potestate,
1016 2074 1113 2127 sed
1145 2075 1297 2141 dolo,
1334 2081 1389 2128 et
1419 2075 1581 2145 quasi
1614 2076 1858 2128 aemula-

188 2163 320 2215 tione
351 2162 510 2232 legis,
562 2162 804 2215 auctiori
854 2163 1063 2216 virtute
1109 2180 1390 2228 crescens,
1442 2180 1682 2233 regnum
1714 2180 1855 2235 pau—

186 2250 326 2304 latim
356 2251 583 2315 invasit,
634 2251 979 2322 brachiaque
1032 2253 1441 2318 Romanorum,
1475 2253 1532 2306 id
1582 2259 1665 2306 est
1708 2270 1855 2323 prae-

108 2382 113 2387 .
188 2339 310 2392 sidia
340 2340 536 2392 Eraclii
565 2340 954 2409 imperatoris,
988 2341 1047 2393 in
1095 2341 1435 2411 quibusdam
1475 2341 1611 2394 locis
1643 2343 1857 2411 perdo-

187 2429 328 2481 muit.
363 2430 487 2482 Ideo
524 2446 593 2482 ex
632 2435 788 2499 parte
830 2430 883 2483 ei
930 2431 1117 2483 omnis
1148 2430 1270 2483 haec
1309 2431 1586 2500 competit
1616 2433 1857 2501 prOphe-

186 2517 249 2569 tia
279 2534 290 2569 :
322 2517 376 2570 in
408 2534 521 2587 qua
552 2518 624 2570 de
649 2518 874 2570 modico
908 2519 1120 2588 populo
1154 2520 1385 2588 prodire
1415 2520 1622 2573 dicitur
1651 2520 1852 2574 bestia.

189 2605 322 2658 Unde
353 2606 407 2657 in
448 2622 625 2659 cornu
672 2607 867 2660 bestiae
909 2610 1070 2674 quasi
1114 2609 1290 2661 oculos
1324 2610 1555 2661 hominis
1586 2609 1857 2662 dicuntur

188 2692 291 2747 visi.
322 2694 457 2756 Quid
491 2695 648 2747 enim
684 2711 785 2764 per
815 2696 1031 2762 oculos,
1070 2712 1173 2765 per
1203 2713 1347 2766 quos
1389 2696 1659 2766 dirigitur
1691 2697 1851 2765 visio,

187 2782 277 2833 nisi
320 2784 403 2834 lex
457 2783 553 2835 illa
606 2784 885 2851 signatur,
915 2799 1087 2853 quam
1126 2784 1395 2837 instinctu
1430 2785 1851 2839 daemoniorum

186 2870 397 2938 perditis
426 2872 648 2924 occulto
686 2872 783 2924 Dei
829 2871 1048 2940 judicio
1079 2872 1322 2925 detulit?
1353 2874 1682 2941 Praeceptum
1712 2877 1854 2927 enim

189 2960 388 3011 Domini
432 2961 693 3026 lucidam,
758 2963 1095 3014 inluminans
1147 2962 1322 3015 oculos
1380 2962 1548 3029 (Psal.
1601 2979 1717 3028 vui,
1778 2963 1849 3032 9).

190 3046 279 3100 Sed
308 3047 436 3117 quia
469 3064 588 3101 non
643 3048 703 3101 in
734 3048 955 3103 decimo
986 3065 1251 3113 numero,
1306 3049 1403 3102 sed
1440 3052 1499 3103 in
1550 3051 1853 3104 undecimo

189 3138 416 3203 revelati,
449 3143 505 3190 et
538 3153 656 3190 non
701 3138 868 3203 oculi,
919 3138 1014 3191 sed
1048 3140 1206 3206 quasi
1236 3140 1377 3192 oculi
1416 3145 1548 3192 sunt
1578 3139 1850 3206 denotati,

189 3224 294 3278 ideo
320 3242 425 3279 non
456 3228 541 3280 lex
580 3226 820 3279 dicenda
868 3231 951 3279 est
998 3226 1253 3297 proprie,
1288 3228 1383 3280 sed
1416 3229 1579 3297 quasi
1612 3230 1695 3280 lex
1730 3244 1851 3281 cre-

190 3312 349 3367 denda
399 3320 479 3368 est
538 3320 836 3384 usurpata.
897 3320 974 3368 Ac
1025 3332 1130 3385 per
1170 3316 1277 3369 hoc
1328 3316 1655 3369 adversaria
1692 3323 1854 3370 testa-

189 3402 370 3455 mentis
415 3403 625 3457 divinis
659 3404 907 3457 veridice
953 3405 1392 3475 comprobenda.
1443 3405 1574 3459 Hmc
1621 3411 1705 3459 est
1755 3406 1852 3460 illa

188 3488 368 3544 locutio
421 3499 622 3545 contra
674 3493 849 3546 Deum
907 3492 1163 3561 ingentia
1206 3510 1217 3546 :
1272 3493 1395 3546 haec
1444 3500 1529 3546 est
1577 3494 1850 3549 fortitudo

188 3582 357 3632 contra
405 3580 763 3633 Altissimum
808 3581 1054 3647 elevata;
1089 3582 1209 3635 hmc
1257 3586 1343 3635 est
1394 3584 1684 3637 stellarum
1726 3583 1851 3637 coeli

187 3661 266 3717 illa
318 3668 705 3737 praesumptio,
757 3667 967 3737 partim
1016 3669 1161 3737 pede
1220 3669 1469 3724 victoriae
1502 3673 1847 3725 conculcata.

188 3751 333 3806 Multa
358 3761 639 3824 praetereo
672 3756 807 3825 quia
839 3757 1087 3809 multum
1119 3757 1343 3811 festino.

244 3844 319 3896 26.
380 3844 460 3896 Ad
524 3843 921 3896 beatissimum
976 3844 1082 3897 Job
1144 3846 1460 3912 veniamus,
1525 3847 1849 3918 raptimque

189 3932 464 3996 potentiam
531 3932 868 4000 Behemoth,
942 3948 1008 3985 ex
1066 3933 1188 4004 ejus
1236 3936 1422 3988 verbis
1480 3937 1850 3990 sanctissimis

189 4018 283 4084 (Job
322 4036 401 4086 XL,
454 4023 513 4074 10
565 4026 615 4073 et
660 4021 836 4091 seqq.)
897 4038 1271 4091 exponamus.
1329 4024 1431 4087 Qui
1495 4040 1624 4077 eum
1666 4032 1726 4078 ut
1757 4042 1848 4078 ve-

189 4120 390 4173 sperum
419 4126 593 4179 super
623 4110 773 4163 ﬁlios
809 4116 975 4163 terra:
1001 4127 1343 4181 consurgere
1366 4112 1524 4181 dixit,
1550 4119 1851 4185 totumque

190 4192 355 4249 lumen
380 4198 497 4267 ejus
530 4200 825 4252 fumosum
865 4205 1173 4253 nocturnas
1204 4201 1467 4254 tenebras
1498 4203 1845 4271 praecedens,

189 4284 411 4337 omnium
463 4288 637 4338 corda
686 4287 1028 4356 caliginibus
1085 4287 1379 4341 involvens
1428 4289 1463 4356 ί,
1520 4297 1717 4360 aperto
1750 4310 1846 4347 ore

188 4370 441 4427 revelante
493 4374 603 4427 sibi
662 4374 853 4428 divino
916 4375 1121 4445 spiritu
1174 4378 1435 4447 sequenti
1490 4380 1693 4432 saeculo
1745 4380 1849 4433 de-

189 4463 505 4514 monstravit.
566 4463 627 4515 ln
672 4479 919 4533 quorum
971 4465 1280 4518 verborum
1328 4467 1611 4537 principio
1640 4484 1847 4521 nomen

186 4545 299 4598 satis
324 4551 593 4603 concinne
647 4552 953 4605 videndum
991 4569 1003 4606 :
1048 4559 1103 4606 et
1153 4570 1219 4607 ex
1265 4555 1562 4619 vocabulo,
1611 4573 1847 4625 operum

187 4632 437 4689 stoliditas
510 4643 594 4691 est
672 4640 1027 4708 exponenda.
1108 4641 1325 4694 Dicitur
1411 4659 1663 4713 namque
1730 4645 1849 4697 ani-

187 4722 318 4776 mal:
352 4741 479 4779 nam
511 4740 540 4780 ε
587 4730 871 4782 Behemoth
914 4746 976 4781 ex
1023 4730 1286 4797 Hebraso,
1320 4731 1379 4784 in
1418 4733 1676 4785 Latinum
1724 4737 1847 4786 rmi-

186 4811 276 4862 mal
301 4821 472 4867 sonat.
508 4820 715 4885 Aperte
747 4818 896 4871 haud
932 4820 958 4861 ιι
979 4818 1237 4883 dubium,
1272 4821 1423 4890 quod
1453 4821 1575 4890 ejus
1608 4821 1847 4875 stultitia

186 4909 271 4962 per
297 4899 393 4954 hoc
422 4918 629 4957 nomen
660 4906 1005 4975 divulgatnr.
1059 4907 1353 4978 Siquidem
1383 4909 1443 4962 in
1475 4910 1679 4964 litteris
1706 4911 1718 4945 ί
1753 4927 1846 4965 ex-

247 5079 266 5152 ξ
298 5072 425 5152 Ϊίόθ
456 5093 626 5146 supra
658 5079 857 5133 eadem
889 5081 1062 5135 verba
1095 5088 1432 5152 praenotata.

247 5143 266 5220 β
297 5143 408 5220 llis,
443 5143 669 5220 quam...
694 5152 753 5203 in
774 5167 948 5220 qua...
980 5143 1258 5209 nundinas
1287 5162 1586 5212 exercetur.

247 5219 263 5285 ὲ
296 5213 364 5285 Ms
396 5258 408 5282 ,
435 5213 692 5285 potentia.

244 5283 267 5323 ά
300 5284 409 5351 Ms.,
436 5283 684 5354 pretioso
726 5294 857 5357 luto,
903 5298 1077 5350 sensio
1127 5296 1276 5349 idem
1326 5315 1388 5352 ac
1422 5298 1723 5351 sententia.
1770 5300 1845 5353 Ex

190 5351 333 5473 gloss.
368 5351 708 5416 lsidorianis.
744 5351 854 5417 Hic'
882 5371 1072 5419 autem
1105 5351 1377 5423 licentiam
1416 5351 1844 5440 videtursigrii-

226 5440 350 5473 "are-

226 5440 350 5478 care.

246 5506 264 5528 ε
297 5496 404 5563 his,
436 5502 634 5558 Cornus
655 5505 1038 5560 undecimus...
1069 5510 1183 5577 qui.

1501 262 1880 320 INDICUI.US
1921 260 2308 317 LUMINOSUS

3565 263 3666 316 542

1903 394 2145 461 Astitit,
2196 391 2693 463 nihilquelegere
2742 393 2830 446 vel
2886 394 3129 446 scribere
3186 394 3406 465 nequit.
3466 399 3667 450 Fcnum

1970 482 2146 536 etiam
2174 485 2230 536 in
2261 484 2593 548 comestione,
2632 498 2743 534 non
2778 481 3027 534 triticum
3058 481 3196 545 legit
3256 499 3267 535 :
3320 499 3499 536 vacua
3546 489 3667 537 tota

1970 570 2308 642 praedicans,
2340 576 2397 622 et
2428 586 2493 622 ex
2523 569 2817 639 religionis
2848 569 3134 623 soliditate
3180 569 3323 623 nihil
3372 571 3662 636 habentia,

1969 660 2067 712 sed
2103 660 2287 712 solum
2322 658 2576 723 insanim,
2611 664 2666 710 et
2698 658 2951 727 perﬁdia:
2982 659 3190 710 erroris
3221 659 3441 711 vestita.
3476 660 3585 713 Sed
3610 668 3668 713 et

1968 748 2165 801 fenum
2196 748 2348 818 quod
2391 747 2666 807 comedet,
2703 751 2940 815 possunt
2991 746 3150 799 vacui
3192 746 3514 816 intelligere
3562 748 3663 801 ho-

1972 835 2172 899 mines,
2233 852 2264 887 a
2302 834 2451 901 lege,
2506 834 2660 904 quod
2753 834 2994 904 decepit.
3056 834 3351 904 Siquidem
3416 835 3665 888 universi

1970 923 2262 993 gentilicio
2313 940 2496 990 cceno,
2554 928 2609 976 et
2667 923 2949 976 idolatria:
2992 924 3163 987 malo,
3226 930 3388 976 erant
3444 924 3660 988 infecti,

1966 1028 2111 1081 quos
2166 1028 2372 1065 vacuos
2416 1011 2715 1064 inveniens
2763 1012 3071 1077 devoravit,
3121 1017 3176 1064 et
3227 1012 3335 1065 sibi
3381 1018 3662 1083 perpetuo

1971 1102 2195 1153 vinculo
2261 1100 2588 1170 conligavit.
2645 1100 3061 1153 Fortitudinem
3119 1104 3177 1154 in
3234 1102 3451 1165 lumbis,
3510 1109 3559 1154 et
3608 1103 3665 1155 in

1968 1190 2221 1243 umbilico
2275 1190 2595 1259 possidens,
2645 1194 2709 1241 nt
2752 1190 3014 1259 superius
3074 1190 3188 1241 sole
3235 1190 3443 1243 clarius
3476 1194 3663 1242 textus

1969 1278 2343 1348 expositionis
2397 1277 2644 1331 edocuit.
2712 1278 2821 1331 llas
2876 1294 3105 1348 quoque
3163 1278 3425 1346 regiones
3490 1294 3662 1348 quam

1970 1366 2213 1420 maxime
2248 1368 2307 1420 in
2339 1373 2578 1437 utroque
2614 1383 2766 1430 sexu,
2822 1367 3050 1420 luxuria
3083 1371 3139 1419 et
3189 1366 3368 1419 libido
3408 1382 3664 1437 princeps

1968 1456 2193 1508 retinet.
2229 1455 2479 1519 Quarum
2522 1457 2547 1488 κ
2579 1455 2951 1508 seminarium
2984 1452 3302 1520 licentiose,
3337 1461 3393 1507 et
3422 1471 3565 1525 vaga
3595 1454 3662 1508 li-

1965 1543 2205 1607 bertate,
2253 1544 2392 1611 legis
2442 1544 2783 1613 auctoritate
2813 1544 3163 1609 distendens,
3196 1544 3418 1597 auctori
3462 1560 3521 1596 se
3556 1559 3661 1613 pu-

1967 1632 2109 1684 tavit
2138 1633 2390 1701 potentia
2423 1632 2669 1697 dilatari,
2713 1637 2768 1685 et
2800 1631 3282 1702 propagationum
3330 1631 3663 1685 traducibus

1972 1735 2269 1772 numerose
2329 1725 2528 1773 nactus
2590 1727 2676 1773 est
2743 1721 3015 1774 sas-culum
3072 1720 3349 1773 obtinere.
3420 1719 3663 1775 Caudam

1965 1822 2119 1861 suam
2178 1811 2317 1862 sicut
2373 1809 2563 1862 cedrus
2619 1811 2867 1876 strinxit,
2938 1808 3075 1862 dum
3130 1808 3469 1879 sequipedas
3525 1805 3660 1860 ﬁdei

1966 1912 2084 1949 suae
2128 1897 2426 1950 severitate
2461 1897 2619 1968 legis,
2671 1903 2729 1950 et
2775 1898 3067 1951 diabolicis
3096 1898 3330 1964 regulis,
3373 1897 3433 1949 in
3464 1896 3659 1950 futuro

1964 1985 2286 2054 praevidens
2334 1986 2613 2039 solidavit.
2658 1988 2836 2051 Quam
2893 1987 3133 2039 caudam
3181 2002 3284 2039 nos
3315 1985 3533 2055 experti
3564 2000 3658 2037 su-

1968 2090 2113 2133 mus,
2166 2074 2262 2144 qui
2322 2075 2381 2127 in
2439 2074 2748 2127 novissimo
2782 2081 3041 2144 tempore
3090 2074 3380 2127 constituti
3414 2074 3658 2128 atrocio-

1966 2178 2085 2215 rem
2135 2164 2597 2231 persecutionem
2645 2163 2824 2232 ipsius
2876 2163 3074 2217 bestiae
3123 2163 3490 2216 sustinemus.
3538 2164 3659 2232 Ipse

1965 2257 2050 2305 est
2078 2252 2232 2305 enim
2265 2254 2358 2305 ille
2395 2269 2407 2305 :
2442 2254 2562 2306 Rea:
2588 2252 2875 2320 impudens
2907 2252 3246 2319 libidinibus,
3273 2257 3321 2306 et
3346 2252 3655 2317 adulteriis,

1962 2342 2107 2405 facie
2150 2346 2200 2395 et
2250 2342 2557 2407 intelligens
2588 2343 3022 2410 propositionum
3071 2343 3387 2410 iniquarum
3433 2344 3656 2410 praesti-

1963 2430 2055 2493 gia
2089 2428 2248 2499 (Dan.
2279 2447 2400 2497 vni,
2431 2432 2545 2496 “23).

2034 2519 2122 2570 27.
2156 2518 2351 2571 Nervas
2386 2518 2589 2571 habens
2640 2518 3007 2571 testiculorum
3048 2519 3357 2586 perplewos,
3404 2516 3657 2570 libidini-

1963 2604 2067 2658 bus
2098 2606 2376 2673 proiluos,
2411 2612 2465 2659 et
2492 2607 2910 2676 germinatione
2929 2612 3174 2671 saturos,
3206 2623 3301 2659 seu
3329 2607 3659 2676 praedicato-

1961 2711 2051 2749 res
2081 2701 2280 2749 contra
2310 2696 2730 2771 humanitatem
2767 2697 2886 2763 Dei,
2929 2702 2984 2749 et
3032 2696 3260 2752 Domini
3313 2696 3493 2750 nostri
3526 2713 3657 2750 acn-

1963 2783 2135 2835 minis
2189 2785 2503 2837 assertione
2572 2785 2854 2839 robustos.
2912 2786 3043 2840 Ossa
3091 2786 3208 2851 ejus
3257 2788 3417 2854 quasi
3465 2787 3660 2854 ﬁstulae

1960 2875 2117 2939 aeris,
2152 2888 2351 2925 omnes
2410 2873 2630 2926 robusti
2672 2873 2847 2938 illitis,
2904 2873 3295 2926 insensibilem
3358 2875 3658 2927 reddentes

1897 2994 1937 3048 C
1969 2960 2183 3030 linguas
2213 2961 2453 3013 arabicae.
2486 2961 2844 3030 plausibilem
2869 2978 3093 3014 sonum.
3130 2961 3410 3015 Nimirum
3442 2967 3498 3015 ut
3532 2962 3660 3015 bea-

1969 3054 2060 3101 tus
2086 3049 2391 3118 Gregorius
2420 3049 2499 3101 ait
2532 3048 2541 3101 !
2591 3050 2740 3103 More
2775 3049 2989 3101 metalli
3022 3049 3413 3103 insensibilem
3450 3066 3657 3104 sonum

1961 3136 2106 3189 bene
2157 3136 2431 3206 loquendi
2479 3138 2706 3197 habent,
2760 3138 2856 3189 sed
2914 3152 3144 3189 sensum
3200 3138 3345 3191 bene
3385 3138 3657 3208 loquendi

1961 3239 2079 3277 non
2111 3223 2342 3276 habent.
2381 3226 2667 3290 Cartilago
2696 3225 2812 3293 ejus
2855 3226 3016 3293 quasi
3046 3226 3252 3277 lamina
3279 3227 3437 3289 ferri.
3479 3225 3627 3279 Carti

1961 3312 2088 3381 lago
2120 3329 2367 3382 namque
2424 3314 2534 3367 ossi
2582 3314 2754 3367 habet
2804 3311 3075 3383 speciemf
3122 3314 3219 3365 sed
3263 3317 3491 3365 artuum
3542 3330 3655 3367 non

1960 3402 2171 3455 retinet
2212 3402 2577 3467 ﬁrmitatem;
2642 3419 2710 3456 eo
2760 3403 2930 3456 modo
2987 3408 3042 3456 et
3082 3402 3252 3472 hujus
3306 3402 3651 3472 iniquissimi

1963 3490 2120 3544 ducis
2158 3491 2404 3544 ministri
2451 3492 2678 3561 pietatis
2725 3493 2911 3562 specie
2961 3491 3102 3545 facie
3149 3497 3315 3545 tenus
3348 3491 3657 3545 ostendunt

1962 3578 2216 3647 perditis,
2252 3579 2346 3632 sed
2375 3584 2568 3632 carent
2591 3578 2775 3633 fructu
2812 3580 3069 3649 ejusdem
3102 3579 3433 3634 castissimae
3465 3579 3655 3650 pieta-

1959 3666 2051 3733 tis,
2096 3667 2547 3737 hypocritarum,
2598 3684 2715 3721 non
2766 3674 3097 3722 sanctorum
3154 3668 3445 3723 imitantes
3492 3668 3652 3739 vigo-

1961 3770 2083 3807 rem
2142 3772 2154 3808 :
2207 3756 2306 3809 sed
2360 3761 2743 3822 versutornm,
2792 3772 2904 3809 non
2954 3757 3262 3811 humilium
3318 3758 3657 3811 sinceritatis

1960 3844 2299 3897 aemulantes
2353 3844 2653 3909 virtutem;
2723 3844 3085 3897 simulatores
3152 3856 3208 3899 et
3272 3846 3482 3913 callidi,
3558 3848 3656 3917 qui

1959 3935 2105 3988 iram
2136 3952 2363 4005 semper
2392 3939 2703 4006 provocant
2734 3933 2979 3988 Domini.
3014 3936 3145 3987 Post
3184 3951 3432 4005 quorum
3481 3951 3653 4004 expo-

1960 4024 2095 4077 sitos
2127 4024 2288 4077 dolos
2336 4024 2739 4095 inspiratorem
2776 4023 2935 4076 verbi
2983 4023 3173 4092 gladio
3220 4024 3371 4076 ferit.
3402 4023 3527 4091 Ipse
3554 4030 3653 4086 est,

1960 4114 2058 4179 ait,
2086 4117 2416 4183 principium
2445 4117 2679 4167 viarum.
2718 4114 2829 4166 Dei.
2862 4115 2939 4165 Ac
2973 4112 3019 4165 si
3066 4111 3297 4177 diceret,
3332 4111 3544 4164 Idcirco
3584 4112 3654 4165 ad

1960 4209 2076 4257 tam
2148 4205 2539 4274 multipliciter
2600 4218 2809 4272 magna
2879 4208 2936 4254 et
3001 4201 3219 4271 majora
3278 4200 3655 4270 multiplicata

1888 4298 1929 4351 D
1962 4293 2130 4346 homo
2161 4293 2557 4363 iniquissimus
2604 4291 2831 4357 sufﬁcit,
2866 4290 3002 4361 quia
3035 4289 3345 4361 inspirator
3373 4292 3496 4358 ejus
3527 4290 3655 4344 dia-

1961 4380 2125 4433 bolus
2159 4381 2217 4433 in
2251 4387 2456 4435 natura
2486 4396 2676 4434 rerum
2707 4380 2867 4450 prior
2899 4380 3216 4433 substantia
3258 4380 3520 4433 conditus
3554 4396 3653 4433 ex—

1960 4468 2121 4521 stitit.
2181 4469 2287 4522 Sed
2339 4469 2794 4538 sapientissimus
2851 4469 3142 4533 Conditor,
3203 4469 3302 4538 qni
3362 4485 3493 4522 eum
3528 4468 3653 4537 pri-

1960 4572 2114 4609 mum
2148 4562 2534 4609 creaturarum
2570 4557 2825 4610 omnium
2860 4558 3010 4622 fecit,
3038 4559 3189 4625 juste
3240 4557 3497 4625 gladium
3532 4557 3655 4627 ejus

1956 4643 2014 4696 in
2048 4644 2393 4713 quibusdam
2440 4644 2690 4713 plicavit,
2744 4660 2873 4697 cum
2928 4660 3058 4697 cum
3109 4645 3305 4697 srevire
3354 4646 3412 4697 in
3444 4646 3653 4698 electos

1958 4738 2237 4801 quantum
2269 4734 2392 4801 ejus
2424 4732 2685 4784 voluntas
2711 4733 2959 4802 maligna
2991 4734 3264 4803 suggerit,
3303 4749 3412 4786 non
3444 4733 3657 4802 permi-

1958 4820 2047 4873 sit.
2103 4824 2244 4876 Huic
2293 4826 2494 4875 montes
2553 4821 2745 4874 herbas
2797 4823 3003 4886 ferunt.
3068 4822 3211 4874 Elati
3261 4821 3521 4875 videlicet
3550 4838 3654 4873 saa-

1957 4910 2090 4976 culi,
2124 4917 2179 4965 et
2206 4910 2434 4981 tyranni
2476 4908 2793 4975 saevissimi,
2848 4909 3240 4979 iniquissimas
3294 4910 3345 4962 ei
3405 4909 3655 4962 offerunt

1900 1693 1937 1745 Β

2028 5091 2045 5124 τ
2084 5091 2204 5153 M3,,
2260 5089 2651 5156 praecedente...
2681 5088 2999 5143 involvente.

2027 5174 2057 5215 ε
2094 5161 2216 5225 Ms.,
2254 5163 2410 5214 Ham.
2443 5160 2533 5215 Sic
2562 5161 2699 5215 alibi
2729 5177 2845 5215 non
2878 5159 3055 5212 semel
3087 5159 3152 5213 H.
3182 5174 3286 5229 pro
3321 5159 3384 5212 N.

2027 5233 2054 5273 ιι
2094 5232 2212 5295 Μ5.,
2250 5238 2365 5284 aut.

2027 5302 2037 5335 ¹
2084 5303 2139 5355 F.
2172 5304 2451 5365 inlitteris,
2487 5302 2540 5355 id
2575 5306 2677 5366 est,
2712 5301 3036 5356 illitteratus
3078 5298 3266 5354 :infra
3298 5299 3451 5353 enim
3488 5315 3649 5353 num.

1955 5374 2024 5426 28
2057 5372 2265 5427 dicitur
2295 5376 2410 5426 sine
2441 5374 2637 5426 litteris
2668 5377 2835 5426 ortus.

2080 5446 2136 5498 F.
2172 5460 2300 5511 qua,
2332 5444 2418 5496 vel
2445 5459 2596 5512 quos.

2035 5505 2059 5537 ’⁸
2094 5516 2140 5568 Μ
2178 5505 2215 5580 ἶ,
2251 5505 2532 5579 Quartum.
