4098 6180
400 272 429 321 ὃ
438 271 463 321 4
470 270 503 321 3

1759 257 2015 314 ALVARI
2055 257 2537 314 COBDUBENSIS
3772 262 3856 313 illi

400 399 716 470 voluptates
745 412 769 440 ι
802 402 858 449 et
890 396 942 449 ei
991 400 1141 447 certe
1184 394 1493 455 daemones,
1543 393 1643 463 qui
1691 391 1983 445 tenebrosi
2028 391 2086 444 in
2126 393 2173 443 Α
2202 390 2408 443 sterilis
2457 408 2568 444 non
2614 396 2696 443 est
2739 391 2795 444 in
2855 392 2952 444 eis.
3008 391 3326 444 Absorrebit
3376 391 3616 457 ﬂuvium,
3673 397 3717 443 et
3768 409 3857 445 non

397 488 703 557 Scripturis
738 490 958 537 montes
989 488 1283 547 vocantur,
1330 499 1427 535 seu
1476 481 1763 550 principes
1804 487 1991 548 terrae,
2037 486 2092 534 et

397 575 744 648 philosophi,
776 573 873 643 qui
916 572 967 625 ei
998 572 1311 641 exquisitos
1345 572 1524 637 dolos,
1576 572 1937 641 excultosque
1981 571 2088 623 do-

396 665 710 716 ctrinarum
767 662 1122 713 diversarum
1182 660 1487 729 porrigunt
1545 660 1830 712 mendacii
1909 659 2084 711 cibos.

396 753 587 806 Omnes
637 750 817 802 bestiae
863 751 989 815 agri
1037 749 1222 801 ludent
1272 750 1371 812 ibi,
1406 750 1492 801 vel
1547 749 1606 801 in
1654 749 1824 801 corde
1874 748 2090 817 impiis-

393 838 519 891 simi
545 838 855 901 daemones,
890 838 974 889 vel
1008 837 1065 889 in
1099 838 1220 907 lege
1256 837 1432 907 ipsius
1465 838 1773 889 multarum
1806 838 2087 889 haeresum

392 926 691 991 novitates,
753 943 817 979 ex
868 927 1078 995 quibus
1129 927 1294 979 sectis
1347 942 1629 978 venenum
1675 930 1930 978 sucatuni
1989 942 2087 979 ore

392 1016 584 1084 patulo
643 1031 913 1083 suggeris,
966 1014 1376 1067 coniectionem
1430 1032 1600 1084 opere
1645 1032 1702 1067 se
1756 1017 1780 1056 b
1829 1014 2086 1066 inliciens

392 1103 635 1155 eufrasia
702 1120 801 1154 sua
886 1104 1117 1155 milleno
1196 1108 1478 1155 sectarum
1553 1103 1663 1155 ritu
1732 1103 1975 1156 confecit
2044 1112 2082 1167 ο,

392 1208 564 1261 quam
617 1208 677 1242 ex
715 1191 1130 1255 haereticorum,
1191 1192 1691 1261 philosophorum,
1723 1191 2083 1244 Judzeorum-

393 1295 501 1349 que
552 1280 825 1333 doctrinis
856 1297 1206 1349 componens
1236 1281 1473 1333 diversis
1502 1281 1769 1349 gentibus
1799 1282 1987 1333 colore
2017 1281 2083 1333 ii-

391 1368 481 1421 dei
528 1372 673 1421 tecta
723 1368 962 1433 vestivit,
1021 1370 1354 1439 cunctisque
1409 1370 1626 1422 levibus
1679 1370 2027 1438 pastinatum
2060 1370 2086 1410 ά

392 1458 724 1525 Operculum
758 1458 1103 1527 propinavit.
1148 1458 1257 1512 Sub
1297 1458 1489 1510 umbra
1537 1459 1737 1511 dormit
1772 1459 1968 1528 utique
2002 1464 2083 1510 te-

391 1546 699 1597 nebrarum
734 1552 789 1598 et
837 1546 1052 1611 mortis,
1090 1563 1183 1598 seu
1219 1547 1529 1615 caliginuin
1562 1552 1617 1598 et
1656 1547 1886 1610 erroris,
1920 1563 2022 1599 nec
2054 1564 2085 1600 a

392 1634 633 1700 Christo,
664 1634 760 1703 qui
793 1651 955 1686 verus
988 1640 1044 1686 et
1090 1641 1338 1687 internus
1370 1634 1452 1687 sol
1502 1634 1771 1700 creditur,
1806 1637 1891 1687 vel
1926 1637 2081 1688 tenui

390 1722 623 1775 luminis
656 1723 810 1776 radio
846 1722 1205 1788 inlustratur,
1234 1726 1288 1775 in
1320 1729 1514 1777 secreto
1555 1725 1770 1789 calami,
1815 1728 1865 1776 et
1902 1726 1956 1777 in
2005 1725 2082 1778 lo-

388 1812 464 1865 cis
516 1813 876 1879 humentibus,
919 1812 1017 1865 ubi
1071 1812 1335 1864 Voluntas
1384 1828 1761 1881 granimunea
1810 1821 1849 1878 θ,
1885 1818 1939 1865 et
1987 1813 2086 1864 ubi

388 1898 522 1951 licor
552 1899 783 1965 fluidus,
818 1907 873 1952 et
904 1916 1071 1952 exosa
1107 1900 1370 1965 ludibria,
1412 1900 1511 1952 ubi
1561 1900 1835 1953 rtfreuata
1882 1901 2081 1954 barba-

388 1986 520 2049 ries,
575 1993 630 2041 et
680 1988 1044 2040 exsecrabilis
1091 1989 1259 2053 furia,
1301 1994 1356 2040 et
1411 1991 1682 2058 perplexa
1742 1990 1985 2055 luxuria,
2028 1996 2085 2044 et

387 2076 748 2145 propagatio,
785 2081 840 2128 et
880 2076 1135 2129 inritatio
1167 2083 1249 2129 est
1284 2078 1636 2146 nuptiarum,
1672 2083 1729 2131 et
1758 2078 2079 2143 dissolutio,

387 2168 441 2216 et
485 2164 776 2217 euervatio
810 2164 935 2217 fluit
965 2165 1310 2230 animarum,
1345 2171 1395 2217 et
1446 2166 1502 2218 in
1556 2182 1669 2235 quo
1719 2166 1801 2219 illi
1832 2167 2082 2219 densan-

386 2255 480 2303 tur
524 2252 621 2323 qui
674 2253 920 2305 exterius
976 2261 1258 2322 apparent
1316 2254 1502 2319 nitidi,
1560 2255 1901 2308 intrinsecus
1959 2272 2079 2308 me-

386 2340 540 2393 dulla
600 2346 732 2394 sunt
782 2342 965 2394 vacui.
1030 2344 1323 2409 Protcgunt
1392 2344 1593 2397 Πηλὸν-ω
1652 2345 1900 2398 umbram
1946 2345 2079 2414 ejus.

386 2429 597 2483 Omnes
626 2435 776 2482 certe
820 2430 1004 2500 iniqui
1048 2431 1347 2484 mendacio
1383 2448 1486 2484 suo
1533 2433 1895 2485 mendacium
1926 2434 2079 2487 illius

382 2518 616 2585 proprio
655 2519 969 2571 defendunt
1014 2520 1302 2589 obsequio.
1338 2519 1493 2573 Sicut
1534 2522 1689 2577 enim
1739 2521 1796 2574 in
1840 2538 2077 2591 corpore

382 2605 606 2670 veritas,
683 2608 761 2657 ita
836 2606 891 2659 in
972 2608 1174 2659 umbra
1245 2609 1503 2676 corporis
1564 2610 1797 2663 falsitas.
1868 2612 2077 2664 Omnes

383 2692 558 2756 enim,
620 2698 683 2745 ut
736 2693 873 2759 dixi,
936 2694 1142 2764 iniqui,
1196 2701 1252 2747 et
1308 2696 1540 2750 saevitia:
1596 2698 1827 2751 faecibus
1894 2701 2071 2768 pleni,

382 2781 746 2834 mendacium
820 2783 975 2835 illius
1055 2800 1158 2835 suo
1226 2785 1523 2838 mendacio
1575 2792 1886 2855 protegunt
1947 2805 1958 2841 :
2021 2794 2076 2842 et

382 2869 439 2922 in
495 2886 609 2939 quo
677 2870 771 2923 ille
830 2871 973 2924 forte
1031 2888 1143 2924 non
1200 2878 1417 2926 attente
1471 2880 1705 2927 curante
1756 2875 1930 2928 debili
1988 2893 2077 2929 ve-

382 2957 550 3027 stigio
581 2959 937 3025 claudicavit,
971 2965 1025 3012 et
1053 2976 1109 3011 se
1154 2960 1388 3015 veritate
1420 2962 1595 3015 victus
1625 2962 1926 3015 defendere
1958 2980 2072 3017 non

379 3047 613 3113 curavit,
664 3048 722 3100 hi
769 3064 1051 3118 proceres,
1103 3054 1159 3101 et
1198 3050 1478 3119 sapientia
1523 3050 1540 3084 τ
1570 3052 1825 3104 δευουιιινὶ
1856 3053 2071 3105 floren-

378 3139 481 3200 tes,
547 3152 607 3188 ac
666 3137 915 3189 versutia
972 3138 1353 3191 assertionum
1415 3141 1713 3208 pollentes,
1772 3141 2073 3211 ingeniosa

379 3229 519 3287 arte,
586 3228 641 3276 et
697 3225 920 3278 erudita
977 3240 1005 3279 3
1062 3226 1329 3293 falsitate,
1392 3228 1690 3298 exquisitis
1753 3230 2068 3296 sententiis,

378 3317 578 3363 ornate
623 3314 648 3353 ιι
697 3313 1032 3377 detendunt,
1084 3319 1139 3366 et
1185 3314 1329 3365 elate
1394 3320 1776 3383 componunt;
1834 3317 2070 3386 ejusque

378 3399 566 3467 operis
598 3405 889 3468 patentem
930 3399 940 3432 ⁸
996 3400 1358 3454 mendacium
1411 3403 1595 3455 fucata
1642 3404 1883 3456 falsitate
1918 3405 2071 3456 colo-

376 3493 507 3539 rant
536 3488 862 3540 verborum.
897 3488 1002 3541 Sed
1038 3495 1094 3540 et
1124 3490 1325 3542 umbrae
1363 3496 1605 3557 possunt
1638 3492 1815 3559 accipi
1851 3495 2065 3545 daemo-

377 3591 477 3629 nes
504 3575 622 3640 alii,
672 3576 770 3642 qui
805 3576 955 3627 hunc
987 3576 1374 3629 habitatorum
1406 3578 1829 3632 sceleratissimi
1859 3596 2067 3648 corpo-

375 3662 453 3715 ris
508 3662 840 3732 obsequiolo
892 3664 1125 3733 proprio
1176 3681 1233 3717 se
1295 3670 1591 3734 protegere
1643 3667 1887 3737 tingunt.
1940 3670 2071 3722 Tra-

378 3752 552 3803 dunti
597 3751 749 3803 enim
771 3768 900 3805 eum
929 3769 1122 3821 pacem
1158 3753 1308 3807 inter
1340 3754 1573 3824 spiritus
1604 3757 2068 3811 seeleratissimos

376 3857 407 3893 a
439 3856 496 3892 se
526 3840 862 3893 dissidentes
896 3842 1253 3907 reformasse,
1290 3848 1345 3897 et
1378 3846 1586 3896 multos
1619 3861 1687 3897 ex
1708 3846 2068 3899 daemonibus

375 3944 489 3982 sua;
520 3928 650 3982 fidei
697 3930 1017 3996 inclinasse,
1054 3932 1356 4001 legemque
1406 3950 1563 3985 suam
1618 3934 1730 3986 illis
1762 3937 2065 3989 tenendam

375 4020 707 4070 memoriter
752 4019 1065 4072 tradidisse.
1104 4021 1257 4073 Unde
1292 4027 1345 4072 et
1375 4021 1432 4074 in
1464 4022 1585 4091 lege
1624 4021 1746 4090 ipsa
1779 4022 2063 4089 horribili,

374 4105 705 4175 frequenter
745 4122 806 4158 ex
841 4124 1083 4175 persona
1119 4110 1210 4161 Dei
1234 4110 1594 4161 daemonibus
1622 4111 1707 4162 vel
1738 4111 2065 4165 hominibus

375 4209 560 4246 sermo
616 4195 1038 4263 praedicationis
1108 4197 1417 4261 inducitur,
1474 4203 1529 4250 et
1596 4203 1657 4250 ut
1725 4200 1957 4252 credant
2013 4201 2065 4253 ei

373 4281 704 4350 frequenter
752 4283 1051 4351 ingeritur.
1098 4286 1533 4339 Circumdabunt
1567 4302 1685 4339 eum
1732 4286 1919 4341 salices
1952 4294 2062 4342 tor-

372 4372 559 4433 rentis,
612 4370 871 4423 videlicet
918 4372 1276 4433 infructuosi,
1326 4379 1381 4426 et
1428 4375 1526 4444 qui
1574 4376 1728 4428 fluxu
1761 4375 2064 4430 libidinum

371 4454 753 4521 revirescunt;
818 4457 988 4526 hujus
1040 4459 1189 4511 enim
1255 4460 1474 4512 arboris
1531 4476 1727 4514 semen
1806 4461 1864 4515 in
1940 4462 2065 4516 cibo

371 4549 667 4610 sumptum
714 4547 933 4597 steriles
979 4546 1171 4600 efticit.
1218 4549 1377 4600 Tales
1420 4555 1551 4601 sunt
1596 4549 1840 4603 ministri
1887 4552 2065 4605 hostis

374 4630 656 4698 Ecclesim,
680 4636 970 4687 sterilitate
1000 4636 1129 4687 fidei
1162 4637 1329 4702 aridi,
1364 4642 1417 4689 et
1448 4645 1763 4692 sementem
1792 4639 2064 4694 doctrina:

370 4720 600 4789 penitus
631 4728 953 4787 enecantrs,
988 4740 1017 4775 e
1051 4726 1283 4793 regione
1323 4727 1593 4794 Ecclesiae,
1619 4727 1721 4780 lilii
1744 4728 1812 4781 de
1843 4730 2064 4783 lavacro

370 4810 815 4863 conscendentes
845 4827 1042 4865 omnes
1091 4815 1368 4882 gemellos
1415 4816 1566 4869 fetus
1608 4816 1956 4886 producunt,
2009 4824 2065 4872 et

436 4966 457 4992 ο
500 4952 612 5017 Ms,
647 4956 965 5007 voluntates.

436 5026 461 5063 li
504 5023 555 5075 L.
583 5040 814 5092 operose.

437 5103 455 5126 τ
496 5094 613 5147 Ms..
648 5098 911 5163 conﬂauit.

436 5166 463 5207 ά
506 5165 559 5218 Ρ.
592 5168 946 5230 fascinatum.

435 5245 455 5269 ο
499 5240 580 5287 An
615 5238 989 5302 gramminea?

438 5305 454 5339 τ
492 5306 612 5371 Ms.,
667 5311 966 5375 sapientiae.

439 5389 468 5429 ι’
509 5377 628 5443 Ms,
660 5378 948 5432 cruditate.

435 5447 462 5487 h
501 5447 619 5512 Ms.,
653 5464 865 5502 ornare.

439 5515 448 5547 ¹
495 5517 552 5569 L.
604 5526 813 5585 patens.

2194 480 2489 533 mirabitur
2544 496 2557 533 :
2604 479 3022 532 Multitudinein
3075 479 3337 531 videlicet
3369 478 3623 547 gentium
3669 480 3854 549 absque

2196 568 2338 637 legis
2372 568 2592 629 notitia,
2629 584 2798 637 quem
2837 568 3105 620 radicitus
3136 568 3445 628 devoravit,
3478 572 3527 619 et
3557 567 3701 619 habet
3736 569 3855 637 fidu-

2195 659 2340 710 ciam
2397 658 2541 726 quod
2589 660 2784 724 inﬂuat
2845 657 3100 710 Jordanis
3146 658 3203 707 in
3257 671 3312 709 os
3361 656 3499 723 ejus,
3544 671 3633 707 eos
3676 665 3857 725 putans

2196 745 2367 798 etiam
2437 746 2664 815 vipereo
2739 746 2870 798 dolo
2955 761 3291 797 consumere
3347 761 3488 813 quos
3544 745 3685 796 unda
3738 747 3859 799 sacri

2194 833 2559 903 baptismatis
2589 834 2745 897 lavit,
2791 839 2847 887 et
2902 835 3051 900 regis
3099 834 3393 886 character
3438 833 3660 903 signum
3697 836 3855 887 crucis

2195 923 2416 976 Christo
2451 924 2563 975 Deo
2597 928 2788 975 nostro
2819 928 2877 975 et
2906 922 3024 991 regi
3067 921 3298 976 dicavit.

2263 1013 2355 1063 ‘28.
2417 1012 2541 1064 Jam
2591 1028 2655 1064 ea
2716 1028 2843 1081 quin
2902 1012 3270 1080 sequunturk
3323 1009 3627 1063 habitatori
3675 1014 3855 1063 vasculi

2194 1100 2564 1153 contumelias
2630 1106 2923 1169 perpetum
2982 1106 3305 1169 praeparato
3360 1099 3543 1167 magis
3574 1099 3851 1168 pertinent,

2192 1204 2364 1257 quam
2401 1189 2734 1241 Biothenato
2767 1189 2991 1241 homini
3021 1188 3142 1253 illo,
3176 1187 3275 1257 qui
3330 1202 3516 1239 escam
3565 1188 3765 1253 videns,
3811 1194 3857 1241 ct

2192 1276 2429 1329 hamum
2484 1277 2777 1346 ignorans,
2836 1293 3089 1329 morsum
3150 1278 3331 1346 tigens
3400 1276 3697 1328 transfixus
3767 1283 3854 1343 est,

2192 1373 2257 1416 ut
2287 1371 2415 1433 pote
2472 1366 2573 1435 qui
2622 1366 3004 1433 inreptionem
3052 1364 3247 1417 Zabuli
3296 1364 3569 1428 sentiens,
3616 1366 3859 1433 angelum

2192 1452 2333 1504 lucis
2373 1453 2577 1506 leviter
2605 1454 2865 1517 credidit,
2901 1459 3214 1523 captusque
3249 1470 3363 1505 non
3411 1453 3659 1505 nesciens
3706 1454 3801 1505 fuit
3846 1470 3856 1506 :

2192 1543 2272 1594 Et
2306 1543 2614 1610 per/orabit
2676 1542 2902 1595 sudibus
2962 1558 3119 1594 nares
3184 1541 3320 1611 ejus.
3371 1542 3478 1594 Per
3530 1557 3690 1594 nares
3736 1542 3860 1595 odor

2192 1630 2458 1693 trahitur,
2496 1636 2553 1683 et
2583 1646 2670 1682 res
2700 1630 2837 1683 foris
2871 1630 3071 1699 positae
3100 1631 3302 1683 olfactu
3339 1628 3599 1699 protinus
3629 1629 3859 1683 indicau-

2125 1693 2162 1745 Β
2195 1723 2309 1772 tur.
2372 1719 2637 1789 Magister
2694 1735 2825 1771 vero
2876 1724 3068 1771 noster
3116 1724 3170 1771 et
3231 1717 3505 1771 Dominus
3551 1735 3709 1771 nares
3756 1720 3862 1787 ejus

2196 1824 2374 1878 usque
2408 1808 2572 1862 hodie
2608 1809 2846 1861 sudibus
2879 1808 3045 1874 forat,
3077 1824 3206 1860 cum
3251 1824 3354 1877 per
3393 1812 3711 1860 sanctorum
3744 1823 3858 1875 pru-

2194 1898 2447 1950 dentiam
2482 1904 2688 1951 ‘omnes
2740 1914 2938 1950 eorum
2990 1895 3369 1949 calliditatum
3423 1896 3584 1949 dolos
3632 1900 3858 1949 enervat.

2194 1988 2354 2040 Nunc
2394 1989 2463 2039 ad
2514 1986 2687 2039 alium
2740 1986 3077 2039 vocabulum
3128 2001 3315 2038 sermo
3359 1986 3587 2037 divinus
3631 1991 3861 2054 apostra-

2191 2075 2306 2128 fam
2337 2073 2348 2108 ¹
2378 2075 2525 2139 facit,
2570 2080 2627 2128 et
2656 2074 2998 2144 expressiori
3035 2073 3267 2126 nomine
3299 2079 3447 2127 artes
3478 2075 3602 2143 ejus
3647 2080 3700 2126 et
3742 2089 3859 2125 con-

2190 2164 2315 2215 sitia
2345 2164 2632 2232 patefacit.
2666 2165 2754 2216 An
2785 2165 3092 2228 extrahere,
3130 2162 3338 2232 inquit,
3386 2168 3535 2231 potes
3586 2162 3862 2216 Leviathan

2189 2253 2384 2306 hamo?
2418 2252 2721 2305 Leviathan
2756 2252 3189 2305 additamentum
3239 2267 3418 2304 eorum
3449 2251 3656 2304 dicitur
3689 2266 3700 2302 ε
3734 2266 3861 2319 quo-

2187 2357 2314 2393 rum
2340 2341 2599 2394 videlicet
2628 2340 2737 2393 nisi
2769 2340 3068 2393 hominum
3092 2340 3493 2409 superborum,
3530 2340 3630 2409 qui
3658 2354 3862 2407 semper

2187 2432 2315 2500 plus
2348 2435 2648 2499 appetunt,
2671 2446 2845 2499 quam
2877 2436 3028 2495 sunt,
3065 2428 3280 2482 videri?
3330 2428 3491 2492 Quod
3537 2428 3667 2481 huic
3704 2427 3860 2495 aptis-

2186 2520 2323 2572 sime
2368 2518 2653 2587 congruit,
2716 2518 2813 2588 qui
2860 2518 3182 2571 temeritate
3234 2518 3466 2587 propria
3522 2522 3863 2570 commentus

2186 2614 2273 2660 est
2296 2624 2467 2675 supra
2500 2626 2565 2660 ea
2597 2623 2726 2677 quze
2762 2608 2860 2659 Dei
2900 2623 2997 2659 ore
3028 2616 3190 2659 erant
3219 2607 3426 2671 elicita,
3457 2607 3624 2675 quasi
3650 2606 3755 2657 alia
3782 2605 3859 2656 in-

2184 2696 2331 2748 ferre
2358 2696 2599 2761 novitia;
2625 2696 2724 2765 qui
2780 2696 2982 2748 merito
3023 2694 3304 2764 serpentis
3348 2694 3583 2747 nomine
3624 2694 3862 2761 designa-

2183 2790 2278 2837 tur
2309 2784 2442 2853 quia
2473 2783 2752 2853 serpentis
2795 2800 2951 2836 more
2985 2783 3254 2835 incedens
3299 2789 3569 2836 cunctum
3597 2781 3858 2852 generali-

2184 2876 2290 2937 ter,
2321 2871 2517 2923 orbem
2551 2871 2829 2939 serpendo
2860 2870 3124 2939 replevit;
3153 2870 3248 2940 qui
3286 2871 3455 2923 hamo
3502 2887 3632 2923 vere
3674 2869 3861 2923 divini-

2114 2974 2153 3027 ί]
2184 2960 2314 3012 tatis
2346 2966 2481 3013 tunc
2510 2966 2707 3029 captus
2735 2966 2838 3024 est,
2886 2960 3113 3029 quando
3151 2976 3358 3027 corpus
3398 2965 3696 3028 appetens,
3745 2974 3859 3010 acu-

2182 3050 2337 3101 mine
2396 3049 2553 3102 verbi
2610 3051 2912 3102 transtixus
2959 3054 3060 3102 est.
3108 3050 3497 3117 Circutumque
3546 3052 3607 3101 in
3653 3047 3857 3100 naribus

2181 3138 2429 3207 positum
2467 3142 2639 3203 tenet,
2674 3138 2807 3208 quia
2856 3137 3207 3215 licet'astute
3243 3137 3410 3190 fortia
3442 3139 3651 3206 pulset,
3684 3144 3860 3189 tamen

2181 3228 2328 3280 infra
2360 3236 2397 3261 ω
2427 3226 2705 3280 circulum
2740 3226 2962 3296 opificis
3006 3227 3202 3279 currit.
3242 3227 3352 3279 Nec
3399 3230 3619 3279 tantam
3654 3232 3860 3277 teutans

2182 3322 2459 3385 quantum
2514 3317 2747 3386 appetit,
2810 3333 2911 3368 nec
2961 3321 3187 3369 tantum
3246 3321 3522 3384 appetens
3590 3322 3856 3384 quantum

2182 3409 2379 3457 tentat.
2426 3404 2595 3472 Cujus
2631 3409 2687 3456 et
2718 3405 2949 3457 mamilla
2979 3406 3263 3471 perforata
3292 3403 3421 3455 ideo
3472 3403 3700 3463 dicitur,
3734 3402 3855 3471 quia

2178 3493 2517 3563 plerumque
2552 3509 2696 3561 quos
2728 3493 2892 3546 avida
2936 3497 3123 3545 mente
3156 3491 3396 3557 invadit,
3430 3491 3741 3560 potentiori
3773 3506 3851 3542 or-

2180 3580 2473 3633 dinatione
2508 3580 2762 3633 dimittit.
2814 3581 2999 3634 Semel
3045 3580 3256 3651 quippe
3307 3586 3525 3650 raptus,
3579 3581 3727 3634 exire
3756 3594 3860 3631 non

2179 3672 2422 3736 poterat,
2454 3669 2500 3721 si
2550 3685 2665 3721 non
2716 3668 2945 3722 maxilla
2994 3667 3259 3721 draconis
3307 3669 3567 3722 foramen
3619 3669 3859 3722 haberet.

2176 3758 2507 3825 Multiplicat
2546 3758 2613 3811 ad
2649 3759 2828 3811 Deum
2874 3771 3073 3825 preces,
3117 3757 3252 3810 dum
3298 3758 3557 3811 membra
3603 3760 3723 3826 ejus
3768 3770 3860 3825 pro

2177 3860 2243 3896 eo
2276 3847 2584 3899 momentis
2622 3846 2864 3915 singulis
2918 3846 3227 3899 Dominum
3267 3846 3643 3915 interpellant
3686 3863 3699 3899 :
3744 3860 3858 3915 pre-

2176 3948 2266 3985 ces
2297 3936 2642 4003 accipienda:
2676 3943 2809 3988 sunt
2853 3937 3005 4002 leges
3036 3934 3167 3996 illae,
3222 3951 3364 4004 quas
3394 3936 3661 3989 fabuloso
3694 3935 3803 3987 risu
3837 3947 3858 3975 υ

2175 4024 2485 4075 contexuit.
2537 4025 2599 4076 Et
2645 4026 2887 4092 loquitur
2930 4024 3137 4087 mollia,
3189 4039 3314 4093 quae
3360 4040 3461 4093 per
3525 4040 3631 4077 ora
3670 4036 3857 4076 eorum

2178 4112 2358 4163 multo
2390 4112 2737 4181 eloquentia:
2767 4112 3069 4181 splendore
3121 4111 3472 4164 miserationi
3504 4112 3693 4165 vicina
3723 4126 3855 4181 quo-

2173 4199 2313 4251 tidie
2342 4199 2637 4263 insonant;
2671 4200 2805 4253 dum
2851 4200 3069 4269 jugiter
3120 4200 3317 4252 dicunt
3358 4217 3370 4253 :
3419 4204 3662 4267 Domine,
3709 4214 3859 4269 parce

2104 4271 2146 4324 Ῑ)
2168 4289 2443 4355 propheta:
2472 4290 2572 4341 illi.
2610 4290 2717 4341 Nec
2751 4288 3035 4341 usitatiori
3065 4304 3177 4358 quo
3208 4305 3309 4358 pro
3352 4289 3478 4341 aliis
3521 4306 3733 4359 genere
3783 4289 3855 4340 lo-

2174 4377 2419 4429 cutionis
2445 4377 2677 4429 solitum
2704 4383 2788 4430 est
2811 4378 3016 4442 dicere,
3051 4377 3147 4430 sed
3179 4378 3417 4446 tropice,
3452 4383 3503 4430 et
3528 4379 3713 4431 multo
3743 4375 3857 4429 aliis

2172 4465 2341 4517 rebus
2390 4467 2814 4519 accommodato
2866 4481 3130 4518 sermone
3170 4482 3183 4519 :
3243 4468 3445 4519 Psallat
3475 4470 3635 4533 Deus,
3686 4467 3855 4527 aiunt,

2172 4568 2334 4621 super
2388 4570 2526 4610 eum.
2579 4560 2628 4607 et
2688 4555 2857 4607 salvet
2911 4563 2951 4605 °.
3019 4555 3085 4606 Et
3137 4554 3283 4606 sicut
3332 4571 3433 4606 nos
3477 4556 3857 4609 indesinenter

2173 4659 2275 4712 pro
2343 4644 2498 4695 omni
2564 4648 2739 4712 gestu,
2809 4642 3080 4711 omnique
3139 4659 3421 4695 sermone.
3494 4660 3563 4697 ex
3624 4658 3856 4713 evange-

2173 4732 2279 4784 lica
2362 4733 2699 4784 auctoritate
2782 4732 3045 4800 procellis
3127 4732 3485 4801 urgentibus,
3556 4732 3857 4802 apostolice

2172 4820 2321 4872 docti
2366 4821 2595 4883 Christe,
2646 4821 2801 4873 salva
2845 4835 2939 4872 nos
2982 4820 3250 4885 dicimus;
3299 4820 3379 4872 ita
3441 4820 3525 4873 illi
3578 4838 3685 4891 per
3731 4835 3856 4873 cun-

2244 4962 2256 5003 l
2296 4964 2411 5024 Ms.,
2445 4963 2678 5014 tradent.

2242 5035 2267 5075 ιι
2307 5034 2427 5096 Ms.,
2457 5049 2574 5101 qua:
2622 5036 2885 5100 sequitur.
2922 5032 3058 5096 Qua!
3089 5033 3145 5085 in
3172 5038 3327 5086 textu
3358 5038 3549 5087 autem
3592 5035 3701 5088 Job
3733 5035 3854 5086 sub-

2171 5110 2508 5173 sequuntur,
2545 5120 2788 5172 qumque
2829 5104 2918 5156 hic
2969 5104 3230 5156 videntur
3279 5105 3687 5172 praetermissa,
3726 5105 3856 5161 .hiec

2169 5182 2303 5227 sunt
2337 5191 2348 5227 :
2378 5176 2439 5228 In
2474 5177 2638 5227 oculis
2670 5177 2786 5241 ejus
2828 5177 2989 5241 quasi
3017 5176 3173 5227 hamo
3200 5179 3378 5244 capiet
3401 5191 3537 5228 eum.

2244 5247 2256 5279 ¹
2298 5246 2351 5297 Id
2377 5251 2461 5296 est
2490 5247 2869 5312 apostrophen.

2240 5324 2278 5349 ω
2320 5317 2477 5381 Infra
2506 5316 2596 5367 hic
2626 5316 2774 5367 idem
2808 5330 2869 5368 ac
2897 5318 3065 5380 intra,
3097 5322 3157 5368 ut
3182 5314 3393 5384 passim
3415 5315 3569 5386 apud
3603 5321 3854 5371 auctores

2167 5386 2383 5440 infimae
2426 5387 2747 5439 latinitatis.

2238 5466 2262 5492 ⁸³
2305 5458 2359 5511 F.
2388 5460 2521 5510 ritu.

2236 5538 2259 5562 °
2302 5529 2382 5581 lta
2414 5534 2469 5581 et
2490 5528 2651 5581 divus
2678 5526 2949 5597 Eulogius
2984 5527 3075 5582 lib.
3114 5544 3168 5594 u,
3203 5544 3327 5598 cap.
3370 5532 3412 5581 t.
