4098 6180
283 294 384 346 3-ἰὸ

1650 293 2018 349 INDICULUS
2056 292 2467 352 LUMINOSUS.

3683 307 3785 359 546

279 432 368 479 cta
449 433 743 480 momenta
820 426 1212 480 indesinenter
1273 427 1508 480 verbum
1565 429 1684 496 jam
1759 428 1972 481 dictum
2015 431 2052 481 A
2094 445 2264 496 super
2310 429 2460 498 quod
2494 429 2606 498 legi
2652 429 2875 483 Domini
2919 432 3271 487 auctoritatis
3303 435 3584 491 elevatum
3618 455 3781 492 cacu-

279 520 550 586 repetuut
609 533 621 568 :
683 524 738 568 et
795 517 900 570 hoc
957 516 1338 579 familiariter,
1395 517 1761 582 pra‘conabili
1819 533 1973 582 voce,

281 605 339 657 in
380 606 648 658 domibus
693 610 748 658 et
797 605 1052 658 turribus
1092 606 1363 671 clamant,
1398 607 1676 676 replicaut
1723 611 1777 658 et
1821 623 1975 674 prte—

279 700 510 747 conant.
585 695 648 748 Et
714 695 814 764 qui
879 711 983 764 per
1053 697 1230 747 multa
1298 695 1518 760 detluit,
1587 701 1645 747 et
1711 695 1973 764 deliquit,

279 799 309 834 a
379 784 578 835 multis
643 800 786 852 quos
855 785 976 853 ipse
1045 783 1296 852 perdidit
1367 790 1424 837 et
1494 785 1776 853 frequenti
1843 801 1976 836 ora-

277 871 437 924 tione
469 872 920 926 commendatur.
956 872 1064 926 Sed
1097 872 1457 925 orationibus
1487 881 1972 942 transgressorum

277 961 459 1013 elueri
492 977 604 1014 non
641 961 868 1030 poterit,
905 962 1005 1031 qui
1047 967 1315 1031 rogantes
1355 978 1456 1032 pro
1507 979 1564 1014 se
1613 979 1680 1014 ne
1731 963 1970 1016 exaudi-

274 1059 476 1101 rentur
505 1050 711 1102 erroris
750 1050 835 1102 sui
869 1049 1203 1119 deceptione
1247 1051 1494 1103 caecavit.
1543 1051 1740 1104 Omnis
1779 1055 1969 1103 tamen

273 1137 400 1206 ejus
454 1138 584 1190 dolo
641 1138 923 1207 exquisita
985 1139 1272 1203 doctrina,
1328 1140 1498 1192 verba
1555 1146 1688 1192 sunt
1746 1139 1969 1204 mollia,

272 1243 448 1296 quem
501 1227 710 1280 caduca
759 1229 1103 1297 promittens
1134 1237 1158 1261 ⁸
1199 1237 1254 1282 et
1293 1230 1464 1294 ﬂuxa,
1509 1229 1642 1282 labii
1675 1235 1730 1282 et
1763 1229 1971 1282 inlece-

271 1315 447 1368 broso
481 1314 712 1368 dulcore
746 1322 976 1370 manent
1008 1322 1302 1387 compacta
1338 1334 1350 1370 :
1387 1319 1469 1370 vel
1505 1318 1673 1370 verba
1714 1316 1811 1370 illa
1841 1321 1974 1369 sunt

270 1404 494 1463 mollia.
540 1420 666 1474 quae
708 1411 1112 1474 argumentose
1162 1411 1219 1459 et
1262 1406 1542 1476 exquisite
1591 1406 1648 1458 in
1700 1407 1824 1476 lege
1874 1405 1972 1457 illa

269 1491 537 1546 horribili
569 1495 859 1546 somnians
891 1493 1178 1547 fabulavit.
1218 1495 1282 1548 Et
1309 1495 1452 1548 sicut
1483 1495 1571 1548 lex
1608 1495 1707 1548 Dei
1729 1493 1965 1562 angelis,

265 1582 746 1652 hominibusque,
785 1599 847 1635 ex
889 1583 1226 1636 auctoritate
1283 1584 1575 1636 Doniinica
1614 1583 1855 1648 intonat,
1893 1584 1970 1636 ita

263 1671 395 1724 haec
425 1688 455 1722 e
503 1671 736 1739 regione
781 1671 997 1724 diaboli
1037 1675 1304 1742 dogmata
1333 1672 1715 1736 daemonibus,
1751 1678 1806 1725 et
1838 1688 1968 1740 per-

268 1759 408 1812 ditis
454 1759 810 1824 hominibus,
859 1759 1096 1812 verbum
1150 1760 1282 1814 ﬁdei
1335 1761 1596 1829 porrigit,
1647 1760 1864 1824 crebre,
1913 1765 1970 1813 et

265 1848 501 1902 assidue
528 1849 718 1902 dicens
753 1866 764 1901 :
797 1849 839 1902 Ο
873 1849 1179 1901 multitudo
1212 1849 1554 1912 daemonum,
1579 1854 1634 1901 et
1665 1853 1924 1906 omnium
1953 1871 1966 1906 :

264 1937 426 2007 quod
477 1939 713 1990 Arabice
761 1937 968 1990 dicitur
1018 1953 1030 1990 :
1081 1937 1442 1991 Lemahascar
1492 1940 1668 2005 algen.
1713 1940 1778 1992 Et
1823 1941 1967 1996 bene

261 2033 470 2080 auctor
513 2026 691 2096 ipsius
739 2026 799 2078 iu
848 2042 984 2078 usus
1033 2031 1118 2079 est
1159 2028 1184 2068 ι)
1226 2027 1386 2096 quasi
1422 2027 1557 2080 avis.
1597 2027 1741 2090 Quia
1778 2045 1964 2083 escam

261 2116 516 2169 ducante
550 2120 822 2184 appetens
851 2114 1007 2184 guila
1039 2124 1076 2179 °,
1117 2114 1305 2184 laquei
1349 2131 1461 2167 non
1499 2117 1758 2186 prievidit
1799 2119 1968 2186 pedi-

259 2220 388 2257 cam
430 2223 447 2257 :
501 2204 596 2274 qui
646 2203 848 2256 merito
900 2204 1110 2256 dicitur
1156 2205 1294 2267 avis,
1344 2205 1479 2273 quia
1525 2221 1619 2256 rex
1669 2211 1753 2258 est
1801 2207 1966 2260 istius

258 2294 434 2354 aeris,
469 2293 524 2344 in
559 2309 673 2363 quo
705 2293 959 2344 volucres
989 2292 1248 2357 volitant,
1281 2297 1338 2344 et
1367 2293 1654 2362 principes
1695 2295 1964 2350 tenebra-

258 2399 395 2434 rum
429 2386 737 2451 potestant.
787 2381 929 2444 Quia
971 2380 1172 2434 brutus
1215 2397 1283 2434 ex
1323 2381 1348 2422 d
1397 2381 1518 2434 sine
1558 2383 1764 2434 litteris
1807 2389 1964 2437 ortus

255 2477 370 2538 est,
406 2470 738 2535 bebemoth,
775 2471 879 2522 hoc
911 2475 996 2522 est
1028 2469 1264 2534 animal,
1313 2469 1497 2522 dictus
1548 2476 1649 2524 est.
1685 2471 1828 2534 Quia
1863 2473 1962 2526 do-

258 2561 421 2612 losus
484 2559 768 2628 apparuit,
834 2564 1094 2611 versutus
1155 2563 1211 2610 et
1271 2559 1506 2611 callidus
1566 2576 1817 2628 serpens,
1873 2563 1963 2616 vel

254 2649 456 2710 draco,
495 2655 577 2700 est
612 2653 990 2714 nuncupatus.
1043 2647 1258 2700 Dicitur
1297 2652 1353 2700 et
1397 2647 1533 2711 avis,
1577 2664 1642 2700 eo
1677 2650 1826 2719 quod
1863 2667 1963 2703 su-

253 2737 498 2808 perbus,
533 2738 714 2788 elatus
745 2741 800 2789 et
825 2752 1002 2806 vagus
1031 2736 1278 2800 incessit,
1311 2737 1585 2806 nulloque
1616 2737 1778 2790 freno
1809 2743 1963 2792 tem-

253 2825 548 2895 perantiae
585 2825 952 2894 semetipsum
988 2823 1251 2877 munivit.
1287 2824 1577 2878 Concident
1615 2840 1731 2878 eum
1776 2829 1960 2893 amici,

255 2915 469 2984 utique
508 2913 757 2977 Domini,
790 2913 847 2965 hi
880 2913 1160 2976 videlicet,
1191 2912 1289 2982 qui
1323 2912 1485 2966 dolos
1512 2913 1666 2966 illius
1698 2915 1962 2968 universo

253 3003 484 3056 mundo
534 3006 847 3071 exponunt,
902 3017 1150 3071 eumque
1196 3001 1424 3070 publica
1469 3001 1823 3071 professione
1869 3004 1964 3056 ho-
2002 3039 2041 3092 Ο

251 3096 406 3142 stem
469 3088 731 3141 Ecclesia:
785 3088 1069 3140 insiluisse
1122 3087 1496 3140 contendunt.
1559 3089 1748 3142 Toties
1804 3090 1958 3143 enim

249 3177 606 3241 conciditur,
647 3177 873 3246 quoties
912 3175 1273 3229 anathemate
1321 3177 1647 3230 denotatur.
1703 3178 1959 3232 Dieident

249 3283 376 3320 eum
422 3268 802 3333 negotiatores,
852 3264 1032 3316 sancti
1076 3264 1204 3329 viri,
1251 3264 1350 3334 qui
1396 3265 1654 3318 membra
1697 3265 1958 3319 draconis

249 3372 281 3408 a
315 3354 502 3422 capiti
531 3352 748 3423 perﬁdo
784 3353 1117 3417 dividentes,
1167 3353 1276 3405 sibi
1325 3353 1699 3423 conjungunt.
1751 3355 1814 3407 Et
1856 3358 1954 3408 im-

241 3444 428 3513 plebis
463 3456 691 3509 sagenas
721 3442 860 3510 pelle
897 3443 1035 3508 ejus,
1069 3445 1166 3494 aut
1202 3445 1546 3509 gurgustium
1585 3444 1819 3511 piscium
1860 3459 1956 3496 ca-

244 3535 365 3601 pite
403 3533 580 3584 illius.
623 3531 681 3583 lu
729 3529 877 3599 pelle
919 3530 1221 3595 exteriora,
1272 3530 1330 3582 in
1381 3530 1564 3598 capite
1616 3532 1856 3600 majora,
1905 3537 1959 3585 et

246 3620 644 3674 luculentiora
691 3619 968 3689 designat.
1029 3619 1259 3672 Servato
1315 3618 1514 3671 ordine
1563 3635 1820 3689 sagenas,
1871 3623 1953 3673 vel

245 3709 623 3780 gurgustium
655 3707 920 3778 piscium,
958 3707 1012 3760 id
1053 3712 1138 3760 est
1187 3707 1486 3760 Ecclesium
1523 3723 1707 3774 suam,
1743 3714 1798 3762 et
1829 3715 1956 3763 vota

243 3798 539 3861 fidelium,
576 3797 827 3864 primum
869 3812 927 3849 se
973 3796 1121 3865 pelle
1156 3799 1298 3865 ejus,
1355 3802 1410 3848 et
1452 3797 1816 3865 postmodum
1864 3814 1954 3850 ca-

241 3889 396 3956 pite,
433 3886 636 3938 asserit
665 3885 1072 3955 impleturum;
1108 3885 1243 3954 quia
1275 3883 1464 3953 primo
1496 3885 1671 3953 elegit
1703 3885 1951 3952 intirma,

242 3982 308 4029 ut
355 3980 497 4045 post
539 3973 912 4027 confunderet
950 3973 1140 4026 fortia.
1186 3973 1341 4025 Intra
1391 3973 1692 4026 Ecclesiam
1739 3974 1954 4044 quippe

241 4064 515 4118 ﬁdelium
551 4063 709 4130 prius
753 4061 914 4131 quasi
957 4062 1167 4130 pellem
1211 4061 1421 4113 diaboli
1469 4067 1752 4114 extremos
1782 4068 1952 4132 atque

239 4153 489 4206 intimos
523 4150 758 4220 colligit,
790 4155 845 4202 et
874 4155 1242 4219 postmodum
1274 4148 1456 4218 capite
1489 4149 1612 4216 ejus
1643 4150 1953 4219 prudentes

238 4242 354 4294 sibi
393 4240 748 4294 adversarios
782 4240 966 4292 subdit
1001 4239 1052 4308 (Ι
1084 4239 1202 4294 Cor.
1255 4254 1292 4303 ι,
1345 4240 1434 4303 27)
1483 4253 1496 4290 :
1550 4240 1817 4306 Ponetque
1859 4255 1948 4293 su-

236 4348 339 4400 per
373 4346 501 4383 eum
545 4331 796 4382 Dominus
834 4343 1074 4393 manum,
1121 4327 1256 4397 quia
1300 4326 1435 4378 forti
1484 4326 1646 4378 illum
1697 4328 1952 4395 potentia
1991 4341 2033 4394 ι)
2064 4340 2190 4378 rum
2241 4341 2252 4378 :

235 4418 540 4490 reprimit,
601 4433 703 4470 nec
754 4419 1056 4486 plusquam
1118 4415 1345 4484 expedit
1397 4415 1592 4467 savire
1645 4417 1944 4484 permittit.

238 4509 473 4562 Dicitur
504 4505 766 4558 Ecclesize
805 4507 1057 4558 Memento
1102 4505 1242 4566 belli,
1288 4519 1378 4556 nec
1411 4503 1559 4555 ultra
1591 4503 1766 4556 addas
1803 4505 1952 4572 loqui

237 4602 636 4667 praeterquam
685 4593 935 4662 positum
985 4598 1088 4657 est,
1127 4599 1182 4644 et
1215 4597 1429 4644 sacrate
1463 4597 1776 4661 receptum.
1813 4592 1948 4660 Ejus

235 4691 448 4738 contra
480 4688 536 4735 te
569 4683 792 4736 interna
830 4681 1032 4752 praelia
1079 4681 1144 4734 ad
1193 4685 1444 4732 mentem
1478 4696 1700 4746 revoca,
1736 4685 1792 4733 et
1832 4681 1948 4733 noli

237 4772 561 4826 Dominum
620 4786 881 4824 accusare
940 4770 1007 4823 de
1065 4770 1364 4835 exteriore,
1421 4784 1592 4838 quam
1645 4768 1942 4838 censpicis,

235 4863 431 4915 multo
465 4861 684 4913 elevata
711 4859 967 4929 potentia
1007 4875 1018 4911 :
1066 4859 1146 4911 vel
1181 4866 1330 4910 certe
1366 4863 1674 4922 memento,
1710 4858 1844 4927 quia
1875 4857 1945 4910 ad

232 4951 346 5004 hoc
378 4949 489 5002 tibi
522 4965 731 5018 pugnae
759 4954 1047 5001 certamen
1079 4947 1409 5016 opponitur,
1438 4951 1500 4998 ut
1527 4947 1625 5016 qui
1649 4946 1901 5015 legitime
1924 4955 1944 4978 °

234 5039 572 5102 certaverit,
607 5043 935 5091 coronetur.
979 5037 1034 5090 Si
1069 5043 1260 5089 tamen
1296 5034 1581 5104 patienter
1615 5031 1633 5069 ί
1670 5033 1944 5087 tentatio-

232 5144 385 5181 num
420 5127 672 5196 impetus
716 5127 923 5188 ferens,
960 5125 1027 5179 de
1070 5123 1304 5194 proprio
1341 5121 1482 5175 nihil
1515 5121 1947 5192 prassumpserit

307 5281 335 5306 ⁸
371 5272 431 5325 F.
467 5286 587 5340 quae
616 5271 821 5323 caduca
850 5269 1244 5340 promittentia.

304 5346 333 5386 ιι
372 5335 519 5406 Lege
551 5359 562 5394 :
597 5343 807 5394 inlusus
837 5335 914 5392 est
951 5354 963 5392 :
1002 5339 1137 5392 dicit
1171 5337 1327 5392 enim
1357 5341 1540 5390 textus
1583 5335 1688 5390 Job
1734 5351 1746 5388 :
1792 5337 1942 5390 Nun-

231 5414 374 5484 quid
407 5413 601 5466 illudes
630 5414 680 5464 ei
705 5413 865 5478 quasi
897 5412 1022 5462 avi?

306 5495 327 5517 ε
370 5485 429 5537 L.
463 5485 612 5550 gula.

305 5553 334 5588 ⁸³
370 5558 477 5608 Ex.
515 5556 548 5606 ι’.
581 5560 650 5605 (με.

2086 517 2240 569 mine
2296 517 2471 581 videt,
2531 533 2635 570 nec
2685 530 2714 571 ε
2761 519 3217 575 additamentum
3267 522 3562 578 incurrens
3614 543 3782 597 super

2087 605 2396 674 superbire;
2434 613 2584 658 recte
2617 607 2926 660 [.eviathan
2969 609 3129 662 istius
3177 611 3457 680 ﬁguretur
3489 632 3728 684 corpore
3763 636 3774 669 :

2086 695 2222 762 quia
2251 710 2370 762 spes
2401 695 2768 761 frustrabitur
2804 698 2958 749 illum
2990 714 3222 751 manum
3264 701 3484 770 opiticis
3515 705 3777 769 evadere,

2085 791 2142 833 et
2171 789 2451 835 internum
2485 784 2831 853 supplicium
2865 787 3055 854 angeli
3087 788 3372 841 tenebrosi
3399 789 3698 844 delusione
3720 809 3778 845 se

2086 871 2343 936 extimat,
2379 888 2494 925 non
2532 873 2716 925 teneri
2751 889 2762 926 :
2805 890 2902 925 seu
2948 889 3041 942 spe
3086 877 3183 928 illa
3228 879 3611 946 frustrabitur,
3664 897 3778 950 qua

2084 975 2141 1012 se
2185 961 2364 1012 credit
2411 961 2693 1029 passivam
2742 962 3036 1015 libidinem
3085 963 3144 1016 in
3194 964 3385 1018 futuro
3429 970 3635 1021 saeculo
3673 985 3778 1038 per

2082 1048 2301 1101 diversa
2331 1054 2514 1102 scorta
2543 1050 2702 1119 largo
2735 1051 3066 1120 dispergere
3100 1050 3275 1105 ﬂuxu.

2153 1139 2240 1189 29.
2306 1136 2625 1190 Videntibus
2674 1141 2901 1204 cunctis,
2963 1139 3176 1205 electis,
3239 1145 3294 1193 et
3354 1143 3628 1210 reprobis,
3691 1147 3774 1197 vel

2082 1241 2228 1294 quos
2260 1225 2502 1294 decepit,
2532 1228 2972 1294 pi'zmpitabitur
3000 1228 3057 1280 iu
3090 1232 3355 1296 stagnum
3390 1229 3538 1298 ignis
3565 1231 3774 1285 arden-

2081 1313 2173 1366 tis.
2223 1315 2341 1368 Non
2385 1317 2546 1382 quasi
2602 1315 2836 1368 crudelis
2889 1316 3161 1369 suscitabo
3218 1332 3334 1369 eum
3395 1319 3531 1385 (Job.
3585 1336 3692 1386 xu,
3747 1325 3766 1374 t

2080 1408 2131 1455 et
2160 1404 2359 1472 scqq.),
2398 1408 2461 1455 ut
2492 1409 2626 1472 pote
2667 1403 2764 1473 qui
2801 1405 2981 1472 magis
3015 1403 3336 1457 misericors
3379 1421 3483 1474 per
3531 1422 3684 1473 eum,
3719 1414 3777 1460 et

2074 1491 2244 1560 justis
2275 1491 2532 1544 debitum
2581 1491 2904 1561 praemium,
2938 1498 2994 1545 et
3026 1492 3252 1561 injustis
3284 1501 3615 1564 competens
3647 1511 3771 1548 me—

2081 1579 2204 1632 ritis
2253 1579 2455 1649 inrogo
2511 1580 2875 1650 supplicium.
2928 1581 3058 1646 Quis
3107 1585 3246 1634 enim
3290 1586 3488 1650 poterit
3528 1587 3775 1637 resistere

2079 1669 2256 1721 vultui
2283 1684 2415 1731 meo,
2447 1685 2479 1720 a
2509 1685 2622 1739 quo
2664 1668 2783 1722 haac
2827 1675 3042 1722 sacrata
3075 1671 3381 1736 ordinatio,
3421 1677 3475 1724 et.
3505 1673 3679 1741 justa,
3712 1674 3772 1727 in

2011 1738 2048 1790 Β
2081 1756 2298 1810 mundo
2340 1757 2632 1825 procedit?
2679 1757 2878 1810 Nullus
2910 1764 3078 1824 certe,
3115 1759 3434 1812 misericors
3466 1767 3520 1813 et
3550 1762 3772 1830 patiens

2077 1861 2251 1914 super
2282 1845 2530 1898 malitias
2564 1844 2887 1910 hominum,
2922 1845 3185 1900 Domine.
3223 1847 3286 1899 Et
3320 1849 3441 1915 quis
3473 1853 3596 1902 ante
3620 1848 3772 1903 dedit

2075 1935 2230 1998 mihi,
2287 1938 2347 1986 ut
2403 1933 2630 1986 reddam
2686 1933 2773 1986 ei?
2832 1935 3043 1987 Iterum
3115 1934 3405 1988 verissime
3469 1936 3568 1989 tibi
3630 1937 3766 1990 dici-

2077 2037 2224 2086 mus,
2282 2021 2568 2090 jutissime
2627 2021 2920 2088 Conditor,
2979 2029 3035 2075 et
3093 2023 3348 2092 piissime
3413 2025 3578 2090 Deus,
3639 2027 3765 2078 nul-

2074 2108 2208 2162 lus:
2255 2110 2390 2180 quia
2420 2127 2451 2162 a
2490 2115 2544 2162 te
2577 2110 2764 2162 omnis
2811 2117 3072 2164 creatura
3116 2112 3460 2165 subsistendi
3509 2114 3765 2183 vigorem

2069 2199 2305 2268 accepit.
2355 2199 2412 2253 Si
2464 2215 2601 2268 ergo
2648 2199 2908 2252 resistere
2958 2200 3352 2270 Omnipotenti
3403 2201 3598 2254 miseri
3645 2219 3763 2256 non

2071 2286 2346 2352 valemus,
2392 2302 2497 2340 nec
2547 2287 2858 2340 debitorem
2906 2294 3206 2353 teternum,
3262 2295 3325 2342 ut
3371 2294 3500 2358 pote
3544 2290 3762 2356 caduci,

2073 2389 2138 2426 ex
2181 2379 2375 2427 nostro
2419 2391 2589 2446 Opere
2637 2376 2972 2440 retinemus,
3027 2393 3268 2446 operum
3313 2377 3436 2446 ejus
3481 2378 3763 2432 rationem

2073 2463 2354 2516 discutere
2396 2480 2508 2517 non
2544 2469 2852 2528 tentemus,
2891 2481 3064 2535 quam
3108 2466 3325 2534 justam
3370 2482 3436 2518 ex
3486 2468 3765 2537 supplicio

2070 2557 2458 2621 peccatorum,
2505 2557 2562 2606 et
2607 2553 2914 2622 gratuitam
2965 2569 3029 2605 ex
3078 2553 3229 2607 dono
3282 2554 3538 2608 videmus
3587 2557 3763 2626 justo-

2073 2656 2220 2692 rum.
2264 2639 2370 2694 Sed
2418 2657 2490 2694 ne
2538 2641 2861 2712 desperatio
2902 2642 3228 2695 confoderet
3271 2643 3492 2697 animas
3526 2645 3764 2698 audien-

2071 2728 2239 2790 tium,
2274 2745 2400 2782 mox
2439 2729 2690 2782 futuram
2722 2730 2781 2782 in
2822 2745 2953 2783 eum
2985 2731 3158 2783 latam
3201 2732 3540 2786 sententiam
3571 2733 3764 2787 divina

2073 2818 2464 2887 promulgavit
2508 2834 2767 2882 censura,
2801 2818 2996 2872 dicens
3044 2835 3055 2872 :
3106 2821 3224 2874 Non
3255 2836 3485 2889 parcam
3519 2823 3604 2876 illi
3643 2838 3762 2876 ver-

2072 2905 2150 2959 bis
2186 2907 2514 2974 potentibus,
2556 2911 2605 2959 et
2655 2907 2729 2959 ad
2777 2907 3172 2976 deprecandum
3217 2912 3543 2978 compositis.
3593 2913 3761 2966 Com-

2071 2994 2413 3062 positionem
2448 3001 2510 3047 ut
2533 2995 2654 3064 jam
2684 2995 2800 3049 dixi
2832 2997 3162 3064 verborum,
3194 3003 3248 3048 et
3281 3014 3473 3067 preces
3503 3001 3760 3054 omnium

2071 3083 2194 3150 ejus
2221 3083 2638 3148 membrorum,
2671 3084 2930 3153 quotidie
2963 3100 3065 3153 pro
3099 3100 3164 3138 eo
3196 3086 3445 3154 eleganti
3473 3088 3759 3154 facundia,

2069 3177 2126 3223 ct
2154 3178 2390 3224 venusto
2420 3173 2704 3224 confectas
2734 3174 2760 3214 h
2791 3173 3041 3242 eloquio,
3092 3190 3197 3226 nos
3228 3173 3394 3227 hodie
3427 3191 3528 3244 per
3561 3193 3759 3230 eorum

2067 3258 2378 3324 volumina,
2414 3265 2469 3312 et
2494 3260 2672 3312 oculis
2703 3260 2970 3330 legimus,
3003 3266 3059 3314 et
3089 3263 3430 3331 plerumque
3459 3264 3756 3319 miramus.

2067 3347 2172 3401 Sed
2223 3363 2338 3400 non
2390 3348 2642 3417 parcitur
2687 3349 2739 3402 ei
2789 3349 2959 3402 tantis
3007 3354 3062 3403 et
3111 3349 3339 3416 talibus,
3392 3353 3526 3420 quia
3574 3353 3758 3406 oratio

2067 3436 2499 3504 praevaricatum
2541 3437 2604 3490 tit
2649 3437 2706 3490 in
2749 3443 3068 3508 peccatum,
3104 3444 3161 3492 et
3187 3439 3310 3508 jugi
3343 3442 3674 3494 curvatione
3707 3447 3762 3494 et

2068 3525 2370 3595 multiplici
2407 3526 2607 3595 capitis
2639 3527 2931 3596 pressione
2968 3544 3139 3596 quam
3177 3529 3498 3583 ostensione
3536 3532 3758 3601 jactan-

2065 3613 2157 3666 tize
2197 3615 2540 3668 creberrime
2587 3621 2751 3669 terrae
2795 3616 3074 3686 deﬁgunt,
3128 3633 3243 3671 non
3289 3618 3371 3671 eis
3416 3621 3756 3687 remedium,

2065 3702 2161 3755 sed
2197 3705 2538 3774 supplicium
2584 3705 2828 3774 acquirit
2859 3713 3160 3758 internum.
3205 3708 3310 3760 Per
3351 3709 3503 3778 quod
3540 3711 3756 3780 perspi-

2065 3807 2166 3843 cue
2213 3791 2381 3844 datur
2428 3792 2673 3863 intelligi
2726 3794 2880 3863 quod
2931 3795 3119 3847 omnis
3167 3797 3371 3862 oratio,
3429 3799 3511 3851 vel
3561 3815 3755 3868 opera,

2065 3894 2192 3948 quae
2222 3878 2280 3931 in
2314 3879 2520 3932 Christi
2556 3880 2665 3934 tide
2699 3897 2815 3933 non
2847 3887 3080 3934 manent
3107 3881 3358 3948 fundata,
3393 3901 3566 3938 vacua
3598 3887 3756 3941 inve-

2071 3967 2305 4020 niantur
2358 3972 2615 4037 tempore
2667 3968 2888 4038 judicii,
2951 3975 3008 4024 et
3060 3971 3279 4024 nociva.
3338 3973 3470 4025 Sine
3531 3975 3756 4030 Christo

2063 4056 2216 4110 enim
2249 4057 2434 4110 omnis
2466 4058 2644 4110 virtus
2666 4058 2723 4110 in
2745 4058 2881 4111 vitio
2904 4064 2988 4112 est
3021 4076 3033 4112 :
3059 4060 3280 4113 dicente
3303 4077 3409 4130 ego
3436 4077 3450 4114 :
3483 4063 3604 4130 Ego
3634 4080 3751 4118 sum

2066 4146 2163 4198 lum
2192 4146 2428 4199 mundi:
2465 4149 2562 4213 qui
2591 4149 2838 4214 sequitur
2883 4164 2965 4201 me
3008 4164 3113 4201 non
3158 4150 3460 4202 ambulabit
3502 4153 3559 4203 in
3609 4157 3756 4206 tene-

2063 4237 2196 4304 bris,
2245 4237 2340 4290 sed
2387 4237 2602 4292 habebit
2646 4239 2821 4291 lumen
2870 4241 2997 4292 vitae
3047 4240 3220 4307 (Joan.
3260 4255 3375 4303 vui,
3415 4241 3517 4309 t2).
3556 4242 3621 4295 Et
3649 4242 3757 4296 ite-

2305 4327 2416 4391 Ego
2461 4341 2578 4378 sum
2619 4328 2730 4392 via,
2783 4328 3006 4390 veritas,
3059 4333 3108 4379 et
3158 4329 3273 4380 vita
3315 4328 3496 4397 (Joan.
3533 4345 3643 4398 xw,
3678 4330 3750 4400 6).

2060 4413 2328 4483 Quisquis
2364 4429 2496 4467 vero
2527 4415 2744 4480 lumen,
2789 4415 3106 4481 veritatem,
3141 4416 3334 4482 vitam,
3371 4424 3424 4470 et
3457 4417 3604 4472 viam
3640 4435 3754 4473 non

2061 4507 2238 4568 tenet,
2273 4502 2330 4555 in
2363 4503 2610 4556 tenebris
2643 4503 2965 4562 ambulans,
2998 4509 3053 4557 et
3083 4506 3444 4560 mendacium
3481 4509 3750 4575 retinens,

2058 4606 2161 4659 per
2209 4591 2370 4644 devia
2415 4607 2630 4654 errans,
2686 4599 2930 4645 mortem
2981 4599 3255 4647 aaternam
3311 4595 3568 4650 incurrit.
3624 4598 3753 4662 Quis

2059 4678 2316 4734 reuelabit
2352 4681 2549 4744 faciem
2580 4679 2882 4733 indumenti
2919 4682 3076 4749 ejus?
3104 4681 3162 4735 id
3197 4688 3278 4734 est
3317 4684 3588 4738 malitiam
3628 4685 3750 4754 ejus

2058 4765 2199 4820 facie
2238 4771 2404 4820 tenus
2434 4768 2700 4837 pietatem
2735 4771 3184 4838 praetendente")
3234 4772 3361 4842 quis
3393 4773 3747 4828 denudahit?

2056 4858 2124 4910 Et
2156 4858 2213 4908 in
2243 4856 2415 4910 medio
2446 4859 2553 4910 oris
2587 4856 2705 4925 ejus
2735 4861 2856 4925 quis
2884 4859 3155 4914 intrabit?
3189 4861 3568 4915 Calliditatem
3607 4863 3748 4931 legis

2054 4943 2269 5014 iniquae
2314 4945 2440 5015 quis
2485 4947 2845 5014 penetrabit?
2897 4948 3335 5020 involutumque
3385 4967 3636 5005 errorem
3692 4957 3748 5005 et

2053 5048 2362 5086 numerum
2405 5033 2750 5101 litterarum,
2794 5052 2962 5105 quem
3006 5038 3061 5090 in
3114 5040 3454 5108 quibusdam
3487 5039 3745 5093 fabulose

2055 5137 2172 5174 suae
2219 5121 2362 5192 legis
2411 5122 2546 5175 locis
2586 5121 2847 5188 intexuit,
2895 5124 3022 5193 quis
3066 5125 3416 5180 discussione
3463 5128 3744 5182 acerrima

2125 5271 2146 5296 ε
2180 5263 2300 5325 Ms.,
2335 5265 2441 5331 legi
2465 5280 2610 5317 meae.

2125 5331 2145 5368 τ
2177 5334 2252 5386 Ms
2285 5374 2296 5398 ,
2327 5338 2614 5402 patientes.

2125 5417 2154 5457 ς
2186 5405 2303 5464 M5,,
2338 5422 2418 5456 ne.

2122 5476 2148 5515 ιι
2181 5476 2301 5542 Ms.,
2332 5478 2582 5541 confecte.
