4098 6180
414 264 518 318 547

1781 257 2043 313 ALVARI
2080 259 2555 318 CORDUBENSIS

3780 273 3863 327 548

415 407 749 466 ventilabit?
792 408 986 460 Porlas
1032 403 1152 472 ejus
1199 405 1318 471 quis
1366 406 1590 473 aperiet,
1635 421 1776 476 quas
1806 407 2022 460 clausas
2050 413 2106 461 ει
2141 396 2187 447 Α
2216 394 2332 464 ejus
2362 395 2638 465 lampades
2668 396 2984 465 procedunt,
3018 413 3134 451 non
3170 399 3386 468 fulgore
3419 401 3552 454 ﬁdei
3583 402 3864 473 luminosae,

415 501 668 554 obtectas
693 509 911 548 veneno
940 492 1256 545 conclusit?
1281 491 1631 546 Subauditur
1668 511 1681 546 :
1717 494 1824 546 nisi
1857 512 1983 564 ego,
2008 497 2106 566 qui

415 586 611 642 electis
657 583 816 646 meis,
860 586 917 634 et
963 581 1169 650 pusillo
1215 581 1399 650 gregi,
1435 581 1549 634 imo
1585 582 1797 635 malitia
1829 585 2102 652 parvulis,

413 673 750 746 sapientiam
800 670 1099 723 doctorum
1143 670 1320 738 ipsius
1369 669 1695 736 subdolam,
1745 677 1801 724 et
1845 671 2105 726 fraudem

413 763 703 822 subtilem,
747 764 1100 826 tectumque,
1145 757 1499 827 praestigium
1554 759 1855 829 perspicua
1905 762 2102 831 cogni-

410 852 563 904 tione
597 847 807 903 diaboli
836 852 1189 915 compactam
1235 863 1474 906 veneno,
1521 848 1661 900 meis
1698 848 1963 901 omnibus
1998 867 2101 919 [m-

410 940 528 994 tule
583 936 904 991 manifesto.
963 937 1064 988 Per
1121 950 1313 1001 gyrum
1374 936 1616 989 dentium
1673 936 1788 1004 ejus
1843 939 2101 1004 formido,

409 1033 595 1082 terror
637 1024 932 1096 potestatis
977 1023 1336 1077 evidentibus
1383 1024 1560 1094 signis
1605 1025 1867 1087 edicitur,
1905 1027 2002 1096 qui
2043 1027 2103 1080 in

412 1117 534 1186 ejus
592 1113 969 1168 muniendum
1029 1110 1414 1179 mendacium,
1470 1118 1524 1165 et
1584 1113 1697 1165 oris
1755 1113 2105 1168 fallacissimi

411 1205 646 1258 verbum
696 1217 888 1255 severa
932 1200 1072 1268 legis
1113 1201 1327 1253 ultione
1369 1201 1681 1271 consurgit.
1717 1202 1919 1270 Corpus
1952 1205 2103 1257 illius

410 1297 563 1347 scuta
593 1291 808 1357 fusilia.
845 1287 1012 1342 Scuta
1036 1287 1228 1340 fusilia
1258 1287 1502 1341 telorum
1535 1292 1666 1341 sunt
1697 1289 1900 1342 ictibus
1933 1306 2102 1360 repu-

410 1381 663 1452 gnantia,
699 1378 794 1432 sed
841 1379 1075 1430 manent
1105 1391 1238 1428 casu
1269 1376 1514 1444 fragilia.
1551 1377 1630 1430 Ita
1665 1381 1719 1430 et
1768 1377 2102 1446 praedicato-

410 1486 498 1522 res
527 1465 932 1521 crudelissimm
961 1463 1156 1517 bestiae
1188 1479 1290 1532 per
1323 1463 1769 1517 obstinationem
1821 1467 2099 1518 mentium

407 1559 676 1617 existunt,
724 1570 853 1606 vera
891 1552 1330 1623 praedicantibus
1368 1551 1516 1616 duri,
1560 1563 1616 1604 et
1650 1569 1751 1621 per
1795 1569 2100 1606 conversa-

405 1647 621 1700 tionem
667 1658 905 1713 operum
951 1640 1158 1694 mereri
1190 1649 1214 1672 ⁸³
1255 1645 1310 1693 et
1359 1641 1573 1704 caduci,
1620 1641 1805 1711 quiet
1840 1642 2097 1694 Ecclesim

405 1732 801 1788 contradicunt
833 1728 1016 1782 inflati
1048 1732 1216 1781 vento
1248 1728 1550 1798 superbiae,
1601 1735 1655 1780 et
1705 1729 1862 1798 lapsu
1913 1730 2098 1782 carnis

404 1840 462 1877 se
506 1821 740 1892 propria
791 1817 1142 1871 interficiunt
1183 1818 1496 1870 voluntate.
1549 1817 1892 1886 Compactum
1929 1833 2092 1886 squa-

401 1915 505 1967 mis
535 1928 588 1966 se
617 1908 983 1980 prementibus
1016 1926 1030 1960 :
1064 1921 1270 1975 corpus
1311 1906 1571 1959 draconis
1616 1907 1819 1959 scamis
1867 1922 2094 1976 compa-

401 2007 552 2054 ctum
583 2004 687 2064 est,
724 2014 793 2050 ue
833 1995 1032 2065 jaculis
1066 1999 1256 2064 pateat
1285 1994 1719 2063 praedicantum,
1750 1995 1848 2064 qui
1879 2011 2095 2048 scamas

403 2089 663 2143 Ecclesiae
695 2084 910 2154 objicit,
945 2099 1014 2136 ne
1052 2082 1305 2135 veritatis
1337 2083 1543 2150 sagitta
1571 2083 1750 2150 possit
1779 2082 2039 2152 transfigi
2079 2100 2090 2136 :

400 2177 497 2231 sed
529 2193 586 2229 se
630 2174 841 2247 premit
880 2189 991 2225 non
1025 2172 1186 2238 alios,
1233 2170 1369 2224 dum
1401 2175 1564 2240 putat
1595 2187 1653 2223 se
1703 2171 2090 2225 defensionem

399 2267 609 2337 clypeis
639 2268 662 2307 b
691 2262 826 2332 tegi.
868 2264 986 2316 Una
1018 2262 1116 2313 uni
1156 2259 1525 2327 conjungitur,
1581 2264 1628 2312 et
1675 2275 1740 2312 ne
1783 2263 2091 2328 respiracu-

399 2357 508 2409 tum
553 2354 770 2424 quidem
814 2349 1059 2420 procedit
1097 2364 1197 2417 per
1243 2363 1351 2402 eas.
1407 2347 1631 2402 Scilicet
1677 2350 2092 2418 respiraculum

397 2445 528 2497 vita:
563 2460 575 2496 :
613 2442 905 2495 obdurataa
947 2438 1098 2492 enim
1132 2443 1265 2489 sunt
1297 2442 1353 2489 et
1385 2437 1703 2506 conjunctae
1741 2438 2093 2492 obstinanter

399 2533 470 2586 ad
512 2532 750 2597 malum,
802 2526 947 2580 nulli
995 2525 1298 2579 reddentes
1347 2525 1481 2578 boni
1531 2525 1724 2578 odoris
1773 2526 2010 2579 olfatum
2047 2536 2086 2581 ο.

405 2623 522 2676 Una
554 2621 715 2673 atteri
743 2615 1112 2680 adhzerebunl,
1148 2619 1196 2667 et
1235 2618 1465 2667 tenentes
1517 2629 1570 2666 se
1617 2630 1960 2684 nequaquam
2004 2631 2086 2669 se-

392 2709 761 2778 parabantur.
797 2705 946 2758 Forti
980 2703 1190 2774 quippe
1222 2703 1641 2772 conjunctione,
1673 2708 1728 2755 et
1756 2704 1939 2756 tenaci
1967 2705 2090 2773 glu-

395 2797 518 2851 tino
560 2794 876 2867 iniquitatis
923 2793 1186 2856 connexi,
1240 2791 1542 2845 unanimes
1591 2799 1647 2846 et
1704 2794 1911 2862 aequali
1957 2799 2090 2847 sunt

397 2887 615 2956 majore
658 2885 794 2938 vitio
847 2884 872 2925 ά
927 2881 1215 2953 glutinati.
1271 2881 1605 2935 Sternutatio
1662 2881 1780 2949 ejus
1837 2882 2091 2950 splendor

397 2978 562 3043 ignis.
597 2975 742 3038 Quid
776 2989 879 3043 per
910 2970 1369 3024 sturnitationem
1403 2981 1440 3036 ε,
1487 2970 1595 3022 nisi
1636 2969 1856 3023 inflatio
1890 2987 2087 3040 corpo-

397 3066 493 3131 ris,
555 3069 610 3117 et
661 3061 967 3116 commotio
1027 3058 1227 3128 capitis
1276 3058 1646 3127 designatur?
1691 3064 1747 3112 et
1797 3059 1932 3129 quid
1985 3075 2088 3129 per

397 3153 842 3206 commotionem
889 3148 1107 3219 capitis,
1154 3152 1211 3200 et
1258 3146 1613 3200 inllationem
1662 3147 1924 3217 pectoris,
1976 3149 2086 3202 nisi

395 3241 683 3311 snperbia,
735 3239 916 3303 furor,
970 3237 1054 3288 ira
1111 3240 1167 3288 et
1209 3235 1528 3287 constantia
1585 3236 1832 3288 mentis?
1877 3236 2085 3304 Splen—

394 3329 498 3384 dor
543 3329 691 3383 dicta
734 3331 816 3380 est
865 3325 946 3378 vis
996 3325 1092 3377 illa
1131 3323 1360 3387 furoris,
1392 3339 1457 3375 eo
1489 3323 1638 3392 quod
1672 3324 1835 3393 quasi
1864 3325 2084 3378 ultione

392 3418 536 3488 legis
568 3417 755 3470 rabies
799 3430 1003 3467 vesana
1052 3412 1114 3464 in
1161 3411 1367 3465 Christi
1413 3412 1656 3464 cultores
1700 3412 1950 3477 desaevit,
1983 3414 2085 3465 liu-

393 3523 535 3576 gens
576 3523 633 3559 se
674 3503 1038 3574 splendorem
1091 3500 1231 3569 legis
1271 3499 1501 3564 habere,
1537 3516 1664 3570 quae
1704 3517 1817 3554 non
1849 3501 2082 3554 luminis

389 3596 656 3661 faculam,
691 3593 786 3646 sed
819 3591 1191 3660 nigerrimam
1239 3589 1478 3641 ustionis
1518 3589 1724 3642 retinet
1763 3589 2075 3644 ﬂammam.

389 3685 492 3739 Sed
539 3692 594 3736 ut
636 3682 752 3736 dixi
799 3682 1042 3734 colorem
1093 3677 1350 3731 veritatis
1389 3678 1656 3746 induens,
1698 3677 1978 3747 justitiam
2022 3680 2078 3732 iu

387 3773 564 3828 oculis
618 3766 1315 3825 iutuentium'defendere
1363 3767 1529 3837 tingit
1580 3783 1594 3821 :
1657 3767 1756 3821 sed
1812 3784 1940 3822 vere
1989 3784 2080 3837 ge-

386 3859 593 3914 hennm
625 3859 959 3913 tenebrosus
991 3862 1076 3910 est
1104 3855 1275 3925 ignis,
1303 3855 1437 3926 quia
1462 3872 1578 3908 non
1599 3855 1910 3909 inluminat
1930 3873 2078 3909 crea-

385 3953 588 4014 turam,
634 3947 728 4002 sed
781 3947 915 4001 urit.
971 3947 1124 4001 Oculi
1173 3945 1289 4012 ejus
1338 3948 1397 3996 ut
1445 3944 1717 4012 palpebrae
1761 3942 1779 3976 τ
1825 3945 2076 3998 diluculi.

387 4038 491 4092 Per
519 4037 711 4091 oculos
733 4036 1027 4089 haurimus
1051 4035 1272 4098 lumen;
1305 4037 1360 4085 et
1392 4032 1527 4102 quid
1560 4031 1871 4086 Behemoth
1903 4032 2075 4101 oculi,

385 4127 496 4180 nisi
533 4132 629 4180 aut
657 4129 945 4196 praecepta
977 4122 1119 4192 ejus,
1153 4137 1257 4191 per
1295 4136 1423 4190 qua:
1457 4137 1513 4173 se
1545 4120 1740 4173 lumen
1773 4120 2076 4174 infundere

384 4215 550 4282 fallit,
599 4220 697 4268 aut
739 4213 1043 4283 sapientes,
1077 4226 1181 4279 per
1209 4225 1354 4279 quos
1386 4209 1632 4260 versutia
1666 4209 1872 4261 latinus
1915 4215 2078 4263 tensa

385 4304 691 4357 discurrit?
720 4301 1017 4371 Spondent
1055 4315 1111 4352 se
1146 4298 1410 4351 tenebras
1442 4297 1739 4366 repellere,
1782 4303 1837 4350 et
1869 4299 2072 4352 verita-

383 4392 456 4446 tis
486 4394 684 4446 lumen
715 4390 895 4460 signis
938 4386 1283 4441 clarentibus
1326 4386 1607 4450 nuntiare,
1652 4386 1824 4438 fidem
1867 4386 2075 4440 Christi

382 4482 646 4535 tenebras
676 4481 1012 4542 asserentes,
1061 4481 1114 4528 et
1159 4492 1215 4528 se
1257 4490 1454 4526 verum
1492 4490 1657 4527 mane
1690 4474 2071 4541 credentibus,

385 4569 726 4642 quibusdam
774 4564 1146 4636 praestigiosis
1197 4563 1421 4616 indiciis
1465 4563 1784 4632 designare.
1833 4563 2076 4616 Possunt

384 4665 440 4713 et
473 4661 634 4728 quasi
667 4656 958 4727 palpebras
993 4653 1224 4707 diluculi
1267 4652 1395 4705 ideo
1443 4651 1657 4705 dictum
1705 4651 1969 4720 intelligi,
2005 4668 2072 4705 eo

384 4749 539 4820 quod
576 4746 882 4800 simulante
914 4743 1167 4813 priorem
1207 4743 1392 4810 legem
1424 4746 1694 4807 veterem,
1741 4739 1900 4810 quasi
1943 4739 2073 4810 qui-

382 4835 621 4890 busdam
655 4831 994 4886 indiciorum
1042 4829 1304 4897 decretis,
1338 4829 1423 4881 vel
1460 4832 1879 4898 praeceptorum
1921 4825 2070 4897 rigo-

381 4925 560 4991 ribus,
594 4923 654 4977 in
689 4922 876 4993 aliqua
917 4920 1112 4974 tenuia
1153 4918 1378 4971 imitare
1424 4916 1650 4970 conavit
1679 4927 1718 4967 ι.
1751 4915 1861 4969 Sed
1889 4915 1955 4968 de
1983 4931 2074 4970 ore

448 5082 472 5110 ι
501 5069 558 5123 F.
589 5069 793 5121 miseri.

447 5142 474 5182 Ι)
505 5141 620 5201 Ms.,
652 5142 914 5206 clippeus.

448 5219 467 5243 ε
516 5198 616 5264 8Ιὰ
655 5198 874 5278 vulgari
924 5206 1142 5275 lingua,
1193 5220 1218 5257 c
1269 5217 1592 5272 suppressa,
1647 5198 1878 5269 Hispani
1925 5198 2070 5252 olta-

377 5288 532 5351 ctum
566 5281 909 5351 proferimus
938 5278 1128 5341 otfuto.

450 5349 476 5385 δ
509 5343 847 5419 [³Ῐκᾳααῑὶε,
884 5353 1009 5402 sunt
1037 5345 1239 5414 majori
1267 5345 1400 5419 vitio
1430 5343 1709 5419 glutinati.

447 5435 469 5459 ο
500 5424 636 5476 Cum
653 5414 785 5473 'tam
820 5414 999 5489 prope
1031 5417 1355 5489 sternutatio
1397 5414 1697 5489 princedat.
1743 5426 1855 5464 non
1901 5415 2067 5479 pote-

375 5493 453 5546 ris
476 5508 595 5546 non
628 5484 1278 5543 mirari'tra'nscribentis
1309 5484 1726 5538 oscitationem.

448 5562 466 5596 ί
495 5564 615 5627 Ms.,
640 5561 930 5629 pol/etme.

2214 484 2306 536 sed
2338 483 2652 554 nigredinis
2681 485 2836 538 fumo
2870 485 3192 540 videntibus
3224 488 3506 556 caligosae.
3545 490 3676 542 Nam
3708 495 3864 562 sequi-

2214 577 2308 626 tur
2339 589 2351 626 :
2400 574 2550 628 Sicut
2593 575 2742 628 teda:
2774 576 2919 642 ignis
2961 591 3212 629 accensae.
3245 577 3410 631 Teeda
3451 594 3580 631 cum
3613 583 3868 636 succendi-

2211 667 2323 729 tur,
2356 663 2548 733 ignem
2592 664 2732 732 gerit
2769 665 3099 729 obscurum,
3138 670 3195 717 et
3237 666 3440 735 globus
3485 667 3714 720 nubium
3759 670 3867 723 fun-

2213 751 2353 804 dens
2389 764 2490 821 per
2520 751 2712 804 inania
2743 753 3004 818 tendens,
3037 754 3213 806 mittit
3243 755 3311 808 ad
3348 756 3573 809 ccelum.
3609 755 3695 809 Sic
3724 764 3774 810 et
3801 760 3870 812 lex

2215 839 2402 908 hujus,
2439 857 2554 894 non
2589 840 2828 906 domini,
2873 841 3135 895 vindicta:
3173 843 3294 911 igni
3339 845 3698 898 succenditur
3739 862 3749 900 :
3789 848 3868 900 sed

2211 930 2593 985 simulationis
2622 932 2931 986 calliditate
2959 934 3082 986 loco
3114 935 3434 1004 splendoris
3465 936 3757 1006 caliginem
3787 955 3870 1008 ge-

2211 1018 2287 1072 rit
2315 1019 2542 1072 erroris.
2653 1011 2666 1024 “

2282 1110 2368 1161 30.
2433 1111 2503 1162 De
2553 1109 2780 1163 naribus
2836 1111 2953 1178 ejus
3005 1110 3252 1179 procedit
3309 1113 3516 1178 fumus.
3571 1114 3677 1167 Per
3727 1130 3870 1167 nares

2212 1212 2460 1267 namque
2505 1197 2651 1250 odor
2697 1198 2976 1264 trahitur;
3020 1203 3075 1252 et
3122 1199 3260 1269 quid
3301 1217 3402 1270 per
3443 1217 3608 1254 nares
3640 1203 3738 1254 nisi
3767 1203 3871 1273 ejus

2211 1285 2468 1339 odoriﬁci
2515 1285 2848 1339 indicantur
2882 1302 2895 1339 :
2943 1286 2995 1339 id
3043 1291 3146 1352 est,
3185 1289 3488 1357 sapientes,
3524 1296 3579 1343 et
3608 1291 3757 1354 clari,
3787 1291 3872 1362 qui

2212 1389 2321 1426 non
2372 1373 2608 1427 olfatum
2655 1379 3006 1440 nectareum,
3059 1376 3471 1447 ambreumque
3517 1379 3543 1420 h
3589 1378 3875 1449 thymiama

2209 1462 2600 1528 odorantibus,
2652 1463 2747 1517 sed
2800 1468 3062 1533 putorem
3121 1466 3460 1520 cadaverum
3517 1467 3775 1537 proferet,
3825 1484 3872 1520 se

2209 1567 2436 1621 semper
2484 1552 2898 1605 sufficientibus
2936 1553 2968 1606 ί.
3021 1554 3088 1606 Et
3128 1555 3332 1607 merito
3365 1556 3506 1608 fumi
3540 1557 3763 1611 nomine
3791 1557 3873 1610 de-

2209 1643 2486 1709 signatur,
2539 1646 2602 1693 ut
2652 1641 3016 1711 hypocriseos
3075 1645 3312 1696 materia
3365 1645 3570 1713 aptiori
3627 1645 3873 1698 vocabulo

2141 1700 2178 1752 Β
2208 1700 2551 1783 ὀεῖηιιαρὶιέιυ.
2584 1700 2802 1784 Halitus
2833 1731 2951 1798 ejus
2975 1747 3187 1799 prunas
3231 1700 3422 1786 ardere
3462 1735 3602 1798 facit
3632 1752 3648 1788 :
3692 1736 3874 1787 halitus

2207 1818 2421 1889 quippe
2455 1819 2866 1888 respiraculnm
2903 1820 3030 1874 vitae
3076 1827 3178 1886 est,
3227 1827 3278 1874 et
3329 1823 3440 1874 vita
3477 1823 3769 1876 hominum
3801 1824 3872 1876 lex

2206 1907 2307 1960 Dei
2357 1913 2460 1973 est,
2511 1924 2639 1978 quae
2687 1924 2876 1961 mores
2925 1909 3225 1962 hominum
3282 1911 3534 1981 corrigit,
3583 1917 3641 1965 et
3687 1916 3872 1964 statum

2203 1995 2471 2049 humana:
2502 1997 2700 2048 salutis
2737 2001 2927 2066 optata
2972 1998 3223 2067 dirigens
3266 2015 3402 2068 pace
3435 2001 3739 2070 componit.
3780 2000 3870 2053 Sed

2203 2084 2372 2153 hujus
2407 2085 2641 2154 legifera
2673 2085 2887 2138 sanctio
2918 2101 3129 2154 prunas
3169 2088 3360 2149 ardere
3390 2090 3547 2154 facit,
3598 2073 3727 2159 quia
3767 2104 3872 2141 car-

2202 2175 2316 2226 nali
2359 2173 2664 2238 desiderio,
2701 2179 2758 2226 et
2807 2190 3001 2227 amore
3050 2175 3284 2241 caduco,
3339 2178 3585 2230 cultores
3637 2178 3874 2248 pr0prios

2201 2263 2406 2331 replet,
2456 2268 2512 2315 et
2557 2262 2681 2332 jugi
2735 2263 3067 2331 ambitione,
3119 2271 3183 2317 ut
3241 2265 3496 2330 ardeant,
3547 2267 3874 2336 quibusdam

2203 2350 2476 2420 exemplis
2522 2357 2577 2404 et
2623 2352 2833 2420 regulis
2883 2353 3065 2406 docet.
3120 2354 3308 2407 Potest
3347 2359 3400 2407 et
3440 2355 3651 2408 halitus
3691 2371 3872 2408 eorum

2201 2440 2408 2493 ardens
2455 2439 2678 2509 gladius
2724 2440 2774 2506 1,
2827 2456 2999 2510 quem
3050 2441 3347 2510 fulgurans
3396 2443 3646 2512 minitat,
3691 2443 3872 2512 accipi,

2201 2544 2373 2598 quem
2405 2527 2620 2580 mundo
2649 2544 2785 2597 pace
2817 2533 2874 2581 et
2897 2528 3176 2597 patientia
3205 2531 3521 2599 composito
3557 2531 3802 2597 Domini,
3826 2539 3877 2583 ut

2200 2632 2328 2669 vere
2383 2616 2761 2670 Anticliristus
2817 2617 3104 2670 contrario
3163 2618 3562 2688 Redemptoris
3625 2621 3876 2673 incedens

2199 2706 2359 2768 calle,
2399 2705 2703 2758 universali
2738 2706 3105 2759 exsecutione
3136 2710 3272 2772 toto,
3306 2713 3371 2760 ut
3399 2708 3666 2772 diximus,
3701 2708 3879 2778 injecit

2201 2794 2629 2847 crudelissimus
2681 2793 2839 2846 orbe.
2887 2794 3046 2858 Quod
3097 2797 3348 2864 apertius
3394 2798 3719 2866 prosecutio
3766 2797 3877 2866 ipsa

2199 2881 2444 2950 explicat
2481 2880 2614 2934 libri
2659 2881 2851 2934 dicens
2895 2897 2906 2933 :
2949 2882 3027 2934 Et
3064 2884 3283 2950 ﬂamma
3315 2883 3380 2936 de
3409 2899 3497 2937 ore
3528 2885 3649 2952 ejus
3681 2883 3876 2952 egredi-

2129 3000 2167 3053 ρ
2200 2975 2288 3024 tur
2320 2988 2336 3022 :
2372 2985 2495 3039 quae.
2526 2969 2886 3024 Christicolas
2915 2976 2970 3023 et
2995 2971 3402 3041 omnipotentis
3438 2973 3663 3026 Domini
3700 2989 3876 3026 servos

2196 3064 2456 3129 satagens
2494 3059 2735 3112 adurere
2779 3059 3090 3112 carnalium
3137 3061 3307 3113 corda
3347 3060 3606 3127 libidine,
3649 3062 3875 3114 commi-

2195 3144 2493 3216 stioneque
2525 3147 2836 3201 multarum
2863 3147 3100 3201 fascium
3125 3148 3252 3202 facit
3284 3149 3500 3202 ardere.
3537 3152 3599 3203 In
3632 3151 3740 3204 loco
3769 3151 3876 3217 ejus

2192 3233 2497 3286 morabitur
2521 3235 2791 3299 fortitudo
2823 3254 2838 3288 :
2867 3242 3118 3304 potestas
3152 3243 3207 3290 et
3236 3237 3398 3307 vigor
3430 3239 3660 3308 regalis,
3690 3244 3746 3292 et
3774 3238 3876 3290 late

2193 3321 2514 3375 discurrens
2569 3323 2884 3393 principale
2943 3325 3255 3390 decretum,
3312 3328 3649 3380 auctoritate
3704 3328 3873 3396 impe—

2191 3410 2403 3464 ratoria
2462 3411 2604 3464 forte
2653 3409 2698 3464 ι.
2758 3412 2866 3466 Sed
2921 3414 3114 3479 faciem
3175 3415 3292 3482 ejus
3342 3415 3606 3484 praecedet
3659 3422 3873 3482 egestas.

2193 3500 2421 3568 Egestas
2453 3515 2580 3553 vere
2621 3499 2837 3570 aliquid
2884 3502 3279 3570 promitteudi,
3330 3503 3413 3555 vel
3462 3509 3614 3558 certe
3665 3511 3875 3573 egestas

2189 3603 2336 3641 veras
2383 3588 2681 3654 doctrinae,
2717 3606 2845 3659 quin
2877 3606 2906 3642 a
2954 3590 3044 3644 die
3086 3591 3424 3660 egressionis
3454 3591 3655 3646 bestiae
3701 3591 3876 3645 immi-

2190 3682 2328 3730 nuta
2357 3682 2461 3743 est,
2495 3682 2551 3731 et
2584 3677 2896 3744 confracta;
2929 3694 3028 3732 seu
3060 3679 3336 3733 virtutum
3379 3685 3434 3733 et
3470 3681 3875 3734 miraculorum

2190 3764 2351 3835 signa
2384 3766 2418 3830 ι,
2454 3781 2583 3835 quae
2617 3765 2925 3832 moderate,
2960 3782 3062 3820 nec
3092 3767 3238 3820 utin
3270 3767 3551 3838 principio
3580 3767 3877 3838 multiplici

2190 3854 2348 3921 flore,
2397 3860 2708 3908 coruscant.
2755 3856 2994 3909 Membra
3042 3861 3290 3910 carnium
3337 3873 3452 3926 ejus
3503 3859 3879 3912 cohaerentium

2185 3942 2342 3995 sibi:
2379 3941 2575 3994 eadem
2608 3941 2807 3995 crebro
2848 3941 3075 3995 divinus
3119 3943 3327 4011 repetit
3375 3958 3581 3995 sermo.
3640 3944 3706 3996 Et
3748 3942 3880 3994 sicut

2185 4029 2361 4082 fortes
2400 4028 2660 4098 ipsorum
2702 4030 3051 4083 cohaerentes
3090 4046 3192 4100 per
3222 4047 3284 4084 os
3315 4046 3482 4083 suum
3516 4031 3759 4084 nomine
3791 4029 3877 4083 de-

2187 4116 2460 4187 signavit;
2490 4120 2567 4169 ita
2597 4117 2796 4170 molles
2837 4122 2893 4170 et
2934 4117 3150 4171 debiles
3179 4134 3280 4188 per
3319 4118 3576 4171 carnium
3627 4117 3879 4171 membra

2185 4205 2458 4260 distinxit.
2505 4207 2574 4260 Ut
2614 4222 2841 4259 omnem
2888 4207 3238 4276 perditorum
3272 4223 3515 4260 massam
3549 4214 3612 4262 et
3652 4207 3748 4261 hic
3779 4203 3879 4258 ini-

2119 4302 2161 4356 1)
2191 4294 2427 4364 quitatis
2461 4295 2618 4348 unite
2649 4311 2811 4348 cceno
2843 4294 3101 4349 firmaret
3131 4301 3439 4362 ostensam,
3480 4300 3535 4350 et
3576 4296 3643 4349 in
3692 4296 3880 4349 futuro

2183 4400 2214 4436 a
2254 4385 2439 4452 poenis
2471 4385 2629 4436 nullo
2675 4383 2844 4437 modo
2886 4383 3112 4438 doceret
3153 4384 3411 4438 divisam.
3461 4385 3691 4455 Ubique
3732 4383 3874 4436 enim

2184 4471 2292 4524 sibi
2321 4471 2623 4536 haerentes,
2655 4478 2708 4524 et
2740 4488 2855 4524 non
2887 4471 3156 4541 disjnncti
3200 4471 3532 4538 consistunt,
3568 4472 3713 4542 quia
3741 4477 3795 4524 et
3824 4471 3878 4522 in

2183 4561 2387 4614 saeculo
2418 4577 2520 4630 per
2549 4561 2902 4614 voluntatem
2948 4577 3178 4630 pravam
3227 4566 3362 4614 sunt
3409 4560 3515 4613 sibi
3561 4557 3876 4631 conjuncti,

2183 4653 2238 4702 et
2268 4649 2324 4702 in
2358 4648 2725 4702 damnatione
2755 4649 2949 4702 futura
2974 4665 3078 4719 per
3097 4650 3471 4719 justissimam
3499 4651 3645 4719 justi
3671 4649 3879 4704 Iudicis

2183 4738 2512 4808 aequitatem
2546 4737 2615 4791 ab
2647 4737 2886 4790 invicem
2917 4754 3030 4791 non
3075 4737 3260 4791 divisi.
3306 4741 3478 4793 Mittit
3525 4744 3724 4793 contra
3766 4751 3878 4790 eum

2178 4827 2434 4893 fulmina,
2464 4831 2514 4878 et
2545 4825 2620 4878 ad
2652 4828 2821 4879 locum
2852 4826 3020 4879 alium
3061 4841 3168 4879 non
3210 4828 3483 4893 feruntur.
3531 4826 3680 4890 Quia
3721 4842 3878 4880 com-

2181 4913 2526 4967 minationes
2555 4913 2762 4966 divinas
2789 4912 2928 4967 dum
2953 4929 3106 4978 eum,
3142 4930 3573 4985 memoremque
3608 4917 3760 4986 ejus,
3793 4929 3881 4983 ap-

2249 5067 2269 5103 s
2303 5055 2417 5118 Hic,
2452 5054 2548 5107 ubi
2581 5055 2650 5108 de
2683 5072 2741 5108 re
2774 5055 2892 5124 agit
2921 5055 3232 5124 praaterita,
3281 5073 3384 5126 per
3433 5056 3462 5108 b
3515 5055 3756 5126 scripsit
3797 5069 3881 5108 co-

2179 5126 2363 5190 nubit;
2396 5129 2655 5195 tempora
2685 5132 2875 5180 autem
2919 5127 3111 5179 futura
3144 5143 3242 5196 per
3272 5144 3301 5180 v
3333 5128 3672 5197 frequenter
3705 5130 3876 5197 noxat.

2250 5199 2287 5269 hg
2309 5197 2392 5250 Ab
2418 5197 2673 5265 ambaro,
2709 5213 2807 5250 seu
2840 5198 3063 5265 ambro,
3089 5195 3242 5267 quod
3265 5195 3491 5263 Graecis,
3522 5203 3579 5251 et
3613 5195 3885 5269 Hispanis

2178 5267 2370 5321 ambar
2402 5268 2624 5320 dicitur.

2250 5338 2262 5371 ί
2299 5339 2354 5390 l..
2389 5338 2738 5404 saﬂientibus,
2772 5353 2804 5390 a
2834 5337 3024 5404 sufﬁo,
3055 5338 3352 5409 Hispanice
3383 5339 3675 5393 sahumar.

2243 5410 2256 5452 ἰ
2296 5409 2417 5475 M5,,
2450 5409 2725 5461 ardentem
2749 5409 3015 5476 gladium.

2247 5475 2269 5513 ¹ι
2297 5479 2415 5538 Ms.,
2446 5475 2771 5547 principal-is
2801 5479 3110 5533 decretus...
3143 5481 3323 5545 fortis.

2250 5551 2260 5582 ¹
2299 5550 2420 5614 Ms,
2451 5553 2651 5616 signia.
