4022 6178
165 298 246 351 5,9
1458 276 1832 333 INDICULUS
1871 276 2280 334 LUMINOSUS.

3512 290 3615 344 550

162 420 556 494 prehenderint;
598 418 669 471 ad
710 416 951 470 aliorum
987 412 1269 483 supplicia
1301 428 1415 466 non
1448 412 1793 476 transibunt,
1838 414 1880 466 A
1910 411 2157 476 fundum
2189 429 2338 467 mare
2368 415 2533 482 quasi
2575 417 2735 470 ollam
2776 418 3030 483 fervescit
3068 418 3116 485 f;
3163 420 3297 474 dum
3333 424 3611 479 mundum

162 514 272 582 quia
299 509 438 580 quod
472 508 527 560 in
560 508 641 559 eis
674 510 800 558 urat
830 504 1189 557 abundanter
1216 503 1525 555 habebunt.
1565 503 1665 557 Cor
1694 502 1807 569 ejus

160 600 471 654 indurabitur
518 599 679 665 quasi
727 595 891 663 lapis,
939 608 1005 646 eo
1051 591 1202 662 quod
1256 591 1467 655 nullus,
1515 596 1615 642 aut
1658 594 1809 642 certe

161 688 312 759 parvi,
346 688 409 739 ad
456 684 703 737 veritatis
736 683 907 735 ﬁdem
941 697 1005 734 ex
1051 679 1309 732 membro
1335 680 1453 747 ejus
1498 682 1805 730 revertent.

159 776 213 827 Et
236 773 512 835 stringetur
558 769 717 835 quasi
753 765 1085 818 malleatoris
1116 765 1287 816 incus.
1347 762 1632 815 Funiculis
1681 779 1812 831 pec-

160 868 381 914 catorum
419 854 748 910 constrincti
794 853 957 923 quasi
991 851 1336 905 malleatoris
1368 856 1539 904 erunt
1578 850 1811 904 incudes

160 948 399 1004 indurati.
439 948 600 999 lncns
637 942 987 996 malleatoris
1039 940 1249 994 idcirco
1281 939 1708 1008 constringitur,
1751 942 1810 991 ut

159 1038 368 1092 assiduis
397 1035 599 1089 ictibus
646 1034 903 1087 feriatur.
945 1032 1008 1083 Et
1054 1030 1113 1082 hi
1146 1029 1273 1081 ideo
1304 1028 1602 1097 pertinaci,
1651 1028 1811 1095 juxta

159 1127 333 1182 merita
389 1122 785 1195 praecedentia,
842 1130 863 1155 ⁸
915 1118 1153 1189 perfidia
1206 1116 1699 1185 constringuntur.
1752 1120 1814 1167 ut

158 1215 397 1269 continua
440 1211 804 1282 percussione
851 1209 909 1261 in
959 1206 1261 1260 infernalia
1310 1207 1431 1258 loca
1479 1206 1809 1259 tundantur.

158 1306 266 1359 Cum
319 1304 557 1355 sublatus
632 1302 822 1366 fuerit,
882 1297 1143 1350 timebunt
1199 1296 1395 1361 angeli,
1446 1299 1497 1347 ct
1568 1295 1816 1347 emterriti

156 1392 524 1462 purgabantur.
564 1388 967 1443 Prmdicatores
1001 1385 1252 1439 Ecclesiae
1289 1400 1321 1436 a
1366 1383 1585 1437 Christo
1638 1381 1812 1445 missi,

159 1482 239 1550 qui
273 1480 495 1532 terroris
539 1478 692 1529 illius
728 1476 941 1528 visione
974 1492 1005 1525 ει
1034 1472 1341 1526 levioribus
1372 1471 1618 1540 peccatis
1648 1486 1815 1522 mun-

156 1570 337 1623 dantur
378 1568 433 1620 in
482 1567 611 1619 ﬁne.
658 1566 788 1619 Cum
827 1562 1245 1631 apprehenderit
1294 1562 1318 1602 b
1348 1560 1589 1625 gladius,
1640 1559 1815 1612 subsi-

158 1664 271 1710 stere
306 1673 406 1709 non
455 1658 653 1723 poterit
700 1668 867 1721 neque
902 1653 1079 1717 hasta,
1131 1665 1300 1718 neque
1351 1650 1567 1702 thorax.
1619 1647 1817 1701 Gladio

1920 502 2083 555 bellis
2115 504 2358 571 lacessit,
2391 506 2475 558 vel
2514 505 2648 559 dum
2685 508 2857 559 corda
2889 510 3247 562 saecularium
3283 514 3612 582 cupiditate,

1920 590 2175 656 libidine,
2214 593 2298 645 vel
2334 594 2502 662 legali
2534 595 2828 658 instinctu,
2879 602 2933 649 et
2966 599 3084 650 zelo
3120 599 3215 651 Dei
3248 606 3311 653 ut
3342 602 3613 670 ostendit,

1920 679 2193 734 incendit.
2257 684 2430 735 Ponet
2487 685 2651 750 quasi
2697 690 2971 750 unguenta
3023 702 3138 739 cum
3199 690 3490 752 evulliunt;
3553 697 3618 743 ut

1922 769 2041 819 haec
2079 769 2343 821 universa
2391 786 2519 840 qum
2554 771 2819 841 nequiter
2848 773 2964 839 agit
3004 785 3033 825 ς
3082 774 3202 826 zelo
3256 777 3617 831 rectitudinis

1921 859 1975 907 et
2006 855 2139 909 fidei
2170 858 2500 929 intorquere
2552 859 2608 912 iu
2655 862 2923 913 adversus
2965 867 3020 913 et
3063 865 3374 917 contrarios
3409 866 3614 935 glorie-

1921 947 2054 996 tur:
2087 944 2228 997 illud
2264 946 2631 1015 Evangelium
2669 947 3050 1017 adimplentes
3076 965 3087 1001 :
3114 950 3297 1004 Omnis
3320 955 3417 1018 qui
3448 955 3617 1005 inter-

1919 1033 2107 1096 fecerit
2145 1049 2258 1098 vos,
2327 1036 2690 1088 arbitrabitur
2730 1052 2784 1090 se
2844 1038 3153 1105 obsequium
3210 1046 3471 1108 praestare
3518 1045 3619 1096 Deo

1923 1118 2103 1186 (Joan.
2141 1137 2250 1187 xv1,
2302 1122 2377 1191 '2).
2432 1123 2590 1187 Quod
2624 1131 2813 1177 nostro
2857 1128 3109 1195 tempore
3159 1128 3427 1181 occidisse
3459 1130 3616 1183 vide-

1927 1223 2071 1269 mus,
2108 1209 2243 1263 dum
2272 1226 2531 1263 cruorem
2556 1212 2813 1264 fidelium
2841 1213 3002 1283 quasi
3034 1212 3090 1264 in
3121 1212 3448 1268 defensione
3480 1216 3621 1286 legis

1924 1296 2164 1350 libatum
2219 1299 2463 1351 Domino
2513 1300 2816 1364 volvimus,
2860 1306 2915 1353 et
2958 1317 3197 1371 corpora
3242 1310 3560 1373 martyrum
3593 1322 3625 1358 a

1926 1384 2235 1452 gentilibus
2266 1402 2391 1439 arsa
2424 1387 2605 1439 oculis
2646 1389 2850 1440 nostris
2885 1389 3281 1458 conspeximus
3316 1407 3328 1442 :
3371 1398 3426 1444 et
3467 1394 3623 1462 quod

1927 1471 2331 1525 abundantiori
2381 1480 2463 1526 est
2494 1475 2627 1527 fletu
2663 1475 3025 1545 plorandum,
3077 1478 3381 1548 plerosque
3431 1481 3625 1535 Patres

1928 1560 2479 1615 anathematizantes
2536 1564 2671 1616 talia
2731 1564 3014 1633 patientes
3071 1566 3424 1621 miravimus.
3504 1572 3627 1624 Post

1932 1662 2049 1701 eum
2094 1649 2289 1703 lucebit
2319 1652 2527 1703 semita.
2575 1651 2877 1721 Perspicua
2909 1655 3261 1722 expositione
3305 1673 3420 1709 non
3470 1658 3626 1710 indi-

158 1716 597 1816 apprehenditur,
674 1716 809 1811 quia
879 1740 979 1794 ira:
1056 1716 1172 1792 suae
1208 1716 1339 1791 vnon
1404 1736 1817 1803 dominabitur,
1860 1716 1897 1769 Β
1932 1742 2045 1804 get.
2085 1742 2141 1789 et
2174 1739 2277 1790 hoc
2308 1742 2424 1791 tam
2468 1716 2732 1807 apertum
2782 1746 2833 1793 et
2871 1716 3090 1795 clarum
3129 1748 3230 1804 est,
3276 1751 3359 1811 ut,
3402 1762 3461 1797 re
3505 1746 3628 1815 ipsa

159 1850 319 1905 neque
361 1833 543 1899 hasta,
585 1847 772 1901 neque
800 1830 1000 1882 thorax
1046 1828 1095 1881 ei
1132 1827 1406 1893 subsistit,
1439 1826 1574 1896 quia
1608 1825 1821 1895 praedi-

158 1927 322 1975 cantes
373 1920 480 1973 sibi
557 1934 687 1971 vera
759 1916 980 1970 necavit
1034 1914 1360 1979 crudeliter,
1422 1921 1478 1967 et
1539 1915 1823 1983 patientes

160 2009 533 2064 condemnavit
576 2007 879 2061 instanter.
916 2005 1041 2059 Sive
1089 2004 1247 2058 hasta
1288 2009 1344 2057 et
1373 2003 1571 2056 thorax
1624 2019 1737 2055 non
1772 2001 1824 2053 ei

158 2101 203 2152 in
233 2105 472 2169 tempore
525 2097 661 2151 belli
696 2095 1025 2158 subsistent,
1063 2094 1197 2147 dum
1230 2098 1284 2145 et
1324 2092 1595 2162 praesules
1634 2090 1823 2144 oflicio

159 2187 552 2257 praedicationis
586 2186 886 2256 pollentes,
934 2189 1120 2236 metus
1158 2184 1335 2235 terret
1382 2179 1727 2246 formidinis,
1771 2183 1826 2231 et

158 2277 388 2331 Ecclesiae
419 2281 634 2329 sanctae
683 2272 901 2327 robusti
932 2272 1297 2325 consentiunt
1348 2268 1629 2323 labefacti.
1661 2268 1825 2332 Quod

158 2366 484 2419 manifestius
533 2364 828 2434 sequentia
861 2363 1158 2430 explicant.
1209 2359 1529 2428 chutabit,
1577 2357 1674 2423 ait,
1712 2360 1823 2422 fer-

156 2470 257 2508 rum
314 2454 668 2508 fortitudinis
737 2452 1020 2518 Ecclesim,
1086 2454 1135 2504 et
1199 2464 1290 2517 ws,
1352 2448 1507 2517 jugis
1567 2456 1587 2479 ε
1652 2446 1827 2499 officii

156 2560 243 2613 per
283 2545 475 2598 mundi
536 2542 790 2596 carmina
838 2539 864 2575 ιι
912 2539 1241 2604 tinnientes,
1288 2544 1348 2591 ut
1388 2538 1597 2607 paleas,
1645 2541 1694 2590 et
1728 2552 1827 2604 pu-

159 2633 339 2687 tridum
367 2635 603 2700 lignum,
650 2633 787 2685 dum
830 2630 1007 2683 fortes
1036 2629 1190 2693 terit,
1229 2632 1284 2680 et
1312 2642 1577 2695 proceres
1609 2624 1827 2678 inlusus

157 2722 343 2775 inridit.
400 2724 525 2776 Non
553 2722 772 2788 fugabit
820 2735 937 2772 eum
966 2720 1054 2771 vir
1091 2718 1439 2782 sagittarius,
1486 2713 1828 2767 ecclesiasti—

156 2825 238 2861 cus
267 2811 456 2880 utique
504 2808 873 2879 praedicator;
908 2806 1058 2877 quod
1092 2806 1273 2858 multo
1308 2802 1669 2857 luminositer
1698 2802 1829 2855 huic

157 2906 328 2952 nostro
377 2897 634 2968 tempori
685 2898 969 2967 congruit,
1021 2900 1077 2948 et
1122 2899 1323 2947 contra
1366 2891 1831 2962 reprehensionis

160 2987 513 3041 invectionem
569 2986 856 3049 stolidam,
918 2984 1258 3037 adorearum
1312 2979 1605 3034 catholicis
1665 2979 1830 3033 victo-

158 3075 282 3129 riam
311 3077 531 3130 tribuit.
566 3078 630 3129 In
670 3076 931 3146 stipulam
962 3074 1107 3127 versi
1136 3076 1262 3126 sunt
1304 3073 1353 3124 ei
1381 3070 1589 3138 lapides
1618 3069 1824 3135 fundae,

158 3162 351 3232 lapides
383 3165 605 3217 scilicet
654 3162 980 3229 sanctuarii,
1032 3161 1133 3230 qui
1164 3158 1417 3230 lapidum
1469 3174 1624 3210 more
1657 3159 1828 3211 corda

158 3252 478 3319 percutiunt,
536 3252 621 3304 vel
663 3257 814 3304 certe
865 3267 895 3303 a
940 3248 1147 3319 quibus
1178 3247 1383 3301 domus
1429 3246 1679 3312 Domini,
1723 3247 1829 3299 hoc

160 3345 230 3391 est
254 3339 606 3393 Hierusalem
648 3339 745 3391 illa
764 3337 1025 3404 caelestis,
1048 3336 1288 3405 perenni
1311 3333 1629 3387 munimine
1656 3333 1826 3386 fabri-

158 3424 225 3479 cis
265 3428 683 3496 pulcherrimus
715 3427 1030 3480 decoratur.
1064 3424 1170 3479 Sed
1207 3429 1267 3477 ut
1312 3423 1524 3492 stipula
1559 3427 1826 3491 reputan-

160 3519 255 3578 tur,
286 3517 416 3585 quia
446 3521 548 3569 aut
579 3532 683 3586 per
711 3516 967 3585 gladium
1000 3515 1055 3567 in
1092 3513 1271 3567 nihilo
1298 3511 1696 3577 dissolveutur,
1731 3514 1831 3563 aut

158 3616 247 3670 per
284 3604 614 3675 injectionis
661 3604 921 3673 decipula
973 3612 994 3637 °
1039 3602 1458 3656 consentientes
1502 3599 1705 3663 errori,
1768 3598 1827 3651 in

157 3690 256 3745 feni
303 3693 713 3747 mollendinem
769 3692 1124 3763 redigentur.
1183 3690 1289 3746 Sed
1335 3689 1474 3760 quid
1525 3690 1737 3742 mirum
1783 3688 1829 3740 si

158 3777 348 3847 lapides
377 3779 593 3849 dejicit,
625 3781 721 3851 qui
746 3781 1013 3833 malleum
1036 3797 1093 3832 se
1118 3778 1452 3832 tundentem
1478 3775 1829 3830 contemnit?

156 3863 302 3927 Quasi
356 3871 622 3938 stipulam
682 3870 975 3923 aestimabit
1031 3868 1303 3932 malleum,
1353 3870 1410 3918 et
1473 3863 1828 3916 humanitate

155 3962 392 4025 suscepta
427 3974 833 4027 percussorem
866 3974 1034 4010 suum
1069 3972 1261 4009 rerum
1298 3954 1604 4008 Dominum
1636 3953 1828 4005 Jesum

155 4038 436 4096 Christum.
471 4048 561 4097 An
595 4061 708 4097 non
739 4045 977 4097 malleus
1009 4048 1091 4096 est
1122 4042 1205 4094 illi
1231 4041 1393 4112 quasi
1424 4041 1633 4110 stipula
1665 4056 1831 4110 repu-

154 4128 258 4179 tare
293 4129 503 4199 Regem
539 4131 800 4183 omnium
842 4130 1178 4182 saeculorum
1229 4128 1579 4198 protoplasto
1610 4127 1830 4180 homini

153 4217 407 4283 aequalem
440 4219 529 4270 vel
560 4218 807 4270 similem
842 4215 1165 4270 somniare?

1933 1826 2209 1895 fulgente,
2245 1828 2473 1881 doctore
2506 1845 2620 1881 non
2663 1834 2811 1899 egat.
2855 1831 2992 1883 Nam
3029 1837 3154 1901 post
3183 1833 3363 1901 ipsius
3397 1835 3627 1889 nefandi

1932 1915 2271 1983 probrosum
2299 1917 2643 1984 Idiscessum,
2682 1919 2854 1972 tantis
2891 1920 3161 1974 doctrinis
3196 1928 3253 1975 et
3293 1924 3625 1992 suppetitio-

1932 2002 2100 2056 nibus
2131 2004 2332 2057 semita
2361 2004 2558 2074 fulget,
2594 2012 2656 2059 ut
2686 2007 2794 2060 nisi
2844 2024 3090 2077 superna
3120 2010 3430 2078 spiratione
3459 2013 3629 2066 corda

1934 2107 2313 2160 supernorum
2357 2093 2566 2145 civium
2609 2094 3089 2148 clementissimus
3128 2098 3340 2151 arbiter
3384 2104 3625 2168 regeret,

1933 2179 2120 2231 omnis
2150 2176 2175 2213 ι’
2204 2180 2490 2233 δωωὶειτὶε
2535 2181 2687 2234 illius
2717 2182 2909 2251 fulgor
2947 2182 3252 2253 deciperet.
3303 2187 3415 2239 Nec
3454 2204 3628 2257 expo-

1935 2266 2141 2320 sitione
2172 2269 2391 2337 prolixa
2418 2285 2559 2339 opus
2591 2273 2674 2322 est
2705 2269 2764 2322 in
2797 2287 2855 2322 re
2888 2286 3015 2340 qua:
3042 2272 3164 2325 luce
3195 2273 3401 2326 clarior
3421 2280 3570 2328 extat
3592 2277 3625 2341 ί,

1936 2370 2063 2424 quae
2095 2355 2151 2407 in
2184 2356 2468 2409 munditia
2496 2362 2550 2409 et
2578 2358 2635 2410 in
2670 2358 2878 2411 lavacri
2923 2360 3210 2429 superﬂua
3254 2368 3309 2415 et
3353 2364 3631 2434 exquisita

1935 2460 2038 2513 per
2066 2444 2324 2497 omnium
2355 2446 2838 2515 supplicationum
2861 2448 3116 2503 elutione
3138 2451 3424 2518 disseruit,
3458 2459 3631 2523 atque

1935 2532 1995 2584 in
2030 2532 2343 2586 multarum
2376 2534 2585 2587 artium
2618 2534 3050 2589 subtilissimam
3085 2538 3466 2608 disciplinam,
3503 2556 3631 2611 qua:

1936 2620 2224 2689 corporeis
2267 2626 2493 2675 tantum
2535 2622 2792 2691 injuncta
2828 2630 2912 2677 est
2950 2626 3207 2691 artubus,
3264 2644 3375 2697 qua
3424 2629 3633 2697 poterit

1938 2716 2220 2764 oratorem
2267 2712 2538 2767 facundia
2578 2714 2833 2768 enodari.
2889 2716 3087 2768 Omnis
3139 2732 3386 2787 namque
3433 2734 3630 2771 eorum

1937 2797 2132 2851 lucens
2164 2800 2366 2853 semita
2399 2800 2456 2852 in
2490 2800 2571 2853 eis
2601 2818 2773 2871 quam
2803 2803 3049 2856 maxime
3082 2804 3281 2873 fulget,
3317 2823 3444 2875 quae.
3478 2807 3633 2860 carni

1938 2886 2257 2941 fomentum
2293 2888 2636 2956 luxuriandi,
2670 2897 2727 2944 et
2755 2892 3128 2961 delinquendi
3172 2896 3468 2947 materiam
3499 2896 3631 2950 sub-

1939 2975 2263 3029 ministrant
2295 2994 2308 3030 :
2345 2993 2459 3031 non
2499 2995 2626 3048 quae
2657 2979 2908 3032 animam
2942 2998 2974 3033 a
3015 2981 3140 3035 labe
3174 2985 3545 3052 decoptionis,
3579 2990 3634 3038 et

1937 3080 1969 3116 a
2026 3064 2184 3117 fluxu
2234 3065 2471 3135 deliquii
2529 3069 2880 3121 correctione
2938 3085 3161 3123 morum
3221 3074 3628 3142 constringant.

1937 3153 2249 3206 Estimabit
2303 3155 2553 3219 abyssum
2603 3158 2765 3223 quasi
2814 3163 3182 3210 senescentem.
3239 3159 3387 3212 Licet
3436 3160 3633 3213 beatus

1938 3241 2046 3292 hoc
2102 3246 2299 3293 contra
2361 3241 2808 3311 Origenianistas
2864 3259 3025 3296 more
3083 3261 3184 3297 suo
3243 3246 3340 3298 illo
3402 3262 3633 3300 corusco

1938 3327 2240 3397 Gregorius
2283 3327 2540 3395 disserat,
2587 3332 2777 3382 tamen
2818 3331 2950 3400 quia
3000 3333 3295 3387 catholicae
3352 3335 3628 3389 doctrina:

1938 3417 2471 3486 multiplexsensus
2508 3435 2620 3472 non
2666 3419 2853 3472 obviat
2902 3447 2955 3490 ι,
3000 3426 3054 3473 et
3089 3422 3427 3494 plerumque
3480 3423 3633 3477 Scri—

1936 3511 2105 3576 ptura
2135 3521 2291 3558 sacra
2322 3522 2437 3559 uno
2468 3523 2749 3575 sermone,
2788 3509 2871 3561 vel
2898 3509 3106 3578 figura,
3145 3513 3322 3564 multa
3354 3512 3632 3581 designat,

1939 3599 2145 3647 nostra:
2190 3594 2561 3664 expositionis
2602 3596 2863 3649 ordinem
2908 3613 3348 3668 prosequamur.
3392 3601 3636 3670 Abyssus

1938 3683 1995 3735 in
2045 3682 2239 3734 multis
2286 3682 2593 3752 Scriptura
2644 3684 2781 3736 locis
2820 3685 2907 3737 lex
2960 3687 3058 3739 Dei
3102 3687 3395 3756 accipitur.
3436 3690 3498 3741 Et
3544 3688 3637 3742 hic

1938 3775 2322 3823 senescentem
2356 3771 2640 3839 reputavit
2673 3772 2956 3842 abyssum,
2994 3774 3211 3845 dumin
3242 3775 3638 3845 derogatione-

1943 3854 2227 3923 Evangelii
2268 3855 2430 3924 quasi
2476 3856 2628 3909 aliud
2678 3874 2886 3911 novum
2940 3859 3024 3911 illi
3073 3862 3422 3913 contrarium
3474 3861 3635 3931 dispo

1939 3941 2051 3994 suit
2107 3948 2531 3997 testamentum.
2604 3946 2723 4001 Non
2766 3951 2843 4000 est
2906 3952 3144 4015 potestas
3199 3963 3362 4016 super
3411 3953 3632 4016 terram,

1939 4045 2058 4097 qua?
2110 4037 2448 4098 comparetur
2494 4034 2569 4085 ei:
2618 4049 2746 4102 quae
2788 4032 2867 4086 ita
2911 4040 2967 4086 et
3012 4034 3373 4089 simulatione
3414 4036 3639 4089 saeviret

1939 4119 2099 4189 legis,
2152 4124 2205 4172 et
2252 4124 2471 4174 terrore
2506 4126 2793 4190 premeret
2840 4122 3158 4191 potestatis.
3209 4123 3392 4192 Super
3431 4129 3637 4178 terram

1939 4206 1991 4260 ei
2012 4194 2137 4260 non
2187 4209 2472 4279 reperitur
2511 4210 2735 4276 similis,
2768 4210 2902 4279 quia
2934 4226 3049 4263 non
3085 4227 3148 4263 ex
3183 4212 3504 4282 terrigenis,
3538 4212 3637 4266 sed

213 4304 291 4355 31,
336 4308 406 4359 ει
454 4305 727 4358 derideat
778 4306 1079 4360 υίδναηερνη
1126 4308 1359 4371 hastam,
1412 4304 1582 4373 hujus
1630 4310 1834 4360 sancta;
1875 4312 1916 4366 D
1947 4296 2257 4366 inspirator
2296 4298 2417 4367 ejus
2463 4314 2609 4351 unus
2659 4298 2768 4351 fuit
2822 4314 2885 4352 ex
2925 4300 3250 4368 apostaticis
3294 4302 3536 4371 angelis,
3582 4308 3639 4355 et

153 4383 276 4456 legis
339 4391 851 4444 comminationem
915 4392 1133 4461 jugiter
1198 4391 1280 4443 illi
1336 4390 1633 4443 interitum
1697 4407 1832 4445 con-

153 4483 485 4544 crcpantem,
542 4478 681 4531 dum
722 4480 957 4548 sagittas
1001 4479 1119 4541 Dei,
1175 4479 1227 4532 id
1276 4484 1360 4531 est
1410 4478 1830 4547 praedicatores,

152 4560 363 4627 inridet,
391 4571 447 4619 et
473 4566 649 4620 verba
667 4582 863 4618 eorum
891 4582 1017 4635 qua:
1037 4565 1147 4618 illis
1168 4566 1465 4619 interitum
1493 4572 1829 4637 praesagant,

156 4654 209 4700 ut
248 4650 536 4707 insanium
575 4654 946 4707 deliramenta
979 4655 1312 4708 contemnit.
1358 4655 1561 4709 Sternit
1599 4655 1705 4708 sibi
1735 4671 1832 4707 au-

153 4750 258 4791 rum
304 4744 467 4808 quasi
513 4744 707 4808 lutum,
766 4742 920 4794 velut
968 4757 1201 4795 sensum
1260 4741 1618 4810 spiritualem
1671 4738 1835 4810 quasi

153 4822 319 4880 lutum
359 4835 757 4897 contemnens,
811 4831 896 4883 vel
946 4830 1222 4899 pOpulum
1255 4827 1641 4882 Christianum
1692 4828 1835 4898 pede

155 4911 387 4970 victoria:
438 4917 688 4982 calcans,
742 4919 825 4970 vel
876 4922 1071 4969 sancta
1119 4916 1215 4969 Dei
1258 4915 1585 4985 profanans,
1634 4920 1690 4969 et
1737 4915 1834 4968 Dei

154 4997 321 5071 legem
352 5006 635 5058 inrisione
673 5006 871 5059 sedula
908 5005 1211 5060 detrahens
1261 5010 1319 5059 et
1356 5005 1667 5059 inculcans.
1702 5006 1837 5058 Pro—

216 5152 238 5177 ⁸
267 5146 386 5214 his,
418 5147 781 5215 precidentia.
1734 5194 1743 5201 .

217 5217 241 5256 Β
268 5217 320 5269 L.
356 5218 783 5286 apprehenderit
812 5234 943 5271 eum
972 5217 1223 5284 gladius;
1255 5222 1319 5271 ut
1350 5216 1409 5270 in
1441 5220 1595 5270 textu
1626 5215 1749 5269 Job.

218 5293 236 5317 ε
268 5288 387 5350 ΜΞ..
413 5292 629 5355 jungis.

217 5358 241 5398 ά
265 5357 320 5415 L.
350 5361 604 5412 cardina.

221 5431 240 5498 ξ
271 5429 327 5480 L.
357 5432 703 5496 injectionem
725 5429 1003 5498 decipula.

219 5492 239 5531 ¹
266 5492 430 5568 Apud
457 5502 598 5553 Joh:
629 5492 920 5564 fervescere
942 5502 1128 5567 faciet.

221 5579 247 5619 ε
276 5569 369 5622 Ms.
384 5611 397 5637 ,
439 5573 649 5637 agitur.

1942 4385 2249 4455 prudentio
2278 4385 2303 4418 ’ί
2324 4387 2463 4439 coelo
2492 4403 2683 4440 secum
2710 4388 3011 4457 dilapsam,
3042 4389 3099 4441 in
3134 4391 3484 4443 contrarium
3518 4406 3639 4444 ver-

1944 4475 2105 4527 sutia:
2154 4475 2471 4528 recedendo
2521 4477 2767 4530 retorsit.
2818 4478 2923 4543 Qui
2956 4482 3138 4545 factus
3177 4486 3274 4544 est,
3316 4487 3377 4533 ut
3427 4482 3637 4534 nullum

1945 4566 2172 4627 timeret,
2214 4568 2419 4630 praeter
2456 4563 2631 4615 Deum
2676 4564 2773 4633 qui
2808 4581 2938 4617 eum
2975 4572 3132 4618 tanto
3163 4568 3512 4621 excellentiae
3546 4568 3639 4621 de-

1944 4667 2072 4703 core
2118 4651 2453 4720 repleverat.
2489 4650 2592 4704 Sed
2627 4651 2722 4705 ille
2767 4669 2879 4706 non
2914 4660 3216 4708 contentus
3247 4663 3638 4709 creaturarum

1945 4738 2221 4804 omnium,
2275 4739 2483 4808 quibus
2531 4740 2799 4808 prmlatus
2848 4740 3034 4794 fuerat
3063 4743 3282 4797 honore
3324 4745 3360 4809 ι,
3398 4744 3640 4814 superbe

1946 4827 2395 4880 additamentum
2438 4842 2663 4896 semper
2695 4828 2904 4882 habere
2936 4830 3285 4896 desiderans,
3322 4848 3425 4885 nec
3466 4832 3642 4884 facto-

1946 4931 2065 4968 rem
2100 4914 2321 4967 timoris
2354 4918 2668 4968 reverentia
2700 4916 2894 4983 coluit,
2932 4933 3034 4971 nec
3064 4924 3362 4972 contentus
3394 4919 3638 4972 beatitu-

1946 5004 2078 5057 dine
2092 5020 2203 5073 qua
2219 5003 2495 5072 praeditus
2509 5005 2729 5057 caeteris
2746 5004 3052 5073 eminebat,
3068 5007 3326 5061 ordinem
3340 5007 3638 5077 proprium

2018 5146 2045 5187 h
2074 5146 2130 5199 F.
2165 5148 2367 5213 omnia,
2400 5145 2452 5200 id
2486 5151 2574 5200 est
2600 5146 2769 5200 corda
2800 5146 3077 5202 omnium.

2022 5216 2035 5249 ί
2065 5216 2165 5270 llic
2194 5216 2336 5269 forte
2380 5219 2652 5287 periodus
2684 5219 3052 5287 claudendus,
3086 5218 3177 5273 cui
3221 5236 3401 5273 novus
3447 5236 3639 5275 succe-

1951 5287 2066 5354 dat,
2100 5290 2231 5359 nota
2263 5288 2670 5359 interrogantis
2700 5290 3112 5343 terminandus.

2039 5384 2053 5426 ι
2102 5358 2162 5411 ld
2187 5364 2268 5410 est
2296 5360 2648 5415 adversatur.

2019 5425 2047 5462 ¹ί
2081 5430 2135 5482 F.
2170 5430 2543 5496 prudentiam.

2019 5496 2031 5532 ¹
2065 5502 2183 5564 Ms.,
2217 5501 2484 5554 honorem.
