4044 6174
374 281 465 332 351
1733 275 1905 327 ALVA
1920 272 1989 327 ill
2030 271 2508 331 (LORDUBENSIS
3749 283 3838 333 5232

376 410 705 475 custodivit;
732 409 864 461 inde
894 407 964 459 ad
996 406 1110 458 ima
1140 404 1418 470 deﬂuens,
1446 403 1618 457 etiam
1651 405 1755 459 sub
1788 404 2064 458 creaturis
2101 409 2146 459 A
2176 421 2288 475 que
2332 405 2489 458 aliud
2537 404 2938 473 Antichristus,
2980 420 3153 475 quam
3188 404 3394 459 Christi
3427 409 3733 462 contrarius
3766 410 3841 463 di-

380 502 560 554 Deum
593 497 917 551 timentium
962 495 1097 547 ruit.
1146 495 1309 549 Omne
1338 496 1564 547 sublime
1595 495 1760 547 videt.
1817 496 1937 547 Non
1983 495 2069 546 in-

380 596 467 643 tra
492 598 515 622 δ
547 587 737 641 omnia
765 584 1091 637 desiderans
1115 600 1249 647 esse,
1284 584 1379 636 sed
1404 600 1575 653 super
1601 584 1795 636 omnia
1842 589 2070 635 tumens

381 682 547 730 vento
568 674 855 743 jactantia:
885 671 1075 725 extolli
1098 672 1429 724 desiderans
1453 672 1773 724 sublimiori
1804 672 2073 724 omnibus

378 768 672 835 potestate.
705 761 811 815 Sed
860 767 915 813 et
947 762 1015 813 de
1062 761 1322 813 membro
1365 761 1487 829 ejus
1532 765 1717 829 potest
1747 761 1867 813 haec
1915 761 2070 812 clau-

379 854 500 906 sula
535 868 652 905 non
681 852 1119 919 incongruenter
1145 849 1393 902 tractari.
1426 849 1605 903 Omne
1639 864 1886 919 namque
1918 849 2068 918 quod

376 940 681 1012 pretiosior
714 940 769 992 in
804 938 977 992 rebus
1014 938 1323 991 mundanis
1352 938 1612 1003 habetur,
1645 953 1844 989 eorum
1869 936 2073 990 ditioni

378 1030 662 1094 subditur,
713 1033 769 1081 et
828 1028 1085 1080 offertur.
1145 1028 1269 1095 Ipse
1314 1032 1391 1079 est
1436 1042 1535 1078 rem
1587 1042 1750 1093 super
1790 1027 2073 1078 universos

376 1120 519 1187 ﬁlios
554 1118 835 1186 superbiae.
880 1116 1029 1168 More
1078 1132 1179 1167 suo
1238 1116 1527 1184 Scriptura
1576 1130 1730 1167 sacra
1779 1113 2070 1167 multoties

379 1208 553 1261 semel
587 1207 735 1260 dicta
764 1206 1001 1273 replicat
1034 1210 1091 1256 et
1135 1204 1383 1257 intentat
1415 1220 1426 1256 :
1481 1208 1536 1256 et
1568 1204 1891 1272 superbiam
1925 1203 2069 1272 ejus,

380 1302 438 1350 et
484 1302 765 1349 tumorem
800 1296 963 1347 elatae.
1015 1294 1245 1360 mentis,
1287 1293 1465 1345 semel
1510 1292 1751 1345 inﬁrmis
1786 1292 2075 1344 mentibus

379 1402 495 1439 non
538 1384 748 1437 sufﬁcit
797 1383 1141 1452 designasse.
1196 1383 1305 1435 Nec
1337 1398 1467 1434 eum
1500 1382 1814 1450 superbum
1859 1380 2076 1449 simpli-

381 1476 522 1528 citer
543 1473 905 1526 solummodo
939 1476 1118 1538 vocat,
1151 1472 1245 1524 sed
1281 1488 1410 1523 eum
1442 1487 1612 1539 super
1645 1486 1845 1522 omnes
1877 1485 2075 1538 super-

382 1565 482 1618 bos
527 1564 793 1616 ducatum
840 1561 1049 1613 habere
1095 1560 1414 1612 cunﬁrmat.
1472 1560 1773 1612 Universos
1827 1574 2075 1627 namque

381 1654 696 1715 haereticos,
730 1656 786 1703 et
818 1650 1173 1702 diversorum
1195 1654 1453 1701 auctores
1475 1663 1736 1700 errorum
1775 1646 2003 1716 iniquos
2025 1648 2072 1713 b,

2182 493 2365 545 citur?
2397 494 2462 545 Et
2497 494 2629 563 quid
2666 494 2793 557 iste,
2841 494 2951 546 nisi
2991 494 3352 547 adversarius
3386 495 3584 548 Christi
3615 496 3728 549 est?
3758 498 3845 566 qui

2182 588 2381 634 contra
2424 582 2575 633 illius
2616 582 2969 635 sanctissima
3019 583 3291 651 dogmata
3335 584 3540 636 exertis
3590 583 3849 638 lacertis"

2183 671 2475 740 praeliavit.
2528 671 2906 740 Inspiciamus
2958 673 3065 725 hoc
3114 675 3258 737 loco,
3309 672 3353 724 si
3405 672 3649 741 expedit,
3699 690 3849 727 suum

2182 758 2627 812 machinationis
2660 775 2725 812 ex
2757 761 2951 830 aliqua
2982 766 3141 829 parte
3171 766 3577 813 commentum.

2253 850 2338 901 33.
2374 848 2871 902 Resurrectionem
2906 848 3134 901 Domini
3168 848 3317 901 diem
3348 849 3617 901 feriarum
3649 851 3852 919 gaudiis

2182 939 2419 1006 respuit,
2449 941 2505 989 et
2532 942 2745 989 sextam
2778 936 2979 989 feriam
3018 937 3300 1005 passionis
3334 938 3557 990 Domini
3591 938 3853 992 maestitia

2181 1025 2270 1078 vel
2294 1026 2520 1095 jejunio
2552 1026 2830 1089 deditum,
2866 1026 3051 1078 ventri
3083 1032 3139 1079 et
3169 1026 3400 1079 libidini
3435 1027 3728 1080 dedicavit.
3762 1029 3852 1080 Pa-

2182 1130 2305 1167 cem
2336 1115 2613 1179 Christus,
2648 1120 2702 1167 et
2740 1115 3077 1183 patientiam
3120 1114 3315 1168 docuit
3355 1131 3367 1168 :
3415 1116 3510 1168 ille
3558 1115 3762 1168 bellum
3806 1123 3856 1169 et

2183 1203 2440 1273 gladium
2471 1203 2843 1255 innocentum
2880 1204 3192 1256 cervicibus
3232 1204 3485 1256 acuendo
3528 1204 3755 1264 limavit,
3803 1208 3856 1256 nt

2183 1293 2252 1345 de
2298 1309 2355 1344 se
2398 1292 2632 1357 dictum,
2682 1292 2767 1344 vel
2818 1292 2887 1345 de
2934 1292 3070 1358 suis,
3123 1308 3241 1345 esse
3286 1292 3542 1345 ﬁrmaret
3587 1308 3599 1345 :
3650 1295 3857 1360 Dissipa

2184 1386 2362 1448 gentes
2405 1396 2523 1448 qua:
2563 1381 2701 1434 bella
2750 1382 2936 1434 volunt
2986 1380 3154 1448 (Psal.
3206 1397 3372 1445 uvn,
3424 1381 3511 1451 3t)
3556 1396 3570 1433 :
3618 1381 3675 1433 hi
3719 1381 3856 1433 enim

2184 1469 2241 1522 in
2284 1474 2506 1521 tantum
2561 1469 2707 1522 bella
2758 1469 3105 1533 desiderant,
3166 1474 3231 1522 ut
3283 1469 3403 1522 11ch
3462 1469 3549 1521 vel
3599 1469 3755 1538 quasi
3800 1484 3856 1521 ex

2179 1558 2437 1627 jussionc
2495 1558 2593 1609 Dei
2646 1559 2704 1610 in
2762 1557 2978 1610 cunctis
3046 1558 3313 1626 gentibus
3371 1564 3562 1627 agant.
3624 1557 3861 1610 Christus

2183 1646 2527 1715 virginitatis
2576 1646 2728 1699 dono
2780 1652 2837 1699 et
2884 1646 3160 1699 castitatis
3209 1646 3378 1713 bono,
3430 1647 3705 1715 populum
3760 1646 3857 1698 sibi

381 1742 484 1794 iste
519 1747 715 1794 auctor
746 1738 971 1791 sceleris
1010 1737 1181 1803 rexit;
1218 1742 1274 1789 et
1314 1737 1413 1806 qui
1442 1752 1544 1806 per
1572 1736 1744 1804 hujus
1779 1752 1841 1787 os
1872 1707 2072 1804 paten;
2113 1707 2156 1761 Β
2186 1707 2444 1789 deditum
2483 1734 2808 1787 candidavit
2851 1751 2863 1787 :
2919 1736 3012 1787 ille
3058 1707 3445 1803 pinguissima.
3468 1707 3854 1795 oblectatione,

380 1835 469 1884 ter
496 1842 516 1865 ο
548 1846 606 1882 se
636 1828 912 1897 prodidit,
947 1843 1049 1896 per
1070 1827 1468 1879 hrereticornm
1503 1825 1720 1877 dudum
1751 1829 2078 1876 commenta

382 1921 528 1973 clam
560 1933 868 1988 suggerens
912 1914 1171 1985 ingentia
1203 1914 1449 1967 sibilavit
1477 1914 1522 1967 d.
1574 1914 1638 1966 In
1684 1912 1795 1966 illis
1834 1914 2079 1966 latenter

364 2010 491 2062 sub
532 2007 716 2078 specie
758 2005 987 2057 latitans
1022 2020 1033 2056 :
1065 2003 1159 2056 isti
1190 2008 1387 2071 aperta
1414 2007 1533 2053 tota
1579 2001 1726 2054 bella
1757 2000 2074 2054 denndans.

384 2099 618 2152 Illorum
669 2111 772 2163 per
818 2094 1041 2162 linguas
1072 2093 1258 2161 legem
1290 2096 1541 2143 sanctam
1590 2090 1853 2142 malivole
1902 2090 2079 2142 disse-

384 2201 553 2240 rens:
591 2199 693 2253 per
742 2181 905 2234 istius
937 2195 1222 2251 organum
1255 2195 1428 2231 novas
1460 2195 1832 2248 componens.
1884 2178 1989 2231 Sed
2025 2181 2080 2230 et

384 2291 483 2328 rex
534 2288 705 2341 super
739 2286 939 2323 omnes
982 2268 1133 2321 ﬁlios
1174 2267 1455 2336 superbiae
1519 2267 1705 2334 aptius
1761 2266 2076 2318 conﬁrma-

386 2363 560 2425 bitur,
599 2360 644 2413 si
676 2358 862 2412 cuncti
894 2366 914 2391 °
951 2357 1049 2426 qui
1079 2356 1185 2410 sub
1218 2358 1341 2426 ejus
1374 2356 1657 2425 regimine
1689 2355 2075 2421 continentur,

387 2451 604 2521 liquide
634 2451 1076 2518 pertractentur.
1109 2445 1253 2497 Sunt
1278 2444 1488 2497 etenim
1523 2443 1580 2495 in
1612 2443 1881 2513 superbia
1911 2443 2082 2495 tumi-

387 2537 464 2601 di,
498 2537 559 2588 in
598 2542 823 2588 tumore
854 2534 1042 2586 cordis
1073 2533 1224 2599 elati,
1271 2534 1328 2584 in
1361 2533 1730 2585 delectatione
1763 2532 2079 2584 carnalium

387 2640 628 2695 Operum
661 2622 844 2689 lluidi,
890 2621 947 2673 in
977 2622 1326 2674 comestione
1358 2620 1655 2689 superﬂui,
1691 2620 1752 2672 in
1788 2620 2079 2689 conquisi-

385 2714 541 2767 tione
590 2728 782 2766 rerum
829 2716 885 2763 et
934 2710 1253 2780 direptione
1317 2725 1635 2778 pauperum
1692 2709 1981 2762 invasores
2029 2713 2084 2761 et

384 2801 597 2873 cupidi,
630 2801 842 2869 absque
892 2798 1103 2868 pietate
1150 2804 1398 2863 tenaces,
1445 2799 1565 2851 sine
1599 2797 1808 2851 rubore
1841 2797 2080 2851 menda-

385 2908 499 2957 ces,
545 2890 667 2943 sine
698 2888 1037 2942 discretione
1071 2886 1318 2951 fallaces,
1345 2888 1559 2955 absque
1596 2885 1876 2939 modestia
1924 2901 2083 2938 men-

2187 1829 2250 1875 ut
2290 1823 2425 1888 dixi,
2460 1830 2515 1876 et
2559 1840 2749 1875 crasso
2793 1824 3103 1892 voluptatis
3150 1823 3399 1893 liquore,
3439 1823 3861 1892 incestnosoque

2186 1912 2518 1977 concubitu,
2577 1911 3016 1981 obsequentium
3072 1918 3290 1965 mentes
3344 1918 3400 1964 et
3457 1927 3697 1981 corpora
3749 1927 3863 1963 sor—

2186 2000 2417 2054 didavit.
2466 2000 2724 2054 Christus
2765 1999 3117 2070 conjugium,
3166 2001 3271 2053 iste
3317 2001 3629 2053 divortium
3672 2016 3683 2053 :
3721 1999 3860 2052 Chri~

2188 2095 2305 2141 stus
2340 2090 2754 2158 parcimoniam
2789 2096 2846 2142 et
2872 2090 3162 2158 jejunium
3208 2089 3425 2155 docuit,
3477 2089 3573 2142 ille
3623 2088 3865 2142 convivia

2187 2183 2245 2231 et
2303 2179 2602 2247 epularum
2662 2178 3007 2241 inlecebras;
3073 2179 3423 2248 protendens
3485 2178 3765 2231 luxuriam
3818 2180 3865 2229 et

2186 2267 2431 2321 dilatans
2478 2266 2882 2335 oblectamina,
2926 2267 3197 2320 indecora
3234 2266 3396 2319 freno
3428 2268 3587 2320 nullo
3618 2267 3754 2332 legis
3781 2282 3863 2318 co-

2187 2355 2396 2409 hibuit.
2451 2355 2706 2408 Christus
2751 2356 2809 2408 in
2856 2356 3073 2408 cunctis
3118 2356 3483 2409 continentiae
3532 2356 3773 2425 legibus,
3821 2360 3869 2407 et

2188 2445 2580 2513 temperantiae
2628 2444 2897 2511 termino,
2950 2445 3271 2498 naturalem
3314 2453 3559 2507 motum,
3606 2445 3726 2497 sine
3767 2460 3867 2514 quo

2189 2534 2443 2587 humana
2487 2534 2717 2587 difﬁcile
2762 2539 2965 2587 natura
3009 2533 3322 2599 invenitur,
3374 2531 3758 2585 constrinxit:
3792 2528 3870 2580 hic

2190 2623 2402 2693 passim
2453 2623 2892 2687 lascivientibus,
2926 2622 3106 2676 frenis
3149 2621 3420 2691 disruptis
3461 2618 3764 2690 pellicandi
3794 2617 3869 2669 in-

2190 2712 2632 2765 numerositates
2692 2711 2979 2764 licentiam
3038 2710 3259 2764 tribuit.
3321 2710 3577 2764 Christus
3630 2712 3871 2774 tempore

2185 2801 2393 2870 jejunii
2424 2818 2457 2853 a
2484 2800 2717 2871 proprio
2748 2799 3019 2870 licitoque
3060 2798 3349 2853 connubio
3400 2799 3691 2851 abstinere
3734 2794 3873 2848 ordi-

2192 2896 2292 2943 nat
2324 2906 2335 2943 :
2368 2889 2463 2942 ille
2495 2905 2667 2959 quam
2699 2889 2946 2942 maxime
2975 2889 3034 2941 in
3074 2888 3186 2941 illis
3229 2888 3429 2942 diebus
3459 2904 3558 2940 seu
3600 2891 3729 2938 vota
3756 2884 3874 2953 pin—

386 2979 457 3031 tis
490 2992 778 3047 procaces,
814 2976 935 3027 sine
969 2974 1362 3027 misericordia
1393 2974 1672 3037 crudeles,
1708 2973 1828 3025 sine
1863 2971 2084 3040 justitia
2122 3003 2161 3057 Ε
2193 2978 2327 3047 guia
2378 2977 2694 3030 cuium-ibus
2750 2978 2808 3030 in
2870 2977 3174 3047 prmmium
3240 2978 3511 3029 Venerem
3573 2977 3870 3027 consecrat,

384 3068 695 3127 invasores,
727 3064 849 3116 sine
882 3064 1097 3116 honore
1124 3063 1339 3132 absque
1370 3062 1632 3126 veritate,
1667 3061 2034 3130 benignitatis
2066 3059 2083 3093 τ

386 3155 700 3209 nescientes
754 3154 1040 3206 allectum.
1091 3153 1425 3223 lgnorantes
1482 3150 1705 3220 pietatis
1743 3150 2079 3206 conﬂexum.

387 3244 625 3314 treposi,
678 3242 887 3307 ornati,
934 3241 1143 3308 callidi,
1192 3239 1424 3303 versuti,
1472 3240 1556 3291 vel
1608 3244 1939 3291 cunctarum
1982 3237 2084 3289 im-

390 3334 668 3403 pietatum
717 3331 952 3384 fascibus
984 3345 1100 3383 non
1134 3329 1340 3390 medie,
1372 3328 1464 3380 sed
1497 3327 1907 3397 principaliter,
1959 3342 2081 3377 sor-

392 3421 590 3475 didati.
630 3420 1022 3473 Humilitatem
1047 3418 1199 3469 velut
1229 3416 1510 3468 insaniam
1544 3416 1891 3480 deridentes,
1924 3415 2083 3466 casti-

387 3515 563 3564 tatem
598 3508 759 3578 quasi
802 3506 1137 3575 spurcitiam
1170 3510 1524 3574 respuentes,
1557 3504 1943 3573 virginitatem
1983 3519 2081 3554 seu

389 3598 584 3651 sordes
617 3594 1017 3648 scrabedinum
1050 3606 1079 3647 ς
1112 3592 1497 3661 detrahentes,
1530 3596 1586 3645 et
1616 3593 1869 3658 virtutes,
1905 3590 2082 3644 animi

389 3686 643 3756 corporis
692 3684 828 3736 vitio
881 3684 1287 3753 percalcantes,
1338 3686 1499 3750 gestu
1544 3680 1855 3750 habituque
1894 3697 2081 3733 mores

390 3774 654 3845 proprios
681 3773 1018 3826 indicantes.

464 3868 550 3919 3'2.
585 3864 711 3917 Haec
755 3878 882 3932 quae
914 3862 981 3915 de
1015 3861 1162 3914 libro
1192 3859 1344 3914 beati
1394 3860 1496 3913 Job
1528 3859 1857 3912 summatim
1899 3857 2081 3927 tetigi,

390 3952 802 4008 imbecillatum
837 3953 861 3992 h
908 3951 1115 4003 virium
1163 3965 1420 4002 mearum
1452 3949 1725 4012 sentiens,
1767 3947 1915 4001 beati
1945 3948 2082 4000 Grc-

392 4043 537 4113 gorii
568 4038 1008 4094 commentarios
1040 4054 1163 4091 sum
1193 4043 1436 4091 secutus.
1468 4039 1530 4090 Et
1551 4037 1703 4107 quod
1738 4037 1831 4089 ille
1859 4035 2084 4105 copiose

391 4132 686 4199 eloquens,
717 4133 772 4180 et
803 4127 1140 4195 eloquenter
1173 4125 1495 4184 inveniens,
1526 4125 1583 4176 in
1616 4124 1872 4176 membra
1906 4122 2085 4192 ipsius

392 4214 655 4269 draconis
685 4214 1026 4283 quibusdam
1076 4213 1460 4265 schematibus
1492 4212 1836 4281 generaliter
1866 4216 1921 4264 et
1962 4227 2085 4280 spc-

2192 3066 2446 3120 Christus
2480 3066 2657 3117 servis
2688 3066 2804 3117 suis
2844 3064 3169 3133 angelicum
3212 3064 3647 3134 spiritalemque
3682 3068 3874 3115 statum

2192 3154 2412 3225 pollicit
2444 3170 2457 3206 :
2491 3153 2585 3206 ille
2615 3153 2729 3205 suis
2762 3153 3002 3222 perditis
3035 3155 3414 3223 corporalem,
3452 3152 3571 3205 imo
3612 3152 3873 3221 equinum

2192 3242 2407 3295 ﬂuxum
2456 3241 2694 3294 inducit.
2745 3241 2856 3294 Sed
2903 3246 2958 3293 et
2996 3257 3194 3293 omnes
3228 3240 3504 3293 hactenus
3537 3242 3797 3303 haereses,
3827 3242 3875 3289 et

2191 3331 2443 3385 universi
2478 3336 2630 3383 retro
2663 3346 2888 3382 errores
2917 3346 2948 3382 a
2993 3334 3250 3399 tempore
3297 3330 3612 3382 nativitatis
3664 3326 3874 3382 Domini

2191 3420 2372 3473 nostri
2419 3424 2474 3471 et
2523 3419 2621 3471 Dei
2677 3418 2799 3471 Filii
2853 3418 3273 3486 Redemptoris,
3312 3436 3342 3470 a
3374 3418 3572 3471 Judrea
3606 3422 3663 3471 et
3708 3416 3871 3469 Eccle-

2193 3509 2275 3561 sia
2308 3523 2629 3573 manavere,
2665 3507 2770 3560 hoc
2802 3512 2885 3559 est
2915 3507 2985 3562 ab
3026 3508 3106 3559 eis
3153 3523 3297 3577 quos
3342 3507 3447 3559 sub
3488 3506 3713 3559 ditione
3749 3504 3877 3573 legis

2194 3614 2355 3650 mera
2415 3596 2621 3649 veritas
2684 3596 2988 3649 retinebat.
3056 3597 3371 3665 Nullusque
3438 3595 3587 3648 alius
3647 3607 3877 3662 regnum

2193 3691 2394 3739 contra
2437 3684 2647 3739 Christi
2704 3688 2824 3737 toto
2878 3685 3095 3737 mundo
3149 3684 3365 3736 clarum
3423 3683 3657 3736 advexit
3711 3683 3879 3751 impe-

2195 3775 2366 3839 rium,
2418 3772 2529 3826 nisi
2577 3772 2670 3825 hic
2713 3773 3111 3842 iniquissimus
3149 3772 3468 3826 somniator
3497 3771 3760 3824 inanium
3804 3784 3881 3820 va-

2198 3864 2463 3927 nitatum,
2522 3862 2675 3915 hunc
2725 3862 3135 3914 Antichristum
3195 3861 3456 3913 dolosum
3516 3860 3783 3925 tendens,
3835 3862 3882 3908 et

2194 3952 2462 4005 callidum
2496 3950 2818 4019 inreptione
2850 3950 3094 4003 nefanda
3127 3967 3229 4019 per
3259 3955 3440 4002 totum
3473 3949 3683 4002 mundi
3715 3949 3879 4000 circu-

2195 4040 2315 4093 lum
2366 4040 2515 4091 male
2561 4043 2904 4107 porrectum.
2957 4039 3018 4091 Et
3060 4038 3187 4091 ideo
3234 4038 3369 4107 quia
3418 4038 3693 4090 adversus
3732 4034 3882 4090 Chri-

2195 4134 2344 4181 stum
2390 4127 2736 4181 humilitatis
2789 4126 3125 4197 magislrum
3173 4134 3393 4179 erectus
3442 4131 3546 4191 est,
3600 4132 3658 4178 et
3697 4129 3882 4177 contra

2196 4217 2347 4269 illius
2400 4216 2692 4268 lenissima
2739 4220 2794 4268 et
2836 4215 3095 4285 jucunda
3145 4220 3445 4284 praecepta,
3504 4212 3878 4275 contumacia,

392 4304 609 4358 cialiter
639 4303 698 4355 in
719 4302 906 4371 ipsum
933 4303 1193 4371 regulum
1225 4300 1507 4365 diribavit,
1543 4317 1648 4370 ego
1680 4301 1947 4369 contigue
1980 4300 1991 4332 ί
2023 4300 2082 4352 in
2122 4303 2165 4357 D
2195 4305 2449 4369 verbere,
2483 4309 2540 4358 et
2579 4304 2790 4374 gladio,
2833 4321 2969 4357 usus
3017 4311 3126 4368 est;
3178 4309 3327 4358 recte
3375 4304 3757 4358 Anticliristus
3800 4317 3882 4353 vo-

392 4393 539 4446 hanc
570 4391 804 4444 bestiam
843 4390 1053 4443 nostris
1099 4388 1452 4458 temporibus
1501 4394 1685 4441 ortam
1718 4398 1914 4441 nactus
1956 4403 2079 4440 sum

393 4481 697 4549 explicare,
743 4480 1079 4531 auctoritate
1114 4478 1211 4531 illa
1243 4494 1354 4548 qua
1386 4477 1515 4530 novi
1550 4477 1619 4530 ab
1650 4478 2082 4546 explanatorem

391 4568 607 4639 regulis
651 4584 763 4621 non
816 4567 1175 4637 aliquatenus
1218 4566 1483 4619 deviare:
1525 4565 1657 4636 quia
1702 4581 1804 4618 nec
1856 4564 2085 4634 propria

393 4656 717 4712 temeritate
749 4673 906 4723 usus,
942 4672 1114 4708 novas
1149 4655 1318 4709 rebus
1348 4655 1755 4723 intelligentias
1788 4654 1944 4718 ﬁnxi,
1987 4652 2083 4705 sed

394 4748 640 4818 majores
685 4762 928 4817 sequens
959 4745 1070 4798 illis
1101 4744 1620 4815 signiﬁcationibus
1650 4744 1921 4807 serviens,
1966 4742 2087 4811 qui-

394 4838 500 4891 bus
541 4836 795 4890 imbutus
842 4851 967 4887 sum
1022 4833 1359 4902 disciplinis.
1409 4833 1517 4886 Nec
1559 4832 1617 4884 in
1651 4848 1817 4884 sensu
1864 4847 2084 4896 eorum,

393 4940 499 4978 nec
534 4924 591 4976 in
636 4939 827 4976 rerum
860 4922 1323 4992 praetiguratione
1357 4921 1708 4984 discordans,
1760 4918 2089 4973 Antichristi

395 5019 573 5068 totam
607 5014 666 5066 in
695 5014 838 5066 hanc
890 5039 901 5080 ε
946 5011 1256 5081 imaginem
1292 5010 1725 5079 transplantavi.
1759 5008 1904 5071 Quid
1938 5024 2091 5061 nam-

466 5166 491 5190 ³
515 5155 573 5209 Id
610 5159 693 5209 est
725 5155 855 5207 infr.
894 5155 1060 5207 Num.
1092 5158 1280 5206 autem
1305 5155 1391 5215 28,
1411 5153 1514 5216 inf.
1543 5167 1646 5221 pro
1674 5153 1823 5204 intra
1845 5151 2086 5221 scripsit.

466 5230 491 5269 b
523 5228 643 5291 Ms.,
677 5228 986 5279 universi...
1023 5226 1306 5277 heretici...
1337 5225 1539 5289 miqui.

468 5307 488 5331 ο
520 5299 644 5361 Ms.,
674 5313 773 5365 per
794 5296 956 5364 hujus
989 5298 1114 5348 here
1144 5299 1412 5361 parentes.

466 5366 493 5402 ιι
524 5367 651 5431 Ms.,
684 5369 946 5420 sivilavil.

468 5443 492 5468 °
523 5437 640 5500 Ms.,
674 5440 723 5490 si
752 5442 965 5490 cunctos
996 5438 1093 5504 qui
1122 5435 1221 5489 sub
1250 5435 1364 5503 ejus
1386 5436 1668 5500 regimine.

469 5507 488 5541 ί
521 5508 640 5570 Ms.,
672 5508 1073 5573 benignitatem.

471 5591 500 5631 ε
532 5578 590 5632 L.
622 5580 939 5644 virginitati
965 5593 1055 5631 seu
1085 5576 1334 5631 sordibus
1364 5575 1759 5629 scubredinum.

2191 4399 2348 4447 catus
2380 4398 2481 4459 est,
2518 4392 2617 4463 qui
2647 4394 2983 4447 Christianae
3014 4393 3309 4463 religionis
3357 4392 3757 4461 apertissimus
3800 4390 3879 4442 in-

2192 4481 2455 4545 famatur,
2500 4487 2555 4533 et
2592 4480 2995 4533 subtilissimus
3046 4496 3270 4533 eversor
3315 4480 3584 4533 inventus
3632 4486 3735 4533 est.
3784 4480 3880 4532 Ha-

2194 4569 2319 4623 buit
2363 4569 2615 4622 Christus
2667 4569 2946 4621 Dominus
2990 4568 3089 4638 qui
3130 4584 3260 4622 eum
3307 4568 3655 4638 quibusdam
3692 4565 3879 4637 ﬁguris

2194 4663 2324 4711 ante
2373 4657 2725 4710 nativitatem
2780 4674 3113 4727 corpoream
3168 4662 3349 4726 gestu.
3401 4656 3743 4726 habituque,
3792 4656 3881 4707 ﬁr-

2196 4751 2380 4800 maret
2424 4751 2731 4799 venturum
2775 4762 2788 4799 :
2832 4746 3003 4799 habet
3047 4749 3104 4799 et
3134 4746 3226 4799 ille
3258 4747 3529 4815 nequitia-
3575 4762 3699 4798 suae
3742 4758 3881 4812 prae-

2197 4850 2477 4899 cursores,
2527 4833 2624 4904 qui
2672 4850 2805 4887 eum
2854 4833 3066 4904 integri
3108 4833 3489 4886 versationisl
3534 4833 3672 4886 dolo
3713 4837 3881 4884 totum

2196 4928 2561 4994 praesentent.
2609 4922 2771 4985 Quod
2825 4924 3058 4976 lectores
3100 4922 3213 4975 mei
3252 4922 3298 4975 si
3342 4922 3766 4991 reprehendere
3796 4934 3882 4969 vo-

2197 5011 2430 5078 luerint,
2469 5012 2627 5081 prius
2661 5012 2958 5065 doctorum
2993 5012 3282 5065 volumina
3315 5017 3573 5073 currunt,
3620 5015 3679 5064 et
3711 5005 3889 5063 medi-

2271 5155 2297 5196 Ιι
2332 5154 2712 5221 Imbecillalus,
2756 5170 2864 5207 vox
2897 5154 3155 5209 addenda
3191 5154 3468 5209 Glossario
3514 5153 3739 5206 inﬁma:
3771 5149 3887 5203 lati-

2200 5224 2395 5278 uitatis
2428 5241 2440 5277 :
2475 5225 2625 5277 idem
2657 5240 2720 5277 ac
2747 5226 3108 5279 imbecillitas.

2271 5294 2282 5328 ί
2312 5295 2407 5348 Ms.
2420 5336 2432 5359 ,
2467 5299 2722 5349 conticue.

2266 5365 2279 5407 ι
2324 5365 2519 5418 Melius
2571 5382 2584 5418 ε
2634 5369 2693 5419 in
2742 5367 2903 5433 hunc,
2961 5367 3018 5420 id
3070 5371 3153 5421 est
3206 5368 3507 5431 Mahomet,
3556 5360 3888 5418 Antichristi

2200 5446 2632 5507 praecursorem.

2272 5507 2296 5539 ³(
2328 5507 2420 5559 Ms.
2434 5547 2447 5565 .
2475 5507 2781 5560 lacertibus.

2270 5572 2283 5607 ¹
2320 5578 2374 5629 l~‘.
2411 5580 2470 5630 in
2503 5580 2982 5642 tergiversationis.
