4022 6178
123 271 208 322 553
1440 264 1811 322 INDICULUS
1852 265 2255 324 LUMINOSUS.

3484 278 3586 332 554

118 402 311 462 talione
354 398 607 453 lectionis
637 399 694 452 in
742 397 992 469 amplius
1022 402 1298 467 crescant,
1330 404 1385 453 et
1415 415 1543 469 qua:
1584 403 1780 469 aperte
1818 410 1859 459 Α
1895 399 2029 453 fidei
2082 401 2453 457 exercendam
2483 402 2772 470 instituat;
2825 404 2916 459 hic
2968 421 3033 460 ex
3082 412 3244 477 parte
3300 410 3453 465 visus
3500 419 3585 467 est

114 491 276 561 posita
303 494 447 554 sunt,
482 504 594 541 non
627 486 916 556 sugillent.

174 625 252 677 34.
286 619 628 690 Expeditius,
662 623 722 671 ut
772 635 923 683 reor,
987 619 1297 689 exponitur
1339 621 1489 691 quod
1538 620 1775 684 videtur,

113 727 264 782 quam
319 708 467 779 quod
520 707 866 778 quibusdam
933 708 1311 761 velaminibus
1359 709 1779 778 problematum

109 800 434 861 obscuratur,
469 801 525 849 et
558 811 661 848 nos
715 795 895 865 magis
926 795 1224 865 sequimur
1253 796 1624 866 praesentium
1657 813 1777 851 ma-

107 888 275 940 lorum
303 885 556 946 stor’iam,
593 899 765 954 quam
795 888 1250 953 exspectatarum
1277 900 1469 937 rerum
1502 884 1776 938 futuram.

106 976 227 1030 dum
268 973 417 1042 quod
466 974 599 1026 olim
653 972 980 1025 nuntiatum
1032 973 1355 1043 prophetize
1404 973 1625 1043 legibus
1678 989 1782 1043 per

107 1062 377 1117 servitutis
423 1061 631 1131 jugum
686 1077 801 1131 quo
850 1060 1172 1131 premimur
1226 1061 1583 1115 difﬂoramus
1624 1070 1665 1114 ⁸.
1716 1063 1783 1115 Et

105 1156 229 1221 puto
275 1149 427 1219 quod
477 1166 577 1219 per
625 1149 994 1211 Antiochum,
1047 1154 1106 1203 et
1163 1149 1467 1213 Neronem,
1531 1154 1589 1204 et
1636 1150 1780 1203 alios

106 1255 233 1310 quos
288 1238 436 1291 beati
486 1238 749 1291 doctores
794 1237 1093 1307 replicant,
1148 1237 1487 1292 Antichristi
1539 1239 1780 1309 prmvios

104 1327 405 1381 ﬁrmavere.
468 1326 625 1379 Hunc
678 1324 1029 1378 Antichristo
1085 1341 1365 1395 organum
1416 1326 1685 1393 dicerem,
1733 1326 1779 1379 si

106 1416 155 1467 in
182 1414 295 1467 hinc
316 1418 511 1465 nostra
541 1419 803 1482 tempora
841 1412 1195 1465 devenirent.
1242 1413 1380 1465 Nam
1428 1417 1484 1465 et
1524 1412 1778 1465 admira-

106 1502 219 1555 bilis
249 1502 449 1555 doctor
481 1506 674 1553 noster
718 1500 1121 1570 Hieronymus,
1172 1500 1303 1553 licet
1358 1501 1672 1570 Porphyrio
1721 1501 1781 1554 in

102 1590 359 1644 Antiocho
418 1591 701 1653 adverset,
762 1593 817 1641 et
872 1588 931 1640 in
990 1588 1379 1641 Domitianum
1430 1592 1455 1631 Ι)
1501 1590 1779 1642 Neronem

104 1678 214 1731 aliis
268 1678 614 1732 doctissimis
671 1677 1060 1741 contradicat;
1094 1682 1285 1729 tamen
1340 1693 1458 1729 non
1504 1693 1569 1730 ex
1616 1682 1777 1747 parte
1817 1710 1859 1764 Β

105 1784 185 1820 eos
241 1766 571 1821 Antichristi
630 1772 1001 1836 praesentasse
1060 1766 1306 1835 figuram
1363 1766 1613 1835 negavit,
1679 1768 1778 1820 sed

105 1872 187 1908 eos
252 1855 575 1925 specialiter
640 1854 1015 1909 Antichristos
1084 1870 1204 1907 esse
1260 1860 1539 1924 quantum
1595 1856 1781 1924 potuit

102 1943 478 1996 confutatione
519 1942 801 2012 probabili
842 1942 1170 2006 confutavit,
1222 1947 1278 1995 et
1324 1942 1666 1995 Antiochum
1700 1943 1780 2011 ip-

104 2048 212 2085 sum
245 2049 305 2086 ex
336 2039 501 2102 parte
544 2032 848 2101 imaginari
886 2031 1154 2095 firmavit,
1195 2031 1428 2084 dicens:
1482 2032 1639 2086 Sicut
1669 2032 1775 2101 igi-

104 2125 183 2174 tur
204 2121 458 2175 Salvator
497 2121 669 2174 habet
700 2120 1086 2182 Salomonem,
1141 2124 1197 2173 et
1252 2120 1396 2173 alios
1456 2125 1675 2174 sanctos
1719 2121 1777 2173 in

106 2215 283 2277 typum
342 2225 514 2262 suum
567 2209 833 2262 habuisse
885 2208 1202 2261 credendus
1235 2213 1340 2274 est,
1377 2225 1505 2278 quas
1560 2208 1621 2262 in
1679 2210 1777 2261 illo

107 2313 159 2350 ex
206 2303 359 2367 parte
407 2297 720 2368 prtecessit,
771 2295 830 2349 in
889 2297 1235 2350 Antichristo
1281 2297 1577 2367 explenda.
1636 2297 1781 2350 Dicit

106 2386 237 2439 idem
266 2386 624 2440 admirabilis
654 2385 850 2438 doctor
880 2385 936 2437 in
968 2384 1114 2437 libro
1140 2390 1265 2437 cata
1293 2396 1313 2419 ο
1351 2384 1677 2438 Matthaeum
1709 2385 1778 2439 de

107 2476 347 2529 omnibus
424 2474 715 2528 haereticis
784 2478 1034 2543 quarto:
1101 2495 1120 2520 ι
1188 2474 1324 2542 Ego,
1377 2473 1583 2543 inquit,
1648 2489 1780 2527 reor

107 2580 281 2617 omnes
326 2563 741 2618 haeresiarchas
797 2562 1175 2615 Autichristos
1231 2578 1372 2628 esse,
1408 2566 1463 2615 et
1514 2562 1617 2615 sub
1673 2579 1775 2615 no-

109 2652 239 2705 mine
272 2652 482 2706 Christi
540 2668 607 2704 ea
636 2650 837 2704 docere
869 2666 998 2720 quae
1039 2650 1324 2703 contraria
1355 2650 1577 2703 Christo
1624 2655 1775 2703 sunt.

112 2741 204 2793 Nec
235 2742 445 2793 mirum
481 2740 527 2792 si
559 2738 775 2809 aliquid
805 2755 948 2809 quos
979 2735 1004 2773 δ
1037 2738 1105 2791 ab
1128 2738 1215 2791 his
1246 2738 1537 2791 videamus
1564 2738 1775 2805 seduci,

111 2844 217 2880 cum
264 2829 542 2883 Dominus
594 2827 847 2882 dixerit:
908 2829 978 2881 Et
1033 2828 1226 2880 multos
1264 2827 1513 2880 seducent
1559 2827 1776 2896 (Matth.

110 2933 232 2982 ων,
264 2920 337 2982 ὅ.)
394 2916 565 2980 Quod
605 2921 661 2969 et
714 2915 913 2969 beatus
957 2916 1204 2969 Joannes
1263 2915 1322 2967 in
1362 2931 1461 2967 sua
1529 2915 1779 2985 Epistola

112 3005 451 3059 luminositer
480 3004 619 3057 dicit
654 3020 667 3057 :
710 3004 959 3057 Audistis
1010 3006 1143 3072 quia
1187 3004 1561 3057 Antichristus
1591 3009 1779 3057 ventu-
1820 3004 1861 3058 C

111 3110 189 3146 rus
213 3100 284 3147 est
311 3111 324 3148 :
355 3109 499 3148 nunc
552 3098 731 3146 autem
778 3093 1111 3145 Antichristi
1154 3092 1314 3143 multi
1349 3095 1474 3143 sunt
1518 3090 1573 3159 (Ι
1619 3093 1776 3144 Joan.

113 3199 162 3247 ll,
194 3184 290 3251 18).
322 3184 497 3237 Erant
536 3181 707 3234 etiam
738 3180 851 3234 alia
898 3196 1026 3250 quae
1066 3179 1200 3233 huic
1239 3184 1451 3232 nostrae
1483 3178 1780 3231 assertioni

112 3270 481 3326 fulcimentum
533 3270 858 3324 edoctorum
902 3278 923 3303 ε
954 3268 1286 3321 exhiberent
1315 3283 1528 3337 opera:
1560 3268 1655 3321 sed
1720 3266 1781 3319 in

114 3376 161 3411 re
186 3362 298 3413 luce
328 3361 526 3431 potius
556 3358 811 3411 claritate
842 3357 1120 3428 fulgente,
1166 3372 1385 3409 moram
1432 3355 1781 3426 superfluam

116 3442 349 3499 devitavi.
384 3445 493 3500 Sed
531 3462 601 3499 ne
646 3446 829 3499 solum
876 3450 1101 3499 tantum
1153 3450 1349 3498 nostro
1400 3445 1599 3498 doctor
1646 3444 1782 3497 Hie-

115 3548 326 3603 ronymo
357 3534 652 3588 confidere
687 3533 967 3599 dicamur,
1010 3538 1066 3587 et
1110 3533 1344 3587 alterius
1385 3533 1574 3586 fulciri
1630 3532 1784 3586 testi-

113 3624 281 3677 monio
310 3640 423 3677 non
460 3629 819 3693 reputemur.
872 3624 995 3677 Non
1026 3638 1167 3675 num
1198 3620 1218 3657 τ
1248 3622 1526 3675 Hilarium
1570 3622 1785 3675 confes-

114 3726 272 3766 sorem
301 3712 606 3783 egregium
646 3711 706 3764 in
742 3712 920 3765 aciem
946 3711 1153 3764 iterum
1202 3711 1608 3779 producamus,
1656 3727 1783 3764 nos-

114 3812 205 3865 que
232 3798 472 3853 duorum
508 3798 865 3869 professione
896 3797 1182 3851 veracium
1210 3798 1637 3851 confirmemus.

170 3933 247 3984 35.
293 3932 677 3986 Antichristos
716 3932 906 4002 plures
953 3946 1091 3997 esse,
1153 3930 1360 4001 inquit,
1419 3930 1592 3984 etiam
1646 3946 1783 3999 apo-

114 4019 234 4071 stolo
256 4020 470 4075 Joanne
498 4019 847 4091 praedicante
895 4018 1286 4089 cognovimus.
1330 4018 1598 4089 Quisquis
1630 4017 1784 4071 enim

115 4104 375 4161 Christum
415 4108 609 4180 qualis
638 4108 710 4161 ab
744 4108 1019 4178 apostolis
1046 4112 1131 4159 est
1164 4106 1506 4176 praedicatus
1535 4104 1782 4175 negavit,

115 4195 471 4251 Antichristus
513 4202 618 4249 est.
656 4197 913 4249 Nominis
961 4194 1294 4249 Antichristi
1325 4194 1646 4264 proprietas
1702 4198 1788 4247 est

1889 505 2188 543 renovasse
2209 490 2655 545 circumcisionis
2685 493 2931 546 cultrum
2965 495 3346 563 plausibiliter
3375 516 3584 554 acuens

1890 583 1945 630 et
1969 594 2192 631 acarne
2233 580 2398 632 suilla
2429 592 2459 632 ε
2503 580 2816 649 prohibens
2862 583 3111 636 cultores
3142 590 3308 638 secta":
3368 588 3584 658 impiaa,

1888 667 1973 719 vel
2006 682 2289 720 coercens.
2323 667 2482 731 Quod
2514 672 2705 721 autem
2750 669 2819 723 de
2846 671 3182 742 Apocalypsi
3214 674 3586 742 promisimus

1888 756 2223 826 exponenda
2251 761 2442 809 nostro
2474 756 2605 810 huic
2626 759 2892 827 pertenui
2932 760 3093 829 operi
3123 778 3398 831 congrua,
3422 764 3582 832 licet,

1890 848 1950 896 ut
1979 845 2176 898 crebro
2207 844 2348 908 dixi,
2380 845 2764 899 Antichristus
2814 846 2873 899 in
2904 864 2961 900 se
3009 852 3454 918 praesentialiter
3495 870 3585 906 ex-

1886 932 2077 986 hibeat
2102 937 2245 998 tota;
2280 938 2472 986 tamen
2495 933 2541 987 si
2593 934 2799 1003 spiritu
2835 935 3100 1001 ducante,
3138 942 3197 991 ut
3228 942 3583 994 consuetudo

1888 1011 2264 1075 ecclesiastica
2319 1022 2690 1075 celeberrime
2743 1023 2974 1089 retinet,
3036 1025 3157 1078 11th
3202 1026 3327 1096 ipsa
3373 1032 3585 1084 tracte-

1888 1126 2034 1176 mus,
2087 1126 2151 1163 ex
2203 1115 2361 1179 parte
2410 1108 2648 1179 impleta
2702 1126 2875 1181 super
2922 1111 3043 1181 jam
3097 1113 3311 1167 dictum
3363 1115 3586 1170 hostem

1887 1198 2314 1252 evidentissime
2335 1198 2699 1263 disseremus,
2746 1204 2799 1252 et
2829 1215 2934 1269 pro
2987 1200 3095 1254 hoc
3126 1202 3348 1255 nullum
3390 1204 3585 1274 loqua-

1887 1302 2011 1339 cem
2042 1284 2371 1339 malivolum
2397 1285 2743 1340 dubitamus.
2775 1288 2973 1340 Nullus
3006 1289 3160 1343 enim
3192 1297 3452 1345 nostrum
3479 1293 3586 1346 hoc

1887 1378 2145 1442 tempore
2178 1374 2281 1427 sub
2316 1390 2515 1427 eorum
2539 1375 2827 1444 reperitur
2867 1392 3067 1446 regno,
3100 1378 3201 1448 qui
3253 1384 3427 1445 emat,
3489 1387 3586 1434 aut

1886 1462 2096 1515 vendat
2125 1461 2398 1515 immunis
2427 1462 2619 1516 omine
2653 1464 2678 1504 ιι
2704 1463 3073 1519 ferocissima:
3133 1466 3330 1520 bestias
3390 1468 3581 1537 (Apoc.

1890 1566 2003 1615 xm,
2046 1550 2146 1619 l7).
2181 1550 2377 1603 Omnis
2428 1551 2578 1603 enim
2622 1554 3041 1621 receptaculum
3089 1554 3141 1607 ei
3191 1555 3249 1608 in
3291 1556 3474 1609 fronte
3526 1558 3585 1609 in

1888 1637 2192 1709 principali
2229 1654 2400 1708 opere
2434 1638 2467 1699 ί,
2512 1639 2597 1691 vel
2630 1639 2688 1691 in
2734 1656 2931 1703 manu,
2966 1640 3023 1693 id
3067 1647 3171 1709 est,
3218 1643 3276 1695 in
3313 1645 3584 1713 operibus

1888 1726 2141 1795 segniter
2192 1726 2487 1793 inhiando,
2561 1727 3021 1797 frequentissime
3086 1730 3320 1800 praebet.
3382 1733 3582 1786 Notam

1888 1814 2011 1883 ejus
2042 1814 2337 1881 habentes,
2380 1814 2515 1868 dum
2548 1816 2991 1870 consuetudines
3022 1833 3222 1871 eorum
3272 1821 3579 1888 neglectas,

1888 1902 2322 1972 probatissimas
2379 1908 2607 1973 patrum
2676 1904 2973 1973 pestiferas
3030 1910 3208 1959 sectas
3275 1908 3579 1976 gentilium

1888 1996 2275 2045 consectamus
2309 2008 2321 2044 :
2357 1996 2414 2044 et
2447 2007 2657 2045 nomen
2688 1992 2745 2044 in
2780 1992 3083 2061 frontibus,
3112 1994 3249 2047 dum
3277 1996 3580 2050 obliterato

1887 2080 2069 2134 crucis
2123 2080 2349 2145 vexillo,
2422 2080 2600 2150 ipsius
2655 2081 2890 2134 nefandi
2946 2082 3165 2135 utimur
3217 2092 3580 2153 argumento.

1890 2170 2034 2223 Dum
2062 2168 2216 2221 enim
2238 2168 2733 2222 circumcisionem
2765 2169 2836 2222 ob
2858 2170 3376 2239 improperantium
3410 2174 3583 2242 igno-

1890 2256 2125 2310 miniam
2174 2256 2560 2321 devitandam,
2605 2257 2869 2325 despecta
2908 2258 3091 2312 cordis
3130 2275 3259 2328 quae
3300 2261 3585 2331 principa-

1888 2345 2019 2398 liter
2040 2345 2198 2415 jussa
2228 2349 2332 2409 est,
2356 2360 2485 2397 cum
2512 2344 2673 2397 dolor
2703 2344 2873 2398 etiam
2908 2362 3021 2399 non
3076 2347 3266 2401 medio
3310 2376 3321 2417 ί
3382 2366 3586 2419 corpo-

1888 2433 1966 2485 ris
1994 2447 2340 2498 exercemus,
2370 2432 2508 2501 quid
2532 2431 2685 2485 aliud
2710 2448 2883 2503 quam
2917 2433 3041 2502 ejus
3070 2439 3260 2488 notam
3294 2435 3352 2487 in
3393 2440 3584 2488 mente

1889 2526 1946 2573 et
1975 2520 2232 2573 membro
2274 2520 2611 2589 portamus?
2646 2521 2715 2575 Et
2758 2520 2894 2573 dum
2944 2537 3143 2574 eorum
3194 2522 3470 2589 versibus,
3532 2529 3583 2577 et

1888 2607 2107 2661 fabellis
2139 2607 2295 2660 mille
2327 2608 2443 2659 suis
2490 2607 2859 2672 delectamus,
2918 2608 3114 2678 eisque
3162 2609 3455 2673 inservire,
3493 2612 3580 2663 vel

1889 2695 2028 2766 ipsis
2090 2694 2456 2765 nequissimis
2508 2694 2895 2748 obsecundare
2939 2696 3114 2749 etiam
3153 2698 3392 2766 praemio
3445 2700 3583 2752 emi-

1890 2800 2028 2848 nus;
2061 2788 2117 2836 et
2145 2799 2210 2836 ex
2252 2783 2358 2836 hoc
2391 2783 2566 2835 vitam
2608 2782 2666 2835 in
2717 2784 2924 2836 saeculo
2975 2784 3259 2851 ducimus,
3315 2788 3401 2840 vel
3450 2804 3580 2841 cor-

1890 2888 2027 2943 pora
2082 2871 2431 2941 saginamus,
2488 2887 2554 2923 ex
2597 2870 2816 2924 inlicito
2855 2873 3086 2925 servitio
3139 2878 3194 2926 et
3241 2877 3581 2930 exsecrando

1891 2959 2205 3012 ministerio
2250 2958 2692 3011 abundantiores
2722 2975 2861 3027 opes
2896 2967 3332 3031 congregantes,
3391 2964 3581 3034 fulgo-

1890 3063 1998 3113 res,
2027 3047 2247 3112 odores,
2286 3046 2894 3116 vestimentorumque,
2956 3049 3072 3101 sive
3104 3065 3278 3119 opum
3340 3052 3583 3105 diversa-

1890 3152 2016 3189 rum
2057 3135 2432 3204 opulentiam,
2494 3136 2552 3187 in
2611 3135 2782 3204 longa
2821 3141 3083 3205 tempora
3131 3138 3293 3192 nobis
3336 3140 3581 3211 filiisque

1890 3223 2116 3287 nostris,
2153 3227 2321 3293 atque
2354 3223 2659 3293 nepotibus
2685 3223 3085 3292 praevidentes,
3124 3241 3451 3297 nomenque
3486 3245 3581 3282 ne-

1890 3309 2075 3363 fanda:
2114 3309 2308 3363 bestia:
2339 3326 2466 3363 cum
2498 3311 2716 3363 honore
2748 3315 2805 3365 et
2834 3312 3162 3382 precamine
3192 3314 3304 3367 illis
3352 3316 3521 3370 solito
3554 3318 3579 3350 κ

1890 3398 2008 3451 vice
2040 3414 2241 3451 eorum
2281 3398 2490 3451 nostris
2548 3399 2811 3452 manibus
2844 3404 3263 3470 praenotantes;
3322 3405 3580 3475 nunquid

1890 3504 2005 3540 non
2058 3488 2249 3557 patule
2303 3504 2513 3540 nomen
2563 3488 2759 3541 bestia:
2808 3489 2896 3542 his
2946 3489 3239 3543 affectibus
3289 3492 3347 3544 in
3408 3509 3580 3546 manu

1889 3576 2087 3629 dextra
2138 3578 2480 3645 portamus?
2534 3575 2624 3629 Sic
2681 3582 2735 3628 et
2785 3577 2921 3630 dum
2969 3577 3041 3630 ob
3098 3578 3342 3632 honores
3394 3582 3584 3634 saeculi

1889 3664 2091 3717 fratres
2130 3679 2259 3715 cum
2307 3664 2544 3716 crimine
2603 3664 2832 3733 regibus
2884 3665 3076 3734 impiis
3119 3683 3471 3730 accusamus,
3527 3676 3585 3723 et

1890 3752 2139 3805 inimicis
2188 3751 2396 3802 summi
2431 3750 2529 3804 Dei
2560 3752 2629 3804 ad
2663 3751 3037 3805 occidendum
3073 3769 3305 3823 gregem
3358 3758 3583 3811 Domini

1891 3837 2146 3907 gladium
2180 3836 2538 3890 revelationis
2558 3838 2933 3907 porrigimus,
2968 3840 3351 3912 ducatumque
3381 3861 3583 3898 eorum

1892 3930 1949 3978 et
1969 3925 2351 3978 ministerium
2385 3926 2453 3979 ad
2486 3926 2675 3996 ipsum
2708 3927 2927 3980 facinus
2976 3930 3353 3984 exercendum
3410 3949 3581 4001 pecu-

1892 4014 2004 4069 niis
2034 4014 2299 4079 emimus,
2334 4015 2467 4085 quid
2503 4015 2657 4068 aliud
2708 4032 2877 4086 quam
2913 4032 3043 4070 cum
3072 4018 3268 4073 bestia}
3327 4021 3580 4083 nomine,

1893 4108 1951 4156 et
1979 4104 2303 4157 charactere
2337 4102 2743 4157 crudelissimae
2776 4103 2910 4157 feras
2951 4106 2987 4169 ι,
3022 4106 3311 4159 nundinas
3352 4123 3584 4161 exerce-

1898 4209 2045 4260 mus,
2073 4197 2129 4245 et
2158 4208 2290 4245 oves
2313 4192 2540 4246 Domini
2575 4194 2842 4262 luporum
2890 4194 3154 4247 dentibus
3187 4202 3395 4249 nostrae
3443 4213 3587 4250 mer-

116 4282 312 4338 Cbristo
363 4302 488 4339 esse
540 4285 878 4338 contrarius.
936 4285 998 4337 In
1056 4284 1355 4337 transitum
1416 4299 1549 4335 vero
1596 4282 1786 4352 operis
1822 4282 2155 4351 Dcimoniaa
2209 4282 2547 4351 exponendo
2597 4283 2940 4351 peccamus?
2995 4282 3087 4337 Sic
3143 4289 3201 4337 et
3254 4285 3391 4338 dum
3457 4286 3585 4339 illo-

116 4372 337 4439 positum
380 4374 494 4428 hoc
549 4373 1029 4427 considerandum
1078 4372 1343 4442 prudenti
1389 4371 1588 4425 lectori
1630 4376 1787 4424 nota-

116 4473 242 4527 mus,
301 4463 459 4532 quod
517 4478 585 4515 ea
648 4477 777 4532 qua:
835 4462 904 4515 de
974 4459 1324 4515 Antichristo
1380 4460 1549 4513 multi
1596 4460 1787 4513 dixere

118 4548 371 4617 doctores,
396 4567 465 4605 eo
490 4550 642 4622 quod
666 4550 903 4604 veniens
928 4549 1225 4603 Mosaicam
1252 4549 1440 4618 legem
1467 4548 1787 4618 repriorere

118 4643 327 4709 sataget,
361 4640 504 4695 dum
532 4638 982 4693 circumcisionis
1029 4637 1300 4708 injuriam
1334 4637 1405 4690 ob
1456 4636 1788 4690 firmitatem

176 4825 284 4901 “.F.
316 4825 685 4903 deploramus.
719 4822 921 4903 Supra.
970 4838 1028 4903 n.
1081 4825 1169 4887 2t,
1226 4820 1508 4903 dif/teratu
1570 4821 1793 4875 oracula

125 4892 508 4960 legimus;’sed
539 4912 607 4947 ea
630 4910 779 4947 nunc
801 4892 1131 4963 importuna
1160 4893 1318 4946 notio
1352 4894 1594 4946 videtur.

178 4966 200 5005 δ
239 4968 527 5019 Domitium
560 4966 705 5019 lege.
738 4970 798 5019 ut
827 4980 1019 5019 supra.
1054 4980 1110 5018 n.
1139 4966 1226 5017 2t.

179 4981 200 5005 υ
239 4981 527 5019 uommum
560 4981 705 5035 lege,
738 4981 798 5019 ut
827 4981 1019 5036 supra,
1054 4981 1110 5018 n.
1139 4981 1226 5017 21.

179 5045 198 5069 ο
225 5036 279 5089 Id
309 5042 394 5089 est
419 5037 756 5089 secundum.

125 5105 202 5226 ἥδ
238 5107 287 5161 I.
322 5110 372 5161 si
400 5109 617 5176 aliquos
643 5123 711 5160 ex
752 5105 1011 5173 Hieron,
1048 5104 1145 5159 lib.
1182 5121 1256 5173 IV,
1306 5103 1363 5157 in
1405 5102 1619 5169 Matth.,
1665 5118 1788 5173 cap.

130 5211 149 5224 “
162 5211 200 5279 ῐέ
240 5248 293 5300 F.
325 5248 624 5302 doctorum.

186 5314 351 5383 ‘Ms.,
407 5335 517 5371 non
569 5334 715 5373 num.
766 5317 1076 5389 legendum
1113 5320 1305 5371 autem
1369 5317 1665 5371 Nonnum:
1727 5329 1793 5367 ex

129 5385 270 5439 dictis
300 5406 457 5443 num.
478 5392 532 5453 9,
563 5406 617 5459 p.
649 5391 772 5443 233.

187 5470 212 5508 κ
245 5460 362 5513 Ms..
397 5477 432 5513 a
460 5475 645 5513 carnes
664 5460 876 5514 suillas.

191 5529 214 5569 δ
247 5531 331 5585 Ad
378 5530 525 5584 illud
563 5532 764 5584 alludit
802 5528 1193 5600 Apocalypsis,
1252 5527 1352 5581 ubi
1406 5526 1661 5581 dicitur:
1728 5528 1801 5581 Ne

468 5629 742 5692 PATROL.
795 5627 1006 5692 CXXI.

1895 4386 2022 4423 rum
2066 4376 2419 4423 sacramenta
2469 4370 2837 4441 inquirimus,
2868 4376 2923 4424 et
2954 4372 3429 4442 philosophorum
3472 4375 3587 4428 imo

1896 4459 2398 4529 philocomporum
2424 4467 2483 4525 ιιι,
2518 4464 2696 4512 sectas
2730 4459 2871 4513 scire
2903 4476 3018 4513 non
3050 4478 3153 4530 pro
3185 4462 3439 4531 ipsorum
3462 4479 3590 4515 cou-

1899 4546 2191 4599 vincendis
2222 4547 2533 4611 erroribus,
2568 4547 2665 4599 sed
2697 4562 2804 4617 pro
2832 4549 3119 4617 elegantia
3148 4550 3379 4620 leporis,
3412 4556 3467 4603 et
3505 4551 3587 4603 lo-

1898 4636 2126 4689 cutione
2157 4634 2475 4688 luculenter
2501 4634 2731 4701 diserta,
2764 4635 3038 4702 neglectis
3071 4638 3280 4691 sanctis
3329 4637 3591 4692 lectioni-

1902 4820 2025 4886 quis
2053 4819 2224 4886 possit
2254 4832 2441 4878 emere,
2475 4823 2572 4869 aut
2600 4817 2848 4883 vendere,
2896 4819 3009 4871 nisi
3039 4822 3135 4886 qui
3192 4820 3353 4873 habet
3405 4821 3595 4873 chara-

1901 4896 2117 4954 cterem,
2168 4894 2262 4941 aut
2290 4903 2477 4941 nomen
2502 4888 2700 4953 bestiae,
2738 4896 2831 4940 aut
2865 4904 3146 4942 numerum
3184 4893 3419 4943 nominis
3454 4892 3591 4957 ejus,

1901 4976 2025 5030 cap.
2063 4962 2147 5013 13.
2185 4959 2329 5012 Hinc
2359 4958 2500 5010 forte
2552 4958 2647 5010 ubi
2699 4959 2795 5011 Ms.
2830 4960 3104 5012 inmunem
3151 4964 3341 5027 omine,
3402 4961 3588 5027 legen-

1904 5032 2040 5084 dum
2072 5046 2083 5083 :
2116 5032 2371 5082 immunis
2404 5032 2633 5082 nomine.

1976 5102 1989 5135 ί
2021 5101 2143 5167 Ms.,
2172 5102 2231 5152 in
2258 5100 2563 5168 principale
2591 5100 2835 5167 operis...
2872 5102 2931 5153 in
2960 5115 3142 5169 opera.

1994 5194 2006 5236 ι
2038 5172 2117 5224 [ta
2149 5177 2285 5222 tunc
2308 5186 2409 5238 pro
2440 5186 2543 5224 non
2572 5170 2797 5225 modico.

1976 5241 2003 5274 κ
2046 5243 2166 5305 Ms.,
2189 5242 2426 5294 solitum.

1979 5312 1993 5345 ¹
2033 5312 2155 5377 Ms.,
2182 5312 2551 5365 crudelissime
2582 5313 2745 5377 ferre.

1977 5390 2016 5415 ω
2041 5383 2096 5435 Id
2124 5387 2225 5447 est,
2250 5398 2364 5455 non
2392 5382 2997 5455 amatorumrscientia:
3020 5383 3196 5453 (quod
3222 5383 3601 5455 pliilOSOphus

1908 5453 2283 5527 sonat),__sed
2334 5458 2658 5527 amatorum
2713 5454 3022 5521 jactentur.
3068 5455 3143 5507 Ex
3200 5470 3404 5524 graeco,
3456 5453 3605 5527 iptio-

1908 5543 2103 5595 κομπος
2135 5523 2192 5577 id
2223 5529 2305 5577 est
2322 5524 2609 5593 jactantiaa
2642 5530 2881 5578 amator.

3215 5632 3293 5688 l8
