4022 6178
429 293 529 344 555
1822 283 2072 339 ALVARI
2115 282 2602 338 CORDUBENSIS
3786 294 3867 343 536

424 422 531 476 bus
560 433 997 490 congregamus,
1023 416 1169 470 nihil
1200 415 1354 469 aliud
1385 430 1558 486 quam
1605 430 1910 468 numerum
1945 423 1968 447 ⁸
2015 430 2114 466 no-
2156 417 2203 471 A
2230 413 2420 481 stiani,
2463 417 2519 467 et
2548 414 2806 484 linguam
2849 414 3143 486 propriam
3192 432 3307 469 non
3358 417 3649 473 advertunt
3698 420 3869 489 Latini,

426 510 599 564 minis
629 510 750 579 ejus
780 508 839 561 in
870 505 1130 559 cubiculo
1151 509 1345 558 nostro
1368 503 1530 571 quasi
1552 504 1706 557 idola
1732 504 2114 557 conlocamus.

427 599 580 665 Quis,
613 614 773 666 rogo,
805 595 978 650 hodie
1006 595 1181 647 solers
1212 594 1269 646 in
1302 593 1509 646 nostris
1538 592 1799 646 fidelibus
1828 592 1987 645 laicis
2030 591 2117 645 in-

427 687 654 739 venitur
680 688 722 751 b,
783 683 883 755 qui
931 682 1238 751 Scripturis
1291 680 1500 733 sanctis
1530 680 1796 733 inventus
1826 680 2119 733 volumina

425 789 905 846 quorumcunque
951 773 1252 826 doctorum
1326 769 1520 823 Latine
1569 769 1889 838 conscripta
1936 768 2115 839 respi-

424 864 534 916 ciat
565 864 621 916 c‘?
652 862 789 926 Quis
830 860 1173 929 evangelico,
1216 858 1341 929 quis
1388 858 1744 928 prophetico,
1804 857 1932 928 quis
1979 874 2117 927 apo-

423 952 619 1004 stolico
651 956 810 1004 ustus
836 954 1064 1003 tenetur
1087 946 1325 1001 amore?
1373 947 1572 1000 Nonne
1603 962 1803 999 omnes
1832 946 2119 1015 djuvenes

426 1038 733 1093 Christiani
761 1038 918 1091 vultu
956 1037 1161 1101 decori,
1208 1037 1421 1104 lingua
1454 1040 1477 1065 °
1520 1034 1736 1101 diserti,
1790 1034 1988 1088 habitu
2019 1050 2117 1103 ge.-

423 1133 628 1196 stuque
680 1124 995 1195 conspicui,
1052 1122 1343 1193 gentilicia
1401 1120 1723 1175 eruditione
1773 1121 2035 1191 prmelari
2079 1120 2115 1187 ί,

425 1214 664 1267 Arabico
711 1213 939 1283 eloquio
996 1211 1312 1274 sublimati,
1372 1209 1665 1263 volumina
1724 1208 2117 1262 Chaldaeorum

426 1302 750 1356 avidissime
797 1305 1041 1355 tractant
1074 1313 1121 1367 ε,
1157 1298 1538 1353 intentissime
1587 1298 1807 1368 legunt,
1844 1297 2117 1351 ardentis-

425 1391 566 1444 sime
590 1391 898 1455 disserunt,
934 1394 987 1442 et
1019 1389 1241 1458 ingenti
1275 1388 1460 1441 studio
1512 1393 1938 1456 congregantes.
1983 1385 2113 1449 lata,

424 1480 841 1548 constrictaque
876 1478 1069 1547 lingua
1106 1476 1391 1530 laudando
1424 1475 1739 1544 divulgant,
1793 1475 2120 1527 ecclesiasti-

424 1585 546 1621 cam
578 1567 1067 1637 pulchritudinem
1096 1566 1449 1635 ignorantes,
1483 1569 1538 1616 et
1572 1564 1827 1617 Ecclesiae
1880 1564 2120 1617 tlumina

423 1657 491 1709 de
524 1656 788 1725 paradiso
822 1654 1133 1718 manantia,
1160 1654 1325 1724 quasi
1346 1652 1614 1705 vilissima
1663 1656 2113 1705 contemnentes.

493 1745 635 1809 lleu,
668 1742 816 1813 proh
846 1742 1037 1796 dolor!
1082 1742 1339 1811 linguam
1373 1743 1399 1783 h
1432 1757 1592 1793 suam
1642 1739 1906 1793 nesciunt
1965 1740 2121 1794 Chri-

494 1909 516 1933 ³
554 1902 847 1955 Numerum
892 1901 1126 1953 nominis
1188 1897 1323 1967 ejus,
1386 1898 1438 1951 id
1497 1902 1599 1961 est,
1660 1897 1912 1951 sexcenti
1952 1913 2117 1951 sexa-

423 1971 583 2041 ginta
612 1988 705 2023 sex
732 1972 921 2040 (Apoc.
947 1987 1079 2041 xui,
1103 1971 1212 2036 t8).

492 2043 517 2083 ί)
558 2038 925 2095 Αὶάπεὶθίιὶι).
976 2058 1012 2094 1.
1056 2040 1210 2110 Orig.
1266 2040 1404 2109 ling.
1439 2038 1662 2093 Castell.
1695 2054 1742 2092 c.
1798 2041 1912 2093 2'2:
1966 2042 2114 2093 inve-

423 2114 632 2165 niatur.

494 2191 513 2215 °
552 2183 705 2236 Idem
749 2198 761 2235 :
794 2184 1044 2250 recipiat.

492 2253 517 2294 ἀ
560 2254 713 2306 Idem
757 2269 770 2305 :
806 2253 1063 2306 homines.

495 2328 518 2353 °
558 2324 712 2376 Idem
758 2340 770 2376 :
808 2325 1015 2389 lingua.

494 2392 513 2425 ί
552 2395 672 2459 llis.,
704 2395 951 2463 gentilici
968 2392 1285 2446 eruditioni.

2227 502 2305 555 ita
2333 507 2391 555 ut
2424 504 2582 556 omni
2615 504 2625 536 ί
2659 503 2869 559 Christi
2896 504 3139 574 collegio
3172 504 3263 558 vix
3312 505 3594 559 invenitur
3643 524 3777 563 unus
3822 512 3871 564 in

2227 591 2462 645 milleno
2509 592 2811 645 hominum
2844 609 3106 659 numero,
3173 593 3272 664 qui
3340 595 3688 649 salutatorias
3738 597 3875 653 fratri

2227 680 2407 750 possit
2450 682 2871 735 rationabiliter
2909 682 3157 751 dirigere
3203 684 3414 736 litteras
3486 685 3547 737 Et
3575 688 3854 755 reperituri

2228 770 2443 840 absque
2474 786 2716 824 numero
2747 771 3048 840 multiplex
3088 771 3256 824 turba
3283 772 3331 839 κ,
3373 771 3472 841 qui
3503 774 3712 827 erudite
3734 775 3879 829 Chal-

2229 856 2417 911 daicas
2463 859 2767 911 verborum
2827 859 3068 929 explicet
3124 876 3382 929 pompas.
3434 861 3515 913 Ita
3568 866 3625 914 ut
3679 864 3879 915 metrice

2229 945 2529 999 eruditiori
2560 947 2628 999 ab
2660 946 2797 1016 ipsis
2847 947 3115 1015 gentibus
3166 948 3438 1012 carmine,
3495 953 3551 1001 et
3598 949 3881 1004 sublimiori

2228 1033 2680 1103 pulchritudine,
2725 1034 2925 1089 ti'nales
2970 1036 3250 1089 clausulas
3271 1036 3438 1089 unius
3488 1037 3684 1089 litterae
3740 1054 3880 1091 coar-

2229 1120 2473 1175 ctatione
2533 1124 2820 1188 decorent,
2873 1128 2929 1175 et
2977 1124 3141 1192 juxta
3192 1124 3344 1194 quod
3397 1125 3605 1193 linguae
3635 1125 3795 1194 ipsius
3817 1143 3883 1178 re-

2229 1210 2408 1280 quirit
2439 1209 2675 1277 idioma,
2724 1227 2853 1280 quae
2900 1227 3099 1264 omnes
3144 1212 3366 1265 vocales
3417 1214 3603 1282 apices
3640 1220 3885 1267 commata

2227 1299 2441 1352 claudit
2483 1304 2537 1353 et
2593 1300 2735 1365 cola,
2788 1300 3088 1369 rythmice,
3136 1300 3252 1355 imo
3302 1302 3385 1356 uti
3446 1301 3583 1371 ipsis
3629 1303 3882 1373 competit,

2228 1388 2463 1443 metrice
2494 1389 2745 1443 universi
2776 1390 3066 1459 alphabeti
3120 1391 3323 1444 litterae
3349 1407 3453 1461 per
3486 1391 3667 1444 varias
3711 1393 3881 1445 dictio-

2229 1494 2329 1531 nes
2376 1478 2653 1547 plurimas
2685 1479 2965 1533 variantes
3006 1496 3119 1533 uno
3163 1479 3278 1533 ﬁne.
3309 1481 3785 1550 constringuntur,
3814 1482 3883 1533 vel

2228 1565 2402 1618 simili
2447 1566 2626 1635 apice.
2676 1567 2846 1620 Multa
2892 1572 2949 1620 et
3002 1567 3114 1620 alia
3169 1573 3333 1621 erant
3372 1585 3501 1638 qua:
3545 1574 3744 1621 nostra:
3778 1568 3886 1620 huic

2229 1654 2569 1723 expositioni
2596 1655 2933 1709 exhibereut
2974 1656 3305 1709 iirmilatem
3339 1673 3351 1710 :
3405 1656 3521 1709 imo
3554 1672 3677 1726 quae
3734 1655 3884 1725 ipsam

2229 1742 2421 1811 patule
2442 1742 2503 1795 in
2534 1744 2716 1795 lucem
2741 1743 3124 1812 producerent
3153 1760 3326 1814 quam
3358 1744 3695 1815 exponimus
3723 1745 3755 1797 ι.

2302 1912 2330 1953 ς
2367 1899 2579 1953 Aldret.
2595 1942 2607 1966 ,
2641 1906 2906 1955 cruciant.

2300 1974 2326 2014 h
2366 1971 2519 2023 Idem
2556 1988 2568 2024 :
2606 1972 2789 2037 legem.

2302 2043 2313 2077 ί
2357 2042 2510 2094 Idem
2548 2057 2559 2096 :
2595 2057 2661 2093 ea:
2691 2044 2854 2095 omni.

2304 2135 2316 2177 ι
2361 2113 2516 2165 Idem
2552 2128 2563 2166 :
2598 2113 2675 2165 Et
2705 2115 2965 2181 reperias.

2302 2182 2327 2214 ¹ί
2367 2183 2487 2247 M3,,
2518 2184 2841 2253 multiplices
2881 2185 3089 2239 turbas.

2304 2254 2314 2285 ¹
2358 2253 2658 2327 [lucusque
2717 2255 2889 2308 codex
2947 2254 3346 2327 Cordubensis.
3396 2255 3690 2311 Secundus
3742 2269 3885 2327 quem

2228 2324 2496 2391 promisit
2526 2325 2671 2377 liber
2702 2327 2885 2394 (num.
2918 2329 2964 2392 l,
3004 2330 3057 2379 ll
3088 2332 3143 2379 et
3168 2330 3255 2391 2t)
3289 2326 3669 2381 desideratur.

1410 2704 2160 2816 INCIPIUNT
2246 2707 2799 2819 VERSUS
2870 2706 2934 2819 ³.

1247 3011 1287 3064 I.

981 3116 1191 3153 CARMEN
1229 3115 1560 3153 PHILOHELJi.

421 3193 556 3258 Vox,
587 3190 919 3255 Philomela,
953 3194 1051 3243 tua
1084 3194 1397 3242 metrorum
1424 3187 1679 3241 carmina
1711 3187 1905 3253 vincit,

490 3282 555 3334 Et
582 3285 813 3351 superat
843 3278 1000 3332 miris
1026 3276 1259 3331 ﬂamina
1290 3292 1498 3346 magna
1522 3276 1727 3331 modis.

418 3369 557 3432 \‘ox,
589 3367 924 3431 Philomela,
948 3370 1049 3418 tua
1076 3364 1259 3418 dulcis
1282 3380 1456 3434 super
1486 3380 1701 3433 organa
1732 3364 1942 3434 pergit,

487 3456 719 3510 Cantica
748 3470 881 3508 nam
912 3468 1081 3505 suave
1113 3452 1327 3522 fulgida
1360 3466 1569 3520 magna
1598 3468 1727 3505 ca...

418 3544 558 3607 Vox,
597 3542 933 3605 Philomela,
958 3546 1055 3594 tua
1076 3543 1308 3609 superat
1327 3539 1405 3591 sic
1435 3543 1666 3609 gutture
1698 3555 1905 3606 musas,

495 3633 561 3685 Ut
590 3631 835 3683 citharas
860 3630 885 3671 ι)
916 3627 1098 3680 vincat
1125 3627 1290 3680 sibila
1312 3636 1331 3659 ε
1360 3632 1511 3680 ter...

418 3720 620 3790 Sicque
644 3718 793 3789 lyras
823 3717 1014 3771 dulces
1037 3715 1377 3769 chordarum
1411 3715 1616 3785 pollice
1650 3715 1852 3769 ductus
1873 3716 1898 3757 ἀ

490 3807 723 3861 Excellis
757 3806 1014 3859 mulcens
1045 3804 1220 3857 corda
1248 3803 1444 3857 fovens
1473 3803 1773 3857 hominum
1803 3815 1842 3857 ε.

417 3896 591 3951 Cedat
620 3895 870 3950 omni....
905 3893 1007 3947 tibi
1038 3909 1139 3946 vox
1176 3908 1407 3963 quoque
1434 3892 1664 3961 garrula
1694 3892 1857 3946 cedat
1887 3908 1900 3946 :

482 3985 675 4039 Judice
707 4000 798 4038 me
829 3997 1057 4036 carmen
1090 3981 1309 4052 fulgeat
1331 3996 1501 4033 omne
1545 3984 1730 4033 tuum.

414 4076 578 4128 Nulla
597 4078 748 4127 certe
779 4072 881 4124 tibi
914 4070 1158 4140 mquiter
1190 4085 1343 4121 nunc
1368 4068 1629 4121 cantibus
1655 4069 1772 4121 ales

493 4206 505 4217 .
530 4204 543 4218 .
568 4204 579 4217 .
599 4202 613 4215 .
656 4160 954 4214 hominum
978 4175 1113 4211 voce
1134 4157 1309 4211 feras.
1332 4197 1345 4209 .
1368 4196 1381 4210 .
1404 4197 1416 4210 .
1440 4198 1452 4211 .
1475 4197 1488 4211 .

1062 4286 1076 4300 .
1114 4244 1597 4299 blande........

484 4339 649 4390 Et...
672 4379 684 4390 .
708 4374 757 4393 ..
795 4334 970 4388 funde
1004 4331 1164 4385 solite
1197 4335 1430 4401 gutture
1460 4346 1611 4401 saepe
1647 4330 1844 4383 melos.

416 4425 603 4480 Porri.
626 4468 639 4479 .
663 4464 675 4478 .
698 4466 711 4479 .
749 4422 941 4477 dulces
974 4436 1174 4474 sonum
1199 4419 1473 4491 gaudenti
1503 4423 1731 4490 pectore
1752 4420 2037 4490 plectrunt

486 4515 552 4568 Et
579 4512 1305 4567 dulce................
1340 4508 1541 4579 clange
1572 4524 1801 4561 sonans.

413 4603 603 4657 Gloria
650 4640 698 4657 ..
722 4641 733 4653 .
755 4640 770 4654 .
792 4641 805 4654 .
828 4642 841 4654 .
863 4640 877 4654 .
1043 4642 1054 4654 .
1076 4639 1089 4654 .
1111 4640 1124 4654 .
1147 4639 1160 4652 .
1182 4640 1195 4652 .
1233 4613 1336 4668 per
1359 4597 1566 4651 saecula
1595 4596 1832 4650 Christo.

484 4690 592 4755 Qui
621 4688 1520 4744 nobis.....................
1563 4684 1923 4740 tantadcdit.

478 4842 503 4868 ⁸
542 4834 882 4889 Constanter
910 4832 1055 4884 versi
1076 4829 1132 4883 in
1156 4830 1260 4883 Ms.

480 4908 505 4948 b
546 4904 780 4958 Morales
823 4918 836 4955 :
864 4902 1081 4956 cicadas
1110 4903 1299 4954 uincit.

479 4986 500 5009 ε
533 4977 654 5041 Ms.,
687 4975 867 5028 sivila.

479 5048 505 5089 ἀ
546 5048 706 5110 Μυκη,
739 5044 961 5097 ducunt.

477 5130 499 5154 ο
540 5119 757 5171 Desunt
795 5117 1097 5185 sequentes
1152 5128 1346 5166 versus
1392 5112 1449 5165 in
1495 5112 1710 5176 Morali,
1757 5127 1932 5182 supra
1965 5128 2094 5183 pag.

406 5192 473 5243 32
524 5189 718 5255 citaro,
771 5186 871 5239 ubi
929 5189 1169 5238 monet:
1213 5187 1333 5238 Haec
1381 5187 1563 5251 prima
1620 5186 1828 5252 pagina
1867 5188 2097 5253 praeter-

405 5276 568 5327 quam
600 5257 743 5327 quod
774 5257 951 5310 lacera
970 5259 1083 5322 fuit
1111 5261 1161 5308 et
1188 5255 1444 5327 mutilata
1483 5258 1760 5322 tantopere
1787 5256 1901 5320 fuit
1924 5259 2101 5308 vetus-

407 5326 517 5383 tate
567 5326 740 5383 deleta
808 5333 869 5380 ut
921 5330 1023 5380 uiae
1077 5342 1266 5395 pauca
1325 5326 1517 5378 litterae
1572 5327 1791 5390 agnosci
1856 5330 2093 5393 possent.

404 5401 627 5470 Agnitaa
678 5414 811 5451 vero
862 5403 992 5451 sunt
1039 5396 1233 5451 solerti
1282 5396 1341 5449 D.
1389 5396 1685 5448 Francisco
1714 5395 1963 5466 Delgado
2012 5396 2097 5450 in-

405 5471 798 5538 vestigatione.

476 5538 495 5573 ¹
534 5535 740 5592 {Bona
766 5554 897 5607 pars
927 5536 1072 5602 folii,
1112 5535 1303 5606 inquit
1338 5536 1592 5599 Morales,
1632 5536 1854 5590 inferne
1891 5537 2091 5603 defuit,

406 5609 502 5663 ubi
555 5609 785 5662 initium
834 5608 941 5662 fuit
965 5609 1137 5677 hujus
1168 5607 1618 5677 epigrammatis.
1652 5607 1821 5660 Verso
1845 5608 1982 5661 folio
2013 5624 2095 5661 se—

403 5680 638 5751 quentia
685 5679 912 5732 inerant
944 5694 956 5730 :
1004 5680 1261 5732 Carmina
1291 5679 1406 5732 laete
1435 5682 1552 5740 tua,
1587 5684 1691 5731 etc.
1727 5708 1796 5716 -
1828 5677 1934 5733 Sed
1988 5694 2089 5731 no-

2398 3029 2516 3066 I‘I‘EM
2557 3029 2724 3069 ALIUD
2765 3031 3193 3069 PHILOMELAICUM
3233 3033 3449 3072 CARKEN
3489 3035 3738 3073 EJUSDEI.

2225 3100 2321 3155 Dic
2350 3101 3167 3161 dic................mihi
3200 3111 3729 3175 gutturecan.....
3766 3107 3783 3141 ί

2223 3189 2488 3243 Carmina
2519 3191 2646 3245 laete
2678 3195 2776 3245 tua
2805 3192 2936 3246 rudi
2966 3194 3187 3264 cripare
3219 3211 3483 3261 susurro,

2295 3279 2360 3332 Et
2389 3279 2586 3333 laudes
2617 3281 2880 3334 metricas
2912 3283 3174 3349 exercita,
3199 3300 3415 3355 quaeso,
3452 3285 3561 3340 tibi
3593 3298 3638 3340 ε.

2221 3364 2490 3419 Cantibus
2526 3383 2651 3420 ecce
2685 3369 2793 3423 tuis
2825 3386 3095 3441 responsa
3125 3372 3347 3441 poetica
3372 3380 3637 3439 currunt,

2294 3455 2357 3508 Et
2388 3461 2605 3511 certant
2628 3457 2783 3511 vario
2814 3474 2872 3511 se
2902 3461 2927 3500 ιι
2955 3475 3227 3529 superare
3256 3461 3425 3531 pede.

2224 3544 2428 3597 Excute
2460 3546 2794 3615 pennigera,
2826 3548 3040 3601 exaltai
3070 3549 3148 3602 sic
3178 3550 3433 3604 carmina
3469 3567 3607 3605 voce
3641 3567 3654 3604 :

2292 3633 2431 3686 Nolo
2458 3632 2659 3687 timere
2690 3636 2847 3699 velis,
2878 3636 3013 3690 nolo
3039 3641 3225 3691 tacere
3269 3640 3433 3693 velis.

2218 3721 2393 3775 Cedat
2421 3722 2749 3792 omnigena,
2790 3724 2952 3778 cedat
2973 3741 3081 3779 vox
3112 3728 3344 3794 garrula
3366 3728 3553 3794 cedat,

2290 3809 2485 3863 Judice
2512 3827 2602 3864 me
2633 3812 2837 3866 cedant
2864 3814 3057 3867 omnia
3083 3814 3263 3868 ﬂabra
3295 3815 3400 3869 tibi
3428 3843 3440 3885 ι
3466 3857 3482 3872 .

2220 3897 2517 3968 Perstrepe
2543 3900 2868 3971 plumigera
2898 3902 3126 3956 vincens
3148 3903 3228 3957 sic
3252 3904 3401 3958 facta
3429 3906 3455 3939 ἰ
3494 3906 3768 3976 priorum,

2292 3987 2360 4039 Ut
2383 3992 2577 4041 nostra
2608 3989 2824 4058 pariter
2850 3994 3023 4061 tuque
3054 4008 3203 4046 nova
3229 4009 3485 4063 superes.

2218 4074 2411 4130 Gloria
2443 4092 2653 4147 magna
2687 4078 2801 4133 Deo
2828 4084 3041 4147 nostro,
3072 4080 3171 4151 qui
3199 4081 3335 4136 sede
3366 4083 3641 4152 perenni,

2288 4165 2506 4235 Regnat
2534 4172 2833 4237 perpetuo,
2864 4184 2968 4223 nos
2996 4169 3109 4239 pie,
3142 4169 3292 4240 juste
3320 4170 3545 4229 fovens.

2727 4446 2964 4486 DIS’I‘ICHA
3007 4434 3019 4467 ¹
3059 4449 3127 4487 ns
3193 4450 3387 4489 GALLO.

2215 4603 2406 4659 Gallus
2435 4621 2493 4660 se
2526 4606 2820 4661 excutiens
2850 4609 3075 4679 pennis,
3112 4614 3169 4663 et
3200 4625 3334 4663 voce
3367 4611 3633 4673 resultat,
3816 4681 3821 4685 ψ

2288 4694 2585 4748 Dulcisone
2615 4704 2653 4729 ω
2686 4696 2937 4767 crispans
2958 4703 3190 4768 gutture
3219 4698 3463 4769 pulchre
3496 4716 3723 4755 sonans.

2209 4834 2435 4959 vistsime
2467 4835 2715 4961 dtuorum
2747 4838 3195 4910 praecedentium
3226 4856 3496 4897 versuum
3548 4846 3734 4914 partes
3783 4837 3874 4907 legi

2211 4922 2283 4961 no
2313 4922 2494 4960 uerun
2547 4924 2559 4961 :

2211 4922 2520 4977 patuerunt
2547 4924 2559 4961 :

2676 5017 2731 5063 tu
2763 5014 3037 5065 desinente
3063 5017 3305 5066 canendo

2670 5078 2780 5126 dies
2815 5084 2968 5128 nocte
2995 5080 3241 5128 tenebras
3270 5079 3426 5128 solas.

2549 5139 2792 5189 Carmina
2820 5140 2937 5190 laete
2962 5146 3069 5202 tua,
3093 5146 3191 5191 etc.
3227 5162 3249 5184 ι»

2279 5264 2309 5306 8
2346 5252 2505 5320 Mor.,
2534 5254 2633 5307 tui.

2278 5320 2301 5356 "
2342 5324 2465 5389 Ms.,
2492 5330 2562 5379 te.

2278 5394 2291 5427 ¹
2326 5394 2485 5457 Mor.,
2518 5396 2720 5459 exulta,
2754 5400 2803 5449 et
2834 5396 2951 5450 Ms..
2976 5398 3185 5451 emtulla
3216 5399 3314 5451 sic.

2271 5490 2285 5533 ι
2358 5466 2447 5519 Sic
2479 5467 2616 5531 Mor,
2653 5467 2775 5534 Ms,
2806 5468 2960 5521 cedat
2990 5484 3159 5522 omne.

2276 5538 2302 5578 ιε
2342 5536 2503 5589 Mor..
2523 5539 2668 5601 fata.

2275 5602 2286 5637 ¹
2327 5608 2448 5672 Ms.,
2490 5610 2716 5661 Distica.

2276 5685 2314 5711 ’³³
2347 5678 2437 5732 Sic
2466 5678 2600 5732 Mor.
2635 5679 2756 5741 Ms.,
2787 5678 2937 5732 dulci
2962 5695 3105 5734 sono.
