4044 6174
237 297 289 311 BR

205 300 285 347 557

204 423 287 477 llic
311 419 504 491 repetit
528 420 668 473 altas
700 424 978 474 nocturno
1014 425 1270 492 tempore
1303 438 1482 493 voces,

264 513 321 565 Et
348 511 465 563 luce
496 510 705 579 praevia
736 509 988 563 carmina
1018 512 1183 581 plura
1216 513 1389 566 canit.

203 602 287 655 Hic
312 600 499 653 laudes
530 599 767 652 Domino
799 600 1000 669 pandit
1033 617 1136 670 per
1168 602 1310 654 hora
1338 602 1560 656 dierum
1597 619 1609 655 :

262 689 467 743 Excitat
497 693 552 742 et
582 690 776 758 pigros
807 690 1015 758 saepius
1047 690 1139 743 hic
1170 690 1449 745 recinens.

839 901 1034 939 VERSUS
1072 902 1200 939 ALII.

199 992 319 1059 (Illa
344 992 470 1057 folii
495 1007 647 1061 pars,
683 1008 847 1061 quam
886 992 1196 1062 disruptum
1225 993 1491 1053 diximus,
1529 997 1640 1045 octo
1664 994 1870 1061 primos

257 1078 430 1197 genu;
479 1065 797 1117 abstulerat.
840 1064 1122 1131 Sequentis
1160 1065 1287 1131 folii
1329 1065 1423 1117 hoc
1473 1066 1585 1129 fuit
1625 1065 1866 1117 initium.

306 1150 388 1187 on.

196 1223 378 1292 Sicque
408 1239 587 1292 pavus
617 1232 641 1255 ³
660 1222 813 1276 varie
840 1239 1147 1293 pavescens
1175 1239 1311 1277 voce
1340 1224 1573 1276 resultat

198 1311 289 1374 Qui
317 1311 521 1381 pennis
550 1312 749 1365 rutilat
778 1312 945 1365 fulvis
974 1318 1025 1366 et
1060 1312 1275 1365 murice
1308 1311 1447 1365 sicli.

197 1400 375 1469 Specie
404 1400 653 1453 formosa
683 1401 837 1470 viget
869 1400 966 1471 qui
1000 1402 1237 1470 pulchre
1269 1403 1543 1453 venustus

196 1488 446 1542 Cantibus
471 1489 769 1557 applaudit
802 1495 1090 1558 gemmato
1122 1488 1308 1541 sidere
1336 1488 1582 1558 pinctus,

194 1579 319 1631 Cum
348 1582 552 1629 teretes
580 1577 785 1641 vibrat,
820 1577 959 1629 mire
995 1577 1131 1630 dum
1163 1576 1409 1645 explicat
1437 1576 1572 1641 alas,

194 1669 261 1719 Ac
288 1665 417 1718 solis
446 1665 628 1717 instar
657 1666 835 1719 cauda
868 1666 1003 1719 dum
1028 1681 1209 1734 pansa
1237 1665 1501 1734 refulget,

196 1756 251 1808 Et
277 1756 450 1826 peltes
478 1755 693 1808 clarent
720 1755 914 1808 lunato
948 1755 1130 1808 sidere
1161 1754 1342 1808 densi.

199 1845 324 1896 Dum
353 1844 523 1897 vertit
552 1849 704 1896 terra
734 1843 973 1912 pulcher
997 1843 1330 1913 placideque
1357 1842 1616 1906 decorus,

191 1935 291 1984 Aut
314 1931 527 2001 crispas
559 1931 769 1984 relevat
798 1931 1060 2000 pandens
1091 1946 1195 2000 per
1224 1930 1422 1983 ordine
1454 1933 1627 1993 rotas,

197 2018 414 2073 Lumine
446 2020 685 2072 milleno
718 2018 1031 2087 splendent
1062 2018 1197 2071 hinc
1222 2018 1354 2071 inde
1385 2032 1606 2082 serene,

195 2108 323 2161 Dum
358 2109 600 2162 reboans
634 2108 924 2161 melodum
956 2112 1235 2161 concentu
1265 2106 1458 2177 plume
1488 2107 1746 2160 volucres

197 2196 449 2266 Despicit,
486 2201 541 2251 et
570 2196 808 2267 replicat
836 2196 1035 2250 crebro
1066 2196 1328 2249 iterando
1358 2211 1661 2249 camcenas.

195 2284 326 2355 Ergo
353 2303 452 2338 vos
485 2286 673 2356 cygni,
702 2286 957 2355 lautique
987 2284 1189 2337 decore
1217 2300 1464 2354 pavones

194 2374 321 2427 Cum
350 2374 512 2427 suavi
544 2391 672 2427 mea
701 2390 830 2427 cum
861 2377 887 2416 b
916 2373 1233 2427 Philomela
1266 2372 1452 2427 ducite
1483 2387 1735 2437 carmen,

196 2463 252 2515 Et
272 2464 511 2533 pedibus
539 2462 794 2516 metricis
820 2461 1017 2515 rithmi
1044 2462 1395 2515 contemnite
1425 2466 1679 2514 monstra

193 2552 312 2615 Quae
341 2553 535 2622 segnis
562 2567 757 2604 errans
788 2552 971 2604 ﬂuxus
997 2563 1017 2585 °
1050 2551 1127 2604 sic
1158 2550 1390 2604 rancide
1412 2566 1618 2603 sanans
1646 2550 1672 2591 ἀ

196 2641 351 2693 Devio
383 2640 608 2711 mugitu
644 2640 843 2710 pangit
873 2644 934 2692 ut
962 2639 1181 2692 cantica
1213 2642 1406 2708 turpet

194 2729 464 2799 Ecclesiae,
496 2729 765 2800 plebibus
796 2744 923 2800 quae
952 2744 1177 2798 semper
1200 2728 1419 2798 fulgida
1448 2728 1623 2781 claret
1652 2738 1693 2780 ε.

619 2938 821 2976 veasus
861 2938 1046 2986 LAUDI,
1088 2938 1188 2973 γει
1229 2924 1430 2975 PRECIS.

194 3026 231 3081 Ο
254 3027 460 3098 pietate
490 3026 678 3081 bonus
711 3027 922 3098 opifex,
955 3026 1177 3097 fulgore
1207 3027 1465 3094 decorus,

196 3116 297 3170 Rex
327 3116 671 3171 saeculorum
701 3116 883 3181 fortis,
915 3116 1013 3187 qui
1044 3116 1193 3169 clare
1224 3132 1482 3184 serenus,

194 3206 404 3259 £terne
437 3221 687 3275 regnans
720 3220 926 3275 magna
954 3204 1170 3259 ditione
1201 3208 1450 3275 potestas

196 3294 522 3349 Pulchriﬁce
552 3294 783 3349 radians
812 3299 930 3347 toto
960 3309 1063 3364 per
1094 3294 1311 3347 mundo
1342 3292 1600 3363 refulgis,

193 3382 287 3445 Qui
314 3400 496 3450 mare,
535 3382 635 3453 qui
682 3386 882 3450 terras,
932 3382 1276 3452 coelumque,
1311 3386 1368 3435 et
1411 3386 1624 3434 tartara
1664 3380 1874 3449 tendis,

194 3471 253 3524 Et
279 3473 490 3526 virtute
524 3472 723 3541 vigens
750 3472 942 3542 signas
970 3476 1027 3525 et
1056 3470 1237 3524 cludis
1270 3470 1519 3539 abyssos,

194 3558 359 3622 Quem
386 3565 646 3631 respecta
674 3560 888 3623 tremit,
925 3575 1167 3631 quaeque
1198 3559 1405 3629 pietate
1437 3558 1722 3629 gubernas

192 3648 509 3720 Temperas,
542 3653 597 3702 et
628 3648 855 3702 rabidas
887 3648 1116 3701 frenans
1145 3648 1351 3700 virtute
1378 3646 1674 3716 procellas.

190 3738 421 3794 Tu.......
457 3738 737 3792 Dominus
766 3737 893 3790 caeli
923 3736 1024 3807 qui
1054 3752 1231 3805 regna
1262 3738 1534 3805 potestas,

192 3826 247 3880 Et
275 3828 437 3881 vultu
467 3827 698 3898 placido
727 3830 1213 3897 tempestatesque
1246 3840 1495 3890 serenas,

190 3915 478 3969 Tartareas
506 3920 686 3969 terras
715 3914 978 3968 dissolvis
1005 3915 1129 3967 luce
1159 3913 1444 3978 tenebras,

193 4006 473 4060 Infantum
505 4006 733 4076 linguas
760 4005 950 4059 reddis
978 4003 1078 4074 qui
1109 4004 1345 4073 pulchre
1379 4002 1612 4066 solutas,

192 4095 249 4146 Et
270 4096 425 4164 juste
457 4095 613 4164 regis
643 4094 861 4164 pariter
890 4109 1133 4164 qumque
1164 4108 1341 4161 regna
1369 4091 1619 4144 decoras.

189 4182 261 4235 Tu
295 4189 521 4237 nostras
547 4189 734 4237 rector
757 4188 917 4253 terge
949 4180 1298 4235 sanctissime
1328 4180 1541 4249 culpas,

190 4271 248 4324 Et
277 4273 534 4327 clemens
562 4288 721 4327 voces
747 4273 849 4326 has
876 4286 1029 4325 nunc
1059 4269 1163 4324 tibi
1196 4269 1417 4323 reddito
1447 4268 1665 4338 dignas.

847 4483 964 4521 ITEM
1006 4482 1222 4520 VERSUS.

190 4574 424 4629 Lumine
450 4575 715 4628 candoris
747 4575 965 4627 clarent
992 4573 1082 4627 hic
1108 4572 1229 4625 lilia
1254 4571 1403 4637 caeli,

191 4665 350 4719 Fulve
383 4681 530 4718 rosze
563 4665 772 4718 ﬂorens
802 4663 1031 4716 imitant
1060 4662 1152 4715 hic
1180 4676 1440 4731 purpura
1468 4665 1657 4719 terrae.

190 4750 246 4802 Et
276 4750 445 4803 violae
479 4750 696 4819 pariter
726 4749 1019 4801 stellarum
1052 4746 1172 4799 vice
1204 4747 1528 4805 coruscant,

189 4836 327 4891 Dum
353 4837 514 4891 vario
548 4836 805 4891 redolent
836 4835 1056 4906 pariter
1084 4835 1261 4889 unitae
1293 4834 1480 4887 colore

187 4924 434 4979 Albeolae
464 4926 716 4978 retinent
744 4940 845 4978 ceu
878 4923 1049 4977 unico
1080 4923 1201 4977 lilia
1226 4921 1460 4975 conchis
1492 4919 1528 4985 τ,

189 5011 365 5067 Instar
396 5017 457 5067 et
484 5030 677 5084 gypsaz
704 5014 1085 5083 complectens
1115 5012 1260 5066 colla
1288 5010 1496 5081 puellae

188 5104 407 5172 Lactea,
442 5106 581 5160 dum
609 5105 859 5177 pingunt
884 5106 1108 5160 bilbant
1138 5106 1454 5176 fulgentem
1486 5102 1695 5157 selenci
1727 5114 1755 5156 ς

254 5242 276 5267 ο
315 5232 485 5297 Men,
515 5234 681 5299 fores.
710 5233 832 5295 Ms.,
861 5247 1059 5301 pavus.

254 5304 279 5343 ιι
322 5305 451 5368 Ms.,
484 5306 722 5357 meatim.
757 5305 879 5368 Ms,
908 5319 1026 5356 mea
1052 5319 1191 5357 cum.

257 5381 277 5405 θ
315 5374 409 5428 Sic
441 5375 580 5428 Mor.
616 5375 738 5437 Ms.,
768 5376 1003 5428 harrans
1035 5377 1228 5442 ﬂowas,
1260 5373 1295 5427 f.
1330 5374 1520 5440 ﬂemus.

257 5445 283 5485 ἀ
323 5446 451 5511 Ms.,
483 5460 683 5499 sannas
710 5445 747 5499 f.
782 5460 999 5499 sonans.

258 5522 280 5547 °
319 5508 448 5581 Ms.,
480 5516 754 5584 plebisque
803 5530 1018 5587 semper
1064 5514 1280 5583 fulgide
1309 5515 1493 5567 claret.
1528 5512 1665 5566 Mor.
1716 5514 1779 5564 ut
1829 5508 1888 5562 in

1750 295 2086 349 CARMINA.

1908 1726 1949 1779 B

1920 4331 1965 4385 D

3575 298 3676 349 5338

1900 430 1944 482 Α
1976 426 2182 494 lgneus
2208 424 2455 479 ﬂammis
2485 425 2644 479 miris
2676 426 3058 479 carbunculus
3089 426 3314 494 ardens,

1976 516 2159 584 Atque
2189 514 2379 567 colore
2404 514 2522 584 poli
2554 515 2889 585 pollensque
2922 516 3148 585 lapillus
3180 532 3549 586 acquescens,

1978 602 2069 655 Sic
2098 602 2345 671 pretiose
2375 603 2573 670 vigens
2601 602 2788 654 adstat
2818 603 3075 672 aliosque
3109 604 3391 657 virescens

1978 690 2085 753 Qui
2114 691 2259 744 celse
2291 690 2597 759 pulchrum
2631 689 2878 743 reddunt
2904 707 3006 759 per
3031 693 3173 745 colla
3201 693 3478 747 celidrum
3511 697 3556 760 h,

1978 781 2165 849 Atque
2196 780 2397 832 decora
2430 795 2559 831 rosa
2587 778 2843 833 ﬂabescit
2874 794 3034 831 more
3062 785 3322 849 topazon,

1982 869 2047 921 Et
2078 868 2324 921 theretes
2353 868 2578 921 vibrant
2609 883 2748 920 auro
2781 866 3029 936 crispose
3062 868 3227 922 violae

1979 958 2287 1010 Gemmatce
2319 958 2576 1027 lapidum
2612 957 2779 1024 colla,
2815 957 2893 1009 sic
2924 960 3099 1010 tlorea
3130 960 3317 1029 campi

1980 1045 2374 1114 Respleudunt
2402 1046 2574 1099 rutilo
2606 1061 2850 1115 gemmae
2884 1062 3012 1115 quae
3046 1053 3267 1116 quaestu
3296 1048 3541 1117 superbo

1979 1132 2197 1204 Empta:
2231 1138 2465 1188 manent
2493 1135 2745 1204 pretioso
2778 1135 2949 1188 nimis
2980 1135 3060 1188 sic
3086 1151 3325 1190 munere
3359 1142 3561 1190 macte.

1978 1222 2085 1276 Sed
2116 1222 2292 1277 simili
2323 1224 2540 1293 pollent
2572 1224 2749 1294 gratis
2780 1223 3028 1276 vibranti
3061 1224 3284 1277 decore.

1982 1312 2124 1363 Dum
2158 1312 2332 1364 mixte
2362 1311 2590 1377 ﬂorent,
2628 1312 2902 1376 redolent,
2936 1311 3317 1381 candentque,
3354 1311 3674 1381 rubentque

1980 1398 2335 1462 Quadratum
2365 1400 2525 1470 apice
2548 1401 2829 1455 mundum
2855 1400 3087 1454 millene
3118 1405 3405 1454 venustat.

2782 1545 2869 1598 VI.

2016 1664 2287 1702 lNCll’IlTNT
2320 1665 2520 1703 VERSUS
2562 1667 2929 1704 EPHEMERIDES
2963 1650 2975 1683 ί
3005 1667 3359 1704 .EliRlTUDINlS
3401 1667 3638 1704 PROPRI£

2582 1775 2837 1839 Prw/otio
2870 1776 3067 1843 precis.

1978 1881 2080 1943 Tu,
2114 1878 2334 1935 Christe
2368 1880 2605 1933 Domine
2641 1896 2854 1940 rerum,
2890 1896 3060 1949 quem
3095 1878 3291 1949 lingua
3321 1878 3591 1946 celebrat,

1980 1970 2277 2040 Quemque
2311 1973 2518 2022 tremet
2547 1968 2813 2034 mundus,
2845 1984 3016 2039 quem
3048 1969 3196 2020 clare
3236 1983 3412 2038 regna
3456 1983 3674 2037 praeco-

3419 2054 3600 2127 [nant,

1980 2146 2085 2201 Cui
2115 2146 2343 2211 caelum,
2374 2145 2561 2210 tellus,
2597 2145 2796 2209 maria,
2831 2144 2918 2199 vel
2949 2148 3162 2198 tartara
3190 2144 3365 2198 servit
3396 2161 3407 2197 :

1981 2234 2083 2289 Cui
2112 2234 2216 2298 sol,
2251 2233 2576 2299 luna,-dies,
2610 2234 2909 2298 famulant,
2947 2233 3037 2287 cui
3060 2249 3257 2286 omnes
3284 2233 3492 2303 abyssi,

1980 2322 2251 2392 Angelica
2281 2321 2373 2375 cui
2398 2322 2565 2375 turba
2594 2322 2801 2375 virtute
2833 2322 2999 2375 beata

1982 2410 2269 2466 Laudibus
2296 2410 2635 2480 obsequium
2661 2411 2827 2464 solvit
2855 2410 3097 2479 fulgenti
3128 2410 3357 2479 decore,

1982 2501 2161 2566 Quem
2192 2499 2369 2553 virtus
2398 2499 2583 2552 omnis
2610 2504 2917 2553 concentus
2949 2499 3166 2565 laudat,
3199 2505 3254 2553 et
3288 2499 3476 2553 omnis

1984 2589 2202 2657 Sidera,
2227 2588 2314 2641 vel
2346 2587 2627 2658 quidquid
2660 2587 2843 2641 centri
2876 2603 3127 2640 convexa
3151 2591 3401 2651 tenetur,

1984 2680 2165 2743 Quem
2194 2678 2312 2743 lux,
2346 2693 2503 2743 aura,
2536 2677 2674 2743 dies,
2710 2676 2944 2741 recinet,
2976 2676 3065 2729 vel
3096 2681 3265 2730 testus
3297 2682 3352 2729 et
3377 2675 3547 2745 ignis,

1984 2766 2268 2831 Flumina,
2301 2765 2416 2830 nix,
2451 2764 2679 2833 glacies,
2712 2769 2933 2829 ventus,
2963 2769 3020 2818 et
3045 2765 3202 2818 unda
3233 2769 3484 2818 resonat.

1985 2855 2304 2925 Omnigena
2337 2871 2527 2908 rerum
2564 2855 2869 2908 Dominum
2902 2870 3041 2924 prex
3074 2854 3248 2923 digna
3276 2856 3530 2907 venerat.

1985 2945 2068 2997 Tu
2095 2944 2304 2996 misero
2335 2943 2584 2996 clemens
2614 2942 2880 2995 metricas
2908 2942 3123 2996 resolve
3152 2958 3437 3007 camenas,

1914 3030 1953 3083 C
1986 3030 2247 3085 Carmine
2276 3034 2338 3082 ut
2369 3030 2606 3100 pulchro
2639 3029 2822 3083 valeat
2851 3029 3150 3082 concinere
3180 3030 3398 3095 laudes,

1986 3119 2051 3172 Et
2080 3117 2343 3189 proprias
2368 3133 2532 3170 versu
2561 3117 2749 3171 clades
2787 3117 2874 3171 his
2903 3121 3055 3170 texat
3087 3133 3330 3170 amaras.

1985 3207 2134 3270 Quas
2161 3206 2367 3259 merito
2396 3205 2622 3275 patiens
2652 3204 2973 3275 subjectum
3005 3211 3191 3259 morte
3223 3205 3470 3275 sepulcri

1984 3297 2064 3349 Tu
2099 3295 2308 3366 pietate
2340 3296 2489 3347 Deus
2523 3310 2749 3347 revocas
2781 3294 2852 3347 ad
2883 3294 3084 3347 limina
3117 3293 3268 3347 vitae.

1986 3386 2148 3439 Nunc
2169 3384 2383 3438 famulo
2416 3383 2640 3452 largum
2671 3382 2985 3453 plangendi
3008 3382 3258 3435 carmine
3287 3384 3485 3436 ﬂetum

1986 3472 2215 3537 Confer,
2248 3476 2303 3525 et
2327 3471 2544 3527 Christe
2579 3476 2800 3525 nostras
2832 3471 3077 3525 dissolve
3110 3472 3396 3536 tenebras,

1989 3563 2055 3616 Et
2082 3560 2267 3615 lucide
2298 3559 2491 3630 vigida
2521 3559 2665 3612 servi
2697 3559 2774 3612 sic
2802 3564 3038 3629 pectora
3069 3559 3273 3613 forma.

1990 3650 2059 3704 Ut
2087 3650 2257 3718 digne
2291 3653 2521 3701 cantum
2554 3648 2757 3702 reddat
2788 3648 3111 3719 hymnifere
3140 3648 3469 3718 pulchrum,

1986 3739 2108 3802 Quo
2139 3738 2330 3791 deleas
2361 3740 2552 3790 sancte
2582 3736 2804 3806 placide
2830 3754 2971 3807 quas
3001 3737 3219 3807 perﬁde
3250 3738 3446 3806 culpas

1986 3826 2281 3880 Traximus
2313 3828 2568 3878 errantes
2598 3840 2703 3894 per
2731 3825 2957 3878 deviam
2989 3841 3177 3894 neque
3206 3825 3442 3878 viantes.

1987 3916 2077 3969 Sic
2110 3930 2216 3984 ego
2244 3913 2564 3984 primorum
2592 3918 2770 3966 sectas
2799 3913 3063 3967 iterando
3095 3914 3398 3977 malorum,

1992 4004 2153 4057 Nunc
2180 4017 2330 4056 nexu
2355 4002 2508 4071 justo
2538 4001 2758 4055 vinctus
2793 4002 2897 4055 sub
2925 4002 3081 4055 clade
3111 4017 3368 4055 reorum.

1990 4092 2101 4146 Sed
2132 4091 2339 4144 misero
2371 4090 2595 4143 veniam
2629 4090 2779 4143 tollit
2806 4090 2897 4143 cui
2929 4091 3115 4160 culpa,
3150 4105 3420 4143 coronam

1992 4179 2182 4235 Gratia
2212 4180 2431 4234 Christe
2454 4184 2552 4233 tua
2582 4178 2818 4243 tribuat,
2846 4195 3017 4249 quem
3050 4179 3212 4232 restis
3245 4178 3387 4230 reati

1995 4272 2038 4323 A
2070 4269 2326 4341 patribus
2356 4272 2526 4323 tenxa
2554 4268 2733 4322 vinxit
2766 4285 2869 4322 nec
2899 4269 3036 4322 ﬂetu
3066 4267 3295 4322 resulta.

2783 4412 2896 4465 VII.

2293 4554 2409 4590 ITEM
2449 4552 2738 4591 LAMENTCM
2780 4550 3057 4589 METRICUM
3100 4549 3394 4589 PROPRIUM.

1992 4662 2252 4728 Alvarus,
2282 4676 2315 4713 ο
2340 4660 2541 4725 lector,
2573 4660 2743 4729 longe
2778 4676 2884 4728 per
2909 4664 3169 4730 tempore
3201 4660 3420 4730 pangit,

1995 4751 2061 4803 Et
2090 4750 2289 4819 lingua
2312 4764 2581 4801 resonans
2610 4753 2798 4801 tecum
2829 4753 2957 4818 post
2983 4747 3127 4801 facta
3157 4748 3410 4818 resurgit

1995 4841 2060 4893 In
2090 4854 2257 4892 auras
2287 4838 2506 4890 solutus
2537 4836 2622 4890 vel
2656 4841 2806 4890 certe
2837 4838 3068 4907 pulvere
3094 4852 3330 4901 mersus,

1995 4928 2201 4980 Versus
2235 4925 2293 4978 in
2325 4924 2533 4990 cinere,
2566 4924 2798 4978 metrice
2827 4926 2920 4978 sed
2954 4942 3083 4979 ecce
3114 4925 3330 4979 reboat.

1993 5018 2096 5082 Tu,
2127 5015 2328 5081 lector,
2358 5014 2618 5083 relegens
2650 5013 2818 5067 redde
2850 5030 3003 5066 nunc
3033 5013 3274 5084 praemia
3303 5012 3474 5077 vocis,

1996 5106 2061 5159 Et
2090 5104 2366 5173 lacrymas
2401 5102 2641 5156 Domino
2671 5101 2918 5155 fundens
2949 5102 3072 5155 haec
3104 5108 3275 5155 cantu
3306 5101 3538 5154 resulta.

1997 5230 2175 5281 textu.
2226 5225 2422 5295 Ibique
2453 5226 2573 5295 ejus
2603 5226 3007 5296 transcriptum
3054 5224 3293 5289 desinit;
3336 5222 3694 5293 sequentium

1999 5314 2265 5350 versuum
2295 5298 2491 5350 titulos
2522 5302 2745 5351 tantum
2770 5298 3187 5367 perstringens.

2070 5367 2087 5400 ί
2124 5368 2245 5431 Ms.,
2281 5369 2497 5421 conclis.

2071 5464 2097 5501 κ
2134 5438 2177 5491 1.
2212 5438 2435 5505 elenchi,
2459 5437 2517 5492 id
2551 5442 2636 5491 est
2668 5434 3013 5506 margaritaz.

2070 5510 2098 5551 ιι
2137 5509 2179 5562 Ι.
2214 5508 2557 5575 chelydrum;
2587 5511 2989 5561 ornamentum
3022 5506 3323 5564 muliebre.

2074 5580 2086 5613 ¹
2129 5580 2249 5646 Ms,
2282 5581 2482 5649 incipit
2510 5582 2653 5633 versi
2682 5576 3047 5647 Epimenides.
