4044 6174
401 285 503 339 559

403 418 809 489 Cunctipotens
840 412 1074 469 Genitor
1102 428 1296 466 rerum
1323 412 1414 466 cui
1439 410 1623 481 gloria
1650 412 1832 481 cedet,

401 508 695 576 Quemque
718 504 833 573 poli
863 502 1120 568 laudant,
1138 501 1417 555 famulant
1438 501 1529 554 cui
1551 516 1752 553 omnes
1772 500 1980 571 abyssi,

400 595 503 649 Cui
534 596 634 657 sol,
670 595 819 657 luna,
853 590 993 653 dies,
1027 589 1215 653 tellus,
1245 596 1303 643 et
1331 594 1544 643 tartara
1576 594 1803 642 servent
1828 603 1874 654 ι,

400 684 578 746 Quem
612 681 803 733 dulces
849 679 1104 732 volucres
1131 678 1384 743 laudant,
1418 694 1550 731 cum
1582 679 1838 730 carmina
1867 677 2086 748 pipant,

399 770 575 833 Quem
610 783 872 821 murmur
903 770 1131 819 resonat
1162 766 1376 819 undose
1407 765 1668 836 margine
1700 771 1957 836 turgens,

401 860 464 911 Et
492 857 662 910 maris
694 857 806 909 alta
837 856 1085 926 procella
1112 860 1318 907 tonans
1349 870 1523 923 quem
1550 870 1691 907 cana
1721 853 1989 919 celebrat,

397 945 717 1015 Omnigena
747 960 940 998 rerum
966 960 1131 997 sensu
1167 960 1338 1014 quem
1366 950 1490 997 rota
1519 948 1827 1012 praeconat,

395 1035 667 1087 Alvarum
697 1033 864 1087 solita
893 1048 1121 1102 semper
1148 1033 1360 1101 pietate
1388 1033 1648 1103 guberna
1684 1048 1696 1085 :

397 1125 557 1177 Hunc
581 1122 763 1192 gratia
789 1122 999 1175 relevet
1029 1137 1201 1191 quem
1236 1122 1405 1191 nugis
1433 1121 1605 1174 noxia
1629 1121 1830 1175 curbat
1858 1136 1870 1175 ε

396 1209 484 1264 Sic
516 1216 569 1263 te
604 1214 731 1280 post
757 1210 870 1262 fata
899 1214 1226 1263 sanctorum
1256 1226 1385 1263 vere
1413 1225 1615 1263 serena

395 1300 535 1352 Prex
570 1298 774 1351 merito
806 1298 979 1368 digna
1013 1314 1353 1367 magnorum
1387 1304 1535 1352 sorte
1566 1303 1816 1352 coronet.

394 1387 477 1439 En
509 1403 615 1456 ego
643 1402 790 1451 sum,
823 1387 1022 1452 fateor,
1057 1387 1157 1456 qui
1187 1386 1401 1440 dudum
1430 1386 1576 1440 forte
1607 1388 1872 1457 vigebam

394 1476 631 1528 Vitalem
664 1475 896 1539 ducens,
932 1474 1173 1528 reddens
1204 1491 1267 1527 ex
1298 1492 1536 1545 corpore
1569 1475 1768 1529 flatum
1802 1492 1815 1529 :

395 1564 500 1617 Sed
534 1563 673 1615 ciuis
702 1562 759 1615 in
794 1562 1041 1615 cinerem
1076 1564 1248 1616 veloci
1272 1563 1384 1617 ﬁne
1414 1565 1662 1630 recessit,

396 1652 692 1704 Vermibus
720 1657 884 1720 pastu
917 1652 1140 1718 cedens,
1173 1653 1258 1705 vel
1291 1657 1459 1705 vento
1493 1654 1736 1723 rejectus

397 1740 459 1792 In
489 1740 735 1792 nihilum
767 1740 990 1792 rediens
1016 1740 1226 1793 iterum
1258 1756 1349 1794 me
1375 1757 1541 1809 posse
1573 1741 1782 1795 reverti

396 1829 467 1880 Ex
500 1828 677 1880 nihilo
708 1828 914 1881 virtute
948 1828 1048 1880 Dei
1082 1828 1429 1899 quandoque
1457 1830 1681 1899 reﬁngi.

392 1916 465 1968 Te
497 1933 633 1986 rogo
666 1932 818 1969 nunc
850 1918 1033 1969 recole
1067 1917 1281 1985 fragilis
1311 1918 1389 1969 sic
1420 1923 1567 1971 sorte
1599 1918 1937 1984 revinctum,

394 2006 461 2058 Et
491 2004 671 2058 nostri
700 2021 929 2057 consors
960 2005 1152 2058 anima
1181 2006 1437 2074 fugiente
1470 2006 1693 2059 dolores

396 2095 503 2146 llas
532 2094 763 2147 umbras
795 2094 1049 2146 locorum
1083 2093 1427 2163 quandoque
1453 2094 1621 2147 corde
1651 2093 1840 2148 fruere
1872 2110 1884 2148 :

396 2183 535 2235 Nam
567 2182 647 2234 fui
680 2182 834 2252 quod
865 2187 923 2234 tu
950 2182 1146 2251 vigens
1178 2182 1348 2235 hodie
1380 2198 1533 2235 nunc
1566 2198 1664 2236 ore
1696 2182 1931 2252 refulgis

390 2270 673 2323 Audacter
705 2270 891 2339 fragili
922 2268 1216 2322 conﬁdens
1246 2276 1408 2340 gestu
1437 2270 1644 2323 virenti

392 2359 586 2411 Erecta
617 2359 832 2411 cervice
859 2364 1082 2422 tonans,
1116 2365 1170 2411 et
1198 2375 1335 2411 voce
1357 2358 1602 2428 superba

393 2446 677 2514 Usurpans
705 2446 874 2499 vetita
904 2462 1113 2515 magno
1143 2462 1271 2499 cum
1305 2446 1544 2500 crimine
1579 2447 1770 2500 vivens

391 2532 501 2585 Sed
533 2535 743 2603 pietate
778 2534 876 2587 Dei
905 2550 1202 2604 nunquam
1230 2550 1333 2603 per
1363 2536 1523 2588 devia
1549 2540 1778 2589 tractus.

388 2624 433 2674 Α
456 2628 648 2674 sancta
679 2622 809 2675 ﬁdei
840 2639 1044 2676 norma
1074 2623 1161 2676 vel
1196 2628 1384 2677 mente
1417 2626 1639 2679 recessi.

389 2710 571 2780 Ipsius
593 2708 727 2763 ﬁdei
758 2711 960 2763 merito
993 2711 1159 2763 credo
1193 2728 1282 2764 me
1315 2712 1462 2765 forte
1494 2712 1672 2777 beari,

390 2798 448 2852 Si
478 2798 688 2866 pietate
722 2803 817 2851 tua
851 2815 1075 2852 merear
1103 2815 1229 2852 cum
1259 2799 1394 2853 ﬁetu
1422 2801 1631 2870 juvari,

386 2886 526 2938 Nam
558 2887 711 2956 quod
748 2883 854 2956 ego
886 2893 945 2940 tu
977 2887 1085 2940 eris
1118 2893 1246 2957 post
1273 2895 1395 2941 atra
1425 2889 1625 2941 funera
1656 2888 1874 2943 mortis.

388 2975 530 3045 Ergo
560 2990 687 3044 age,
718 2992 922 3045 rumpe
952 2992 1159 3040 moras,
1195 2982 1251 3028 et
1280 2983 1473 3031 nostro
1502 2976 1614 3030 ﬁne
1646 2977 1891 3047 quiesce.

1158 3066 1293 3119 VIll.

444 3166 637 3205 VERSUS
676 3168 731 3206 IN
771 3169 1117 3206 BIBLIOTHECA
1156 3169 1492 3221 LEOVEGILDI,
1533 3170 1760 3209 EIUSDEM
1799 3170 2012 3209 ΑινΑιιι.

382 3238 526 3292 Sunt
557 3239 645 3292 hic
680 3241 843 3309 plura
874 3258 1049 3308 sacra,
1082 3248 1213 3295 sunt
1242 3258 1375 3295 vero
1406 3243 1673 3313 dogmate
1707 3244 1879 3307 clara,

380 3326 517 3389 Qua:
551 3328 785 3381 Deitatis
816 3346 924 3398 ope
954 3331 1174 3399 fulgent
1204 3346 1306 3399 per
1336 3331 1569 3384 cardina
1601 3330 1820 3386 mundi.

380 3414 483 3469 Hic
512 3431 655 3468 nova
684 3432 813 3469 cum
847 3421 1039 3469 vetera
1070 3417 1285 3487 pariter
1315 3423 1447 3471 sunt
1471 3418 1620 3471 clare
1645 3418 1849 3471 decora

376 3505 559 3556 Aurea
591 3503 741 3556 dicta
776 3505 875 3557 Dei
909 3505 1119 3557 summi
1149 3504 1456 3574 prudentia
1490 3506 1691 3571 Patris,

376 3590 513 3654 Quae
542 3597 692 3644 totus
723 3591 974 3645 celebrat
1002 3594 1283 3663 quadrato
1314 3594 1524 3647 vertice
1548 3595 1816 3649 mundus.

376 3678 725 3748 Principium
764 3678 896 3733 libri
927 3680 1157 3735 Genesis
1190 3681 1501 3751 primordia
1532 3682 1734 3752 pandit

374 3767 585 3831 Mundi,
620 3768 718 3837 qui
750 3784 941 3822 rerum
971 3775 1204 3822 naturas
1236 3776 1387 3824 certe
1422 3770 1655 3825 revelat.

375 3855 599 3909 Exodus
630 3858 868 3926 Aigypto
900 3859 1177 3927 populum
1211 3875 1314 3928 per
1339 3858 1573 3913 brachio
1604 3859 1778 3913 ducit.

371 3943 592 3997 Tertius
624 3945 901 3999 Leviticus
933 3951 1101 4000 ornat
1134 3947 1357 4017 insigne
1387 3948 1642 4001 camillas
1674 3952 1698 3991 b

370 4032 617 4096 Quartus
644 4034 815 4087 habet
840 4036 1120 4088 Numerus
1143 4052 1516 4089 numerorum
1544 4036 1773 4090 nomine
1796 4036 2019 4107 pollens
2046 4054 2060 4091 :

368 4120 437 4173 Et
467 4122 650 4190 legem
685 4123 887 4190 repetit
921 4123 1266 4175 concludens
1296 4123 1580 4176 schemata
1614 4125 1823 4177 Pentus
1854 4134 1891 4177 ο.

368 4210 545 4261 Heres
578 4210 859 4277 Navegius
888 4210 912 4250 ἀ
940 4210 1180 4279 ligurata
1212 4219 1232 4245 °
1264 4210 1496 4263 nomine
1530 4211 1751 4276 Iliesus,

365 4296 504 4349 Inde
536 4297 683 4349 liber
712 4297 971 4366 sequitur
994 4298 1257 4351 Iudicum
1290 4304 1448 4367 gesta
1480 4308 1741 4369 retegens
1773 4316 1786 4353 :

365 4384 519 4437 Ruth
550 4400 799 4454 quoque,
833 4402 1003 4454 quem
1054 4387 1275 4456 Regum
1325 4388 1613 4458 sequitant
1637 4388 1989 4461 Sumuelque
2020 4390 2057 4461 ί,

1638 4475 1906 4547 [Malacim
1934 4493 1983 4546 ε,

360 4558 618 4622 Quatuor
648 4561 909 4630 pandunt
938 4568 1098 4632 gesta
1127 4578 1257 4617 cum
1284 4564 1482 4618 ordine
1509 4581 1721 4619 rerum.

358 4648 627 4717 Iungitur
656 4649 745 4702 his
778 4655 967 4703 vatum
1003 4652 1269 4721 praecelsa
1298 4653 1515 4706 famina
1538 4655 1697 4708 verbi

360 4736 549 4788 Esaias
578 4742 743 4807 proto
768 4744 982 4804 revoat,
1017 4755 1366 4811 consorsque
1391 4742 1673 4796 secundus

352 4825 630 4879 Ieremias
658 4825 840 4896 surgit
870 4827 1204 4897 lacrymose,
1238 4829 1481 4901 piusque
1510 4832 1794 4901 propheta

422 4994 446 5018 ⁸
483 4985 605 5049 Ms.,
640 4985 895 5060 Aserbcnt,
955 4986 1099 5040 forte
1156 4987 1307 5041 idem
1363 5004 1427 5041 ac
1485 4990 1786 5060 Hispanice
1839 4992 2041 5058 sirven,

352 5056 471 5110 Lat.
503 5058 764 5110 serviunt.

418 5129 443 5169 ι)
479 5128 720 5180 Aaronis
753 5127 978 5181 videtur
1002 5134 1182 5181 vestes
1215 5128 1442 5193 signare
1478 5145 1491 5182 :
1518 5134 1602 5182 est
1630 5130 1786 5185 enim
1813 5132 2043 5187 Camilla

347 5198 544 5267 capitis
593 5203 1014 5269 tegumentum,
1073 5201 1445 5269 Theodulpho
1500 5206 1745 5255 testante
1807 5202 1905 5256 lib.
1965 5220 2038 5267 v1,

344 5284 521 5339 carm.
556 5270 640 5331 18,
676 5268 743 5321 de
780 5270 1035 5323 Vestibus
1068 5268 1469 5339 episcoporum
1503 5297 1512 5323 :

464 5338 629 5402 Fluxa
650 5339 858 5387 camilla
889 5344 1060 5402 caput,
1095 5338 1320 5387 mentem
1353 5341 1481 5402 tegit
1511 5344 1622 5389 atra
1651 5342 1909 5392 voluntas.

414 5407 435 5431 ο
472 5401 541 5453 Id
569 5406 646 5453 est
677 5402 907 5465 Quintus
941 5401 964 5455 ί
986 5401 1424 5457 υευίργοηοῐηὶῑ
1446 5403 1606 5455 liber.

342 5467 438 5591 Md
478 5471 586 5550 Qui
617 5471 776 5524 Eccli.
828 5488 875 5525 c.
933 5488 1050 5525 XLVI
1104 5473 1312 5526 dicitur
1356 5473 1484 5527 Jesu
1531 5476 1698 5540 Nave,
1750 5490 2038 5530 successor

398 5555 539 5591 ovsi.

398 5555 539 5608 oysi.

1759 279 2011 335 ALVARI
2050 279 2523 337 CORDUBENSIS

3783 288 3869 339 560

2125 414 2175 467 Λ
2206 412 2482 479 Ezechiel,
2513 416 2693 467 tectus
2719 413 2902 483 capite
2932 413 3019 467 vel
3048 412 3161 468 ﬁne
3194 415 3447 468 seclusus

2201 503 2365 567 Hose,
2396 502 2577 569 Iohel,
2606 506 2798 569 Amos,
2833 502 3063 564 Abdias,
3096 503 3406 574 naufragus
3435 505 3626 571 Jonas,

2196 590 2587 661 Michaeasque,
2624 592 2829 657 Naum,
2858 591 3163 657 Ambacuc,
3193 592 3606 663 Sofl‘oniasque,

2196 681 2439 748 Aggaaus
2468 678 2601 732 hinc
2627 679 2857 749 clangit,
2890 680 3186 733 Zacharias
3217 696 3469 751 namque
3500 687 3748 745 resonat,

2197 766 2505 820 Malachias
2534 767 2709 821 ﬁnem
2740 768 3068 838 complectit
3096 769 3340 821 termine
3373 769 3549 823 verbi.

2197 855 2351 909 Esais
2379 861 2570 909 vatum
2598 855 2819 925 primus
2850 873 3022 926 quam
3058 857 3305 910 maxime
3338 858 3543 925 celsus,

2196 944 2434 997 Uberius
2463 948 2689 998 retonat
2716 945 2826 1015 Xpi
2854 946 3125 1015 mysteria
3156 946 3364 999 clarus.

2196 1032 2295 1085 Hic
2325 1034 2465 1086 alter
2495 1034 2761 1102 lacrymis
2791 1038 2984 1087 sancta
3013 1033 3091 1087 sic
3126 1034 3245 1087 zelo
3278 1033 3414 1088 ﬁdei

2191 1120 2467 1174 Ieremias
2498 1120 2689 1183 deﬂet,
2722 1120 2879 1175 aliud
2910 1138 3026 1191 quo
3054 1138 3216 1175 versu
3253 1122 3465 1192 ﬁguret

2195 1208 2446 1263 Ezechiel
2480 1209 2631 1263 nube
2662 1209 2873 1275 clusus,
2907 1209 2993 1263 vel
3024 1225 3191 1262 sensu
3230 1214 3502 1274 remotus,

2192 1297 2317 1350 Non
2348 1297 2542 1368 patule
2574 1314 2747 1368 parva
2776 1297 3028 1367 propria,
3053 1298 3149 1351 sed
3181 1314 3390 1367 magna
3418 1299 3650 1352 revelat.

2194 1384 2336 1437 Hinc
2368 1385 2559 1438 Daniel
2597 1385 2846 1455 lapidem
2876 1391 3165 1455 prmconat
3196 1385 3297 1456 qui
3329 1401 3506 1455 regna
3533 1385 3804 1453 retundit,

2190 1471 2512 1525 Adventum
2545 1472 2751 1525 Christi
2784 1473 3040 1526 numeris
3071 1473 3350 1542 annisque
3376 1472 3632 1527 revolvit.

2191 1560 2455 1614 Conticui
2486 1561 2671 1613 verbis
2701 1560 2819 1625 alii,
2855 1562 2949 1613 sed
2983 1577 3179 1614 sensus
3212 1562 3416 1615 honori

2189 1648 2293 1701 Iob
2326 1665 2555 1719 quoque
2591 1650 2723 1702 hinc
2749 1665 2922 1719 opere
2952 1650 3145 1713 claret,
3183 1654 3238 1703 et
3264 1651 3380 1702 vita
3411 1655 3690 1704 coruscat.

2122 1722 2164 1777 Β
2200 1738 2262 1790 Et
2290 1737 2468 1790 dulcis
2496 1737 2717 1791 dulcem
2749 1738 3011 1791 metricat
3041 1738 3119 1791 sic
3140 1738 3381 1791 dulciter
3410 1738 3609 1793 David.

2193 1824 2349 1878 ldida
2375 1825 2473 1895 qui
2505 1826 2531 1866 h
2564 1825 2751 1894 signat
2782 1825 3071 1878 Christum
3106 1841 3256 1879 nunc
3284 1826 3407 1896 ipse
3437 1826 3734 1889 Salomon,

2193 1912 2367 1981 Cujus
2392 1918 2507 1965 tres
2540 1913 2667 1965 libri
2703 1913 2845 1965 mire
2878 1914 2955 1965 sic
2987 1914 3219 1984 mystice
3250 1914 3493 1984 fulgent,

2192 2001 2261 2054 Ut
2292 2001 2491 2070 logice,
2526 2000 2722 2067 ﬁstice,
2759 2001 2771 2034 ί
2800 2001 3070 2069 revelant,
3098 2003 3185 2055 vel
3212 2002 3417 2068 ethice,
3450 2019 3668 2056 causas.

2192 2089 2402 2143 Ordine
2431 2089 2523 2143 hic
2547 2090 2743 2143 Daniel
2770 2095 2922 2143 recto
2952 2096 3083 2160 post
3114 2091 3341 2145 tramite
3362 2093 3537 2157 venit,

2189 2177 2368 2240 Quem
2402 2177 2524 2231 bini
2556 2178 2779 2231 dierum
2810 2179 2981 2231 verba
3008 2180 3020 2222 ί
3058 2219 3073 2246 ,
3107 2179 3364 2249 biblique
3395 2178 3615 2232 corusci

2190 2265 2602 2334 Consequitant
2633 2266 2869 2319 Hesdras
2910 2268 3147 2336 pulchre
3196 2268 3494 2337 legemque
3539 2268 3870 2321 reformans.

2189 2352 2333 2407 Ilinc
2369 2355 2525 2407 Ester
2554 2355 2793 2423 pulchra
2825 2371 2837 2408 :
2871 2361 2999 2424 post
3021 2372 3194 2425 quam
3224 2356 3514 2426 Sapientia
3546 2358 3751 2423 ﬂoret;

2192 2441 2608 2495 Ecclesiasticus
2638 2442 2832 2496 laudes
2861 2449 3206 2513 patrumque
3237 2444 3504 2497 celebrat.

2187 2529 2318 2582 Post
2347 2546 2488 2599 quos
2516 2530 2719 2584 Tobias
2747 2532 2954 2597 claret;
2983 2532 3264 2601 Iudidque
3298 2533 3541 2587 subinde

2186 2618 2465 2671 Armifera
2493 2619 2709 2688 gemini
2740 2626 2898 2689 gesta
2926 2620 3004 2673 sic
3034 2621 3509 2675 Machabasorum.

2189 2706 2317 2759 Ηωε
2348 2712 2483 2760 sunt
2510 2707 2747 2777 antiqua
2777 2724 2952 2775 sacra,
2987 2724 3141 2761 nunc
3171 2710 3406 2778 mystica
3436 2710 3547 2763 divi

2190 2794 2346 2847 Dona
2381 2795 2479 2848 Dei
2512 2796 2725 2865 populo
2754 2797 2939 2866 prisco
2961 2798 3065 2850 sub
3099 2798 3265 2866 signo
3297 2799 3538 2863 reclusa,

2186 2882 2322 2946 Qua:
2353 2889 2603 2937 reserata
2629 2890 2826 2938 tenent
2856 2901 3064 2955 magno
3096 2902 3197 2955 per
3228 2886 3444 2940 lumine
3474 2886 3622 2940 servi

2132 3018 2151 3036 η
2187 2972 2399 3025 Excelsi
2434 2972 2657 3025 Domini
2687 2973 2894 3027 Xbristi
2918 2973 3016 3044 qui
3050 2974 3286 3027 nomine
3317 2975 3589 3044 gaudent.

2141 3052 2153 3070 ⁴
2182 3059 2521 3114 Sanctorum
2549 3066 2741 3115 sancta
2771 3062 2923 3114 nitar
2952 3078 3105 3115 nunc
3133 3079 3300 3115 versu
3332 3063 3506 3117 retexi

2181 3147 2363 3210 Quem
2394 3149 2792 3219 paradisigeno
2820 3150 2847 3183 κ
2877 3157 3119 3204 currunt
3148 3167 3217 3205 ex
3250 3151 3475 3221 gurgite
3508 3150 3733 3221 quadro

2180 3237 2497 3303 Matthaeus,
2531 3236 2770 3304 Marcus,
2806 3234 2999 3303 Lucas,
3034 3243 3386 3308 quartusque
3408 3239 3677 3292 Ioannes.

2180 3324 2287 3388 Qui
2316 3324 2583 3389 hominis,
2615 3326 2816 3391 leonis,
2851 3325 3151 3396 vitulique,
3189 3327 3509 3397 aquilasque
3537 3327 3743 3397 ﬁgurae

2178 3412 2507 3475 Quadrifido
2532 3413 2747 3466 mundo
2771 3420 3100 3482 praeconant
3121 3414 3528 3485 Christumque
3553 3416 3865 3485 Deumque.

2180 3499 2474 3552 Matthwus
2504 3499 2752 3553 hominis
2778 3500 2919 3554 facie
2950 3500 3251 3573 specieque
3280 3503 3511 3572 refulgit
3543 3519 3556 3557 :

2178 3588 2242 3641 Et
2266 3586 2558 3641 fremitum
2592 3589 2791 3643 reddet
2822 3590 3038 3643 Marcus
3067 3590 3146 3644 sic
3178 3607 3277 3645 ore
3309 3592 3492 3645 leonis
3522 3608 3534 3645 :

2179 3676 2353 3729 Lucas
2384 3682 2448 3730 ut
2476 3682 2675 3730 taurus
2703 3694 2911 3747 magno
2937 3694 3064 3732 cum
3101 3695 3395 3733 murmure
3427 3680 3684 3746 bombat,

2176 3762 2241 3815 Et
2272 3764 2474 3833 pernix
2505 3765 2695 3835 aquila
2727 3766 2960 3819 scandet
2989 3783 3162 3836 super
3190 3770 3407 3821 aethera
3435 3769 3707 3823 Joannes.

2172 3849 2268 3904 Est
2300 3852 2469 3905 homo
2499 3869 2627 3906 nam
2667 3854 2923 3908 Christus
2954 3862 3121 3908 natus
3147 3873 3211 3909 ex
3240 3857 3467 3926 Virgine
3497 3858 3743 3927 pulcher
3774 3873 3786 3909 :

2172 3940 2266 3993 Est
2295 3936 2507 3994 vitulus
2536 3958 2735 4011 passus
2766 3949 2983 3997 sacrata
3008 3944 3235 3998 victima
3272 3946 3451 3999 Patris
3484 3963 3497 3999 :

2174 4029 2265 4081 Est
2295 4029 2403 4091 leo,
2438 4030 2573 4083 dum
2599 4030 2758 4084 fortis
2790 4048 2966 4102 regna
2990 4032 3222 4103 frangit,
3252 4050 3529 4105 regesque
3561 4039 3857 4105 potentes:

2169 4115 2263 4169 Est
2294 4118 2487 4187 aquila
2516 4119 2723 4172 caelum
2748 4121 3022 4173 scandens
3055 4122 3445 4192 thronumque
3478 4123 3757 4176 tonantis.

2169 4204 2299 4257 Post
2330 4221 2471 4274 quos
2498 4206 2585 4259 bis
2613 4212 2829 4277 septem
2864 4208 3025 4262 Pauli
3057 4209 3136 4263 sic
3166 4210 3305 4264 bibli
3336 4215 3655 4277 coruscant,

2093 4316 2135 4369 ι)
2167 4291 2318 4356 Quos
2341 4294 2550 4348 iterum
2584 4296 2873 4366 sequitant
2902 4314 3143 4351 numero
3173 4299 3435 4353 catholici
3465 4303 3708 4369 septem.

2172 4382 2267 4435 nic
2290 4382 2477 4453 lepide
2507 4384 2749 4438 Iacobus
2779 4392 3028 4452 resonat,
3065 4388 3378 4457 Petrusque
3408 4388 3717 4458 gemellos;

2164 4472 2298 4524 Tres
2324 4473 2499 4525 celsos
2530 4474 2779 4527 Ioannes
2805 4474 2997 4540 habet,
3029 4474 3161 4528 hinc
3192 4476 3420 4545 pagina:
3449 4476 3630 4543 Iudae,

2163 4559 2304 4613 Hinc
2334 4565 2390 4613 et
2421 4561 2765 4630 apostolicus
2792 4566 2982 4631 Actus,
3013 4568 3310 4634 textosque
3344 4564 3605 4631 decoros,

2159 4647 2266 4711 Qui
2305 4653 2528 4701 retonat
2554 4649 2757 4703 merito
2789 4652 3079 4705 concludit
3105 4653 3282 4705 altera
3314 4652 3526 4706 ﬂorens

2159 4735 2337 4788 Vissio
2362 4738 2601 4791 Ioannis
2630 4755 2823 4807 parva,
2858 4740 2952 4793 sed
2986 4744 3148 4794 tensa
3179 4740 3399 4811 ﬁguris.

2159 4823 2261 4878 Hic
2291 4826 2460 4896 alpha
2490 4827 2748 4881 recinens
2781 4829 3033 4899 primum
3065 4830 3369 4902 signatque
3402 4846 3742 4901 supremum

2221 4985 2245 5011 ε
2288 4981 2345 5034 F.
2374 4983 2611 5049 ﬁgurato

2224 5050 2243 5084 ί
2283 5053 2341 5105 ld
2372 5059 2455 5106 est
2485 5054 2733 5123 primus,
2765 5058 2821 5108 et
2852 5055 3135 5109 secundus
3163 5056 3327 5112 liber.

2222 5134 2251 5175 ε
2290 5123 2442 5196 Quos
2490 5140 2593 5177 nos
2660 5129 2881 5179 tertium
2928 5133 2979 5179 et
3028 5134 3287 5195 quartum
3350 5131 3573 5196 Regum,
3623 5128 3849 5184 Hebraei

2148 5192 2434 5267 Melae/tim
2452 5198 2692 5263 primum
2726 5203 2774 5249 et
2804 5192 3098 5251 secundum
3122 5192 3433 5267 appellant.

2218 5265 2245 5306 ιι
2276 5264 2613 5339 μάηᾳῑιθιη.
2660 5268 2737 5320 De
2772 5268 2929 5339 ldida
2960 5269 3091 5322 vide
3126 5264 3303 5339 Epist.
3335 5286 3490 5337 xvm,
3524 5286 3583 5324 n.
3617 5272 3701 5325 l6.

2220 5341 2232 5373 ι
2366 5336 2606 5403 physice,
2638 5338 2783 5390 sicut
2816 5338 3017 5407 logice,
3051 5335 3253 5395 ethice.

2261 5406 2328 5479 Id
2351 5414 2451 5470 est,
2488 5408 2611 5479 dou
2638 5407 2767 5461 libri
2801 5410 3272 5479 Paralipomenon.

2217 5470 2243 5502 "
2282 5476 2403 5545 Ms.,
2431 5478 2688 5546 paradisi
2715 5494 2867 5547 gena.
