4022 6178
182 311 259 361 561

1723 304 2057 360 CARMINA.
2658 264 2663 271 ἴ
3534 306 3635 355 562

177 460 211 489 ω
233 452 387 508 quem
420 436 605 490 Graece
637 438 798 488 vocat
831 433 1135 487 Dominum
1171 435 1501 505 Hegemque
1535 436 1831 505 Deumque
1870 441 1908 492 Α
1944 434 2205 503 Dumque
2237 433 2382 487 viret
2411 435 2599 498 tellus,
2634 434 2799 487 ﬂoret
2828 434 2967 487 dum
2995 432 3153 486 silvis
3179 433 3370 503 opacis

174 527 335 596 Alpha
361 530 415 578 et
442 546 480 575 ω
506 524 655 578 clare
684 524 864 577 Deum
891 522 1187 577 hominem
1213 539 1514 593 unumque
1544 539 1745 577 serene
1836 566 1841 571 .

175 614 444 685 Explicans
473 613 658 666 vivum
694 628 921 682 semper
946 628 1045 680 per
1073 613 1280 665 saecula
1306 611 1476 665 smcli.

175 704 283 756 Hec
310 708 434 754 sunt
464 717 616 754 sacra
652 700 752 754 Dei
783 700 1047 770 donaque
1081 700 1220 753 ﬂore
1254 699 1491 770 perenni

172 793 496 861 Fulgentque
525 796 739 843 aeterno
768 805 993 858 semper
1028 792 1086 841 ut
1116 788 1339 841 lumina
1366 788 1512 842 cceli.

172 881 281 932 Hace
310 880 537 948 pulchre
565 894 810 948 gemmas
843 878 1039 930 rutilat
1065 877 1191 947 plus
1223 878 1340 929 sole
1372 892 1602 929 corusce

168 968 381 1021 Lumine
410 968 545 1020 dum
576 973 793 1019 mentes
823 971 1122 1032 renovant,
1149 966 1236 1018 vel
1268 971 1415 1018 tetra
1442 966 1758 1018 revincunt.

168 1058 280 1110 Haec
303 1055 543 1108 retinent
571 1056 755 1108 claves
784 1054 987 1113 centri,
1022 1054 1109 1107 vel
1138 1054 1381 1122 praemia
1410 1053 1672 1121 pandunt
1701 1069 1715 1105 :

168 1147 279 1199 Haec
303 1143 699 1213 paradisigena
727 1147 989 1196 recreant
1018 1142 1284 1211 ﬂorigera
1315 1143 1485 1212 prati.

167 1232 369 1303 Mystice
398 1231 489 1284 hic
520 1233 695 1284 claret
725 1231 1004 1301 quidquid
1036 1230 1141 1283 sub
1171 1231 1359 1283 littera
1389 1231 1583 1300 pallet,

168 1321 334 1376 Storia
363 1320 602 1390 simplex
633 1320 808 1371 comit
832 1334 974 1389 quos
1005 1318 1189 1372 ethica
1219 1319 1446 1373 format.

167 1408 251 1461 Hic
273 1408 461 1478 potum
496 1408 720 1460 dulcem
752 1406 895 1460 bibit
928 1407 1026 1477 qui
1053 1407 1247 1459 suavia
1278 1407 1451 1461 sumit
1477 1424 1490 1461 :

167 1498 248 1551 Hic
274 1496 427 1550 cibus
457 1496 624 1549 satiat
652 1495 827 1549 corda
857 1497 1137 1566 pastuque
1169 1495 1385 1549 refovet
1416 1512 1429 1548 :

166 1586 276 1638 Haec
299 1589 428 1637 sunt
456 1585 609 1637 clara
641 1584 740 1637 Dei
774 1583 974 1637 mundi
1004 1582 1105 1654 qui
1135 1588 1285 1637 certe
1315 1584 1597 1637 tenebras.

163 1673 394 1726 Vibranti
421 1672 583 1725 radio
611 1672 822 1738 vicunt,
858 1676 914 1725 et
945 1671 1101 1725 fulva
1134 1676 1421 1726 serenant.

164 1763 256 1816 Lex
289 1760 535 1832 pretiosa
562 1761 708 1815 nitet
738 1760 885 1814 miro
918 1760 1163 1814 candore
1195 1760 1491 1814 nivescens

165 1849 403 1904 anidior
428 1851 547 1903 sole
578 1848 821 1919 fulgenti
855 1849 1070 1901 murice
1100 1848 1244 1902 cicli.

163 1938 352 1994 Cuncta
379 1939 553 1992 simul
577 1936 859 2009 quidquid
893 1938 1188 1991 mundana
1214 1937 1453 2007 tingitur
1481 1940 1602 1990 arte

166 2030 276 2081 Haec
302 2033 575 2098 superant
601 2028 804 2081 merito
836 2042 948 2098 quo
978 2027 1119 2080 coelo
1151 2026 1399 2079 culmine
1433 2025 1604 2086 venit,

164 2117 408 2170 inlustrat
438 2116 649 2186 pietate
681 2116 777 2169 Dei
808 2131 951 2186 quos
982 2115 1136 2168 fusca
1167 2116 1447 2168 tenebrat.

167 2205 247 2257 Hic
270 2208 446 2257 textus
476 2221 598 2257 uno
632 2204 869 2257 milleno
902 2203 1130 2257 tramite
1164 2204 1361 2273 pollet,

164 2292 391 2363 Explicat
424 2298 481 2346 et
510 2291 700 2346 verbis
729 2292 912 2363 planis
944 2307 1269 2362 magnaque
1298 2292 1526 2343 revelat.

164 2379 237 2432 Sic
261 2379 469 2449 placide
498 2380 679 2433 currit
708 2380 881 2445 unda,
910 2384 975 2433 ut
1005 2380 1121 2433 alta
1148 2378 1359 2450 ﬁguret
1388 2395 1401 2432 :

164 2467 236 2521 Sic
262 2469 364 2522 alte
391 2472 625 2522 resonat
655 2468 921 2535 breviter,
955 2473 1019 2522 ut
1050 2483 1225 2538 parva
1254 2467 1466 2520 revisat
1496 2484 1508 2520 :

164 2556 385 2610 Obscura
414 2556 647 2627 sapiens
677 2562 914 2610 centena
945 2572 1114 2610 sensu
1142 2555 1402 2626 requirit,

165 2647 348 2713 Aperta
372 2646 617 2715 simplex
640 2645 818 2698 ambit
849 2645 1144 2715 mentique
1176 2643 1451 2697 recondit.

167 2734 273 2786 llaec
300 2734 558 2787 doctrina
590 2739 793 2803 potens
820 2732 1010 2786 ceneri
1044 2746 1067 2774 ι
1096 2732 1401 2802 splendore
1431 2738 1690 2785 coruscat

164 2822 392 2889 Turgens
419 2822 509 2876 cui
541 2822 693 2876 cedit
720 2822 815 2875 illa
850 2838 977 2892 qua:
1011 2828 1214 2891 torque
1247 2820 1513 2874 tumescit

168 2910 366 2963 Milleno
397 2912 577 2980 pollet
603 2911 754 2964 dono
785 2910 884 2980 qui
916 2911 1036 2963 zelo
1066 2910 1202 2963 fidei

166 2998 303 3051 Clara
329 3000 442 3068 poli
469 3001 691 3069 releget
718 3003 923 3064 castus,
952 2998 1280 3068 justusque,
1311 2996 1576 3067 piusque.

163 3090 220 3139 At
246 3087 495 3157 quisquis
529 3088 726 3140 hirsus
754 3102 935 3140 caecus
968 3088 1087 3139 haec
1118 3091 1311 3139 mente
1345 3085 1591 3149 resolvit,

163 3174 360 3228 Milleno
387 3182 535 3228 tetro
565 3175 824 3229 fuscatur
857 3190 1030 3227 sensu
1062 3178 1329 3228 retortus.

166 3265 256 3318 Lex
282 3265 405 3318 ﬁdei
434 3265 597 3319 ﬁdeli
628 3264 805 3318 currit
835 3280 1177 3334 semperque
1204 3262 1388 3317 ﬁdelis

165 3351 318 3414 Quam
346 3368 611 3422 perverse
645 3353 757 3405 viat
787 3354 810 3394 ι)
841 3368 1141 3422 perversus
1170 3352 1336 3405 corde
1369 3350 1612 3404 rebellis.

168 3439 286 3493 L'nio
314 3446 375 3494 ut
398 3442 617 3495 conclis
645 3442 837 3505 claret,
864 3440 1201 3509 candetque,
1232 3439 1523 3508 nivetque.

164 3528 336 3599 Sicque
363 3530 507 3583 Deus
534 3529 794 3584 Christus
829 3529 1004 3598 pollet
1030 3530 1134 3581 sub
1164 3528 1354 3581 littera
1382 3533 1566 3581 tectus

165 3616 266 3685 Ipse
291 3618 537 3671 Jacintus
565 3619 724 3670 adest
752 3617 969 3669 undose
998 3617 1163 3669 nobis
1195 3632 1526 3686 aquescens,

163 3703 403 3759 Obsccena
432 3712 689 3776 tergens,
717 3721 995 3759 renovans
1026 3706 1218 3758 albore
1254 3705 1595 3773 redemptos.

162 3792 339 3863 Igneus
365 3796 453 3849 hic
487 3794 765 3850 Dominus
795 3794 1020 3865 fulgens
1047 3794 1429 3847 carbunculus
1460 3802 1479 3827 ο
1507 3794 1684 3857 ardet,

165 3881 287 3935 Dum
318 3889 522 3953 purgat
553 3883 769 3952 probra
802 3882 1050 3935 ﬂammis
1078 3887 1134 3936 et
1159 3882 1377 3935 lumine
1404 3880 1429 3915 ἀ
1464 3881 1669 3943 vibrat,

161 3970 478 4042 .Eternoque
511 3973 703 4025 virore
734 3971 933 4041 vigens
965 3976 1029 4024 ut
1059 3977 1215 4023 certa
1245 3970 1607 4039 zmaragdus,

163 4056 317 4119 Quem
342 4060 643 4113 duodenus
672 4059 811 4111 ordo
840 4058 1097 4128 lapidum
1131 4074 1231 4127 per
1260 4059 1423 4111 saecla
1452 4059 1696 4118 decorat,

163 4142 427 4218 Quemque
459 4153 778 4218 quaterque
810 4147 933 4199 seni
966 4148 1219 4199 seniores
1249 4146 1400 4199 flexu
1435 4148 1664 4198 venerat

164 4232 353 4303 Poplite
384 4244 406 4269 °
430 4236 511 4289 sic
538 4234 715 4288 curbo
750 4233 1192 4304 Dominumque,
1229 4238 1593 4304 Agnumque,
1630 4233 1833 4285 Deum—

1674 4320 1827 4390 [que.

164 4408 271 4462 Haec
298 4411 381 4465 lex
406 4417 623 4465 aeterna
650 4426 879 4481 semper
909 4411 1046 4464 dum
1080 4410 1245 4463 swcla
1272 4410 1514 4462 recurrit

168 4495 369 4552 Naviter
392 4516 608 4553 sonans
638 4498 797 4553 nullo
822 4499 926 4553 sub
955 4499 1203 4553 termino
1235 4498 1426 4551 clausa

168 4586 290 4640 Dum
320 4589 400 4642 sol
425 4590 554 4643 luce
588 4604 690 4641 sua
718 4588 925 4642 coelum
950 4589 1039 4641 vel
1074 4594 1219 4641 terra
1246 4592 1493 4649 serenat,

165 4672 327 4728 Cintia
355 4677 491 4730 dum
524 4682 720 4730 noctes
751 4676 929 4729 comit
953 4684 1011 4729 et
1032 4682 1185 4729 terra
1212 4676 1454 4746 refugat,

167 4761 439 4835 Stelligera
469 4766 653 4821 centri
686 4766 843 4818 varia
876 4765 1010 4818 dum
1049 4765 1234 4817 sidera
1267 4764 1512 4830 vibrant,

168 4849 291 4905 Dum
316 4861 516 4908 ventus
549 4854 730 4908 nubes
760 4854 993 4915 format,
1029 4854 1166 4906 dum
1194 4853 1349 4905 unda
1378 4857 1626 4917 resonat,

168 4938 402 5013 Dumque
430 4943 553 5014 poli
585 4948 749 5014 porta
779 4958 989 5011 magna
1018 4940 1227 4994 virtute
1253 4941 1519 4994 retondat

171 5027 406 5085 Fulmina
434 5035 575 5087 dum
604 5033 841 5086 rutilant
870 5031 1004 5085 forti
1028 5031 1276 5099 jaculata
1304 5029 1542 5090 lacertu,

227 5212 249 5235 ⁸
274 5206 327 5258 F.
357 5208 533 5261 celeri.

228 5274 250 5314 ι)
276 5276 329 5331 F'.
361 5281 522 5331 vitat.

229 5352 247 5413 ἦ
275 5347 387 5413 Ms.,
418 5348 806 5402 canbunculus.

230 5412 255 5448 δ
279 5412 391 5484 his,
425 5420 662 5472 humine.

231 5493 251 5557 εξ
278 5487 390 5555 Ms.,
422 5490 618 5557 Populi
646 5494 713 5542 te.

235 5554 251 5589 ¹
281 5558 393 5618 Ms.
427 5554 629 5613 rustra.

1946 523 2191 575 Dumosa
2219 522 2576 592 retinentque
2606 523 2755 575 feras
2785 538 2887 591 per
2918 522 3094 575 lustra
3123 522 3382 588 reclines,

1943 611 2086 664 Dum
2119 626 2315 663 cervus
2352 611 2551 664 leviter
2577 612 2723 663 saltu
2757 611 2841 663 vel
2873 626 3052 663 cornu
3083 610 3339 695 resgiltat,

1947 700 2007 751 Et
2037 703 2229 752 torvus
2259 699 2431 753 dente
2458 703 2676 769 pugnat
2702 714 2909 768 porcus
2938 703 3023 751 ter
3054 698 3279 765 obesus,

1942 788 2007 840 Et
2039 793 2266 857 reptans
2300 787 2478 841 fluida
2512 788 2797 856 percurrit
2829 787 3068 840 ﬂumina
3103 788 3284 856 piscis,

1944 879 2087 930 Dum
2122 878 2378 930 volucres
2408 876 2614 946 pennis
2647 877 2793 929 saltu
2826 892 2928 946 per
2959 875 3151 928 inania
3180 874 3441 938 tendunt,

1944 967 2005 1018 Et
2034 971 2220 1017 rostro
2252 962 2272 1000 ί
2301 965 2503 1035 pipant
2529 965 2722 1018 dulces
2755 980 2857 1033 per
2888 970 3121 1033 gutture
3153 967 3351 1015 cantus
3380 976 3427 1027 ε,

1944 1055 2086 1106 Dum
2119 1053 2377 1105 homines
2409 1052 2602 1104 vivunt
2630 1052 2863 1117 mundo,
2898 1052 3034 1104 dum
3066 1056 3248 1104 morte
3280 1051 3558 1112 recidunt,

1943 1143 2087 1195 Dum
2119 1143 2369 1211 sequitat
2397 1157 2606 1210 corpus
2637 1141 2860 1207 umbra,
2886 1156 3059 1210 quam
3084 1140 3339 1192 membra
3364 1138 3627 1206 relingit:

1941 1229 2143 1300 Angeli
2174 1231 2308 1281 dum
2345 1230 2485 1281 caelo
2516 1230 2805 1297 clangunt,
2842 1228 3133 1297 virtusque
3166 1228 3506 1297 populorum

1939 1320 2167 1372 1Elerna
2196 1317 2407 1387 pietate
2439 1316 2538 1370 Dei
2570 1317 2885 1386 pangitque
2915 1317 3205 1385 perennis,

1944 1410 2051 1463 Lex
2081 1408 2287 1464 Christi
2323 1407 2455 1460 vivit
2487 1423 2714 1477 semper
2743 1423 2916 1477 super
2947 1408 3162 1460 (ethera
3192 1406 3342 1459 felix.

1942 1499 2067 1551 Haec
2096 1497 2218 1549 sola
2244 1497 2415 1549 verba
2444 1496 2622 1549 nescit
2652 1512 2779 1549 cum
2815 1496 3031 1549 mundo
3063 1494 3280 1548 senesci

1941 1588 2088 1641 Dum
2119 1590 2350 1639 resonat
2379 1585 2586 1639 sanctis
2616 1584 2756 1638 coelo
2791 1590 2921 1655 post
2952 1585 3197 1637 termino
3228 1584 3421 1636 vivens

1941 1676 2226 1745 Corporea
2256 1673 2435 1727 moles
2461 1674 2591 1727 tabo
2617 1674 3030 1737 resoluta......,
3064 1672 3252 1725 ruebit

1870 1735 1911 1789 Β
1942 1735 2187 1832 Spiritus
2216 1776 2349 1815 nam
2382 1760 2519 1814 vivit
2549 1761 2752 1814 merito
2778 1776 2949 1831 super
2980 1762 3194 1814 aethera
3223 1764 3414 1813 vectus
3445 1760 3471 1801 ιι

1939 1851 2238 1905 Sermones
2262 1849 2375 1902 vivi
2401 1848 2560 1902 vitali
2590 1850 2724 1902 ﬁatu
2759 1848 3034 1914 revivunt,

1940 1940 2008 1992 Et
2032 1943 2161 2009 post
2191 1953 2451 1991 occasum
2482 1937 2685 1991 mundi
2717 1953 2888 2007 super
2912 1942 3062 1990 astra
3094 1940 3401 2004 resurgunt

1938 2026 2028 2080 Sic
2061 2026 2341 2097 quidquid
2374 2026 2488 2079 divi
2521 2031 2604 2079 est
2630 2041 2922 2095 nunquam
2957 2041 3053 2094 per
3084 2024 3196 2078 ﬁne
3227 2023 3503 2094 putrescit

1939 2114 2046 2168 Sed
2083 2113 2286 2167 missus
2315 2114 2487 2167 terris
2519 2129 2746 2183 semper
2774 2113 2982 2167 virtute
3006 2114 3251 2166 virescit.

1943 2204 2103 2257 Nunc
2131 2206 2306 2255 restat
2337 2201 2524 2271 promi
2555 2218 2670 2271 quo
2705 2201 2818 2254 sint
2849 2202 3171 2272 conscripta
3194 2201 3457 2271 jubente,

1940 2292 2037 2344 Vel
2068 2292 2228 2361 cujus
2261 2306 2434 2361 Opere
2465 2295 2598 2343 sunt
2623 2295 2952 2360 aggregata,
2985 2289 3184 2342 videri.

1940 2381 2067 2433 Haec
2101 2379 2423 2448 Leovegildi
2452 2378 2614 2448 vigor
2642 2377 2826 2431 obiter
2855 2377 2910 2429 in
2945 2393 3061 2430 uno
3090 2375 3314 2445 redegit

1938 2468 2313 2538 Septuaginta
2342 2468 2484 2520 duos
2516 2466 2724 2519 mitens
2754 2466 2857 2518 sub
2886 2465 3123 2535 vargina
3154 2464 3167 2498 ί
3196 2464 3383 2518 biblos
3420 2479 3432 2514 :

1938 2556 2047 2621 Qui
2072 2556 2263 2610 Getica
2292 2556 2416 2608 luce
2446 2555 2649 2624 fulget,
2682 2555 2769 2607 vel
2799 2554 2964 2623 copia
2992 2553 3152 2607 fandi

1939 2644 2205 2698 Germina
2231 2643 2244 2686 ί
2289 2644 2375 2696 vel
2408 2643 2603 2713 lingua
2629 2644 2805 2696 claret
2830 2659 2931 2711 per
2957 2646 3219 2711 tempora
3246 2640 3414 2693 saecli.

1942 2735 2072 2786 Post
2097 2737 2291 2785 sancta
2326 2732 2553 2785 Domini
2579 2732 2709 2801 jure
2742 2732 2970 2784 laudata
3000 2730 3139 2784 ﬁdei

1943 2820 2176 2890 Expedit
2200 2826 2261 2873 ut
2287 2819 2503 2872 cunctis
2532 2826 2724 2871 nostra
2755 2819 2873 2871 haec
2905 2818 3145 2871 buccina
3172 2820 3336 2869 sonet
3368 2832 3381 2868 :

1938 2911 2175 2963 Alvarus
2210 2910 2328 2962 haec
2362 2909 2594 2962 metrice
2620 2909 2793 2978 longa
2826 2924 2926 2977 per
2956 2909 3119 2960 saecla
3150 2907 3368 2968 reboat,

1868 3034 1907 3087 Ο
1943 3001 2005 3052 Et
2029 2998 2171 3051 cinis
2202 2998 2259 3051 in
2290 2998 2542 3051 cinerem
2573 3013 2791 3055 versus,
2822 2997 2920 3049 sed
2950 2995 3151 3064 lingua
3182 2999 3431 3046 resonat.

1936 3089 2014 3141 Tu
2042 3087 2141 3157 qui
2172 3086 2313 3155 legis
2339 3090 2531 3139 nostra
2560 3100 2904 3154 quocunque
2934 3089 3215 3151 tempore,
3252 3083 3442 3147 lector,

1934 3176 2009 3228 Te
2041 3175 2225 3227 recole
2257 3173 2424 3227 nobis
2453 3173 2671 3225 socium
2703 3187 2803 3241 per
2834 3176 3012 3223 morte
3043 3171 3325 3223 futurum.

1937 3264 2160 3331 Rumpe
2193 3278 2379 3314 moras
2410 3263 2564 3323 vitae,
2593 3276 2804 3329 quaeso,
2838 3258 3151 3327 tumbaque
3186 3262 3443 3310 retrusus

1935 3351 2157 3414 Quanta
2185 3350 2336 3402 salus
2368 3348 2577 3402 nostris
2608 3353 2838 3400 maneat
2866 3362 3097 3398 narrare
3131 3346 3235 3398 sub
3268 3344 3521 3397 umbras.

1938 3440 2211 3493 Nuntium
2252 3446 2313 3491 ut
2345 3437 2543 3490 mundi
2579 3437 2791 3488 referas
2822 3451 2925 3504 per
2958 3434 3116 3487 sedes
3147 3448 3352 3503 opacas

1937 3527 2073 3592 Quis
2104 3528 2274 3595 bene,
2304 3527 2433 3596 quis
2465 3528 2632 3591 male,
2666 3524 2794 3595 quis
2827 3522 3012 3577 medie
3044 3522 3369 3593 gaudetque
3402 3525 3631 3590 gemet-

3443 3606 3580 3680 [que
3614 3621 3627 3659 :

1936 3705 2079 3769 Quid
2110 3704 2359 3757 mundus
2389 3719 2551 3756 sceva
2582 3703 2760 3755 falens
2790 3717 2944 3753 nunc
2974 3705 3094 3752 arte
3127 3698 3380 3769 reﬁngit,

1938 3794 2045 3858 Qui
2076 3799 2304 3846 maneat
2330 3792 2470 3844 vivis
2503 3806 2663 3843 error
2692 3797 3021 3859 quantaque
3052 3788 3300 3853 rebellis,

1940 3885 2067 3937 Haec
2092 3898 2223 3935 vera
2250 3880 2499 3933 refutans
2528 3894 2725 3949 pugna
2754 3881 3065 3944 consurgat
3093 3875 3309 3937 inanis;

1937 3970 2130 4033 Qualis
2158 3969 2459 4037 honorque
2491 3983 2659 4019 cavus
2685 3966 2841 4034 regia
2867 3980 3019 4017 nunc
3049 3963 3217 4016 corda
3248 3962 3467 4015 deleret

1938 4060 2074 4122 Qua:
2107 4059 2221 4111 sint
2254 4056 2483 4111 delicias
2517 4057 2664 4108 fluxe
2697 4053 3029 4123 liquideque
3059 4052 3268 4105 caduce

1938 4148 2077 4211 Quae
2106 4146 2242 4200 dum
2277 4145 2641 4215 stringuntur
2669 4142 2861 4212 digitis
2892 4146 2957 4194 ut
2987 4140 3144 4193 limfa
3174 4138 3461 4207 refugunt.

1942 4239 2180 4289 Pronsas
2204 4238 2231 4276 ιι
2257 4250 2427 4287 noxas
2458 4235 2735 4303 lacrymas
2760 4238 2817 4283 tu
2848 4230 3085 4284 fundere
3115 4231 3310 4294 lector,

1872 4331 1915 4383 D
1942 4324 2029 4377 Sic
2056 4325 2249 4392 culpas
2280 4321 2543 4392 proprias
2569 4336 2762 4374 careas
2786 4319 2891 4372 sub
2911 4318 3105 4388 judice
3138 4315 3361 4373 Christo

1944 4414 2005 4465 Et
2030 4411 2209 4465 centri
2240 4412 2426 4463 valeas
2452 4411 2666 4463 Celsum
2698 4408 2966 4461 scandere
2994 4404 3245 4459 tribunal

1941 4498 2178 4551 Praestet
2202 4498 2297 4550 ille
2330 4498 2479 4550 Deus
2510 4497 2661 4550 trino
2691 4495 2791 4564 qui
2818 4494 3052 4547 nomine
3084 4494 3263 4562 pollet

1943 4585 2291 4640 Christicolis
2324 4585 2490 4639 nobis
2517 4583 2777 4654 requiem
2804 4599 2907 4654 per
2929 4582 3148 4635 sarculis
3179 4597 3366 4635 amen.

2745 4709 2828 4761 IX.

2317 4832 2436 4869 ITEM
2473 4831 2670 4869 VERSUS
2711 4831 2763 4867 IN
2805 4830 2989 4869 CRUCIS
3026 4828 3262 4867 LAUDEM.

1946 4944 1987 4996 E
2017 4942 2179 5007 coelo,
2213 4940 2474 5006 Domine,
2502 4940 2651 4992 clara
2682 4938 2893 4992 virtute
2924 4954 3179 5001 corusca,

1948 5028 2093 5082 Crux
2123 5026 2345 5097 insigne
2380 5026 2566 5092 micat,
2602 5025 2827 5095 fulgens
2859 5040 3030 5094 super
3060 5024 3273 5076 aethera
3298 5020 3451 5075 felix.

2020 5216 2049 5255 κ
2077 5203 2198 5267 Ms.,
2230 5208 2436 5256 cantas.

2017 5274 2047 5315 ιι
2078 5274 2201 5335 Ms.,
2232 5277 2492 5326 revectus.

2017 5344 2030 5379 ί
2060 5348 2145 5397 An
2174 5344 2417 5408 vagina?

2014 5417 2027 5459 ί
2073 5415 2128 5468 F.
2160 5417 2395 5480 gemina.

2018 5489 2045 5529 ιι
2078 5486 2155 5550 F.,
2181 5500 2281 5554 pro
2308 5488 2536 5541 nostros.
