4022 6178
366 276 467 328 563
1570 267 1826 322 ALVARI
1867 267 1948 321 C0

2213 265 2347 322 NSIS
2384 265 2725 321 CABMINA.
3745 264 3829 318 564

369 407 506 461 Haec
533 405 697 459 fortis
725 403 916 474 palma
945 397 1202 454 credenti
1229 400 1461 468 pectore
1493 397 1778 452 Christum

367 498 533 551 Teste
564 494 697 565 polo
730 489 938 547 Christi
968 489 1161 542 ﬁrmat
1184 486 1393 540 virtute
1422 490 1657 557 tropaea.

373 586 589 640 Cedant
619 580 922 663 gentilium
953 592 1215 631 errorum
1249 574 1469 645 perﬁda
1500 584 1671 641 secta,

371 675 508 726 Ecce
540 669 746 725 Christi
776 668 942 737 signo
972 666 1153 718 centri
1185 680 1434 717 convexa
1462 664 1768 732 refulgent.

372 764 494 817 Non
525 760 647 813 haec
674 758 925 811 humana
951 754 1167 808 coelesti
1198 753 1425 806 cardine
1458 751 1665 822 pinxit,

370 850 479 904 Sed
508 863 711 901 manus
741 844 991 899 aetherea
1023 842 1301 895 mundum
1334 841 1540 894 virtute
1573 840 1825 909 regentis
1853 856 1866 893 :

372 946 558 993 Aurea
589 949 839 1004 namque
866 932 956 986 die
984 929 1583 1005 formapulcherrima
1616 930 1766 981 luna:

369 1028 679 1080 Inlustrata
710 1038 875 1077 cruce
908 1021 1085 1089 pollet
1114 1035 1225 1088 quo
1258 1018 1476 1071 lumine
1509 1018 1681 1086 pleno

377 1111 746 1167 Hebraeorum
776 1108 1027 1179 populus
1058 1106 1222 1159 solitc
1254 1106 1533 1158 deducere
1562 1104 1772 1174 pascha

379 1200 635 1269 Respice,
665 1215 806 1267 gens
834 1197 1063 1261 misera,
1097 1195 1326 1264 signum
1355 1193 1575 1263 fulgere
1607 1193 1922 1263 redemptis

378 1290 447 1342 Et
474 1294 677 1358 quarta
706 1286 925 1339 decima
950 1285 1163 1338 farsum
1195 1293 1219 1316 ει
1248 1282 1326 1335 sic
1356 1282 1574 1336 lumine
1604 1281 1811 1335 Christi

380 1378 567 1431 Cintia
600 1392 714 1447 quo
749 1374 965 1445 pandat
992 1373 1220 1442 signum
1251 1371 1400 1440 quod
1432 1370 1621 1424 fronte
1654 1374 1931 1436 coruscat,

381 1466 772 1536 Resplendens
805 1462 1019 1517 mundo
1054 1476 1280 1531 semper
1306 1460 1528 1529 fulgore
1558 1460 1830 1513 decorum

384 1557 546 1611 Nunc
575 1554 790 1607 recoles
824 1552 1129 1605 Dominum
1159 1566 1351 1619 quaeso
1386 1548 1659 1601 mansisse
1690 1552 1923 1602 tonante

381 1644 488 1707 Qui
518 1648 724 1713 quarta
755 1641 975 1695 decima
1004 1639 1162 1709 ligno
1190 1635 1463 1707 suspendi
1495 1636 1692 1690 salutis

383 1736 496 1787 Hoc
521 1732 703 1785 voluit
730 1731 893 1799 signo
923 1745 1095 1799 quem
1122 1728 1245 1781 cceli
1279 1727 1463 1780 sidera
1490 1726 1723 1780 mittunt

383 1824 511 1891 lpsa
537 1820 628 1874 die
655 1819 795 1873 coelo
825 1819 976 1871 luna:
1012 1816 1223 1886 refugit
1253 1814 1442 1884 imago

386 1909 722 1962 Pulchritice
752 1907 984 1961 radians
1014 1921 1127 1975 quo
1159 1920 1299 1974 gens
1330 1903 1548 1973 perfida
1578 1902 1833 1973 gaudens

388 2000 534 2067 Ergo
566 1997 870 2066 pestiferos
902 1996 1135 2048 damnat
1165 1994 1289 2047 haec
1315 1993 1497 2046 forma
1525 1992 1729 2045 decora

388 2086 589 2156 Aspice
621 2100 815 2155 quaeso
850 2084 1023 2137 miser
1047 2081 1309 2152 quisquis
1339 2097 1398 2133 es
1430 2086 1620 2133 mente
1652 2079 1908 2150 maligna

391 2177 455 2230 Et
483 2190 709 2228 rursum
740 2173 935 2225 oculos
967 2171 1035 2224 ad
1059 2174 1084 2214 Ι)
1116 2170 1242 2225 εαξη
1271 2170 1461 2223 sidera
1486 2169 1644 2222 tolle.

388 2263 665 2333 Conspice
698 2262 917 2316 sidereo
950 2276 1051 2313 cur
1078 2258 1310 2314 brachia
1340 2258 1560 2312 lumine
1588 2256 1803 2327 pollent

391 2351 719 2416 Quadritide
751 2350 1030 2404 mundum
1063 2348 1335 2420 quoniam
1362 2347 1484 2401 haec
1516 2346 1707 2399 omnia
1742 2347 1983 2401 mundat

392 2438 527 2501 Quae
558 2436 687 2490 cceli
714 2434 882 2489 tellus
912 2435 1119 2487 retinet
1150 2434 1253 2487 sub
1278 2434 1408 2503 jure
1438 2436 1628 2486 creata

395 2527 611 2580 Cuncta
638 2522 832 2579 Crucis
858 2523 1021 2591 signo
1050 2521 1400 2575 mundantur
1429 2520 1644 2590 perfide
1674 2522 1841 2576 crede

399 2613 599 2667 Infelix
631 2627 792 2665 error
823 2627 963 2681 quas
993 2627 1145 2663 nunc
1174 2614 1238 2662 tu
1268 2610 1483 2678 tingere
1515 2626 1723 2663 sannas
1753 2619 1773 2644 ο

398 2702 497 2756 Hic
529 2702 682 2754 vales
715 2704 913 2769 argute
940 2698 1107 2752 nobis
1132 2699 1217 2751 vel
1247 2713 1549 2750 murmura
1578 2700 1763 2766 pande

400 2792 512 2843 Cur
544 2788 649 2842 tibi
675 2788 1026 2841 contrarium
1054 2786 1283 2856 signum
1319 2803 1471 2839 nunc
1500 2787 1638 2838 luna
1665 2785 1891 2857 vigurat
1918 2786 1966 2852 ά,

401 2879 514 2932 Cur
545 2878 802 2947 despecta
838 2876 933 2929 diu
967 2875 1107 2929 caelo
1138 2875 1383 2945 refulget
1408 2874 1620 2944 imago,

404 2970 516 3022 Cur
543 2967 747 3021 frontis
779 2972 987 3019 nostra:
1017 2965 1219 3018 victrix
1250 2964 1329 3017 sic
1361 2980 1531 3017 aurea
1564 2965 1776 3034 palma,

403 3058 551 3112 Crux
582 3056 819 3109 adversa
848 3054 952 3108 tibi
978 3054 1105 3107 coeli
1135 3069 1384 3107 convexa
1413 3059 1687 3107 meretur.

402 3147 532 3200 Haec
557 3150 752 3197 nostra
775 3142 913 3197 ﬁdei
937 3142 1260 3212 resplendet
1289 3143 1413 3195 luce
1444 3158 1653 3195 corona

404 3235 587 3296 Quam
621 3231 821 3285 Christi
852 3230 1054 3284 famuli
1085 3246 1311 3301 semper
1341 3231 1411 3283 de
1443 3231 1583 3284 coelo
1614 3229 1955 3299 triumphat.

406 3321 511 3375 Sed
541 3321 687 3374 caelo
721 3326 913 3389 posset
945 3334 1119 3388 quam
1150 3323 1211 3371 tu
1239 3318 1600 3387 persequeris
1632 3318 1806 3371 armis

405 3408 586 3478 Impie
617 3408 862 3460 crudelis
894 3407 1072 3459 oculis
1095 3406 1183 3459 vel
1214 3406 1398 3459 sidere
1424 3406 1612 3459 crede.

409 3496 543 3549 Ecce
578 3496 721 3548 Deus
756 3498 946 3546 noster
975 3492 1233 3547 Christus
1264 3510 1329 3546 ex
1360 3494 1571 3545 azthere
1600 3494 1786 3557 ﬂoret,

407 3585 547 3639 Ecce
578 3582 1031 3651 venerandaeque
1064 3579 1245 3633 crucis
1274 3597 1445 3650 super
1474 3581 1689 3634 aethera
1720 3581 1949 3650 signum

406 3669 682 3724 Astrifere
710 3670 904 3722 lucens
939 3669 1173 3722 damnat
1199 3684 1350 3721 nunc
1380 3668 1517 3722 orbe
1548 3670 1838 3738 profanos.

408 3758 631 3812 Perﬁda
662 3757 911 3811 discedat
940 3758 1107 3810 turba
1136 3757 1350 3811 fuscata
1379 3758 1572 3811 dolore
1612 3775 1623 3811 :

407 3847 652 3917 Agmina
680 3848 923 3900 exsultet
955 3846 1162 3900 Christi
1189 3846 1417 3900 ﬂorenti
1448 3847 1674 3909 decore,

410 3937 478 3990 Et
506 3952 795 4006 synagoga
827 3953 929 3989 suo
958 3936 1181 3989 recedat
1217 3953 1367 3989 nunc
1396 3938 1558 3988 furva
1589 3936 1798 3999 colore,

412 4025 655 4079 Ecclesia
680 4025 887 4095 jubilet
910 4024 1150 4077 clarenti
1180 4025 1333 4077 fulva
1357 4010 1569 4089 colore,

412 4113 591 4175 Quam
618 4112 872 4166 Christus
902 4111 1141 4180 pulchro
1172 4127 1398 4180 semper
1428 4111 1537 4165 sibi
1558 4109 1753 4179 jungit
1781 4125 1995 4162 amore.

583 4356 778 4395 γεκςινδ
819 4356 1033 4394 HEROICI
1076 4356 1128 4393 IN
1169 4355 1382 4394 LAUDEM
1423 4356 1578 4394 BEATI
1619 4356 1935 4395 HIERONYMI.

418 4466 805 4534 Hieronymus
837 4464 1021 4535 fulget
1049 4465 1199 4518 celsa
1226 4463 1433 4517 virtute
1465 4464 1731 4529 reboans,

412 4555 482 4609 Et
512 4554 735 4608 celeber
764 4554 922 4607 libris
953 4555 1119 4607 floret
1150 4569 1252 4623 per
1281 4554 1512 4607 cardina
1544 4554 1766 4607 mundi.

416 4643 514 4699 Hic
542 4642 941 4713 paradisigena
967 4648 986 4671 ⁸
1020 4642 1250 4697 Domini
1282 4643 1360 4696 sic
1389 4645 1564 4697 florea
1596 4642 1803 4712 pinxit,

416 4733 485 4787 Ut
517 4730 690 4785 rutilo
722 4730 930 4784 celebri
960 4735 1075 4784 toto
1108 4747 1211 4801 per
1240 4730 1471 4783 cardine
1501 4730 1702 4784 vibret.

417 4823 516 4877 Hic
546 4826 738 4875 sancta
770 4819 994 4875 Domini
1025 4835 1218 4873 rerum
1249 4820 1455 4874 virtute
1487 4819 1735 4873 tenentis

412 4912 680 4967 Aﬂthereo
711 4909 864 4965 dulci
892 4909 1239 4980 praestrinxit
1267 4909 1521 4963 carmina
1546 4908 1705 4978 legis.

484 5097 509 5122 α
541 5088 599 5141 F.
628 5088 842 5153 fassam
873 5102 976 5156 pro
1000 5087 1232 5156 phasen.

484 5161 510 5201 b
542 5159 664 5225 Ms.,
695 5173 776 5211 ac.

485 5238 505 5263 ε
540 5229 599 5281 ld
630 5235 715 5282 est
744 5226 1241 5281 subsannationes.

485 5298 511 5333 ἀ
545 5299 601 5351 L.
631 5301 853 5367 ﬁgurat.

484 5380 506 5403 ε
543 5369 660 5435 Ms.,
690 5370 971 5437 paradisii
999 5383 1146 5435 gena.

494 5437 509 5470 τ
540 5439 635 5490 Ms.
648 5478 661 5503 ,
692 5440 1004 5507 resplendit.

488 5520 509 5554 ε
535 5508 654 5573 Ms.,
686 5510 793 5563 Hos
825 5510 1013 5563 tendit.

2101 402 2145 453 A
2178 397 2276 451 Hic
2310 413 2452 451 nova
2484 412 2613 451 cum
2641 400 2831 450 vetera
2863 394 3106 467 profusit
3136 398 3368 465 pectore
3399 394 3567 448 mella

2176 754 2311 817 Quae
2342 753 2573 822 gemina
2602 754 2725 807 luce
2758 752 3129 821 resplendent
3160 752 3177 785 ί
3210 752 3441 821 mystice
3476 767 3629 805 sacra
3730 768 3731 771 ‘

2178 841 2544 909 Conscripsit,
2578 840 2738 894 suavi
2766 857 2975 910 magno
3006 840 3260 893 confecta
3293 839 3505 908 vigore.

2178 933 2362 984 Aurea
2395 930 2544 983 dicta
2572 930 2673 983 Dei
2701 934 2963 982 centrum
2996 929 3084 982 vel
3115 934 3319 981 cuncta
3351 926 3600 996 regentis

2180 1017 2441 1071 Ostendit
2470 1031 2518 1083 Β,
2553 1034 2759 1085 magno
2791 1016 2970 1087 possit
3000 1017 3141 1087 quid
3174 1032 3411 1069 munere
3444 1017 3674 1083 linguae,

2184 1106 2326 1158 Dum
2359 1112 2684 1175 praepotens
2715 1107 2931 1159 calamo
2970 1106 3192 1159 diverso
3225 1106 3343 1158 sole
3372 1104 3613 1171 refulsit,

2182 1195 2383 1261 Attica,
2421 1196 2673 1259 Hebraea,
2705 1196 2995 1265 fulgenter
3021 1211 3149 1248 orsu
3182 1194 3513 1259 refundens,

2184 1285 2369 1353 Atque
2406 1285 2598 1337 Latine
2630 1284 2788 1338 dedit
2819 1283 3097 1354 quidquid
3132 1283 3404 1337 Hebraice
3437 1286 3678 1349 constat,

2188 1375 2418 1426 Necnon
2451 1378 2506 1426 et
2535 1374 2825 1443 Argolicos
2853 1372 3127 1426 reseravit
3154 1372 3355 1425 ordine
3386 1372 3578 1425 fontes

2189 1462 2446 1515 Facunde
2475 1462 2705 1515 meatim
2737 1467 2973 1515 currunt
3000 1478 3101 1531 per
3134 1461 3393 1531 margine
3424 1461 3551 1513 rivi.

2189 1552 2316 1604 Haec
2346 1557 2579 1621 propter
2610 1550 2837 1604 Domini
2869 1567 3097 1619 semper
3132 1550 3455 1603 veneranda
3486 1565 3590 1619 per
3620 1565 3731 1602 aevo

2190 1641 2489 1694 Doctorem
2522 1645 2795 1693 resonant
2824 1639 3032 1693 Christi
3064 1639 3166 1693 sub
3196 1639 3391 1693 limine
3421 1638 3590 1705 servi,

2192 1730 2399 1799 Fulgor
2432 1729 2709 1795 Ecclesiae,
2743 1728 3017 1782 doctrinae
3047 1733 3255 1781 sanctae
3285 1728 3538 1793 lucerna,

2190 1815 2445 1869 Caelestis
2477 1816 2665 1868 cultor
2694 1816 2873 1867 multo
2899 1813 3252 1885 praepinguis
3280 1814 3435 1881 olivi,

2192 1906 2457 1977 Effugans
2487 1906 2731 1960 haereses
2765 1912 2923 1959 vasto
2948 1906 3048 1976 qui
3079 1905 3311 1958 nomine
3341 1903 3522 1974 pestis

2194 1995 2555 2065 Depopulant
2581 1995 2791 2048 Christi
2820 1995 3065 2048 famulos
3097 1993 3201 2047 sub
3229 1994 3399 2047 dente
3433 1993 3717 2047 latrantes.

2195 2083 2291 2137 Hic
2323 2083 2500 2136 dulcis
2533 2083 2690 2137 vario
2718 2083 3043 2153 resplendet
3071 2081 3299 2135 tramite
3331 2086 3510 2147 vates,

2196 2173 2260 2226 Et
2286 2176 2512 2226 truncat
2538 2172 2677 2226 falce
2708 2172 2941 2226 frondes
2970 2171 3189 2225 hirsute
3218 2176 3514 2224 comantes
3549 2187 3562 2223 :

2196 2261 2462 2331 Egregios
2496 2260 2706 2314 imbres
2736 2260 2928 2331 signat
2957 2275 3165 2312 aurora
3193 2259 3525 2324 rubescens,

2198 2349 2297 2403 Hic
2326 2351 2537 2404 vitreus
2564 2349 2768 2417 amnis,
2799 2348 3077 2419 placidus,
3113 2349 3334 2418 fulgore
3362 2348 3624 2411 decorus,

2201 2438 2293 2490 Est
2323 2436 2557 2507 rapidus
2587 2442 2812 2490 torrens
2845 2436 2959 2489 illis
2991 2453 3133 2507 quos
3164 2436 3469 2505 complicat
3499 2451 3676 2489 error.

2198 2525 2485 2595 Quidquid
2516 2526 2847 2595 Hieronymi
2874 2542 2986 2578 non
3019 2531 3154 2578 sunt
3185 2540 3445 2594 respersa
3476 2540 3680 2594 sapore

2199 2614 2523 2684 Improbata
2557 2620 2807 2681 manent,
2842 2619 3067 2680 nutant,
3100 2619 3154 2666 et
3183 2613 3413 2667 ﬂaccide
3448 2618 3721 2677 marcent,

2200 2703 2458 2755 Pendent
2486 2703 2715 2755 oracula
2745 2718 2871 2772 qua:
2905 2719 3019 2755 non
3045 2707 3178 2755 sunt
3208 2702 3340 2772 igne
3369 2708 3599 2756 recocta

2203 2791 2551 2845 Flammiferi
2576 2792 2770 2853 sancti,
2805 2791 3003 2845 rutilat
3034 2792 3060 2832 h
3087 2791 3184 2860 qui
3216 2791 3342 2844 luce
3372 2790 3509 2844 fidei

2204 2879 2419 2932 Clarior
2447 2879 2507 2932 in
2539 2880 2757 2933 cunctis
2787 2880 2966 2949 pollet
2992 2896 3105 2949 quo
3136 2879 3320 2948 gratia
3350 2879 3565 2948 lingua:

2133 2997 2172 3051 ο
2204 2967 2433 3021 Ortatur
2463 2967 2687 3036 potuisi
2718 2968 2950 3021 milleno
2977 2968 3244 3039 dogmate
3275 2968 3510 3032 ﬂorens,

2208 3056 2351 3108 Dum
2379 3054 2460 3107 sol
2489 3055 2624 3107 luna
2652 3056 2780 3124 polo
2810 3060 3076 3108 serenant
3103 3055 3207 3108 sub
3238 3056 3356 3108 sole
3387 3054 3674 3123 tenebras,

2207 3144 2352 3196 Dum
2386 3142 2562 3195 stellae
2597 3142 2769 3195 rutilo
2803 3147 3042 3195 currunt
3073 3144 3314 3195 lustrare
3345 3142 3618 3209 latebras,

2206 3229 2392 3283 Invisa
2423 3229 2710 3282 somnium
2745 3230 2989 3294 volvent,
3024 3230 3111 3282 vel
3143 3235 3294 3283 certe
3322 3230 3602 3295 revelant,

2205 3323 2282 3373 Ac
2312 3335 2480 3371 cursu
2511 3318 2666 3372 vario
2697 3323 2882 3372 turres
2916 3318 3123 3372 librare
3150 3322 3484 3383 retractant,

2209 3408 2353 3461 Dum
2387 3412 2587 3460 ventus
2619 3408 2798 3460 nubes
2831 3407 3131 3476 glomerat,
3159 3408 3296 3460 dum
3328 3412 3502 3459 aestus
3534 3404 3737 3470 adurit,

2208 3497 2353 3549 Dum
2383 3495 2586 3549 bruma
2617 3497 2804 3565 gelide
2835 3512 2973 3549 cana
3002 3512 3061 3547 su
3076 3512 3172 3566 per
3196 3495 3375 3548 herba
3406 3494 3654 3555 virescit,

2208 3586 2354 3638 Dum
2388 3585 2558 3654 fulgit
2587 3584 2757 3654 ignis,
2787 3584 2959 3638 iluide
2991 3584 3127 3637 dum
3157 3584 3373 3652 limplia
3402 3584 3669 3648 recurrit,

2213 3675 2354 3726 Dum
2391 3673 2566 3725 maris
2589 3673 2737 3726 unda
2762 3678 2948 3738 sonat,
2973 3678 3207 3742 turgens
3231 3672 3367 3725 dum
3392 3688 3599 3741 spuma
3621 3664 3869 3740 liquescit,

2210 3762 2354 3814 Dum
2388 3760 2629 3813 dumosa
2654 3762 2788 3814 ferre
2819 3761 3087 3825 retinent,
3120 3759 3255 3812 dum
3285 3776 3520 3828 aequora
3552 3758 3738 3829 piscis.

2213 3852 2355 3903 Dum
2390 3865 2590 3902 cervus
2620 3850 2773 3903 velox
2808 3851 3056 3918 palmato
3083 3865 3265 3902 cornu
3298 3850 3557 3913 resultat,

2211 3939 2472 4008 Dumque
2504 3955 2641 4007 aper
2670 3944 2860 3991 torvus
2888 3939 3083 3991 lunato
3116 3939 3284 3991 dente
3317 3942 3623 4007 repugnat,

2214 4026 2357 4079 Dum
2389 4026 2649 4078 volucres
2680 4026 2954 4078 tremulas
2988 4042 3147 4078 voces
3178 4042 3242 4078 ex
3278 4030 3509 4095 gutture
3540 4026 3755 4095 pipant,

2213 4115 2359 4167 Dum
2391 4115 2653 4167 homines
2685 4120 2928 4184 pereunt
2960 4114 3191 4179 mundo,
3228 4115 3314 4166 vel
3345 4120 3499 4167 certe
3532 4115 3835 4170 renascunt,

2215 4204 2359 4255 Dum
2391 4202 2637 4272 sequitat
2662 4203 2869 4255 umbra
2899 4218 3126 4270 corpus,
3161 4217 3337 4270 quam
3371 4202 3572 4254 limina
3596 4202 3609 4245 ἱ
3636 4201 3871 4258 formant,

2148 4294 2188 4347 ι)
2219 4292 2379 4343 Hunc
2408 4290 2539 4343 tidei
2570 4289 2713 4342 servi
2744 4305 2970 4359 semper
2998 4288 3103 4341 sub
3134 4304 3233 4341 axe
3268 4288 3543 4354 beabunt,

2218 4377 2390 4447 Cujus
2420 4393 2570 4430 nunc
2597 4377 2794 4446 lingua
2826 4376 3005 4447 fulget
3041 4392 3144 4444 per
3170 4380 3437 4443 tempora
3467 4375 3643 4439 saecli,

2220 4466 2363 4519 Dum
2398 4481 2540 4518 nova
2574 4470 2630 4518 et
2658 4469 2847 4517 vetera
2877 4464 3110 4532 proprio
3142 4463 3383 4516 formata
3411 4480 3516 4532 per
3545 4479 3643 4516 ore

2219 4553 2461 4607 Ecclesia
2492 4553 2699 4606 retinet
2727 4558 2965 4605 cantans
2995 4552 3114 4604 sine
3146 4552 3259 4604 line
3290 4550 3538 4615 dierum,

2222 4641 2289 4694 Ut
2321 4640 2459 4693 mihi
2490 4656 2697 4711 magne
2729 4656 2864 4709 rugo
2895 4639 3086 4692 doctor
3113 4639 3172 4691 in
3203 4638 3334 4691 sede
3367 4654 3620 4708 superna

2218 4732 2359 4783 Prex
2393 4736 2491 4784 tua
2520 4730 2696 4798 digna
2726 4730 2915 4783 locum
2939 4728 3150 4781 tribuat
3178 4731 3308 4796 post
3337 4726 3447 4781 vita
3474 4728 3745 4798 quietum.

2218 4817 2521 4887 Splenduit
2552 4818 2781 4871 lucerna
2812 4821 2910 4868 tua
2946 4815 3181 4868 Domine
3214 4815 3261 4866 κ.
3310 4854 3323 4867 .
3367 4856 3378 4866 .
3430 4855 3441 4865 .
3484 4853 3497 4866 .

2225 4947 2236 4958 .
2280 4946 2294 4960 .
2340 4945 2353 4959 .
2400 4946 2414 4961 .
2458 4946 2470 4959 .
2517 4945 2529 4958 .
2576 4944 2588 4960 .
2631 4904 2872 4975 insignis
2902 4904 3160 4974 lucisque
3190 4919 3293 4973 per
3322 4902 3516 4957 omnia
3546 4902 3737 4972 signis.

2289 5079 2315 5117 ιι
2347 5081 2469 5145 Ms.,
2497 5083 2751 5135 rutilant.

2288 5153 2301 5187 ί
2338 5154 2395 5206 F.
2430 5156 2675 5219 ornatur,
2709 5153 2909 5219 potius.

2287 5224 2299 5266 ί
2341 5223 2461 5286 Ms.,
2495 5238 2649 5290 quem
2680 5224 2869 5275 limina
2905 5237 2918 5273 :
2950 5222 3007 5274 F.
3043 5222 3267 5275 lumina.

2290 5296 2316 5336 k
2348 5282 2475 5347 Haec
2503 5282 2628 5361 }am
2665 5308 2781 5345 non
2813 5292 2880 5345 de
2914 5292 3260 5359 Hieronymo
3302 5291 3451 5346 dicta
3491 5291 3763 5354 videntur,
3794 5282 3871 5338 sed

2220 5362 2288 5416 de
2319 5368 2573 5431 apostata
2610 5364 2813 5433 angelo
2849 5362 3004 5431 (alio.
3037 5363 3430 5417 subintellecto
3461 5363 3667 5430 titulo),
3699 5366 3757 5413 ut
3781 5372 3868 5426 p0-

2219 5435 2416 5488 stremi
2448 5434 2735 5506 praecipue
2766 5450 2959 5489 versus
2989 5434 3315 5488 ostendunt.
