  <div class='ocr_page' id='page_1' title='image "/cluster/home/n/w/nwhite01/storage/ocr_20150623/121/hvd.32044054759832/290.png"; bbox 0 0 4044 6174; ppageno 0'>
   <div class='ocr_carea' id='block_1_1' title="bbox 1509 524 2305 569">
    <p class='ocr_par' dir='ltr' id='par_1_1' title="bbox 1509 524 2305 569">
     <span class='ocr_line' id='line_1_1' title="bbox 1509 524 2305 569; baseline -0.003 0"><span class='ocrx_word' id='word_1_1' title='bbox 1509 524 1677 569; x_wconf 83' lang='lat' dir='ltr'>ANNO</span> <span class='ocrx_word' id='word_1_2' title='bbox 1727 524 1952 569; x_wconf 85' lang='lat' dir='ltr'>DOMINI</span> <span class='ocrx_word' id='word_1_3' title='bbox 2001 524 2281 568; x_wconf 80' lang='lat' dir='ltr'>DCCCLXX</span> <span class='ocrx_word' id='word_1_4' title='bbox 2293 554 2305 567; x_wconf 91' lang='lat'>.</span> 
     </span>
    </p>
   </div>
   <div class='ocr_carea' id='block_1_2' title="bbox 1060 622 2820 931">
    <p class='ocr_par' dir='ltr' id='par_1_2' title="bbox 1060 622 2820 931">
     <span class='ocr_line' id='line_1_2' title="bbox 1060 622 2820 931; baseline 0 -4"><span class='ocrx_word' id='word_1_5' title='bbox 1060 622 2820 931; x_wconf 37' lang='lat' dir='ltr'>BERNARDUS&#39;</span> 
     </span>
    </p>
   </div>
   <div class='ocr_carea' id='block_1_3' title="bbox 1447 1053 2380 1115">
    <p class='ocr_par' dir='ltr' id='par_1_3' title="bbox 1447 1053 2380 1115">
     <span class='ocr_line' id='line_1_3' title="bbox 1447 1053 2380 1115; baseline 0 -1"><span class='ocrx_word' id='word_1_6' title='bbox 1447 1054 1921 1115; x_wconf 83' lang='lat' dir='ltr'>MONACHUS</span> <span class='ocrx_word' id='word_1_7' title='bbox 1984 1053 2380 1114; x_wconf 85' lang='lat' dir='ltr'>FRANCUS</span> 
     </span>
    </p>
   </div>
   <div class='ocr_carea' id='block_1_4' title="bbox 716 1419 3119 1552">
    <p class='ocr_par' dir='ltr' id='par_1_4' title="bbox 716 1419 3119 1552">
     <span class='ocr_line' id='line_1_4' title="bbox 716 1419 3119 1552; baseline -0.002 -1"><span class='ocrx_word' id='word_1_8' title='bbox 716 1423 1680 1552; x_wconf 83' lang='lat' dir='ltr'>BERNARDI</span> <span class='ocrx_word' id='word_1_9' title='bbox 1814 1419 3119 1548; x_wconf 81' lang='lat' dir='ltr'>ITINERARIUM</span> 
     </span>
    </p>
   </div>
   <div class='ocr_carea' id='block_1_5' title="bbox 1283 1650 2543 1712">
    <p class='ocr_par' dir='ltr' id='par_1_5' title="bbox 1283 1650 2543 1712">
     <span class='ocr_line' id='line_1_5' title="bbox 1283 1650 2543 1712; baseline -0.002 -1"><span class='ocrx_word' id='word_1_10' title='bbox 1283 1650 1535 1712; x_wconf 82' lang='lat' dir='ltr'>Factum</span> <span class='ocrx_word' id='word_1_11' title='bbox 1568 1654 1630 1711; x_wconf 69' lang='lat' dir='ltr'>in</span> <span class='ocrx_word' id='word_1_12' title='bbox 1660 1652 1787 1711; x_wconf 87' lang='lat' dir='ltr'>loca</span> <span class='ocrx_word' id='word_1_13' title='bbox 1816 1659 2024 1710; x_wconf 78' lang='lat' dir='ltr'>sancta</span> <span class='ocrx_word' id='word_1_14' title='bbox 2053 1669 2207 1709; x_wconf 87' lang='lat' dir='ltr'>anno</span> <span class='ocrx_word' id='word_1_15' title='bbox 2239 1667 2543 1709; x_wconf 79' lang='lat' dir='ltr'>DCCCLxx.</span> 
     </span>
    </p>
   </div>
   <div class='ocr_carea' id='block_1_6' title="bbox 374 1805 3448 1874">
    <p class='ocr_par' dir='ltr' id='par_1_6' title="bbox 374 1805 3448 1874">
     <span class='ocr_line' id='line_1_6' title="bbox 374 1805 3448 1874; baseline -0.002 -15"><span class='ocrx_word' id='word_1_16' title='bbox 374 1811 553 1874; x_wconf 83' lang='lat' dir='ltr'>(Apud</span> <span class='ocrx_word' id='word_1_17' title='bbox 592 1811 814 1869; x_wconf 83' lang='lat' dir='ltr'>Mabill.,</span> <span class='ocrx_word' id='word_1_18' title='bbox 850 1811 962 1859; x_wconf 80' lang='lat' dir='ltr'>Act.</span> <span class='ocrx_word' id='word_1_19' title='bbox 994 1826 1062 1859; x_wconf 88' lang='lat' dir='ltr'>ss.</span> <span class='ocrx_word' id='word_1_20' title='bbox 1096 1810 1211 1859; x_wconf 90' lang='lat' dir='ltr'>ord.</span> <span class='ocrx_word' id='word_1_21' title='bbox 1253 1810 1303 1859; x_wconf 94' lang='lat' dir='ltr'>S.</span> <span class='ocrx_word' id='word_1_22' title='bbox 1341 1810 1538 1859; x_wconf 90' lang='lat' dir='ltr'>Bened.</span> <span class='ocrx_word' id='word_1_23' title='bbox 1569 1814 1697 1859; x_wconf 89' lang='lat' dir='ltr'>tom.</span> <span class='ocrx_word' id='word_1_24' title='bbox 1727 1809 1812 1868; x_wconf 87' lang='lat' dir='ltr'>IV,</span> <span class='ocrx_word' id='word_1_25' title='bbox 1850 1824 1915 1858; x_wconf 88' lang='lat' dir='ltr'>ex</span> <span class='ocrx_word' id='word_1_26' title='bbox 1952 1808 2045 1858; x_wconf 88' lang='lat' dir='ltr'>Ms.</span> <span class='ocrx_word' id='word_1_27' title='bbox 2074 1809 2253 1858; x_wconf 85' lang='lat' dir='ltr'>codice</span> <span class='ocrx_word' id='word_1_28' title='bbox 2288 1808 2624 1857; x_wconf 60' lang='lat' dir='ltr'>bibliothecas</span> <span class='ocrx_word' id='word_1_29' title='bbox 2654 1806 2977 1869; x_wconf 69' lang='lat' dir='ltr'>Remigianaa</span> <span class='ocrx_word' id='word_1_30' title='bbox 3009 1805 3147 1868; x_wconf 90' lang='lat' dir='ltr'>apud</span> <span class='ocrx_word' id='word_1_31' title='bbox 3180 1805 3448 1867; x_wconf 87' lang='lat' dir='ltr'>Rhemos.)</span> 
     </span>
    </p>
   </div>
   <div class='ocr_carea' id='block_1_7' title="bbox 242 2065 3665 2140">
    <p class='ocr_par' dir='ltr' id='par_1_7' title="bbox 242 2065 3665 2140">
     <span class='ocr_line' id='line_1_7' title="bbox 242 2065 3665 2140; baseline -0 -19"><span class='ocrx_word' id='word_1_32' title='bbox 242 2074 284 2122; x_wconf 88' lang='lat' dir='ltr'>l.</span> <span class='ocrx_word' id='word_1_33' title='bbox 318 2072 380 2123; x_wconf 90' lang='lat' dir='ltr'>In</span> <span class='ocrx_word' id='word_1_34' title='bbox 412 2069 651 2123; x_wconf 88' lang='lat' dir='ltr'>nomine</span> <span class='ocrx_word' id='word_1_35' title='bbox 698 2069 927 2123; x_wconf 89' lang='lat' dir='ltr'>Domini</span> <span class='ocrx_word' id='word_1_36' title='bbox 971 2068 1194 2122; x_wconf 87' lang='lat' dir='ltr'>visendi</span> <span class='ocrx_word' id='word_1_37' title='bbox 1246 2071 1458 2139; x_wconf 77' lang='lat' dir='ltr'>[supple</span> <span class='ocrx_word' id='word_1_38' title='bbox 1502 2067 1687 2140; x_wconf 81' lang='lat' dir='ltr'>causa]</span> <span class='ocrx_word' id='word_1_39' title='bbox 1742 2068 1863 2121; x_wconf 90' lang='lat' dir='ltr'>loca</span> <span class='ocrx_word' id='word_1_40' title='bbox 1900 2071 1945 2121; x_wconf 83' lang='lat' dir='ltr'><strong>A</strong></span> <span class='ocrx_word' id='word_1_41' title='bbox 1977 2083 2099 2121; x_wconf 93' lang='lat' dir='ltr'>cam</span> <span class='ocrx_word' id='word_1_42' title='bbox 2134 2071 2410 2137; x_wconf 76' lang='lat' dir='ltr'>petentes,</span> <span class='ocrx_word' id='word_1_43' title='bbox 2445 2068 2610 2119; x_wconf 91' lang='lat' dir='ltr'>erant</span> <span class='ocrx_word' id='word_1_44' title='bbox 2652 2083 2708 2119; x_wconf 91' lang='grc' dir='ltr'>ιιι</span> <span class='ocrx_word' id='word_1_45' title='bbox 2758 2081 2781 2107; x_wconf 74' lang='lat' dir='ltr'>a</span> <span class='ocrx_word' id='word_1_46' title='bbox 2830 2065 3069 2135; x_wconf 85' lang='lat' dir='ltr'>captivi;</span> <span class='ocrx_word' id='word_1_47' title='bbox 3122 2065 3247 2119; x_wconf 66' lang='lat' dir='ltr'>alite</span> <span class='ocrx_word' id='word_1_48' title='bbox 3298 2065 3425 2120; x_wconf 69' lang='lat' dir='ltr'>dua:</span> <span class='ocrx_word' id='word_1_49' title='bbox 3476 2067 3665 2137; x_wconf 91' lang='lat' dir='ltr'>primo</span> 
     </span>
    </p>
   </div>
   <div class='ocr_carea' id='block_1_8' title="bbox 178 2157 1863 2211">
    <p class='ocr_par' dir='ltr' id='par_1_8' title="bbox 178 2157 1863 2211">
     <span class='ocr_line' id='line_1_8' title="bbox 178 2157 1863 2211; baseline -0.001 -2"><span class='ocrx_word' id='word_1_50' title='bbox 178 2163 496 2211; x_wconf 88' lang='lat' dir='ltr'>sanctorum</span> <span class='ocrx_word' id='word_1_51' title='bbox 528 2158 751 2211; x_wconf 91' lang='lat' dir='ltr'>duobus</span> <span class='ocrx_word' id='word_1_52' title='bbox 792 2162 1005 2210; x_wconf 83' lang='lat' dir='ltr'>memet</span> <span class='ocrx_word' id='word_1_53' title='bbox 1041 2157 1245 2209; x_wconf 90' lang='lat' dir='ltr'>sociavi</span> <span class='ocrx_word' id='word_1_54' title='bbox 1290 2158 1560 2210; x_wconf 82' lang='lat' dir='ltr'>fratribus</span> <span class='ocrx_word' id='word_1_55' title='bbox 1592 2158 1651 2210; x_wconf 89' lang='lat' dir='ltr'>in</span> <span class='ocrx_word' id='word_1_56' title='bbox 1684 2158 1863 2211; x_wconf 85' lang='lat' dir='ltr'>devo-</span> 
     </span>
    </p>
   </div>
   <div class='ocr_carea' id='block_1_9' title="bbox 175 2245 1862 2316">
    <p class='ocr_par' dir='ltr' id='par_1_9' title="bbox 175 2245 1862 2316">
     <span class='ocr_line' id='line_1_9' title="bbox 175 2245 1862 2316; baseline -0.001 -18"><span class='ocrx_word' id='word_1_57' title='bbox 175 2246 315 2298; x_wconf 88' lang='lat' dir='ltr'>tione</span> <span class='ocrx_word' id='word_1_58' title='bbox 344 2246 646 2299; x_wconf 85' lang='lat' dir='ltr'>charitatis</span> <span class='ocrx_word' id='word_1_59' title='bbox 678 2262 691 2299; x_wconf 91' lang='lat'><strong><em>:</em></strong></span> <span class='ocrx_word' id='word_1_60' title='bbox 734 2262 802 2299; x_wconf 90' lang='lat' dir='ltr'>ex</span> <span class='ocrx_word' id='word_1_61' title='bbox 835 2246 1043 2316; x_wconf 85' lang='lat' dir='ltr'>quibus</span> <span class='ocrx_word' id='word_1_62' title='bbox 1074 2262 1225 2299; x_wconf 89' lang='lat' dir='ltr'>unus</span> <span class='ocrx_word' id='word_1_63' title='bbox 1265 2252 1387 2299; x_wconf 89' lang='lat' dir='ltr'>erat</span> <span class='ocrx_word' id='word_1_64' title='bbox 1417 2262 1484 2299; x_wconf 87' lang='lat' dir='ltr'>ex</span> <span class='ocrx_word' id='word_1_65' title='bbox 1517 2245 1862 2299; x_wconf 87' lang='lat' dir='ltr'>monasterio</span> 
     </span>
    </p>
   </div>
   <div class='ocr_carea' id='block_1_10' title="bbox 174 2332 1863 2403">
    <p class='ocr_par' dir='ltr' id='par_1_10' title="bbox 174 2332 1863 2403">
     <span class='ocr_line' id='line_1_10' title="bbox 174 2332 1863 2403; baseline 0.002 -19"><span class='ocrx_word' id='word_1_66' title='bbox 174 2332 311 2385; x_wconf 87' lang='lat' dir='ltr'>beati</span> <span class='ocrx_word' id='word_1_67' title='bbox 341 2332 669 2386; x_wconf 89' lang='lat' dir='ltr'>Innocentii</span> <span class='ocrx_word' id='word_1_68' title='bbox 702 2334 1109 2399; x_wconf 81' lang='lat' dir='ltr'>Beneventani,</span> <span class='ocrx_word' id='word_1_69' title='bbox 1145 2335 1289 2387; x_wconf 85' lang='lat' dir='ltr'>alter</span> <span class='ocrx_word' id='word_1_70' title='bbox 1320 2336 1602 2403; x_wconf 88' lang='lat' dir='ltr'>Hispanus</span> <span class='ocrx_word' id='word_1_71' title='bbox 1634 2350 1646 2387; x_wconf 88' lang='lat'>:</span> <span class='ocrx_word' id='word_1_72' title='bbox 1687 2336 1863 2388; x_wconf 78' lang='lat' dir='ltr'>Fran-</span> 
     </span>
    </p>
   </div>
   <div class='ocr_carea' id='block_1_11' title="bbox 176 2420 1863 2492">
    <p class='ocr_par' dir='ltr' id='par_1_11' title="bbox 176 2420 1863 2492">
     <span class='ocr_line' id='line_1_11' title="bbox 176 2420 1863 2492; baseline 0.001 -20"><span class='ocrx_word' id='word_1_73' title='bbox 176 2420 251 2472; x_wconf 90' lang='lat' dir='ltr'>cia</span> <span class='ocrx_word' id='word_1_74' title='bbox 293 2437 422 2474; x_wconf 86' lang='lat' dir='ltr'>vero</span> <span class='ocrx_word' id='word_1_75' title='bbox 466 2426 553 2473; x_wconf 89' lang='lat' dir='ltr'>est</span> <span class='ocrx_word' id='word_1_76' title='bbox 594 2420 910 2474; x_wconf 83' lang='lat' dir='ltr'>nativitatis</span> <span class='ocrx_word' id='word_1_77' title='bbox 955 2438 1096 2475; x_wconf 78' lang='lat' dir='ltr'>meae</span> <span class='ocrx_word' id='word_1_78' title='bbox 1144 2424 1319 2475; x_wconf 91' lang='lat' dir='ltr'>locus.</span> <span class='ocrx_word' id='word_1_79' title='bbox 1366 2422 1547 2492; x_wconf 91' lang='lat' dir='ltr'>lgitur</span> <span class='ocrx_word' id='word_1_80' title='bbox 1589 2423 1863 2476; x_wconf 87' lang='lat' dir='ltr'>adeuntes</span> 
     </span>
    </p>
   </div>
   <div class='ocr_carea' id='block_1_12' title="bbox 176 2508 1861 2580">
    <p class='ocr_par' dir='ltr' id='par_1_12' title="bbox 176 2508 1861 2580">
     <span class='ocr_line' id='line_1_12' title="bbox 176 2508 1861 2580; baseline 0 -19"><span class='ocrx_word' id='word_1_81' title='bbox 176 2508 225 2561; x_wconf 90' lang='lat' dir='ltr'>in</span> <span class='ocrx_word' id='word_1_82' title='bbox 258 2508 485 2573; x_wconf 85' lang='lat' dir='ltr'>Urbem,</span> <span class='ocrx_word' id='word_1_83' title='bbox 521 2508 722 2562; x_wconf 86' lang='lat' dir='ltr'>domui</span> <span class='ocrx_word' id='word_1_84' title='bbox 754 2508 1041 2579; x_wconf 84' lang='lat' dir='ltr'>pontiﬁcis</span> <span class='ocrx_word' id='word_1_85' title='bbox 1073 2510 1284 2563; x_wconf 87' lang='lat' dir='ltr'>Nicolai</span> <span class='ocrx_word' id='word_1_86' title='bbox 1317 2510 1679 2580; x_wconf 65' lang='lat' dir='ltr'>praesentiam</span> <span class='ocrx_word' id='word_1_87' title='bbox 1714 2509 1861 2563; x_wconf 91' lang='lat' dir='ltr'>obti-</span> 
     </span>
    </p>
   </div>
   <div class='ocr_carea' id='block_1_13' title="bbox 177 2596 1863 2668">
    <p class='ocr_par' dir='ltr' id='par_1_13' title="bbox 177 2596 1863 2668">
     <span class='ocr_line' id='line_1_13' title="bbox 177 2596 1863 2668; baseline 0.002 -20"><span class='ocrx_word' id='word_1_88' title='bbox 177 2596 394 2649; x_wconf 88' lang='lat' dir='ltr'>nuimus</span> <span class='ocrx_word' id='word_1_89' title='bbox 434 2613 571 2650; x_wconf 90' lang='lat' dir='ltr'>cum</span> <span class='ocrx_word' id='word_1_90' title='bbox 616 2613 719 2649; x_wconf 86' lang='lat' dir='ltr'>sua</span> <span class='ocrx_word' id='word_1_91' title='bbox 760 2596 1179 2663; x_wconf 86' lang='lat' dir='ltr'>benedictione,</span> <span class='ocrx_word' id='word_1_92' title='bbox 1228 2614 1453 2652; x_wconf 90' lang='lat' dir='ltr'>necnon</span> <span class='ocrx_word' id='word_1_93' title='bbox 1500 2600 1621 2668; x_wconf 82' lang='lat' dir='ltr'>ejus</span> <span class='ocrx_word' id='word_1_94' title='bbox 1653 2598 1863 2651; x_wconf 87' lang='lat' dir='ltr'>auxilio</span> 
     </span>
    </p>
   </div>
   <div class='ocr_carea' id='block_1_14' title="bbox 175 2684 1233 2754">
    <p class='ocr_par' dir='ltr' id='par_1_14' title="bbox 175 2684 1233 2754">
     <span class='ocr_line' id='line_1_14' title="bbox 175 2684 1233 2754; baseline 0.003 -17"><span class='ocrx_word' id='word_1_95' title='bbox 175 2685 476 2754; x_wconf 81' lang='lat' dir='ltr'>peragendi</span> <span class='ocrx_word' id='word_1_96' title='bbox 510 2684 887 2738; x_wconf 88' lang='lat' dir='ltr'>desideratam</span> <span class='ocrx_word' id='word_1_97' title='bbox 923 2685 1233 2740; x_wconf 88' lang='lat' dir='ltr'>licentiam.</span> 
     </span>
    </p>
   </div>
   <div class='ocr_carea' id='block_1_15' title="bbox 236 2773 1860 2844">
    <p class='ocr_par' dir='ltr' id='par_1_15' title="bbox 236 2773 1860 2844">
     <span class='ocr_line' id='line_1_15' title="bbox 236 2773 1860 2844; baseline 0.001 -18"><span class='ocrx_word' id='word_1_98' title='bbox 236 2774 285 2826; x_wconf 77' lang='lat'>2.</span> <span class='ocrx_word' id='word_1_99' title='bbox 318 2773 461 2826; x_wconf 90' lang='lat' dir='ltr'>Inde</span> <span class='ocrx_word' id='word_1_100' title='bbox 497 2773 785 2842; x_wconf 83' lang='lat' dir='ltr'>progressi</span> <span class='ocrx_word' id='word_1_101' title='bbox 824 2773 1087 2826; x_wconf 89' lang='lat' dir='ltr'>venimus</span> <span class='ocrx_word' id='word_1_102' title='bbox 1120 2775 1188 2827; x_wconf 88' lang='lat' dir='ltr'>ad</span> <span class='ocrx_word' id='word_1_103' title='bbox 1224 2780 1478 2827; x_wconf 88' lang='lat' dir='ltr'>montem</span> <span class='ocrx_word' id='word_1_104' title='bbox 1510 2777 1860 2844; x_wconf 84' lang='lat' dir='ltr'>Garganum,</span> 
     </span>
    </p>
   </div>
   <div class='ocr_carea' id='block_1_16' title="bbox 174 2859 1863 2934">
    <p class='ocr_par' dir='ltr' id='par_1_16' title="bbox 174 2859 1863 2934">
     <span class='ocr_line' id='line_1_16' title="bbox 174 2859 1863 2934; baseline 0.004 -23"><span class='ocrx_word' id='word_1_105' title='bbox 174 2859 223 2912; x_wconf 91' lang='lat' dir='ltr'>in</span> <span class='ocrx_word' id='word_1_106' title='bbox 256 2876 365 2930; x_wconf 90' lang='lat' dir='ltr'>quo</span> <span class='ocrx_word' id='word_1_107' title='bbox 409 2866 502 2914; x_wconf 90' lang='lat' dir='ltr'>est</span> <span class='ocrx_word' id='word_1_108' title='bbox 552 2861 787 2913; x_wconf 87' lang='lat' dir='ltr'>ecclesia</span> <span class='ocrx_word' id='word_1_109' title='bbox 826 2862 1006 2914; x_wconf 87' lang='lat' dir='ltr'>sancti</span> <span class='ocrx_word' id='word_1_110' title='bbox 1047 2862 1337 2916; x_wconf 82' lang='lat' dir='ltr'>Michaelis</span> <span class='ocrx_word' id='word_1_111' title='bbox 1367 2863 1473 2917; x_wconf 89' lang='lat' dir='ltr'>sub</span> <span class='ocrx_word' id='word_1_112' title='bbox 1507 2880 1621 2917; x_wconf 91' lang='lat' dir='ltr'>uno</span> <span class='ocrx_word' id='word_1_113' title='bbox 1655 2864 1863 2934; x_wconf 89' lang='lat' dir='ltr'>lapide,</span> 
     </span>
    </p>
   </div>
   <div class='ocr_carea' id='block_1_17' title="bbox 176 2951 1865 3021">
    <p class='ocr_par' dir='ltr' id='par_1_17' title="bbox 176 2951 1865 3021">
     <span class='ocr_line' id='line_1_17' title="bbox 176 2951 1865 3021; baseline 0.002 -21"><span class='ocrx_word' id='word_1_114' title='bbox 176 2964 333 3018; x_wconf 86' lang='lat' dir='ltr'>super</span> <span class='ocrx_word' id='word_1_115' title='bbox 365 2965 545 3019; x_wconf 89' lang='lat' dir='ltr'>quem</span> <span class='ocrx_word' id='word_1_116' title='bbox 580 2954 709 3001; x_wconf 91' lang='lat' dir='ltr'>sunt</span> <span class='ocrx_word' id='word_1_117' title='bbox 740 2966 981 3019; x_wconf 90' lang='lat' dir='ltr'>quercus</span> <span class='ocrx_word' id='word_1_118' title='bbox 1015 2951 1365 3020; x_wconf 59' lang='lat' dir='ltr'>glandiferas,</span> <span class='ocrx_word' id='word_1_119' title='bbox 1401 2968 1572 3021; x_wconf 91' lang='lat' dir='ltr'>quam</span> <span class='ocrx_word' id='word_1_120' title='bbox 1603 2953 1865 3005; x_wconf 82' lang='lat' dir='ltr'>videlicet</span> 
     </span>
    </p>
   </div>
   <div class='ocr_carea' id='block_1_18' title="bbox 177 3036 1861 3109">
    <p class='ocr_par' dir='ltr' id='par_1_18' title="bbox 177 3036 1861 3109">
     <span class='ocr_line' id='line_1_18' title="bbox 177 3036 1861 3109; baseline 0.003 -21"><span class='ocrx_word' id='word_1_121' title='bbox 177 3036 285 3106; x_wconf 88' lang='lat' dir='ltr'>ipse</span> <span class='ocrx_word' id='word_1_122' title='bbox 316 3038 535 3091; x_wconf 89' lang='lat' dir='ltr'>dicitur</span> <span class='ocrx_word' id='word_1_123' title='bbox 578 3037 866 3091; x_wconf 88' lang='lat' dir='ltr'>dedicasse</span> <span class='ocrx_word' id='word_1_124' title='bbox 910 3054 923 3090; x_wconf 90' lang='lat'><strong>:</strong></span> <span class='ocrx_word' id='word_1_125' title='bbox 964 3041 1126 3109; x_wconf 84' lang='lat' dir='ltr'>cujus</span> <span class='ocrx_word' id='word_1_126' title='bbox 1174 3041 1445 3093; x_wconf 85' lang='lat' dir='ltr'>introitus</span> <span class='ocrx_word' id='word_1_127' title='bbox 1476 3046 1560 3093; x_wconf 89' lang='lat' dir='ltr'>est</span> <span class='ocrx_word' id='word_1_128' title='bbox 1589 3041 1659 3093; x_wconf 86' lang='lat' dir='ltr'>ab</span> <span class='ocrx_word' id='word_1_129' title='bbox 1692 3040 1861 3109; x_wconf 90' lang='lat' dir='ltr'>aqui-</span> 
     </span>
    </p>
   </div>
   <div class='ocr_carea' id='block_1_19' title="bbox 176 3126 1863 3199">
    <p class='ocr_par' dir='ltr' id='par_1_19' title="bbox 176 3126 1863 3199">
     <span class='ocr_line' id='line_1_19' title="bbox 176 3126 1863 3199; baseline 0.002 -23"><span class='ocrx_word' id='word_1_130' title='bbox 176 3126 311 3190; x_wconf 80' lang='lat' dir='ltr'>lone,</span> <span class='ocrx_word' id='word_1_131' title='bbox 346 3133 401 3179; x_wconf 93' lang='lat' dir='ltr'>et</span> <span class='ocrx_word' id='word_1_132' title='bbox 431 3127 563 3195; x_wconf 90' lang='lat' dir='ltr'>ipsa</span> <span class='ocrx_word' id='word_1_133' title='bbox 598 3126 1017 3197; x_wconf 84' lang='lat' dir='ltr'>quinquaginta</span> <span class='ocrx_word' id='word_1_134' title='bbox 1062 3128 1326 3182; x_wconf 86' lang='lat' dir='ltr'>homines</span> <span class='ocrx_word' id='word_1_135' title='bbox 1374 3135 1563 3199; x_wconf 88' lang='lat' dir='ltr'>potest</span> <span class='ocrx_word' id='word_1_136' title='bbox 1610 3130 1863 3199; x_wconf 84' lang='lat' dir='ltr'>recipere</span> 
     </span>
    </p>
   </div>
   <div class='ocr_carea' id='block_1_20' title="bbox 175 3214 1863 3288">
    <p class='ocr_par' dir='ltr' id='par_1_20' title="bbox 175 3214 1863 3288">
     <span class='ocr_line' id='line_1_20' title="bbox 175 3214 1863 3288; baseline 0.002 -23"><span class='ocrx_word' id='word_1_137' title='bbox 175 3214 227 3265; x_wconf 92' lang='lat' dir='ltr'>in</span> <span class='ocrx_word' id='word_1_138' title='bbox 265 3232 341 3267; x_wconf 91' lang='lat' dir='ltr'>se.</span> <span class='ocrx_word' id='word_1_139' title='bbox 395 3215 752 3268; x_wconf 88' lang='lat' dir='ltr'>Intrinsecus</span> <span class='ocrx_word' id='word_1_140' title='bbox 800 3231 937 3285; x_wconf 89' lang='lat' dir='ltr'>ergo</span> <span class='ocrx_word' id='word_1_141' title='bbox 986 3216 1056 3270; x_wconf 91' lang='lat' dir='ltr'>ad</span> <span class='ocrx_word' id='word_1_142' title='bbox 1105 3218 1387 3271; x_wconf 89' lang='lat' dir='ltr'>orientem</span> <span class='ocrx_word' id='word_1_143' title='bbox 1442 3218 1625 3288; x_wconf 88' lang='lat' dir='ltr'>ipsius</span> <span class='ocrx_word' id='word_1_144' title='bbox 1674 3216 1863 3288; x_wconf 89' lang='lat' dir='ltr'>angeli</span> 
     </span>
    </p>
   </div>
   <div class='ocr_carea' id='block_1_21' title="bbox 176 3303 1865 3377">
    <p class='ocr_par' dir='ltr' id='par_1_21' title="bbox 176 3303 1865 3377">
     <span class='ocr_line' id='line_1_21' title="bbox 176 3303 1865 3377; baseline 0.003 -22"><span class='ocrx_word' id='word_1_145' title='bbox 176 3303 331 3357; x_wconf 88' lang='lat' dir='ltr'>habet</span> <span class='ocrx_word' id='word_1_146' title='bbox 362 3303 717 3372; x_wconf 87' lang='lat' dir='ltr'>imaginem;</span> <span class='ocrx_word' id='word_1_147' title='bbox 742 3304 808 3356; x_wconf 89' lang='lat' dir='ltr'>ad</span> <span class='ocrx_word' id='word_1_148' title='bbox 844 3305 1143 3359; x_wconf 90' lang='lat' dir='ltr'>meridiem</span> <span class='ocrx_word' id='word_1_149' title='bbox 1178 3322 1311 3359; x_wconf 87' lang='lat' dir='ltr'>vero</span> <span class='ocrx_word' id='word_1_150' title='bbox 1343 3312 1429 3360; x_wconf 89' lang='lat' dir='ltr'>est</span> <span class='ocrx_word' id='word_1_151' title='bbox 1460 3307 1658 3371; x_wconf 89' lang='lat' dir='ltr'>altare,</span> <span class='ocrx_word' id='word_1_152' title='bbox 1691 3324 1865 3377; x_wconf 87' lang='lat' dir='ltr'>super</span> 
     </span>
    </p>
   </div>
   <div class='ocr_carea' id='block_1_22' title="bbox 1973 2154 3421 2225">
    <p class='ocr_par' dir='ltr' id='par_1_22' title="bbox 1973 2154 3421 2225">
     <span class='ocr_line' id='line_1_22' title="bbox 1973 2154 3421 2225; baseline -0.003 -16"><span class='ocrx_word' id='word_1_153' title='bbox 1973 2160 2243 2209; x_wconf 83' lang='lat' dir='ltr'>exeuntes</span> <span class='ocrx_word' id='word_1_154' title='bbox 2273 2156 2331 2209; x_wconf 91' lang='lat' dir='ltr'>in</span> <span class='ocrx_word' id='word_1_155' title='bbox 2361 2155 2635 2225; x_wconf 88' lang='lat' dir='ltr'>Tripolim</span> <span class='ocrx_word' id='word_1_156' title='bbox 2664 2154 3021 2208; x_wconf 82' lang='lat' dir='ltr'>deduxerunt</span> <span class='ocrx_word' id='word_1_157' title='bbox 3047 2154 3315 2208; x_wconf 90' lang='lat' dir='ltr'>similiter</span> <span class='ocrx_word' id='word_1_158' title='bbox 3341 2170 3421 2206; x_wconf 91' lang='grc' dir='ltr'>ιιι.</span> 
     </span>
    </p>
   </div>
   <div class='ocr_carea' id='block_1_23' title="bbox 2045 2241 3668 2313">
    <p class='ocr_par' dir='ltr' id='par_1_23' title="bbox 2045 2241 3668 2313">
     <span class='ocr_line' id='line_1_23' title="bbox 2045 2241 3668 2313; baseline -0.001 -18"><span class='ocrx_word' id='word_1_159' title='bbox 2126 2244 2187 2297; x_wconf 88' lang='lat' dir='ltr'>In</span> <span class='ocrx_word' id='word_1_160' title='bbox 2219 2242 2457 2313; x_wconf 89' lang='lat' dir='ltr'>reliquis</span> <span class='ocrx_word' id='word_1_161' title='bbox 2478 2244 2711 2296; x_wconf 86' lang='lat' dir='ltr'>demum</span> <span class='ocrx_word' id='word_1_162' title='bbox 2734 2241 2955 2295; x_wconf 88' lang='lat' dir='ltr'>duabus</span> <span class='ocrx_word' id='word_1_163' title='bbox 2976 2241 3352 2306; x_wconf 89' lang='lat' dir='ltr'>introeuntes,</span> <span class='ocrx_word' id='word_1_164' title='bbox 3378 2241 3436 2294; x_wconf 92' lang='lat' dir='ltr'>in</span> <span class='ocrx_word' id='word_1_165' title='bbox 3459 2241 3668 2312; x_wconf 88' lang='lat' dir='ltr'>quibus</span> 
     </span>
    </p>
   </div>
   <div class='ocr_carea' id='block_1_24' title="bbox 1973 2314 3725 2404">
    <p class='ocr_par' dir='ltr' id='par_1_24' title="bbox 1973 2314 3725 2404">
     <span class='ocr_line' id='line_1_24' title="bbox 1973 2314 3725 2404; baseline -0.001 -19"><span class='ocrx_word' id='word_1_166' title='bbox 1973 2349 2202 2404; x_wconf 90' lang='lat' dir='ltr'>quoque</span> <span class='ocrx_word' id='word_1_167' title='bbox 2242 2332 2547 2402; x_wconf 71' lang='lat' dir='ltr'>praedictus</span> <span class='ocrx_word' id='word_1_168' title='bbox 2586 2336 2708 2383; x_wconf 87' lang='lat' dir='ltr'>erat</span> <span class='ocrx_word' id='word_1_169' title='bbox 2750 2346 3025 2383; x_wconf 92' lang='lat' dir='ltr'>numerus</span> <span class='ocrx_word' id='word_1_170' title='bbox 3068 2331 3448 2400; x_wconf 90' lang='lat' dir='ltr'>captivorum,</span> <span class='ocrx_word' id='word_1_171' title='bbox 3494 2329 3669 2383; x_wconf 87' lang='lat' dir='ltr'>delati</span> <span class='ocrx_word' id='word_1_172' title='bbox 3720 2314 3725 2319; x_wconf 26' lang='grc'>³</span> 
     </span>
    </p>
   </div>
   <div class='ocr_carea' id='block_1_25' title="bbox 1974 2418 3664 2490">
    <p class='ocr_par' dir='ltr' id='par_1_25' title="bbox 1974 2418 3664 2490">
     <span class='ocr_line' id='line_1_25' title="bbox 1974 2418 3664 2490; baseline -0.001 -17"><span class='ocrx_word' id='word_1_173' title='bbox 1974 2437 2172 2473; x_wconf 89' lang='lat' dir='ltr'>sumus</span> <span class='ocrx_word' id='word_1_174' title='bbox 2202 2420 2260 2473; x_wconf 90' lang='lat' dir='ltr'>in</span> <span class='ocrx_word' id='word_1_175' title='bbox 2294 2424 2522 2490; x_wconf 88' lang='lat' dir='ltr'>portum</span> <span class='ocrx_word' id='word_1_176' title='bbox 2551 2419 2935 2485; x_wconf 54' lang='lat' dir='ltr'>Alexandriae,</span> <span class='ocrx_word' id='word_1_177' title='bbox 2966 2418 3301 2489; x_wconf 81' lang='lat' dir='ltr'>navigantes</span> <span class='ocrx_word' id='word_1_178' title='bbox 3324 2418 3521 2471; x_wconf 90' lang='lat' dir='ltr'>diebus</span> <span class='ocrx_word' id='word_1_179' title='bbox 3542 2434 3664 2472; x_wconf 82' lang='lat' dir='ltr'>xxx.</span> 
     </span>
    </p>
   </div>
   <div class='ocr_carea' id='block_1_26' title="bbox 1973 2506 3671 2578">
    <p class='ocr_par' dir='ltr' id='par_1_26' title="bbox 1973 2506 3671 2578">
     <span class='ocr_line' id='line_1_26' title="bbox 1973 2506 3671 2578; baseline 0 -18"><span class='ocrx_word' id='word_1_180' title='bbox 1973 2510 2235 2563; x_wconf 85' lang='lat' dir='ltr'>Volentes</span> <span class='ocrx_word' id='word_1_181' title='bbox 2265 2525 2400 2561; x_wconf 88' lang='lat' dir='ltr'>vero</span> <span class='ocrx_word' id='word_1_182' title='bbox 2432 2508 2703 2578; x_wconf 89' lang='lat' dir='ltr'>progredi</span> <span class='ocrx_word' id='word_1_183' title='bbox 2736 2507 2796 2560; x_wconf 91' lang='lat' dir='ltr'>in</span> <span class='ocrx_word' id='word_1_184' title='bbox 2840 2507 3017 2572; x_wconf 90' lang='lat' dir='ltr'>littus,</span> <span class='ocrx_word' id='word_1_185' title='bbox 3064 2506 3339 2576; x_wconf 88' lang='lat' dir='ltr'>prohibiti</span> <span class='ocrx_word' id='word_1_186' title='bbox 3393 2522 3590 2560; x_wconf 90' lang='lat' dir='ltr'>sumus</span> <span class='ocrx_word' id='word_1_187' title='bbox 3637 2523 3671 2560; x_wconf 86' lang='lat' dir='ltr'>a</span> 
     </span>
    </p>
   </div>
   <div class='ocr_carea' id='block_1_27' title="bbox 1972 2596 3669 2668">
    <p class='ocr_par' dir='ltr' id='par_1_27' title="bbox 1972 2596 3669 2668">
     <span class='ocr_line' id='line_1_27' title="bbox 1972 2596 3669 2668; baseline -0.001 -18"><span class='ocrx_word' id='word_1_188' title='bbox 1972 2597 2231 2668; x_wconf 88' lang='lat' dir='ltr'>principe</span> <span class='ocrx_word' id='word_1_189' title='bbox 2264 2602 2591 2663; x_wconf 90' lang='lat' dir='ltr'>nautarum,</span> <span class='ocrx_word' id='word_1_190' title='bbox 2628 2602 2727 2666; x_wconf 91' lang='lat' dir='ltr'>qui</span> <span class='ocrx_word' id='word_1_191' title='bbox 2767 2600 2889 2649; x_wconf 89' lang='lat' dir='ltr'>erat</span> <span class='ocrx_word' id='word_1_192' title='bbox 2918 2611 3090 2664; x_wconf 87' lang='lat' dir='ltr'>super</span> <span class='ocrx_word' id='word_1_193' title='bbox 3117 2611 3199 2647; x_wconf 81' lang='lat' dir='ltr'>1.x.</span> <span class='ocrx_word' id='word_1_194' title='bbox 3236 2596 3305 2648; x_wconf 90' lang='lat' dir='ltr'>Ut</span> <span class='ocrx_word' id='word_1_195' title='bbox 3336 2600 3530 2648; x_wconf 85' lang='lat' dir='ltr'>autem</span> <span class='ocrx_word' id='word_1_196' title='bbox 3562 2612 3669 2649; x_wconf 90' lang='lat' dir='ltr'>no-</span> 
     </span>
    </p>
   </div>
   <div class='ocr_carea' id='block_1_28' title="bbox 1971 2684 3525 2756">
    <p class='ocr_par' dir='ltr' id='par_1_28' title="bbox 1971 2684 3525 2756">
     <span class='ocr_line' id='line_1_28' title="bbox 1971 2684 3525 2756; baseline -0.001 -17"><span class='ocrx_word' id='word_1_197' title='bbox 1971 2685 2060 2739; x_wconf 89' lang='lat' dir='ltr'>bis</span> <span class='ocrx_word' id='word_1_198' title='bbox 2090 2686 2255 2756; x_wconf 90' lang='lat' dir='ltr'>copia</span> <span class='ocrx_word' id='word_1_199' title='bbox 2285 2686 2520 2739; x_wconf 89' lang='lat' dir='ltr'>daretur</span> <span class='ocrx_word' id='word_1_200' title='bbox 2546 2684 2813 2749; x_wconf 82' lang='lat' dir='ltr'>exeundi,</span> <span class='ocrx_word' id='word_1_201' title='bbox 2849 2684 3111 2737; x_wconf 83' lang='lat' dir='ltr'>dedimus</span> <span class='ocrx_word' id='word_1_202' title='bbox 3144 2684 3195 2736; x_wconf 90' lang='lat' dir='ltr'>ei</span> <span class='ocrx_word' id='word_1_203' title='bbox 3226 2700 3427 2737; x_wconf 90' lang='lat' dir='ltr'>aureos</span> <span class='ocrx_word' id='word_1_204' title='bbox 3454 2701 3525 2737; x_wconf 79' lang='lat' dir='ltr'>vi.</span> 
     </span>
    </p>
   </div>
   <div class='ocr_carea' id='block_1_29' title="bbox 2045 2772 3669 2843">
    <p class='ocr_par' dir='ltr' id='par_1_29' title="bbox 2045 2772 3669 2843">
     <span class='ocr_line' id='line_1_29' title="bbox 2045 2772 3669 2843; baseline -0.001 -16"><span class='ocrx_word' id='word_1_205' title='bbox 2045 2777 2094 2827; x_wconf 85' lang='lat'>6.</span> <span class='ocrx_word' id='word_1_206' title='bbox 2128 2774 2267 2827; x_wconf 90' lang='lat' dir='ltr'>Inde</span> <span class='ocrx_word' id='word_1_207' title='bbox 2302 2773 2591 2843; x_wconf 86' lang='lat' dir='ltr'>progressi</span> <span class='ocrx_word' id='word_1_208' title='bbox 2624 2772 2904 2825; x_wconf 86' lang='lat' dir='ltr'>adivimus</span> <span class='ocrx_word' id='word_1_209' title='bbox 2935 2772 3253 2841; x_wconf 90' lang='lat' dir='ltr'>principem</span> <span class='ocrx_word' id='word_1_210' title='bbox 3287 2773 3669 2841; x_wconf 71' lang='lat' dir='ltr'>Alexandriae,</span> 
     </span>
    </p>
   </div>
   <div class='ocr_carea' id='block_1_30' title="bbox 1972 2861 3669 2930">
    <p class='ocr_par' dir='ltr' id='par_1_30' title="bbox 1972 2861 3669 2930">
     <span class='ocr_line' id='line_1_30' title="bbox 1972 2861 3669 2930; baseline 0 -15"><span class='ocrx_word' id='word_1_211' title='bbox 1972 2862 2063 2915; x_wconf 91' lang='lat' dir='ltr'>cui</span> <span class='ocrx_word' id='word_1_212' title='bbox 2113 2862 2471 2915; x_wconf 88' lang='lat' dir='ltr'>ostendimus</span> <span class='ocrx_word' id='word_1_213' title='bbox 2523 2862 2827 2930; x_wconf 87' lang='lat' dir='ltr'>epistolam</span> <span class='ocrx_word' id='word_1_214' title='bbox 2888 2877 3059 2929; x_wconf 91' lang='lat' dir='ltr'>quam</span> <span class='ocrx_word' id='word_1_215' title='bbox 3120 2861 3280 2913; x_wconf 90' lang='lat' dir='ltr'>nobis</span> <span class='ocrx_word' id='word_1_216' title='bbox 3341 2861 3495 2914; x_wconf 92' lang='lat' dir='ltr'>dedit</span> <span class='ocrx_word' id='word_1_217' title='bbox 3542 2862 3669 2915; x_wconf 89' lang='lat' dir='ltr'>Sul-</span> 
     </span>
    </p>
   </div>
   <div class='ocr_carea' id='block_1_31' title="bbox 1973 2948 3670 3020">
    <p class='ocr_par' dir='ltr' id='par_1_31' title="bbox 1973 2948 3670 3020">
     <span class='ocr_line' id='line_1_31' title="bbox 1973 2948 3670 3020; baseline 0 -17"><span class='ocrx_word' id='word_1_218' title='bbox 1973 2952 2155 3004; x_wconf 89' lang='lat' dir='ltr'>danus</span> <span class='ocrx_word' id='word_1_219' title='bbox 2192 2967 2203 3003; x_wconf 95' lang='lat'>:</span> <span class='ocrx_word' id='word_1_220' title='bbox 2255 2967 2383 3020; x_wconf 74' lang='lat' dir='ltr'>quae</span> <span class='ocrx_word' id='word_1_221' title='bbox 2428 2950 2571 3003; x_wconf 91' lang='lat' dir='ltr'>nihil</span> <span class='ocrx_word' id='word_1_222' title='bbox 2624 2949 2790 3002; x_wconf 89' lang='lat' dir='ltr'>nobis</span> <span class='ocrx_word' id='word_1_223' title='bbox 2833 2949 3092 3018; x_wconf 78' lang='lat' dir='ltr'>profecit,</span> <span class='ocrx_word' id='word_1_224' title='bbox 3126 2948 3256 3001; x_wconf 91' lang='lat' dir='ltr'>licet</span> <span class='ocrx_word' id='word_1_225' title='bbox 3287 2965 3485 3002; x_wconf 92' lang='lat' dir='ltr'>omnes</span> <span class='ocrx_word' id='word_1_226' title='bbox 3514 2950 3670 3003; x_wconf 91' lang='lat' dir='ltr'>illius</span> 
     </span>
    </p>
   </div>
   <div class='ocr_carea' id='block_1_32' title="bbox 1973 3036 3670 3108">
    <p class='ocr_par' dir='ltr' id='par_1_32' title="bbox 1973 3036 3670 3108">
     <span class='ocr_line' id='line_1_32' title="bbox 1973 3036 3670 3108; baseline 0.001 -17"><span class='ocrx_word' id='word_1_227' title='bbox 1973 3040 2241 3108; x_wconf 88' lang='lat' dir='ltr'>epistolas</span> <span class='ocrx_word' id='word_1_228' title='bbox 2273 3038 2479 3091; x_wconf 82' lang='lat' dir='ltr'>dixerit</span> <span class='ocrx_word' id='word_1_229' title='bbox 2507 3054 2563 3091; x_wconf 90' lang='lat' dir='ltr'>se</span> <span class='ocrx_word' id='word_1_230' title='bbox 2598 3054 2712 3089; x_wconf 92' lang='lat' dir='ltr'>non</span> <span class='ocrx_word' id='word_1_231' title='bbox 2746 3036 3035 3107; x_wconf 84' lang='lat' dir='ltr'>ignorare.</span> <span class='ocrx_word' id='word_1_232' title='bbox 3077 3036 3199 3100; x_wconf 87' lang='lat' dir='ltr'>Quo</span> <span class='ocrx_word' id='word_1_233' title='bbox 3240 3043 3479 3107; x_wconf 83' lang='lat' dir='ltr'>urgente</span> <span class='ocrx_word' id='word_1_234' title='bbox 3514 3038 3670 3092; x_wconf 85' lang='lat' dir='ltr'>dedit</span> 
     </span>
    </p>
   </div>
   <div class='ocr_carea' id='block_1_33' title="bbox 1974 3126 3670 3197">
    <p class='ocr_par' dir='ltr' id='par_1_33' title="bbox 1974 3126 3670 3197">
     <span class='ocr_line' id='line_1_33' title="bbox 1974 3126 3670 3197; baseline 0 -17"><span class='ocrx_word' id='word_1_235' title='bbox 1974 3127 2027 3180; x_wconf 91' lang='lat' dir='ltr'>ei</span> <span class='ocrx_word' id='word_1_236' title='bbox 2072 3128 2468 3197; x_wconf 84' lang='lat' dir='ltr'>unusquisque</span> <span class='ocrx_word' id='word_1_237' title='bbox 2518 3130 2778 3178; x_wconf 91' lang='lat' dir='ltr'>nostrum</span> <span class='ocrx_word' id='word_1_238' title='bbox 2834 3141 2938 3194; x_wconf 92' lang='lat' dir='ltr'>pro</span> <span class='ocrx_word' id='word_1_239' title='bbox 2994 3140 3052 3177; x_wconf 90' lang='lat' dir='ltr'>se</span> <span class='ocrx_word' id='word_1_240' title='bbox 3109 3141 3206 3177; x_wconf 85' lang='lat' dir='ltr'>xm</span> <span class='ocrx_word' id='word_1_241' title='bbox 3266 3126 3558 3190; x_wconf 84' lang='lat' dir='ltr'>denarios;</span> <span class='ocrx_word' id='word_1_242' title='bbox 3612 3132 3670 3180; x_wconf 92' lang='lat' dir='ltr'>et</span> 
     </span>
    </p>
   </div>
   <div class='ocr_carea' id='block_1_34' title="bbox 1971 3212 3660 3283">
    <p class='ocr_par' dir='ltr' id='par_1_34' title="bbox 1971 3212 3660 3283">
     <span class='ocr_line' id='line_1_34' title="bbox 1971 3212 3660 3283; baseline -0.002 -14"><span class='ocrx_word' id='word_1_243' title='bbox 1971 3216 2106 3270; x_wconf 87' lang='lat' dir='ltr'>fecit</span> <span class='ocrx_word' id='word_1_244' title='bbox 2136 3216 2300 3269; x_wconf 84' lang='lat' dir='ltr'>nobis</span> <span class='ocrx_word' id='word_1_245' title='bbox 2334 3215 2552 3268; x_wconf 87' lang='lat' dir='ltr'>litteras</span> <span class='ocrx_word' id='word_1_246' title='bbox 2578 3214 2646 3267; x_wconf 90' lang='lat' dir='ltr'>ad</span> <span class='ocrx_word' id='word_1_247' title='bbox 2681 3213 2999 3283; x_wconf 86' lang='lat' dir='ltr'>principem</span> <span class='ocrx_word' id='word_1_248' title='bbox 3030 3212 3377 3283; x_wconf 63' lang='lat' dir='ltr'>Babyloniae.</span> <span class='ocrx_word' id='word_1_249' title='bbox 3414 3214 3660 3267; x_wconf 85' lang='lat' dir='ltr'>Consue-</span> 
     </span>
    </p>
   </div>
   <div class='ocr_carea' id='block_1_35' title="bbox 1974 3301 3668 3374">
    <p class='ocr_par' dir='ltr' id='par_1_35' title="bbox 1974 3301 3668 3374">
     <span class='ocr_line' id='line_1_35' title="bbox 1974 3301 3668 3374; baseline -0.002 -15"><span class='ocrx_word' id='word_1_250' title='bbox 1974 3306 2112 3359; x_wconf 88' lang='lat' dir='ltr'>tudo</span> <span class='ocrx_word' id='word_1_251' title='bbox 2153 3309 2434 3374; x_wconf 60' lang='lat' dir='ltr'>praeterea</span> <span class='ocrx_word' id='word_1_252' title='bbox 2474 3304 2702 3355; x_wconf 91' lang='lat' dir='ltr'>illorum</span> <span class='ocrx_word' id='word_1_253' title='bbox 2744 3302 3041 3354; x_wconf 90' lang='lat' dir='ltr'>hominum</span> <span class='ocrx_word' id='word_1_254' title='bbox 3081 3301 3210 3354; x_wconf 92' lang='lat' dir='ltr'>talis</span> <span class='ocrx_word' id='word_1_255' title='bbox 3255 3308 3355 3368; x_wconf 85' lang='lat' dir='ltr'>est,</span> <span class='ocrx_word' id='word_1_256' title='bbox 3409 3308 3469 3354; x_wconf 91' lang='lat' dir='ltr'>ut</span> <span class='ocrx_word' id='word_1_257' title='bbox 3513 3302 3668 3371; x_wconf 90' lang='lat' dir='ltr'>quod</span> 
     </span>
    </p>
   </div>
   <div class='ocr_carea' id='block_1_36' title="bbox 174 3368 3671 3465">
    <p class='ocr_par' dir='ltr' id='par_1_36' title="bbox 174 3368 3671 3465">
     <span class='ocr_line' id='line_1_36' title="bbox 174 3368 3671 3465; baseline 0.002 -29"><span class='ocrx_word' id='word_1_258' title='bbox 174 3388 313 3454; x_wconf 92' lang='lat' dir='ltr'>quod</span> <span class='ocrx_word' id='word_1_259' title='bbox 344 3388 693 3441; x_wconf 78' lang='lat' dir='ltr'>sacrificium</span> <span class='ocrx_word' id='word_1_260' title='bbox 725 3388 966 3457; x_wconf 90' lang='lat' dir='ltr'>geritur,</span> <span class='ocrx_word' id='word_1_261' title='bbox 1000 3396 1056 3443; x_wconf 88' lang='lat' dir='ltr'>et</span> <span class='ocrx_word' id='word_1_262' title='bbox 1082 3398 1290 3460; x_wconf 57' lang='lat' dir='ltr'>praeter</span> <span class='ocrx_word' id='word_1_263' title='bbox 1320 3392 1375 3445; x_wconf 92' lang='lat' dir='ltr'>id</span> <span class='ocrx_word' id='word_1_264' title='bbox 1405 3392 1628 3446; x_wconf 91' lang='lat' dir='ltr'>nullum</span> <span class='ocrx_word' id='word_1_265' title='bbox 1655 3409 1863 3446; x_wconf 91' lang='lat' dir='ltr'>munus</span> <span class='ocrx_word' id='word_1_266' title='bbox 1902 3368 1944 3422; x_wconf 83' lang='lat' dir='ltr'>B</span> <span class='ocrx_word' id='word_1_267' title='bbox 1976 3395 2280 3465; x_wconf 85' lang='lat' dir='ltr'>ponderari</span> <span class='ocrx_word' id='word_1_268' title='bbox 2313 3398 2518 3463; x_wconf 86' lang='lat' dir='ltr'>potest,</span> <span class='ocrx_word' id='word_1_269' title='bbox 2566 3409 2681 3445; x_wconf 91' lang='lat' dir='ltr'>non</span> <span class='ocrx_word' id='word_1_270' title='bbox 2728 3392 2892 3444; x_wconf 88' lang='lat' dir='ltr'>aliter</span> <span class='ocrx_word' id='word_1_271' title='bbox 2936 3390 3248 3461; x_wconf 91' lang='lat' dir='ltr'>accipiatur</span> <span class='ocrx_word' id='word_1_272' title='bbox 3285 3390 3391 3443; x_wconf 90' lang='lat' dir='ltr'>nisi</span> <span class='ocrx_word' id='word_1_273' title='bbox 3425 3391 3481 3443; x_wconf 92' lang='lat' dir='ltr'>in</span> <span class='ocrx_word' id='word_1_274' title='bbox 3518 3407 3671 3461; x_wconf 92' lang='lat' dir='ltr'>pon-</span> 
     </span>
    </p>
   </div>
   <div class='ocr_carea' id='block_1_37' title="bbox 174 3473 1862 3551">
    <p class='ocr_par' dir='ltr' id='par_1_37' title="bbox 174 3473 1862 3551">
     <span class='ocr_line' id='line_1_37' title="bbox 174 3473 1862 3551; baseline 0.005 -26"><span class='ocrx_word' id='word_1_275' title='bbox 174 3473 243 3527; x_wconf 88' lang='lat' dir='ltr'>ibi</span> <span class='ocrx_word' id='word_1_276' title='bbox 270 3477 534 3545; x_wconf 88' lang='lat' dir='ltr'>ponitur.</span> <span class='ocrx_word' id='word_1_277' title='bbox 572 3478 664 3529; x_wconf 86' lang='lat' dir='ltr'>Est</span> <span class='ocrx_word' id='word_1_278' title='bbox 695 3483 886 3530; x_wconf 91' lang='lat' dir='ltr'>autem</span> <span class='ocrx_word' id='word_1_279' title='bbox 921 3484 1050 3532; x_wconf 89' lang='lat' dir='ltr'>ante</span> <span class='ocrx_word' id='word_1_280' title='bbox 1088 3480 1277 3550; x_wconf 82' lang='lat' dir='ltr'>ipsum</span> <span class='ocrx_word' id='word_1_281' title='bbox 1321 3481 1500 3533; x_wconf 89' lang='lat' dir='ltr'>altare</span> <span class='ocrx_word' id='word_1_282' title='bbox 1545 3497 1638 3533; x_wconf 90' lang='lat' dir='ltr'>vas</span> <span class='ocrx_word' id='word_1_283' title='bbox 1679 3481 1862 3551; x_wconf 86' lang='lat' dir='ltr'>quod-</span> 
     </span>
    </p>
   </div>
   <div class='ocr_carea' id='block_1_38' title="bbox 174 3561 1861 3639">
    <p class='ocr_par' dir='ltr' id='par_1_38' title="bbox 174 3561 1861 3639">
     <span class='ocr_line' id='line_1_38' title="bbox 174 3561 1861 3639; baseline 0.004 -25"><span class='ocrx_word' id='word_1_284' title='bbox 174 3561 291 3616; x_wconf 88' lang='lat' dir='ltr'>dam</span> <span class='ocrx_word' id='word_1_285' title='bbox 346 3580 720 3633; x_wconf 90' lang='lat' dir='ltr'>suspensum,</span> <span class='ocrx_word' id='word_1_286' title='bbox 767 3566 827 3618; x_wconf 94' lang='lat' dir='ltr'>in</span> <span class='ocrx_word' id='word_1_287' title='bbox 885 3582 997 3636; x_wconf 91' lang='lat' dir='ltr'>quo</span> <span class='ocrx_word' id='word_1_288' title='bbox 1044 3568 1355 3621; x_wconf 90' lang='lat' dir='ltr'>mittuntur</span> <span class='ocrx_word' id='word_1_289' title='bbox 1404 3568 1661 3635; x_wconf 88' lang='lat' dir='ltr'>donaria,</span> <span class='ocrx_word' id='word_1_290' title='bbox 1713 3568 1861 3639; x_wconf 90' lang='lat' dir='ltr'>quod</span> 
     </span>
    </p>
   </div>
   <div class='ocr_carea' id='block_1_39' title="bbox 173 3650 1864 3727">
    <p class='ocr_par' dir='ltr' id='par_1_39' title="bbox 173 3650 1864 3727">
     <span class='ocr_line' id='line_1_39' title="bbox 173 3650 1864 3727; baseline 0.004 -23"><span class='ocrx_word' id='word_1_291' title='bbox 173 3650 329 3704; x_wconf 88' lang='lat' dir='ltr'>etiam</span> <span class='ocrx_word' id='word_1_292' title='bbox 358 3653 533 3722; x_wconf 84' lang='lat' dir='ltr'>juxta</span> <span class='ocrx_word' id='word_1_293' title='bbox 578 3669 635 3705; x_wconf 92' lang='lat' dir='ltr'>se</span> <span class='ocrx_word' id='word_1_294' title='bbox 684 3652 794 3707; x_wconf 83' lang='lat' dir='ltr'>alia</span> <span class='ocrx_word' id='word_1_295' title='bbox 847 3654 1017 3708; x_wconf 90' lang='lat' dir='ltr'>habet</span> <span class='ocrx_word' id='word_1_296' title='bbox 1064 3656 1287 3721; x_wconf 88' lang='lat' dir='ltr'>altaria,</span> <span class='ocrx_word' id='word_1_297' title='bbox 1329 3660 1491 3727; x_wconf 88' lang='lat' dir='ltr'>cujus</span> <span class='ocrx_word' id='word_1_298' title='bbox 1539 3656 1649 3710; x_wconf 91' lang='lat' dir='ltr'>loci</span> <span class='ocrx_word' id='word_1_299' title='bbox 1688 3658 1864 3710; x_wconf 88' lang='lat' dir='ltr'>abbas</span> 
     </span>
    </p>
   </div>
   <div class='ocr_carea' id='block_1_40' title="bbox 174 3741 1860 3815">
    <p class='ocr_par' dir='ltr' id='par_1_40' title="bbox 174 3741 1860 3815">
     <span class='ocr_line' id='line_1_40' title="bbox 174 3741 1860 3815; baseline 0.004 -23"><span class='ocrx_word' id='word_1_300' title='bbox 174 3741 472 3794; x_wconf 88' lang='lat' dir='ltr'>vocabatur</span> <span class='ocrx_word' id='word_1_301' title='bbox 514 3743 879 3812; x_wconf 85' lang='lat' dir='ltr'>Benignatus,</span> <span class='ocrx_word' id='word_1_302' title='bbox 926 3744 1024 3813; x_wconf 91' lang='lat' dir='ltr'>qui</span> <span class='ocrx_word' id='word_1_303' title='bbox 1065 3745 1259 3797; x_wconf 91' lang='lat' dir='ltr'>multis</span> <span class='ocrx_word' id='word_1_304' title='bbox 1299 3750 1542 3815; x_wconf 59' lang='lat' dir='ltr'>praeerat</span> <span class='ocrx_word' id='word_1_305' title='bbox 1572 3744 1860 3799; x_wconf 88' lang='lat' dir='ltr'>fratribus.</span> 
     </span>
    </p>
   </div>
   <div class='ocr_carea' id='block_1_41' title="bbox 236 3831 1863 3904">
    <p class='ocr_par' dir='ltr' id='par_1_41' title="bbox 236 3831 1863 3904">
     <span class='ocr_line' id='line_1_41' title="bbox 236 3831 1863 3904; baseline 0.003 -22"><span class='ocrx_word' id='word_1_306' title='bbox 236 3832 281 3881; x_wconf 89' lang='lat'>3.</span> <span class='ocrx_word' id='word_1_307' title='bbox 318 3831 393 3883; x_wconf 93' lang='lat' dir='ltr'>De</span> <span class='ocrx_word' id='word_1_308' title='bbox 428 3836 626 3883; x_wconf 90' lang='lat' dir='ltr'>monte</span> <span class='ocrx_word' id='word_1_309' title='bbox 659 3836 849 3884; x_wconf 87' lang='lat' dir='ltr'>autem</span> <span class='ocrx_word' id='word_1_310' title='bbox 883 3832 1141 3901; x_wconf 86' lang='lat' dir='ltr'>Gargano</span> <span class='ocrx_word' id='word_1_311' title='bbox 1173 3833 1468 3901; x_wconf 88' lang='lat' dir='ltr'>abeuntes,</span> <span class='ocrx_word' id='word_1_312' title='bbox 1500 3850 1603 3904; x_wconf 89' lang='lat' dir='ltr'>per</span> <span class='ocrx_word' id='word_1_313' title='bbox 1632 3838 1863 3887; x_wconf 90' lang='lat' dir='ltr'>centum</span> 
     </span>
    </p>
   </div>
   <div class='ocr_carea' id='block_1_42' title="bbox 173 3916 1863 3987">
    <p class='ocr_par' dir='ltr' id='par_1_42' title="bbox 173 3916 1863 3987">
     <span class='ocr_line' id='line_1_42' title="bbox 173 3916 1863 3987; baseline 0.005 -19"><span class='ocrx_word' id='word_1_314' title='bbox 173 3916 589 3987; x_wconf 76' lang='lat' dir='ltr'>quinquaginta</span> <span class='ocrx_word' id='word_1_315' title='bbox 620 3918 891 3972; x_wconf 86' lang='lat' dir='ltr'>milliaria</span> <span class='ocrx_word' id='word_1_316' title='bbox 926 3920 1187 3973; x_wconf 90' lang='lat' dir='ltr'>venimus</span> <span class='ocrx_word' id='word_1_317' title='bbox 1216 3922 1281 3974; x_wconf 89' lang='lat' dir='ltr'>ad</span> <span class='ocrx_word' id='word_1_318' title='bbox 1312 3922 1595 3976; x_wconf 89' lang='lat' dir='ltr'>civitatem</span> <span class='ocrx_word' id='word_1_319' title='bbox 1637 3925 1863 3977; x_wconf 88' lang='lat' dir='ltr'>Barrem</span> 
     </span>
    </p>
   </div>
   <div class='ocr_carea' id='block_1_43' title="bbox 174 4002 1868 4080">
    <p class='ocr_par' dir='ltr' id='par_1_43' title="bbox 174 4002 1868 4080">
     <span class='ocr_line' id='line_1_43' title="bbox 174 4002 1868 4080; baseline 0.005 -24"><span class='ocrx_word' id='word_1_320' title='bbox 174 4002 608 4073; x_wconf 90' lang='lat' dir='ltr'>Saracenorum,</span> <span class='ocrx_word' id='word_1_321' title='bbox 650 4023 777 4075; x_wconf 70' lang='lat' dir='ltr'>qua:</span> <span class='ocrx_word' id='word_1_322' title='bbox 819 4008 1038 4061; x_wconf 89' lang='lat' dir='ltr'>dudum</span> <span class='ocrx_word' id='word_1_323' title='bbox 1075 4009 1277 4063; x_wconf 89' lang='lat' dir='ltr'>ditioni</span> <span class='ocrx_word' id='word_1_324' title='bbox 1316 4012 1648 4080; x_wconf 89' lang='lat' dir='ltr'>subjacebat</span> <span class='ocrx_word' id='word_1_325' title='bbox 1690 4014 1868 4066; x_wconf 89' lang='lat' dir='ltr'>Bene-</span> 
     </span>
    </p>
   </div>
   <div class='ocr_carea' id='block_1_44' title="bbox 173 4094 1867 4166">
    <p class='ocr_par' dir='ltr' id='par_1_44' title="bbox 173 4094 1867 4166">
     <span class='ocr_line' id='line_1_44' title="bbox 173 4094 1867 4166; baseline 0.006 -24"><span class='ocrx_word' id='word_1_326' title='bbox 173 4098 565 4147; x_wconf 87' lang='lat' dir='ltr'>ventanoruni.</span> <span class='ocrx_word' id='word_1_327' title='bbox 614 4094 747 4158; x_wconf 65' lang='lat' dir='ltr'>Quae</span> <span class='ocrx_word' id='word_1_328' title='bbox 794 4095 1010 4161; x_wconf 83' lang='lat' dir='ltr'>civitas,</span> <span class='ocrx_word' id='word_1_329' title='bbox 1062 4114 1235 4166; x_wconf 86' lang='lat' dir='ltr'>supra</span> <span class='ocrx_word' id='word_1_330' title='bbox 1277 4114 1433 4152; x_wconf 89' lang='lat' dir='ltr'>mare</span> <span class='ocrx_word' id='word_1_331' title='bbox 1473 4101 1597 4166; x_wconf 88' lang='lat' dir='ltr'>sita,</span> <span class='ocrx_word' id='word_1_332' title='bbox 1642 4100 1867 4153; x_wconf 87' lang='lat' dir='ltr'>duobus</span> 
     </span>
    </p>
   </div>
   <div class='ocr_carea' id='block_1_45' title="bbox 174 4182 1865 4258">
    <p class='ocr_par' dir='ltr' id='par_1_45' title="bbox 174 4182 1865 4258">
     <span class='ocr_line' id='line_1_45' title="bbox 174 4182 1865 4258; baseline 0.005 -26"><span class='ocrx_word' id='word_1_333' title='bbox 174 4185 249 4232; x_wconf 87' lang='lat' dir='ltr'>est</span> <span class='ocrx_word' id='word_1_334' title='bbox 277 4199 309 4233; x_wconf 85' lang='lat' dir='ltr'>a</span> <span class='ocrx_word' id='word_1_335' title='bbox 340 4182 586 4236; x_wconf 87' lang='lat' dir='ltr'>meridie</span> <span class='ocrx_word' id='word_1_336' title='bbox 619 4184 910 4237; x_wconf 86' lang='lat' dir='ltr'>latissimis</span> <span class='ocrx_word' id='word_1_337' title='bbox 950 4185 1130 4238; x_wconf 89' lang='lat' dir='ltr'>muris</span> <span class='ocrx_word' id='word_1_338' title='bbox 1170 4188 1424 4253; x_wconf 78' lang='lat' dir='ltr'>munita;</span> <span class='ocrx_word' id='word_1_339' title='bbox 1477 4189 1546 4241; x_wconf 90' lang='lat' dir='ltr'>ab</span> <span class='ocrx_word' id='word_1_340' title='bbox 1594 4189 1865 4258; x_wconf 85' lang='lat' dir='ltr'>aquilone</span> 
     </span>
    </p>
   </div>
   <div class='ocr_carea' id='block_1_46' title="bbox 172 4272 1867 4347">
    <p class='ocr_par' dir='ltr' id='par_1_46' title="bbox 172 4272 1867 4347">
     <span class='ocr_line' id='line_1_46' title="bbox 172 4272 1867 4347; baseline 0.004 -25"><span class='ocrx_word' id='word_1_341' title='bbox 172 4284 294 4323; x_wconf 79' lang='lat' dir='ltr'>vero</span> <span class='ocrx_word' id='word_1_342' title='bbox 345 4272 498 4324; x_wconf 90' lang='lat' dir='ltr'>mari</span> <span class='ocrx_word' id='word_1_343' title='bbox 546 4272 835 4342; x_wconf 84' lang='lat' dir='ltr'>prominet</span> <span class='ocrx_word' id='word_1_344' title='bbox 883 4274 1158 4343; x_wconf 87' lang='lat' dir='ltr'>exposita.</span> <span class='ocrx_word' id='word_1_345' title='bbox 1216 4277 1313 4329; x_wconf 84' lang='lat' dir='ltr'>Hic</span> <span class='ocrx_word' id='word_1_346' title='bbox 1366 4276 1558 4346; x_wconf 89' lang='lat' dir='ltr'>itaque</span> <span class='ocrx_word' id='word_1_347' title='bbox 1606 4284 1867 4347; x_wconf 87' lang='lat' dir='ltr'>petentes</span> 
     </span>
    </p>
   </div>
   <div class='ocr_carea' id='block_1_47' title="bbox 174 4358 1864 4433">
    <p class='ocr_par' dir='ltr' id='par_1_47' title="bbox 174 4358 1864 4433">
     <span class='ocr_line' id='line_1_47' title="bbox 174 4358 1864 4433; baseline 0.005 -26"><span class='ocrx_word' id='word_1_348' title='bbox 174 4358 486 4429; x_wconf 87' lang='lat' dir='ltr'>principem</span> <span class='ocrx_word' id='word_1_349' title='bbox 531 4360 777 4413; x_wconf 90' lang='lat' dir='ltr'>civitatis</span> <span class='ocrx_word' id='word_1_350' title='bbox 816 4361 991 4427; x_wconf 92' lang='lat' dir='ltr'>illius,</span> <span class='ocrx_word' id='word_1_351' title='bbox 1027 4363 1262 4416; x_wconf 91' lang='lat' dir='ltr'>nomine</span> <span class='ocrx_word' id='word_1_352' title='bbox 1300 4363 1635 4429; x_wconf 90' lang='lat' dir='ltr'>Suldanum,</span> <span class='ocrx_word' id='word_1_353' title='bbox 1684 4366 1864 4433; x_wconf 85' lang='lat' dir='ltr'>impe-</span> 
     </span>
    </p>
   </div>
   <div class='ocr_carea' id='block_1_48' title="bbox 174 4447 1867 4522">
    <p class='ocr_par' dir='ltr' id='par_1_48' title="bbox 174 4447 1867 4522">
     <span class='ocr_line' id='line_1_48' title="bbox 174 4447 1867 4522; baseline 0.004 -25"><span class='ocrx_word' id='word_1_354' title='bbox 174 4447 442 4501; x_wconf 89' lang='lat' dir='ltr'>travimus</span> <span class='ocrx_word' id='word_1_355' title='bbox 475 4464 609 4500; x_wconf 92' lang='lat' dir='ltr'>cum</span> <span class='ocrx_word' id='word_1_356' title='bbox 643 4449 863 4502; x_wconf 91' lang='lat' dir='ltr'>duabus</span> <span class='ocrx_word' id='word_1_357' title='bbox 907 4451 1162 4520; x_wconf 91' lang='lat' dir='ltr'>epistolis</span> <span class='ocrx_word' id='word_1_358' title='bbox 1209 4468 1380 4506; x_wconf 91' lang='lat' dir='ltr'>omne</span> <span class='ocrx_word' id='word_1_359' title='bbox 1427 4452 1735 4522; x_wconf 88' lang='lat' dir='ltr'>navigandi</span> <span class='ocrx_word' id='word_1_360' title='bbox 1768 4468 1867 4504; x_wconf 91' lang='lat' dir='ltr'>ne-</span> 
     </span>
    </p>
   </div>
   <div class='ocr_carea' id='block_1_49' title="bbox 175 4535 1871 4612">
    <p class='ocr_par' dir='ltr' id='par_1_49' title="bbox 175 4535 1871 4612">
     <span class='ocr_line' id='line_1_49' title="bbox 175 4535 1871 4612; baseline 0.005 -26"><span class='ocrx_word' id='word_1_361' title='bbox 175 4535 407 4602; x_wconf 86' lang='lat' dir='ltr'>gotium.</span> <span class='ocrx_word' id='word_1_362' title='bbox 442 4536 698 4600; x_wconf 86' lang='lat' dir='ltr'>Quarum</span> <span class='ocrx_word' id='word_1_363' title='bbox 728 4542 918 4590; x_wconf 90' lang='lat' dir='ltr'>textus</span> <span class='ocrx_word' id='word_1_364' title='bbox 949 4538 1323 4607; x_wconf 78' lang='lat' dir='ltr'>epistularum</span> <span class='ocrx_word' id='word_1_365' title='bbox 1354 4542 1599 4612; x_wconf 90' lang='lat' dir='ltr'>principi</span> <span class='ocrx_word' id='word_1_366' title='bbox 1630 4541 1871 4595; x_wconf 76' lang='lat' dir='ltr'>Alexan-</span> 
     </span>
    </p>
   </div>
   <div class='ocr_carea' id='block_1_50' title="bbox 1972 3478 3671 3549">
    <p class='ocr_par' dir='ltr' id='par_1_50' title="bbox 1972 3478 3671 3549">
     <span class='ocr_line' id='line_1_50' title="bbox 1972 3478 3671 3549; baseline -0.003 -12"><span class='ocrx_word' id='word_1_367' title='bbox 1972 3484 2127 3537; x_wconf 88' lang='lat' dir='ltr'>dere.</span> <span class='ocrx_word' id='word_1_368' title='bbox 2164 3482 2319 3539; x_wconf 89' lang='lat' dir='ltr'>Unde</span> <span class='ocrx_word' id='word_1_369' title='bbox 2351 3482 2552 3535; x_wconf 84' lang='lat' dir='ltr'>accidit</span> <span class='ocrx_word' id='word_1_370' title='bbox 2585 3486 2644 3534; x_wconf 94' lang='lat' dir='ltr'>ut</span> <span class='ocrx_word' id='word_1_371' title='bbox 2674 3497 2727 3533; x_wconf 74' lang='grc' dir='ltr'>γι</span> <span class='ocrx_word' id='word_1_372' title='bbox 2758 3479 2907 3549; x_wconf 89' lang='lat' dir='ltr'>apud</span> <span class='ocrx_word' id='word_1_373' title='bbox 2950 3496 3049 3532; x_wconf 93' lang='lat' dir='ltr'>nos</span> <span class='ocrx_word' id='word_1_374' title='bbox 3081 3479 3247 3533; x_wconf 86' lang='lat' dir='ltr'>solidi</span> <span class='ocrx_word' id='word_1_375' title='bbox 3283 3484 3337 3531; x_wconf 88' lang='lat' dir='ltr'>et</span> <span class='ocrx_word' id='word_1_376' title='bbox 3367 3496 3416 3531; x_wconf 80' lang='lat' dir='ltr'>v1</span> <span class='ocrx_word' id='word_1_377' title='bbox 3450 3478 3671 3532; x_wconf 89' lang='lat' dir='ltr'>denarii</span> 
     </span>
    </p>
   </div>
   <div class='ocr_carea' id='block_1_51' title="bbox 1972 3567 3673 3641">
    <p class='ocr_par' dir='ltr' id='par_1_51' title="bbox 1972 3567 3673 3641">
     <span class='ocr_line' id='line_1_51' title="bbox 1972 3567 3673 3641; baseline -0.003 -16"><span class='ocrx_word' id='word_1_378' title='bbox 1972 3571 2182 3625; x_wconf 88' lang='lat' dir='ltr'>faciant</span> <span class='ocrx_word' id='word_1_379' title='bbox 2234 3571 2382 3641; x_wconf 89' lang='lat' dir='ltr'>apud</span> <span class='ocrx_word' id='word_1_380' title='bbox 2440 3570 2565 3623; x_wconf 92' lang='lat' dir='ltr'>illos</span> <span class='ocrx_word' id='word_1_381' title='bbox 2626 3586 2684 3622; x_wconf 91' lang='grc' dir='ltr'>ιιι</span> <span class='ocrx_word' id='word_1_382' title='bbox 2742 3568 2949 3621; x_wconf 90' lang='lat' dir='ltr'>solidos</span> <span class='ocrx_word' id='word_1_383' title='bbox 2997 3574 3052 3621; x_wconf 89' lang='lat' dir='ltr'>et</span> <span class='ocrx_word' id='word_1_384' title='bbox 3096 3585 3155 3621; x_wconf 92' lang='grc' dir='ltr'>ιιι</span> <span class='ocrx_word' id='word_1_385' title='bbox 3203 3567 3488 3621; x_wconf 89' lang='lat' dir='ltr'>denarios.</span> <span class='ocrx_word' id='word_1_386' title='bbox 3544 3568 3673 3620; x_wconf 71' lang='lat' dir='ltr'>Haec</span> 
     </span>
    </p>
   </div>
   <div class='ocr_carea' id='block_1_52' title="bbox 1970 3657 3673 3728">
    <p class='ocr_par' dir='ltr' id='par_1_52' title="bbox 1970 3657 3673 3728">
     <span class='ocr_line' id='line_1_52' title="bbox 1970 3657 3673 3728; baseline -0.002 -15"><span class='ocrx_word' id='word_1_387' title='bbox 1970 3660 2308 3713; x_wconf 83' lang='lat' dir='ltr'>Alexandria</span> <span class='ocrx_word' id='word_1_388' title='bbox 2342 3659 2483 3712; x_wconf 89' lang='lat' dir='ltr'>mari</span> <span class='ocrx_word' id='word_1_389' title='bbox 2513 3659 2757 3728; x_wconf 90' lang='lat' dir='ltr'>adjacet,</span> <span class='ocrx_word' id='word_1_390' title='bbox 2800 3658 2860 3710; x_wconf 90' lang='lat' dir='ltr'>in</span> <span class='ocrx_word' id='word_1_391' title='bbox 2911 3674 3025 3727; x_wconf 84' lang='lat' dir='ltr'>qua</span> <span class='ocrx_word' id='word_1_392' title='bbox 3073 3657 3393 3726; x_wconf 69' lang='lat' dir='ltr'>prmdicans</span> <span class='ocrx_word' id='word_1_393' title='bbox 3442 3662 3673 3709; x_wconf 89' lang='lat' dir='ltr'>sanctus</span> 
     </span>
    </p>
   </div>
   <div class='ocr_carea' id='block_1_53' title="bbox 1973 3744 3671 3816">
    <p class='ocr_par' dir='ltr' id='par_1_53' title="bbox 1973 3744 3671 3816">
     <span class='ocr_line' id='line_1_53' title="bbox 1973 3744 3671 3816; baseline -0.002 -16"><span class='ocrx_word' id='word_1_394' title='bbox 1973 3748 2191 3801; x_wconf 84' lang='lat' dir='ltr'>Marcus</span> <span class='ocrx_word' id='word_1_395' title='bbox 2226 3747 2611 3816; x_wconf 83' lang='lat' dir='ltr'>Evangelium,</span> <span class='ocrx_word' id='word_1_396' title='bbox 2645 3746 2822 3816; x_wconf 78' lang='lat' dir='ltr'>gessit</span> <span class='ocrx_word' id='word_1_397' title='bbox 2854 3744 3180 3815; x_wconf 80' lang='lat' dir='ltr'>pontiﬁcale</span> <span class='ocrx_word' id='word_1_398' title='bbox 3204 3744 3476 3798; x_wconf 87' lang='lat' dir='ltr'>ofﬁcium.</span> <span class='ocrx_word' id='word_1_399' title='bbox 3501 3745 3671 3796; x_wconf 87' lang='lat' dir='ltr'>Extra</span> 
     </span>
    </p>
   </div>
   <div class='ocr_carea' id='block_1_54' title="bbox 1972 3831 3671 3905">
    <p class='ocr_par' dir='ltr' id='par_1_54' title="bbox 1972 3831 3671 3905">
     <span class='ocr_line' id='line_1_54' title="bbox 1972 3831 3671 3905; baseline -0.002 -17"><span class='ocrx_word' id='word_1_400' title='bbox 1972 3834 2132 3904; x_wconf 84' lang='lat' dir='ltr'>cujus</span> <span class='ocrx_word' id='word_1_401' title='bbox 2179 3838 2404 3905; x_wconf 86' lang='lat' dir='ltr'>portam</span> <span class='ocrx_word' id='word_1_402' title='bbox 2454 3833 2789 3887; x_wconf 88' lang='lat' dir='ltr'>orientalem</span> <span class='ocrx_word' id='word_1_403' title='bbox 2830 3838 2913 3885; x_wconf 89' lang='lat' dir='ltr'>est</span> <span class='ocrx_word' id='word_1_404' title='bbox 2956 3831 3368 3884; x_wconf 89' lang='lat' dir='ltr'>monasterium</span> <span class='ocrx_word' id='word_1_405' title='bbox 3411 3831 3671 3901; x_wconf 69' lang='lat' dir='ltr'>praedicti</span> 
     </span>
    </p>
   </div>
   <div class='ocr_carea' id='block_1_55' title="bbox 1972 3918 3671 3992">
    <p class='ocr_par' dir='ltr' id='par_1_55' title="bbox 1972 3918 3671 3992">
     <span class='ocr_line' id='line_1_55' title="bbox 1972 3918 3671 3992; baseline -0.003 -16"><span class='ocrx_word' id='word_1_406' title='bbox 1972 3923 2173 3989; x_wconf 89' lang='lat' dir='ltr'>sancti,</span> <span class='ocrx_word' id='word_1_407' title='bbox 2208 3922 2265 3975; x_wconf 91' lang='lat' dir='ltr'>in</span> <span class='ocrx_word' id='word_1_408' title='bbox 2308 3938 2421 3992; x_wconf 91' lang='lat' dir='ltr'>quo</span> <span class='ocrx_word' id='word_1_409' title='bbox 2453 3925 2584 3974; x_wconf 89' lang='lat' dir='ltr'>sunt</span> <span class='ocrx_word' id='word_1_410' title='bbox 2618 3920 2887 3974; x_wconf 88' lang='lat' dir='ltr'>monachi</span> <span class='ocrx_word' id='word_1_411' title='bbox 2916 3920 3066 3989; x_wconf 89' lang='lat' dir='ltr'>apud</span> <span class='ocrx_word' id='word_1_412' title='bbox 3110 3919 3431 3986; x_wconf 85' lang='lat' dir='ltr'>ecclesiam,</span> <span class='ocrx_word' id='word_1_413' title='bbox 3464 3918 3522 3970; x_wconf 88' lang='lat' dir='ltr'>in</span> <span class='ocrx_word' id='word_1_414' title='bbox 3556 3936 3671 3988; x_wconf 91' lang='lat' dir='ltr'>qua</span> 
     </span>
    </p>
   </div>
   <div class='ocr_carea' id='block_1_56' title="bbox 1972 4008 3667 4083">
    <p class='ocr_par' dir='ltr' id='par_1_56' title="bbox 1972 4008 3667 4083">
     <span class='ocr_line' id='line_1_56' title="bbox 1972 4008 3667 4083; baseline -0.004 -17"><span class='ocrx_word' id='word_1_415' title='bbox 1972 4013 2133 4083; x_wconf 90' lang='lat' dir='ltr'>prius</span> <span class='ocrx_word' id='word_1_416' title='bbox 2166 4013 2284 4083; x_wconf 88' lang='lat' dir='ltr'>ipse</span> <span class='ocrx_word' id='word_1_417' title='bbox 2320 4011 2617 4082; x_wconf 88' lang='lat' dir='ltr'>requievit.</span> <span class='ocrx_word' id='word_1_418' title='bbox 2662 4010 2964 4063; x_wconf 85' lang='lat' dir='ltr'>Venientes</span> <span class='ocrx_word' id='word_1_419' title='bbox 3000 4025 3132 4061; x_wconf 88' lang='lat' dir='ltr'>vero</span> <span class='ocrx_word' id='word_1_420' title='bbox 3176 4008 3397 4061; x_wconf 82' lang='lat' dir='ltr'>Venetii</span> <span class='ocrx_word' id='word_1_421' title='bbox 3440 4008 3667 4072; x_wconf 75' lang='lat' dir='ltr'>navigio</span> 
     </span>
    </p>
   </div>
   <div class='ocr_carea' id='block_1_57' title="bbox 1972 4096 3665 4168">
    <p class='ocr_par' dir='ltr' id='par_1_57' title="bbox 1972 4096 3665 4168">
     <span class='ocr_line' id='line_1_57' title="bbox 1972 4096 3665 4168; baseline -0.004 -15"><span class='ocrx_word' id='word_1_422' title='bbox 1972 4101 2228 4153; x_wconf 90' lang='lat' dir='ltr'>tulerunt</span> <span class='ocrx_word' id='word_1_423' title='bbox 2258 4099 2453 4153; x_wconf 82' lang='lat' dir='ltr'>furtim</span> <span class='ocrx_word' id='word_1_424' title='bbox 2498 4115 2704 4168; x_wconf 89' lang='lat' dir='ltr'>corpus</span> <span class='ocrx_word' id='word_1_425' title='bbox 2746 4115 2776 4150; x_wconf 91' lang='lat' dir='ltr'>a</span> <span class='ocrx_word' id='word_1_426' title='bbox 2820 4097 3051 4151; x_wconf 91' lang='lat' dir='ltr'>custode</span> <span class='ocrx_word' id='word_1_427' title='bbox 3100 4098 3245 4165; x_wconf 86' lang='lat' dir='ltr'>ejus,</span> <span class='ocrx_word' id='word_1_428' title='bbox 3297 4102 3351 4149; x_wconf 94' lang='lat' dir='ltr'>et</span> <span class='ocrx_word' id='word_1_429' title='bbox 3396 4096 3665 4164; x_wconf 78' lang='lat' dir='ltr'>deporta-</span> 
     </span>
    </p>
   </div>
   <div class='ocr_carea' id='block_1_58' title="bbox 1972 4185 3667 4257">
    <p class='ocr_par' dir='ltr' id='par_1_58' title="bbox 1972 4185 3667 4257">
     <span class='ocr_line' id='line_1_58' title="bbox 1972 4185 3667 4257; baseline -0.002 -16"><span class='ocrx_word' id='word_1_430' title='bbox 1972 4193 2109 4241; x_wconf 90' lang='lat' dir='ltr'>runt</span> <span class='ocrx_word' id='word_1_431' title='bbox 2138 4189 2206 4242; x_wconf 90' lang='lat' dir='ltr'>ad</span> <span class='ocrx_word' id='word_1_432' title='bbox 2250 4204 2412 4241; x_wconf 89' lang='lat' dir='ltr'>suam</span> <span class='ocrx_word' id='word_1_433' title='bbox 2456 4188 2725 4240; x_wconf 91' lang='lat' dir='ltr'>insulam.</span> <span class='ocrx_word' id='word_1_434' title='bbox 2781 4187 2947 4240; x_wconf 86' lang='lat' dir='ltr'>Extra</span> <span class='ocrx_word' id='word_1_435' title='bbox 2985 4191 3209 4257; x_wconf 86' lang='lat' dir='ltr'>portam</span> <span class='ocrx_word' id='word_1_436' title='bbox 3256 4185 3667 4238; x_wconf 79' lang='lat' dir='ltr'>occidentalem</span> 
     </span>
    </p>
   </div>
   <div class='ocr_carea' id='block_1_59' title="bbox 1974 4273 3668 4346">
    <p class='ocr_par' dir='ltr' id='par_1_59' title="bbox 1974 4273 3668 4346">
     <span class='ocr_line' id='line_1_59' title="bbox 1974 4273 3668 4346; baseline -0.002 -17"><span class='ocrx_word' id='word_1_437' title='bbox 1974 4283 2059 4330; x_wconf 89' lang='lat' dir='ltr'>est</span> <span class='ocrx_word' id='word_1_438' title='bbox 2099 4276 2513 4329; x_wconf 90' lang='lat' dir='ltr'>monasterium</span> <span class='ocrx_word' id='word_1_439' title='bbox 2549 4276 2699 4346; x_wconf 93' lang='lat' dir='ltr'>quod</span> <span class='ocrx_word' id='word_1_440' title='bbox 2731 4275 2938 4328; x_wconf 89' lang='lat' dir='ltr'>dicitur</span> <span class='ocrx_word' id='word_1_441' title='bbox 2968 4274 3037 4327; x_wconf 90' lang='lat' dir='ltr'>ad</span> <span class='ocrx_word' id='word_1_442' title='bbox 3078 4275 3309 4327; x_wconf 85' lang='lat' dir='ltr'>Sanctus</span> <span class='ocrx_word' id='word_1_443' title='bbox 3339 4290 3426 4340; x_wconf 76' lang='lat' dir='ltr'>XL,</span> <span class='ocrx_word' id='word_1_444' title='bbox 3464 4273 3521 4325; x_wconf 93' lang='lat' dir='ltr'>in</span> <span class='ocrx_word' id='word_1_445' title='bbox 3554 4290 3668 4342; x_wconf 94' lang='lat' dir='ltr'>quo</span> 
     </span>
    </p>
   </div>
   <div class='ocr_carea' id='block_1_60' title="bbox 1974 4362 3671 4433">
    <p class='ocr_par' dir='ltr' id='par_1_60' title="bbox 1974 4362 3671 4433">
     <span class='ocr_line' id='line_1_60' title="bbox 1974 4362 3671 4433; baseline -0.002 -16"><span class='ocrx_word' id='word_1_446' title='bbox 1974 4365 2237 4418; x_wconf 88' lang='lat' dir='ltr'>similiter</span> <span class='ocrx_word' id='word_1_447' title='bbox 2286 4364 2553 4417; x_wconf 86' lang='lat' dir='ltr'>monachi</span> <span class='ocrx_word' id='word_1_448' title='bbox 2597 4364 2831 4433; x_wconf 86' lang='lat' dir='ltr'>degunt.</span> <span class='ocrx_word' id='word_1_449' title='bbox 2883 4363 2967 4415; x_wconf 80' lang='lat' dir='ltr'>Ab</span> <span class='ocrx_word' id='word_1_450' title='bbox 3018 4362 3286 4432; x_wconf 91' lang='lat' dir='ltr'>aquilone</span> <span class='ocrx_word' id='word_1_451' title='bbox 3337 4368 3421 4415; x_wconf 87' lang='lat' dir='ltr'>est</span> <span class='ocrx_word' id='word_1_452' title='bbox 3473 4370 3671 4432; x_wconf 88' lang='lat' dir='ltr'>portus</span> 
     </span>
    </p>
   </div>
   <div class='ocr_carea' id='block_1_61' title="bbox 1976 4450 3671 4519">
    <p class='ocr_par' dir='ltr' id='par_1_61' title="bbox 1976 4450 3671 4519">
     <span class='ocr_line' id='line_1_61' title="bbox 1976 4450 3671 4519; baseline -0.002 -13"><span class='ocrx_word' id='word_1_453' title='bbox 1976 4453 2131 4507; x_wconf 91' lang='lat' dir='ltr'>illius</span> <span class='ocrx_word' id='word_1_454' title='bbox 2162 4453 2434 4519; x_wconf 88' lang='lat' dir='ltr'>civitatis;</span> <span class='ocrx_word' id='word_1_455' title='bbox 2464 4469 2496 4504; x_wconf 89' lang='lat' dir='ltr'>a</span> <span class='ocrx_word' id='word_1_456' title='bbox 2528 4452 2765 4505; x_wconf 89' lang='lat' dir='ltr'>meridie</span> <span class='ocrx_word' id='word_1_457' title='bbox 2805 4451 2976 4504; x_wconf 85' lang='lat' dir='ltr'>habet</span> <span class='ocrx_word' id='word_1_458' title='bbox 3014 4450 3316 4504; x_wconf 90' lang='lat' dir='ltr'>introitum</span> <span class='ocrx_word' id='word_1_459' title='bbox 3356 4451 3512 4503; x_wconf 82' lang='lat' dir='ltr'>Geon</span> <span class='ocrx_word' id='word_1_460' title='bbox 3556 4450 3671 4503; x_wconf 91' lang='lat' dir='ltr'>sive</span> 
     </span>
    </p>
   </div>
   <div class='ocr_carea' id='block_1_62' title="bbox 1978 4538 3672 4612">
    <p class='ocr_par' dir='ltr' id='par_1_62' title="bbox 1978 4538 3672 4612">
     <span class='ocr_line' id='line_1_62' title="bbox 1978 4538 3672 4612; baseline -0.002 -17"><span class='ocrx_word' id='word_1_461' title='bbox 1978 4542 2158 4606; x_wconf 87' lang='lat' dir='ltr'>Nilus,</span> <span class='ocrx_word' id='word_1_462' title='bbox 2192 4541 2291 4612; x_wconf 91' lang='lat' dir='ltr'>qui</span> <span class='ocrx_word' id='word_1_463' title='bbox 2322 4542 2468 4611; x_wconf 88' lang='lat' dir='ltr'>rigat</span> <span class='ocrx_word' id='word_1_464' title='bbox 2510 4543 2838 4611; x_wconf 65' lang='lat' dir='ltr'>Egyptum,</span> <span class='ocrx_word' id='word_1_465' title='bbox 2871 4545 2929 4593; x_wconf 92' lang='lat' dir='ltr'>et</span> <span class='ocrx_word' id='word_1_466' title='bbox 2960 4540 3138 4592; x_wconf 88' lang='lat' dir='ltr'>currit</span> <span class='ocrx_word' id='word_1_467' title='bbox 3169 4556 3274 4609; x_wconf 88' lang='lat' dir='ltr'>per</span> <span class='ocrx_word' id='word_1_468' title='bbox 3308 4540 3553 4593; x_wconf 88' lang='lat' dir='ltr'>mediam</span> <span class='ocrx_word' id='word_1_469' title='bbox 3586 4538 3672 4591; x_wconf 89' lang='lat' dir='ltr'>ci-</span> 
     </span>
    </p>
   </div>
   <div class='ocr_carea' id='block_1_63' title="bbox 173 4622 3369 4705">
    <p class='ocr_par' dir='ltr' id='par_1_63' title="bbox 173 4622 3369 4705">
     <span class='ocr_line' id='line_1_63' title="bbox 173 4622 3369 4705; baseline 0.002 -30"><span class='ocrx_word' id='word_1_470' title='bbox 173 4622 325 4689; x_wconf 68' lang='lat' dir='ltr'>driaa,</span> <span class='ocrx_word' id='word_1_471' title='bbox 372 4641 601 4678; x_wconf 91' lang='lat' dir='ltr'>necnon</span> <span class='ocrx_word' id='word_1_472' title='bbox 649 4631 705 4678; x_wconf 92' lang='lat' dir='ltr'>et</span> <span class='ocrx_word' id='word_1_473' title='bbox 752 4626 1091 4695; x_wconf 75' lang='lat' dir='ltr'>Babyloniae,</span> <span class='ocrx_word' id='word_1_474' title='bbox 1146 4628 1405 4682; x_wconf 90' lang='lat' dir='ltr'>notitiam</span> <span class='ocrx_word' id='word_1_475' title='bbox 1450 4632 1640 4683; x_wconf 90' lang='lat' dir='ltr'>vultus</span> <span class='ocrx_word' id='word_1_476' title='bbox 1690 4630 1868 4684; x_wconf 91' lang='lat' dir='ltr'>nostri</span> <span class='ocrx_word' id='word_1_477' title='bbox 1907 4652 1947 4705; x_wconf 73' lang='grc' dir='ltr'><strong>ρ</strong></span> <span class='ocrx_word' id='word_1_478' title='bbox 1978 4631 2231 4695; x_wconf 88' lang='lat' dir='ltr'>vitatem,</span> <span class='ocrx_word' id='word_1_479' title='bbox 2264 4629 2484 4684; x_wconf 87' lang='lat' dir='ltr'>intrans</span> <span class='ocrx_word' id='word_1_480' title='bbox 2511 4630 2569 4682; x_wconf 91' lang='lat' dir='ltr'>in</span> <span class='ocrx_word' id='word_1_481' title='bbox 2598 4645 2755 4682; x_wconf 90' lang='lat' dir='ltr'>mare</span> <span class='ocrx_word' id='word_1_482' title='bbox 2786 4629 2844 4682; x_wconf 92' lang='lat' dir='ltr'>in</span> <span class='ocrx_word' id='word_1_483' title='bbox 2874 4628 3146 4699; x_wconf 67' lang='lat' dir='ltr'>praedicto</span> <span class='ocrx_word' id='word_1_484' title='bbox 3177 4634 3369 4699; x_wconf 90' lang='lat' dir='ltr'>portu.</span> 
     </span>
    </p>
   </div>
   <div class='ocr_carea' id='block_1_64' title="bbox 173 4712 1866 4788">
    <p class='ocr_par' dir='ltr' id='par_1_64' title="bbox 173 4712 1866 4788">
     <span class='ocr_line' id='line_1_64' title="bbox 173 4712 1866 4788; baseline 0.008 -28"><span class='ocrx_word' id='word_1_485' title='bbox 173 4712 253 4763; x_wconf 87' lang='lat' dir='ltr'>vel</span> <span class='ocrx_word' id='word_1_486' title='bbox 282 4712 511 4766; x_wconf 87' lang='lat' dir='ltr'>itineris</span> <span class='ocrx_word' id='word_1_487' title='bbox 544 4714 884 4783; x_wconf 86' lang='lat' dir='ltr'>exponebat.</span> <span class='ocrx_word' id='word_1_488' title='bbox 920 4715 987 4769; x_wconf 86' lang='lat' dir='ltr'>Hi</span> <span class='ocrx_word' id='word_1_489' title='bbox 1022 4715 1270 4787; x_wconf 89' lang='lat' dir='ltr'>denique</span> <span class='ocrx_word' id='word_1_490' title='bbox 1300 4718 1588 4788; x_wconf 88' lang='lat' dir='ltr'>principes</span> <span class='ocrx_word' id='word_1_491' title='bbox 1621 4718 1724 4772; x_wconf 89' lang='lat' dir='ltr'>sub</span> <span class='ocrx_word' id='word_1_492' title='bbox 1759 4720 1866 4773; x_wconf 91' lang='lat' dir='ltr'>im-</span> 
     </span>
    </p>
   </div>
   <div class='ocr_carea' id='block_1_65' title="bbox 172 4799 1865 4876">
    <p class='ocr_par' dir='ltr' id='par_1_65' title="bbox 172 4799 1865 4876">
     <span class='ocr_line' id='line_1_65' title="bbox 172 4799 1865 4876; baseline 0.007 -24"><span class='ocrx_word' id='word_1_493' title='bbox 172 4799 325 4867; x_wconf 87' lang='lat' dir='ltr'>perio</span> <span class='ocrx_word' id='word_1_494' title='bbox 367 4806 510 4855; x_wconf 90' lang='lat' dir='ltr'>sunt</span> <span class='ocrx_word' id='word_1_495' title='bbox 548 4803 989 4869; x_wconf 83' lang='lat' dir='ltr'>Amarmomini,</span> <span class='ocrx_word' id='word_1_496' title='bbox 1038 4804 1137 4874; x_wconf 91' lang='lat' dir='ltr'>qui</span> <span class='ocrx_word' id='word_1_497' title='bbox 1180 4805 1427 4876; x_wconf 89' lang='lat' dir='ltr'>imperat</span> <span class='ocrx_word' id='word_1_498' title='bbox 1456 4809 1721 4861; x_wconf 69' lang='lat' dir='ltr'>omnibus</span> <span class='ocrx_word' id='word_1_499' title='bbox 1767 4810 1865 4863; x_wconf 89' lang='lat' dir='ltr'>Sa-</span> 
     </span>
    </p>
   </div>
   <div class='ocr_carea' id='block_1_66' title="bbox 172 4890 1869 4968">
    <p class='ocr_par' dir='ltr' id='par_1_66' title="bbox 172 4890 1869 4968">
     <span class='ocr_line' id='line_1_66' title="bbox 172 4890 1869 4968; baseline 0.007 -29"><span class='ocrx_word' id='word_1_500' title='bbox 172 4890 405 4955; x_wconf 87' lang='lat' dir='ltr'>racenis,</span> <span class='ocrx_word' id='word_1_501' title='bbox 462 4890 727 4944; x_wconf 87' lang='lat' dir='ltr'>habitans</span> <span class='ocrx_word' id='word_1_502' title='bbox 780 4892 841 4945; x_wconf 91' lang='lat' dir='ltr'>in</span> <span class='ocrx_word' id='word_1_503' title='bbox 896 4892 1118 4963; x_wconf 89' lang='lat' dir='ltr'>Bagada</span> <span class='ocrx_word' id='word_1_504' title='bbox 1168 4898 1224 4947; x_wconf 89' lang='lat' dir='ltr'>et</span> <span class='ocrx_word' id='word_1_505' title='bbox 1274 4895 1497 4962; x_wconf 82' lang='lat' dir='ltr'>Axiain,</span> <span class='ocrx_word' id='word_1_506' title='bbox 1549 4914 1677 4968; x_wconf 70' lang='lat' dir='ltr'>qua:</span> <span class='ocrx_word' id='word_1_507' title='bbox 1734 4904 1869 4952; x_wconf 91' lang='lat' dir='ltr'>sunt</span> 
     </span>
    </p>
   </div>
   <div class='ocr_carea' id='block_1_67' title="bbox 174 4976 729 5034">
    <p class='ocr_par' dir='ltr' id='par_1_67' title="bbox 174 4976 729 5034">
     <span class='ocr_line' id='line_1_67' title="bbox 174 4976 729 5034; baseline 0.009 -5"><span class='ocrx_word' id='word_1_508' title='bbox 174 4976 315 5029; x_wconf 88' lang='lat' dir='ltr'>ultra</span> <span class='ocrx_word' id='word_1_509' title='bbox 348 4978 729 5034; x_wconf 82' lang='lat' dir='ltr'>Hierusalem.</span> 
     </span>
    </p>
   </div>
   <div class='ocr_carea' id='block_1_68' title="bbox 235 5065 1865 5136">
    <p class='ocr_par' dir='ltr' id='par_1_68' title="bbox 235 5065 1865 5136">
     <span class='ocr_line' id='line_1_68' title="bbox 235 5065 1865 5136; baseline 0.006 -19"><span class='ocrx_word' id='word_1_510' title='bbox 235 5065 286 5117; x_wconf 78' lang='grc'>4.</span> <span class='ocrx_word' id='word_1_511' title='bbox 319 5066 609 5120; x_wconf 80' lang='lat' dir='ltr'>Exeuntes</span> <span class='ocrx_word' id='word_1_512' title='bbox 644 5073 833 5121; x_wconf 89' lang='lat' dir='ltr'>autem</span> <span class='ocrx_word' id='word_1_513' title='bbox 866 5069 936 5123; x_wconf 89' lang='lat' dir='ltr'>de</span> <span class='ocrx_word' id='word_1_514' title='bbox 969 5070 1160 5136; x_wconf 89' lang='lat' dir='ltr'>Barre,</span> <span class='ocrx_word' id='word_1_515' title='bbox 1195 5071 1614 5125; x_wconf 87' lang='lat' dir='ltr'>ambulavimus</span> <span class='ocrx_word' id='word_1_516' title='bbox 1643 5074 1713 5127; x_wconf 89' lang='lat' dir='ltr'>ad</span> <span class='ocrx_word' id='word_1_517' title='bbox 1741 5089 1865 5127; x_wconf 87' lang='lat' dir='ltr'>me-</span> 
     </span>
    </p>
   </div>
   <div class='ocr_carea' id='block_1_69' title="bbox 171 5150 1865 5229">
    <p class='ocr_par' dir='ltr' id='par_1_69' title="bbox 171 5150 1865 5229">
     <span class='ocr_line' id='line_1_69' title="bbox 171 5150 1865 5229; baseline 0.008 -27"><span class='ocrx_word' id='word_1_518' title='bbox 171 5150 371 5207; x_wconf 90' lang='lat' dir='ltr'>ridiem</span> <span class='ocrx_word' id='word_1_519' title='bbox 403 5170 473 5206; x_wconf 87' lang='lat' dir='ltr'>xc</span> <span class='ocrx_word' id='word_1_520' title='bbox 505 5154 773 5209; x_wconf 87' lang='lat' dir='ltr'>milliaria</span> <span class='ocrx_word' id='word_1_521' title='bbox 799 5174 978 5227; x_wconf 88' lang='lat' dir='ltr'>usque</span> <span class='ocrx_word' id='word_1_522' title='bbox 1011 5159 1081 5211; x_wconf 90' lang='lat' dir='ltr'>ad</span> <span class='ocrx_word' id='word_1_523' title='bbox 1114 5165 1345 5229; x_wconf 89' lang='lat' dir='ltr'>portum</span> <span class='ocrx_word' id='word_1_524' title='bbox 1375 5161 1695 5215; x_wconf 74' lang='lat' dir='ltr'>Tarentinae</span> <span class='ocrx_word' id='word_1_525' title='bbox 1725 5162 1865 5215; x_wconf 90' lang='lat' dir='ltr'>civi-</span> 
     </span>
    </p>
   </div>
   <div class='ocr_carea' id='block_1_70' title="bbox 171 5241 1863 5319">
    <p class='ocr_par' dir='ltr' id='par_1_70' title="bbox 171 5241 1863 5319">
     <span class='ocr_line' id='line_1_70' title="bbox 171 5241 1863 5319; baseline 0.007 -27"><span class='ocrx_word' id='word_1_526' title='bbox 171 5241 318 5307; x_wconf 87' lang='lat' dir='ltr'>tatis,</span> <span class='ocrx_word' id='word_1_527' title='bbox 367 5242 472 5295; x_wconf 90' lang='lat' dir='ltr'>ubi</span> <span class='ocrx_word' id='word_1_528' title='bbox 500 5243 826 5298; x_wconf 89' lang='lat' dir='ltr'>invenimus</span> <span class='ocrx_word' id='word_1_529' title='bbox 860 5263 1030 5301; x_wconf 87' lang='lat' dir='ltr'>naves</span> <span class='ocrx_word' id='word_1_530' title='bbox 1076 5264 1193 5313; x_wconf 89' lang='lat' dir='ltr'>sex,</span> <span class='ocrx_word' id='word_1_531' title='bbox 1232 5247 1292 5301; x_wconf 91' lang='lat' dir='ltr'>in</span> <span class='ocrx_word' id='word_1_532' title='bbox 1327 5249 1536 5319; x_wconf 90' lang='lat' dir='ltr'>quibus</span> <span class='ocrx_word' id='word_1_533' title='bbox 1568 5254 1732 5303; x_wconf 90' lang='lat' dir='ltr'>erant</span> <span class='ocrx_word' id='word_1_534' title='bbox 1764 5266 1863 5303; x_wconf 91' lang='lat' dir='ltr'>no-</span> 
     </span>
    </p>
   </div>
   <div class='ocr_carea' id='block_1_71' title="bbox 170 5331 1863 5403">
    <p class='ocr_par' dir='ltr' id='par_1_71' title="bbox 170 5331 1863 5403">
     <span class='ocr_line' id='line_1_71' title="bbox 170 5331 1863 5403; baseline 0.007 -23"><span class='ocrx_word' id='word_1_535' title='bbox 170 5343 291 5382; x_wconf 83' lang='lat' dir='ltr'>vem</span> <span class='ocrx_word' id='word_1_536' title='bbox 323 5331 512 5385; x_wconf 88' lang='lat' dir='ltr'>millia</span> <span class='ocrx_word' id='word_1_537' title='bbox 545 5333 899 5403; x_wconf 90' lang='lat' dir='ltr'>captivorum</span> <span class='ocrx_word' id='word_1_538' title='bbox 938 5336 1008 5389; x_wconf 90' lang='lat' dir='ltr'>de</span> <span class='ocrx_word' id='word_1_539' title='bbox 1052 5338 1467 5392; x_wconf 87' lang='lat' dir='ltr'>Beneventanis</span> <span class='ocrx_word' id='word_1_540' title='bbox 1510 5338 1863 5393; x_wconf 87' lang='lat' dir='ltr'>Christianis.</span> 
     </span>
    </p>
   </div>
   <div class='ocr_carea' id='block_1_72' title="bbox 171 5416 1867 5496">
    <p class='ocr_par' dir='ltr' id='par_1_72' title="bbox 171 5416 1867 5496">
     <span class='ocr_line' id='line_1_72' title="bbox 171 5416 1867 5496; baseline 0.007 -26"><span class='ocrx_word' id='word_1_541' title='bbox 171 5416 228 5469; x_wconf 90' lang='lat' dir='ltr'>In</span> <span class='ocrx_word' id='word_1_542' title='bbox 261 5420 491 5473; x_wconf 88' lang='lat' dir='ltr'>duabus</span> <span class='ocrx_word' id='word_1_543' title='bbox 522 5437 733 5492; x_wconf 92' lang='lat' dir='ltr'>nempe</span> <span class='ocrx_word' id='word_1_544' title='bbox 767 5423 1005 5477; x_wconf 89' lang='lat' dir='ltr'>navibus</span> <span class='ocrx_word' id='word_1_545' title='bbox 1035 5442 1164 5495; x_wconf 66' lang='lat' dir='ltr'>quin</span> <span class='ocrx_word' id='word_1_546' title='bbox 1208 5427 1398 5496; x_wconf 91' lang='lat' dir='ltr'>primo</span> <span class='ocrx_word' id='word_1_547' title='bbox 1429 5427 1689 5483; x_wconf 88' lang='lat' dir='ltr'>exierunt</span> <span class='ocrx_word' id='word_1_548' title='bbox 1718 5428 1867 5483; x_wconf 85' lang='lat' dir='ltr'>Afri-</span> 
     </span>
    </p>
   </div>
   <div class='ocr_carea' id='block_1_73' title="bbox 238 5576 652 5634">
    <p class='ocr_par' dir='ltr' id='par_1_73' title="bbox 238 5576 652 5634">
     <span class='ocr_line' id='line_1_73' title="bbox 238 5576 652 5634; baseline 0.014 -5"><span class='ocrx_word' id='word_1_549' title='bbox 238 5589 259 5615; x_wconf 76' lang='grc' dir='ltr'>ι</span> <span class='ocrx_word' id='word_1_550' title='bbox 288 5576 421 5630; x_wconf 87' lang='lat' dir='ltr'>Tria</span> <span class='ocrx_word' id='word_1_551' title='bbox 456 5578 652 5634; x_wconf 87' lang='lat' dir='ltr'>millia.</span> 
     </span>
    </p>
   </div>
   <div class='ocr_carea' id='block_1_74' title="bbox 2049 4716 3669 4788">
    <p class='ocr_par' dir='ltr' id='par_1_74' title="bbox 2049 4716 3669 4788">
     <span class='ocr_line' id='line_1_74' title="bbox 2049 4716 3669 4788; baseline -0.002 -16"><span class='ocrx_word' id='word_1_552' title='bbox 2049 4723 2100 4771; x_wconf 85' lang='lat'>7.</span> <span class='ocrx_word' id='word_1_553' title='bbox 2163 4720 2223 4772; x_wconf 88' lang='lat' dir='ltr'>In</span> <span class='ocrx_word' id='word_1_554' title='bbox 2281 4734 2396 4788; x_wconf 92' lang='lat' dir='ltr'>quo</span> <span class='ocrx_word' id='word_1_555' title='bbox 2455 4717 2729 4770; x_wconf 91' lang='lat' dir='ltr'>intrantes</span> <span class='ocrx_word' id='word_1_556' title='bbox 2789 4716 3187 4787; x_wconf 89' lang='lat' dir='ltr'>navigavimus</span> <span class='ocrx_word' id='word_1_557' title='bbox 3243 4718 3310 4769; x_wconf 86' lang='lat' dir='ltr'>ad</span> <span class='ocrx_word' id='word_1_558' title='bbox 3372 4716 3669 4769; x_wconf 74' lang='lat' dir='ltr'>meridiem</span> 
     </span>
    </p>
   </div>
   <div class='ocr_carea' id='block_1_75' title="bbox 1978 4805 3670 4876">
    <p class='ocr_par' dir='ltr' id='par_1_75' title="bbox 1978 4805 3670 4876">
     <span class='ocr_line' id='line_1_75' title="bbox 1978 4805 3670 4876; baseline -0.004 -14"><span class='ocrx_word' id='word_1_559' title='bbox 1978 4807 2179 4862; x_wconf 90' lang='lat' dir='ltr'>diebus</span> <span class='ocrx_word' id='word_1_560' title='bbox 2210 4824 2284 4876; x_wconf 80' lang='lat' dir='ltr'>VI,</span> <span class='ocrx_word' id='word_1_561' title='bbox 2314 4812 2369 4859; x_wconf 90' lang='lat' dir='ltr'>et</span> <span class='ocrx_word' id='word_1_562' title='bbox 2399 4805 2658 4859; x_wconf 84' lang='lat' dir='ltr'>venimus</span> <span class='ocrx_word' id='word_1_563' title='bbox 2686 4805 2755 4858; x_wconf 89' lang='lat' dir='ltr'>ad</span> <span class='ocrx_word' id='word_1_564' title='bbox 2802 4805 3089 4859; x_wconf 86' lang='lat' dir='ltr'>civitatem</span> <span class='ocrx_word' id='word_1_565' title='bbox 3133 4805 3525 4875; x_wconf 81' lang='lat' dir='ltr'>Babyloniam,</span> <span class='ocrx_word' id='word_1_566' title='bbox 3577 4805 3670 4856; x_wconf 89' lang='lat' dir='ltr'>ubi</span> 
     </span>
    </p>
   </div>
   <div class='ocr_carea' id='block_1_76' title="bbox 1974 4893 3667 4966">
    <p class='ocr_par' dir='ltr' id='par_1_76' title="bbox 1974 4893 3667 4966">
     <span class='ocr_line' id='line_1_76' title="bbox 1974 4893 3667 4966; baseline -0.002 -17"><span class='ocrx_word' id='word_1_567' title='bbox 1974 4896 2239 4966; x_wconf 87' lang='lat' dir='ltr'>regnavit</span> <span class='ocrx_word' id='word_1_568' title='bbox 2276 4895 2462 4949; x_wconf 89' lang='lat' dir='ltr'>Pharo</span> <span class='ocrx_word' id='word_1_569' title='bbox 2508 4910 2623 4959; x_wconf 85' lang='lat' dir='ltr'>rex,</span> <span class='ocrx_word' id='word_1_570' title='bbox 2673 4893 2775 4947; x_wconf 91' lang='lat' dir='ltr'>sub</span> <span class='ocrx_word' id='word_1_571' title='bbox 2822 4910 2937 4964; x_wconf 87' lang='lat' dir='ltr'>quo</span> <span class='ocrx_word' id='word_1_572' title='bbox 2982 4894 3284 4948; x_wconf 64' lang='lat' dir='ltr'>aedificavit</span> <span class='ocrx_word' id='word_1_573' title='bbox 3327 4893 3534 4962; x_wconf 85' lang='lat' dir='ltr'>Josepli</span> <span class='ocrx_word' id='word_1_574' title='bbox 3581 4908 3667 4945; x_wconf 72' lang='lat' dir='ltr'>xv:</span> 
     </span>
    </p>
   </div>
   <div class='ocr_carea' id='block_1_77' title="bbox 1974 4981 3669 5038">
    <p class='ocr_par' dir='ltr' id='par_1_77' title="bbox 1974 4981 3669 5038">
     <span class='ocr_line' id='line_1_77' title="bbox 1974 4981 3669 5038; baseline -0.003 0"><span class='ocrx_word' id='word_1_575' title='bbox 1974 4984 2183 5038; x_wconf 89' lang='lat' dir='ltr'>horrea</span> <span class='ocrx_word' id='word_1_576' title='bbox 2207 4984 2393 5038; x_wconf 84' lang='lat' dir='ltr'>adhuc</span> <span class='ocrx_word' id='word_1_577' title='bbox 2423 4982 2732 5036; x_wconf 90' lang='lat' dir='ltr'>manentia.</span> <span class='ocrx_word' id='word_1_578' title='bbox 2765 4984 2911 5036; x_wconf 91' lang='lat' dir='ltr'>Dum</span> <span class='ocrx_word' id='word_1_579' title='bbox 2942 4982 3221 5036; x_wconf 86' lang='lat' dir='ltr'>exivimus</span> <span class='ocrx_word' id='word_1_580' title='bbox 3253 4988 3443 5035; x_wconf 89' lang='lat' dir='ltr'>autem</span> <span class='ocrx_word' id='word_1_581' title='bbox 3473 4981 3530 5033; x_wconf 94' lang='lat' dir='ltr'>in</span> <span class='ocrx_word' id='word_1_582' title='bbox 3568 4982 3669 5034; x_wconf 89' lang='lat' dir='ltr'>Ba-</span> 
     </span>
    </p>
   </div>
   <div class='ocr_carea' id='block_1_78' title="bbox 1972 5069 3672 5142">
    <p class='ocr_par' dir='ltr' id='par_1_78' title="bbox 1972 5069 3672 5142">
     <span class='ocr_line' id='line_1_78' title="bbox 1972 5069 3672 5142; baseline -0.003 -16"><span class='ocrx_word' id='word_1_583' title='bbox 1972 5072 2293 5142; x_wconf 83' lang='lat' dir='ltr'>byloniam,</span> <span class='ocrx_word' id='word_1_584' title='bbox 2338 5071 2600 5125; x_wconf 88' lang='lat' dir='ltr'>custodes</span> <span class='ocrx_word' id='word_1_585' title='bbox 2642 5070 2820 5142; x_wconf 87' lang='lat' dir='ltr'>ipsius</span> <span class='ocrx_word' id='word_1_586' title='bbox 2869 5070 3114 5124; x_wconf 88' lang='lat' dir='ltr'>civitatis</span> <span class='ocrx_word' id='word_1_587' title='bbox 3162 5069 3522 5124; x_wconf 89' lang='lat' dir='ltr'>deduxerunt</span> <span class='ocrx_word' id='word_1_588' title='bbox 3570 5084 3672 5121; x_wconf 90' lang='lat' dir='ltr'>nos</span> 
     </span>
    </p>
   </div>
   <div class='ocr_carea' id='block_1_79' title="bbox 1974 5157 3669 5229">
    <p class='ocr_par' dir='ltr' id='par_1_79' title="bbox 1974 5157 3669 5229">
     <span class='ocr_line' id='line_1_79' title="bbox 1974 5157 3669 5229; baseline -0.003 -17"><span class='ocrx_word' id='word_1_589' title='bbox 1974 5159 2043 5213; x_wconf 87' lang='lat' dir='ltr'>ad</span> <span class='ocrx_word' id='word_1_590' title='bbox 2076 5158 2415 5228; x_wconf 90' lang='lat' dir='ltr'>principem,</span> <span class='ocrx_word' id='word_1_591' title='bbox 2449 5157 2548 5229; x_wconf 92' lang='lat' dir='ltr'>qui</span> <span class='ocrx_word' id='word_1_592' title='bbox 2576 5157 2873 5213; x_wconf 86' lang='lat' dir='ltr'>dicebatur</span> <span class='ocrx_word' id='word_1_593' title='bbox 2903 5157 3308 5221; x_wconf 85' lang='lat' dir='ltr'>Adelhacham,</span> <span class='ocrx_word' id='word_1_594' title='bbox 3333 5157 3669 5221; x_wconf 88' lang='lat' dir='ltr'>Saracenus,</span> 
     </span>
    </p>
   </div>
   <div class='ocr_carea' id='block_1_80' title="bbox 1976 5242 3673 5319">
    <p class='ocr_par' dir='ltr' id='par_1_80' title="bbox 1976 5242 3673 5319">
     <span class='ocr_line' id='line_1_80' title="bbox 1976 5242 3673 5319; baseline -0.001 -20"><span class='ocrx_word' id='word_1_595' title='bbox 1976 5248 2074 5319; x_wconf 90' lang='lat' dir='ltr'>qui</span> <span class='ocrx_word' id='word_1_596' title='bbox 2113 5247 2429 5301; x_wconf 88' lang='lat' dir='ltr'>sciscitatus</span> <span class='ocrx_word' id='word_1_597' title='bbox 2469 5252 2555 5300; x_wconf 87' lang='lat' dir='ltr'>est</span> <span class='ocrx_word' id='word_1_598' title='bbox 2597 5264 2630 5300; x_wconf 87' lang='lat' dir='ltr'>a</span> <span class='ocrx_word' id='word_1_599' title='bbox 2680 5246 2845 5301; x_wconf 91' lang='lat' dir='ltr'>nobis</span> <span class='ocrx_word' id='word_1_600' title='bbox 2886 5262 3056 5299; x_wconf 86' lang='lat' dir='ltr'>omne</span> <span class='ocrx_word' id='word_1_601' title='bbox 3108 5244 3402 5315; x_wconf 89' lang='lat' dir='ltr'>negotium</span> <span class='ocrx_word' id='word_1_602' title='bbox 3452 5242 3673 5298; x_wconf 87' lang='lat' dir='ltr'>itineris</span> 
     </span>
    </p>
   </div>
   <div class='ocr_carea' id='block_1_81' title="bbox 1975 5332 3675 5406">
    <p class='ocr_par' dir='ltr' id='par_1_81' title="bbox 1975 5332 3675 5406">
     <span class='ocr_line' id='line_1_81' title="bbox 1975 5332 3675 5406; baseline -0.001 -17"><span class='ocrx_word' id='word_1_603' title='bbox 1975 5336 2177 5403; x_wconf 92' lang='lat' dir='ltr'>nostri,</span> <span class='ocrx_word' id='word_1_604' title='bbox 2210 5336 2278 5390; x_wconf 92' lang='lat' dir='ltr'>de</span> <span class='ocrx_word' id='word_1_605' title='bbox 2323 5336 2531 5406; x_wconf 91' lang='lat' dir='ltr'>quibus</span> <span class='ocrx_word' id='word_1_606' title='bbox 2572 5335 2781 5406; x_wconf 89' lang='lat' dir='ltr'>scripta</span> <span class='ocrx_word' id='word_1_607' title='bbox 2825 5335 3101 5388; x_wconf 91' lang='lat' dir='ltr'>habemus</span> <span class='ocrx_word' id='word_1_608' title='bbox 3139 5332 3517 5403; x_wconf 87' lang='lat' dir='ltr'>principibus.</span> <span class='ocrx_word' id='word_1_609' title='bbox 3552 5333 3675 5396; x_wconf 91' lang='lat' dir='ltr'>Qua</span> 
     </span>
    </p>
   </div>
   <div class='ocr_carea' id='block_1_82' title="bbox 1976 5420 3673 5492">
    <p class='ocr_par' dir='ltr' id='par_1_82' title="bbox 1976 5420 3673 5492">
     <span class='ocr_line' id='line_1_82' title="bbox 1976 5420 3673 5492; baseline -0.002 -14"><span class='ocrx_word' id='word_1_610' title='bbox 1976 5424 2045 5478; x_wconf 89' lang='lat' dir='ltr'>de</span> <span class='ocrx_word' id='word_1_611' title='bbox 2095 5440 2263 5477; x_wconf 89' lang='lat' dir='ltr'>causa</span> <span class='ocrx_word' id='word_1_612' title='bbox 2311 5423 2663 5478; x_wconf 90' lang='lat' dir='ltr'>ostendimus</span> <span class='ocrx_word' id='word_1_613' title='bbox 2710 5422 2763 5477; x_wconf 92' lang='lat' dir='ltr'>ei</span> <span class='ocrx_word' id='word_1_614' title='bbox 2814 5423 3029 5476; x_wconf 89' lang='lat' dir='ltr'>litteras</span> <span class='ocrx_word' id='word_1_615' title='bbox 3074 5422 3144 5475; x_wconf 93' lang='lat' dir='ltr'>de</span> <span class='ocrx_word' id='word_1_616' title='bbox 3188 5424 3351 5491; x_wconf 88' lang='lat' dir='ltr'>parte</span> <span class='ocrx_word' id='word_1_617' title='bbox 3394 5420 3673 5492; x_wconf 90' lang='lat' dir='ltr'>principis</span> 
     </span>
    </p>
   </div>
  </div>
