4044 6174
408 282 502 334 571
1279 276 1636 333 BERNARDI
1676 276 1990 335 MONACHI
2033 276 2283 332 FRANCI
2324 277 2805 344 lTlNERARlUM,
2859 277 3010 333 ETC.
3775 284 3857 337 572

412 414 788 476 Alexandriae,
836 412 989 485 quod
1038 412 1183 466 nihil
1228 412 1390 466 nobis
1434 413 1678 483 profecit
1710 430 1721 467 :
1758 412 1851 467 sed
1895 412 1965 467 ab
1996 412 2095 466 illo
2133 413 2179 465 Α
2212 412 2409 484 lingua
2448 414 2744 485 loquentes
2785 414 3045 469 Romana

410 505 572 559 missi
602 520 795 557 sumus
828 503 886 555 in
917 517 1224 569 carcerem,
1258 503 1439 555 donec
1481 508 1611 572 post
1656 502 1779 556 dies
1811 519 1907 556 sex
1960 502 2103 555 inito

410 594 648 648 consilio
680 608 807 645 cum
840 591 940 645 Dei
967 590 1179 644 auxilio
1212 591 1484 644 tredecim
1518 591 1781 645 denarios
1807 590 2105 662 unusquis-

411 698 523 752 que
565 680 720 734 dedit
752 696 854 749 pro
888 696 968 745 se,
1001 679 1143 733 sicut
1180 684 1236 733 et
1265 680 1544 748 superius.
1580 679 1686 744 Qui
1716 696 1945 750 quoque
1976 679 2105 734 fecit

413 770 574 824 nobis
608 768 843 834 litteras,
878 785 1019 839 quas
1056 769 1387 838 quicunque
1420 769 1705 831 viderunt,
1754 769 1812 822 in
1845 785 2103 839 quacun-

410 874 523 928 que
551 857 779 910 civitate
819 862 919 911 aut
954 857 1012 910 in
1046 874 1389 927 quocunque
1426 858 1568 923 loco,
1604 857 1744 911 nihil
1776 857 2042 927 deinceps
2072 875 2105 911 a

411 947 573 1001 nobis
603 947 831 1017 exigere
861 946 981 999 ausi
1015 951 1165 1000 sunt.
1198 947 1331 999 Erat
1362 947 1515 999 enim
1549 947 1831 1000 secundus
1862 947 2104 1017 imperio

408 1035 825 1090 Amarmomini
873 1036 1149 1103 praedicti.
1186 1036 1493 1105 Postquam
1540 1052 1672 1088 vero
1715 1035 1952 1087 inferius
2000 1051 2103 1088 no-

410 1126 655 1179 minatas
688 1125 943 1177 civitates
976 1124 1220 1193 ingressi
1253 1141 1472 1188 sumus,
1505 1141 1619 1177 nou
1650 1125 1810 1193 prius
1847 1125 2106 1194 permissi

412 1230 608 1267 sumus
641 1214 794 1267 exire
826 1230 999 1284 quam
1033 1214 1287 1267 chartam
1322 1219 1418 1266 aut
1458 1213 1631 1283 sigilli
1669 1213 2104 1283 impressionem

412 1301 820 1370 acciperemus,
854 1302 1006 1371 quod
1041 1317 1155 1353 uno
1179 1301 1264 1354 vel
1296 1301 1519 1354 duobus
1553 1300 1804 1354 denariis
1827 1301 2108 1371 impetra-

409 1390 631 1444 bamus.
672 1391 764 1443 Est
794 1390 984 1459 itaque
1019 1390 1078 1442 in
1120 1390 1223 1442 hac
1260 1390 1485 1443 civitate
1518 1390 1837 1459 patriarcha
1859 1391 2106 1444 domnus

412 1476 668 1543 Michael,
709 1482 764 1529 et
798 1493 970 1546 super
1002 1481 1186 1530 totum
1230 1480 1540 1547 zligyptum
1581 1478 1895 1547 disponens
1925 1478 2109 1547 gratia

413 1566 514 1620 Dei
545 1565 807 1619 ordinem
839 1565 1097 1619 omnium
1132 1566 1552 1636 episcoporum,
1586 1573 1642 1619 et
1670 1567 2105 1630 monachorum,

412 1659 470 1709 et
513 1654 989 1708 Christianorum.
1038 1654 1131 1707 Isti
1181 1659 1374 1708 autem
1423 1654 1731 1708 Christiani
1776 1655 1949 1708 talem
2006 1656 2105 1708 ha-

412 1743 551 1795 bent
579 1741 766 1811 legem
799 1741 947 1810 apud
976 1756 1251 1810 paganos,
1286 1746 1348 1795 ut
1376 1758 1481 1811 pro
1511 1758 1675 1811 posse
1708 1758 1963 1811 personae
1992 1760 2106 1796 sua:

413 1846 766 1901 unoquoque
791 1845 941 1882 anno
973 1831 1197 1883 solvant
1226 1830 1505 1883 tributum
1540 1831 1807 1900 praedicto
1842 1831 2106 1902 principi,

412 1924 477 1973 ut
519 1919 713 1972 vivant
743 1935 939 1971 secure
976 1926 1031 1973 et
1062 1918 1258 1972 libere.
1293 1919 1448 1972 Istud
1478 1924 1668 1973 autem
1700 1920 1981 1973 tributum
2015 1925 2111 1973 aut

414 2025 496 2075 ιιι,
530 2012 631 2061 aut
661 2024 720 2073 ιι,
755 2011 853 2060 aut
884 2025 898 2060 1
940 2006 1119 2076 exigit
1156 2023 1416 2073 aureum,
1453 2007 1539 2060 vel
1572 2024 1603 2060 a
1646 2008 1833 2060 viliori
1866 2025 2111 2078 persona

415 2113 510 2150 xm
545 2095 831 2150 denarios.
869 2096 927 2150 Si
964 2101 1154 2149 autem
1195 2096 1322 2148 talis
1364 2100 1463 2159 est,
1516 2102 1579 2149 ut
1622 2113 1738 2149 nou
1782 2097 1965 2166 possit
2007 2098 2112 2150 hos

412 2202 513 2239 xui
564 2184 829 2238 denarios
880 2185 1117 2249 solvere,
1168 2184 1285 2237 sive
1346 2183 1419 2237 sit
1472 2185 1677 2249 incola,
1730 2186 1843 2238 sive
1893 2185 2111 2239 advana

415 2272 794 2340 Christianus,
851 2271 1098 2325 mittitur
1154 2272 1214 2324 in
1267 2288 1573 2334 carcerem,
1633 2273 1815 2326 donec
1862 2279 1961 2326 aut
2012 2273 2110 2328 Dei

416 2362 623 2432 pietate
674 2378 776 2431 per
823 2361 1094 2430 angelum
1148 2376 1315 2413 suum
1370 2361 1667 2428 liberatur,
1719 2367 1817 2415 aut
1862 2362 1932 2415 ab
1985 2363 2112 2415 aliis

413 2450 578 2505 bonis
608 2449 941 2504 Christianis
973 2449 1292 2503 redimitur.

485 2542 537 2593 8.
584 2538 843 2592 Fluvium
886 2539 949 2607 [f.
1006 2540 1109 2591 Per
1157 2536 1416 2610 fluvium]
1455 2539 1628 2605 Geon,
1666 2539 1936 2593 Sitimulh
1973 2540 2109 2592 civi-

417 2632 592 2680 tatem
628 2643 640 2680 :
681 2627 751 2680 de
782 2627 1053 2680 Sitimulh
1093 2628 1380 2697 progressi
1412 2644 1608 2681 sumus
1643 2629 1711 2682 ad
1748 2629 2009 2690 Moballa,
2043 2629 2111 2683 de

415 2716 657 2771 Mohalla
692 2715 1178 2769 transfretavimus
1207 2716 1272 2768 ad
1308 2716 1642 2783 Damiatem,
1676 2734 1806 2787 quas
1837 2718 2009 2771 habet
2042 2719 2111 2771 ab

418 2803 741 2875 aquilonari
771 2804 916 2857 mari
955 2804 1242 2858 civitatem
1277 2804 1505 2868 Thanis,
1537 2804 1598 2858 in
1629 2822 1741 2876 qua
1782 2811 1915 2858 sunt
1945 2807 2111 2859 Chri-

418 2893 589 2947 stiani
638 2892 827 2960 multi,
867 2901 965 2946 aut
1007 2893 1161 2947 enim
1205 2892 1459 2963 religiosi
1502 2893 1888 2963 hospitalitate
1933 2895 2115 2949 nimia

3094 431 3106 468 :
3158 414 3249 468 cui
3297 414 3515 482 adjacet
3559 416 3770 471 ecclesia
3809 419 3860 473 in

2214 502 2433 555 honore
2476 508 2682 556 sanctae
2725 503 2931 568 Mariaé,
2970 502 3387 555 nobilissimam
3436 502 3643 557 habens
3686 504 3859 560 biblio-

2212 590 2436 644 thecam
2468 591 2655 645 studio
2693 591 2949 661 praedicti
2980 591 3338 662 imperatoris
3375 606 3398 633 ε
3440 608 3567 645 cum
3613 609 3679 645 xu
3728 610 3863 649 man-

2214 680 2492 746 sionibus,
2544 680 2716 751 agris,
2768 680 2947 733 vineis
2996 686 3050 733 et
3095 681 3261 733 horto
3308 680 3368 733 in
3416 682 3557 734 valle
3610 682 3859 751 Josaphat.

2213 772 2353 823 Ante
2384 771 2569 839 ipsum
2604 769 2883 839 hospitale
2914 774 2997 822 est
3017 770 3225 829 forum,
3245 785 3349 839 pro
3372 786 3486 840 quo
3510 771 3864 843 unusquisque

2214 856 2293 909 ibi
2326 857 2627 927 negotians
2654 858 2711 910 in
2746 874 2896 911 anno
2928 858 3097 911 solvit
3124 857 3265 910 duos
3296 874 3497 911 aureos
3526 858 3605 911 illi
3636 859 3725 929 qui
3746 859 3865 914 illud

2214 945 2497 1016 providet.
2532 946 2685 999 Infra
2725 947 2870 999 hanc
2908 945 3216 1010 civitatem,
3266 948 3515 1017 exceptis
3562 947 3680 1000 aliis
3718 947 3866 1001 eccle-

2216 1034 2331 1095 siis,
2373 1040 2621 1105 quatuor
2661 1035 2920 1088 eminent
2963 1034 3233 1098 ecclesiae,
3280 1035 3495 1088 mutuis
3544 1035 3757 1088 sibimet
3784 1052 3866 1105 pa-

2217 1124 2454 1177 rietibus
2511 1124 2862 1177 cohaerentes
2921 1140 2932 1176 :
2993 1140 3107 1176 una
3166 1123 3427 1177 videlicet
3481 1124 3550 1177 ad
3602 1124 3867 1189 orientem,

2217 1227 2345 1283 quae
2384 1211 2555 1265 habet
2586 1218 2841 1266 montem
2885 1212 3173 1274 Calvarize,
3225 1217 3281 1265 et
3329 1212 3516 1265 locum
3559 1212 3617 1264 in
3661 1229 3761 1283 quo
3802 1229 3871 1267 re-

2217 1306 2379 1372 perta
2422 1301 2527 1355 fuit
2556 1317 2689 1353 crux
2725 1301 2974 1365 Domini,
3020 1305 3077 1353 et
3108 1306 3337 1354 vocatur
3373 1300 3603 1354 basilica
3633 1302 3869 1355 Constan-

2216 1389 2351 1454 tini;
2387 1389 2496 1442 alia
2527 1389 2594 1443 ad
2622 1388 2948 1454 meridiem;
2984 1389 3149 1441 tertia
3183 1389 3251 1442 ad
3273 1390 3644 1454 occidentem,
3665 1390 3717 1442 in
3737 1390 3873 1459 cujus

2218 1477 2405 1531 medio
2438 1482 2519 1530 est
2549 1479 2876 1546 sepulcrum
2905 1477 3148 1541 Domini,
3184 1476 3399 1529 habens
3435 1494 3484 1530 ix
3524 1478 3797 1530 columnas
3826 1478 3873 1530 in

2218 1564 2460 1617 circuitu
2492 1564 2599 1630 sui,
2638 1565 2786 1617 inter
2831 1580 2972 1634 quas
3005 1565 3323 1618 consistunt
3366 1566 3611 1635 parietes
3648 1582 3706 1618 ex
3750 1566 3875 1635 opti-

2220 1653 2328 1707 mis
2359 1652 2645 1722 lapidibus
2677 1670 2688 1707 :
2724 1670 2789 1706 ex
2822 1653 3030 1723 quibus
3062 1670 3115 1706 ix
3154 1653 3459 1718 columnis,
3510 1671 3559 1707 ιν
3606 1660 3728 1706 sunt
3768 1659 3875 1706 ante

2222 1742 2423 1796 faciem
2455 1740 2635 1811 ipsius
2665 1742 3045 1810 monumenti,
3088 1758 3217 1812 quae
3256 1758 3384 1794 cum
3432 1742 3548 1794 suis
3598 1742 3877 1813 parietibus

2218 1832 2491 1885 claudunt
2542 1830 2791 1901 lapidem
2839 1846 3030 1883 coram
3090 1831 3351 1900 sepulcro
3408 1831 3674 1900 positum,
3729 1848 3877 1901 quem

2221 1922 2458 1991 angelus
2488 1921 2743 1985 revolvit,
2777 1924 2833 1973 et
2876 1935 3050 1989 super
3079 1936 3250 1990 quem
3288 1920 3435 1973 sedit
3467 1925 3597 1989 post
3623 1924 3878 1990 peractam

2224 2009 2453 2064 Domini
2501 2008 2999 2063 resurrectionem.
3052 2010 3126 2062 De
3182 2010 3287 2062 hoc
3346 2010 3609 2079 sepulcro
3658 2024 3763 2062 non
3811 2013 3880 2060 est

2221 2114 2447 2152 necesse
2492 2098 2658 2167 plura
2701 2097 2969 2164 scribere,
3017 2114 3145 2151 cum
3189 2096 3407 2150 dicatur
3442 2097 3592 2150 Beda
3628 2097 3683 2150 in
3721 2096 3878 2150 Histo-

2221 2187 2301 2240 ria
2344 2187 2663 2256 Anglorum
2696 2186 3035 2239 sufﬁcientia
3064 2186 3272 2251 dicere,
3308 2202 3436 2255 qua:
3469 2192 3525 2239 et
3564 2202 3665 2239 nos
3703 2200 3880 2254 possu-

2222 2292 2349 2328 mus
2394 2276 2624 2329 referre.
2683 2276 2796 2328 Hoc
2854 2280 3047 2327 tamen
3100 2274 3406 2327 dicendum
3458 2274 3613 2343 quod
3668 2274 3879 2326 Sabbato

2222 2368 2435 2431 sancto,
2472 2364 2625 2434 quod
2657 2368 2739 2417 est
2769 2364 2964 2433 vigilia
2994 2364 3241 2431 Paschm,
3274 2379 3441 2416 mane
3485 2363 3731 2416 ofﬁcium
3764 2362 3881 2413 inci-

2221 2453 2378 2522 pitur
2410 2453 2467 2505 in
2498 2452 2733 2505 ecclesia
2771 2468 2782 2505 :
2818 2456 2873 2505 et
2914 2459 3043 2522 post
3090 2458 3385 2522 peractum
3434 2452 3706 2515 ofﬁcium,
3744 2451 3881 2517 Kyrie

2221 2543 2414 2595 eleison
2470 2541 2715 2608 canitur,
2777 2541 2958 2594 donec
3012 2540 3276 2593 veniente
3334 2543 3535 2609 angelo
3605 2542 3784 2593 lumen
3836 2538 3883 2589 in

2221 2630 2579 2700 lampadibus
2624 2631 2987 2695 accendatur,
3034 2646 3162 2700 qua:
3211 2630 3461 2700 pendent
3499 2645 3671 2700 super
3709 2628 3885 2699 praedi-

2222 2724 2374 2773 ctum
2409 2720 2734 2789 sepulcrum
2770 2734 2781 2770 :
2816 2717 2884 2772 de
2918 2734 3031 2788 quo
3068 2718 3163 2772 dat
3192 2718 3517 2787 patriarcha
3549 2716 3813 2787 episcopis
3843 2720 3888 2767 et

2224 2808 2446 2877 reliquo
2476 2808 2713 2876 populo,
2754 2812 2818 2860 ut
2855 2806 3144 2859 illuminet
3186 2806 3293 2858 sibi
3341 2806 3401 2858 in
3450 2806 3568 2858 suis
3610 2805 3759 2858 locis.
3806 2802 3887 2854 Hic

2225 2901 2411 2949 autem
2480 2896 2801 2965 patriarcha
2864 2894 3214 2948 Theodosius
3286 2893 3493 2963 [supple
3566 2890 3885 2959 vocabaturj,

416 2982 719 3037 ferventes.
766 2983 894 3035 Hinc
933 2986 1127 3065 autem
1165 2982 1359 3035 civitas
1396 2981 1538 3035 nihil
1581 2983 1751 3036 habet
1789 2989 1976 3047 terrm,
2018 3000 2111 3037 ex-
2154 3007 2194 3060 ρ
2226 2985 2324 3055 qui
2363 2985 2435 3038 ob
2476 2984 2747 3037 meritum
2788 2982 3107 3037 devotionis
3154 2998 3184 3034 a
3234 2982 3571 3036 Christianis
3611 2986 3692 3033 est
3717 2983 3889 3048 raptus

418 3075 583 3140 cepto
616 3069 715 3124 ubi
755 3075 887 3123 sunt
920 3070 1192 3136 ecclesim,
1245 3075 1300 3123 et
1350 3070 1444 3123 ubi
1495 3076 1848 3124 monstratur
1881 3089 2114 3142 campus

418 3161 700 3225 Thaneos,
733 3158 792 3211 in
839 3175 953 3229 quo
997 3160 1187 3229 jacent
1230 3159 1406 3212 trium
1444 3159 1624 3213 instar
1654 3176 1950 3213 murorum
1987 3177 2112 3213 cor-

418 3264 559 3319 pora
588 3263 785 3301 eorum
818 3247 917 3317 qui
944 3246 1307 3300 exterminati
1341 3253 1475 3301 sunt
1507 3254 1757 3319 tempore
1792 3249 1986 3319 Moysi.

492 3339 537 3390 9.
573 3337 635 3389 ln
665 3336 891 3390 civitate
937 3337 1208 3389 Faramea
1258 3336 1337 3389 ibi
1383 3342 1467 3389 est
1511 3337 1746 3390 ecclesia
1793 3338 1854 3389 in
1901 3337 2116 3390 honore

421 3430 631 3478 sanctae
676 3424 885 3489 Mariae,
933 3424 993 3477 in
1038 3426 1160 3477 loco
1210 3424 1280 3477 ad
1326 3441 1519 3494 quem,
1572 3427 1776 3493 angelo
1828 3433 2114 3491 mouente,

420 3513 568 3583 fugit
620 3512 830 3581 Joseph
876 3528 1007 3565 cum
1054 3528 1233 3582 puero
1283 3518 1339 3565 et
1388 3520 1589 3566 matre.
1644 3514 1709 3567 In
1753 3514 1851 3567 illa
1897 3515 2118 3568 civitate

420 3606 506 3653 est
544 3599 852 3653 multitudo
903 3602 1276 3665 camelorum,
1328 3617 1470 3671 quos
1510 3602 1589 3655 ibi
1625 3602 1695 3655 ab
1736 3603 1934 3656 incolis
1965 3604 2119 3657 illius

421 3687 609 3760 pretio
640 3688 828 3741 locant
856 3688 1087 3741 advenae
1119 3689 1185 3741 ad
1228 3688 1462 3743 ferenda
1509 3690 1616 3743 sibi
1665 3707 1838 3744 onera
1886 3697 2120 3762 propter

421 3778 729 3840 desertum,
765 3777 917 3847 quod
949 3777 1122 3830 habet
1152 3777 1261 3830 iter
1291 3778 1515 3832 dierum
1556 3796 1627 3832 v1.
1680 3780 1859 3849 Hujus
1909 3781 2119 3834 deserti

421 3866 691 3919 introitus
720 3883 753 3917 a
782 3866 1053 3935 praedicta
1077 3866 1280 3935 incipit
1300 3867 1544 3920 civitate.
1577 3868 1637 3920 Et
1662 3867 1806 3921 bene
1828 3868 2118 3922 desertum

421 3956 649 4023 dicitur,
684 3955 960 4024 quoniam
1003 3971 1106 4007 nec
1146 3956 1405 4022 herbam,
1448 3972 1552 4009 nec
1600 3957 1840 4025 alicujus
1888 3956 2119 4010 seminis

421 4045 663 4099 fructum
711 4044 895 4107 affert,
946 4043 1193 4113 exceptis
1238 4044 1538 4098 arboribus
1585 4046 1909 4114 palmarum
1954 4062 1966 4098 :
2020 4047 2117 4099 sed

423 4133 658 4187 tabescit
706 4138 767 4185 ut
815 4133 1127 4201 Campania
1173 4137 1433 4201 tempore
1482 4133 1647 4186 nivis.
1702 4134 1880 4187 Habet
1927 4140 2119 4188 autem

424 4220 614 4274 medio
647 4220 847 4273 itinere
879 4219 992 4273 duo
1027 4219 1293 4289 hospitia,
1326 4236 1507 4273 unum
1541 4221 1694 4290 quod
1747 4227 1979 4276 vocatur
2025 4224 2121 4277 Al-

423 4308 580 4374 bara,
618 4313 673 4361 et
708 4308 949 4361 alterum
998 4308 1289 4372 Albacara,
1334 4309 1394 4361 in
1435 4309 1645 4379 quibus
1684 4312 1914 4381 negotia
1956 4329 2113 4365 exer-

425 4402 624 4449 centur
652 4412 684 4449 a
715 4396 1050 4449 Christianis
1084 4401 1139 4448 ct
1168 4398 1405 4465 paganis
1431 4398 1733 4467 ejusmodi,
1769 4416 1896 4470 qum
1928 4417 2119 4453 neces-

427 4484 575 4538 saria
625 4490 761 4538 sunt
808 4485 916 4537 iter
963 4485 1280 4555 agentibus.
1340 4487 1401 4539 In
1448 4503 1645 4540 eorum
1698 4505 1831 4541 vero
1881 4490 2118 4543 circuitu

427 4572 571 4626 nihil
604 4577 811 4642 praeter
840 4572 992 4642 quod
1025 4572 1236 4626 dictum
1280 4581 1364 4627 est
1402 4574 1589 4645 gignit
1628 4580 1797 4630 terra.
1842 4580 1903 4631 In
1943 4579 2117 4633 Alba-

427 4676 558 4714 cara
590 4659 667 4713 ibi
699 4664 782 4712 est
808 4665 959 4713 terra
993 4660 1255 4722 fecunda,
1290 4677 1470 4731 usque
1501 4662 1570 4716 ad
1602 4663 1886 4717 civitatem
1912 4665 2116 4731 Gazan,

428 4764 556 4819 quae
604 4748 712 4802 fuit
757 4748 995 4801 Samson
1040 4749 1254 4813 civitas,
1308 4756 1425 4803 tum
1476 4750 1552 4821 [in
1586 4767 1708 4814 ms.,
1742 4752 1933 4825 tumis]
1978 4771 2119 4824 opu-

428 4837 749 4891 lentissima
780 4836 1041 4891 omnium
1072 4854 1286 4891 rerum.

504 4929 586 4979 l0.
633 4924 845 4979 Deinde
882 4930 1164 4979 venerunt
1202 4926 1452 4993 Alarixa;
1507 4926 1575 4981 de
1624 4928 1850 4981 Alarixa
1896 4928 1956 4981 in
2006 4930 2120 4984 Ra-

430 5014 605 5078 mula,
657 5013 820 5083 juxta
872 5029 1045 5083 quam
1099 5018 1181 5066 est
1236 5015 1642 5068 monasterium
1698 5016 1845 5069 beati
1896 5018 2124 5089 Georgii

432 5103 709 5173 Martyris,
761 5102 855 5156 ubi
908 5102 1028 5172 ipse
1074 5103 1400 5171 requiescit.
1461 5105 1539 5157 De
1585 5106 1824 5159 ltamula
1869 5106 1939 5158 ad
1993 5107 2122 5159 Em-

432 5207 594 5244 maus
637 5192 969 5257 castellum;
1018 5191 1086 5245 de
1126 5192 1394 5244 Emmaus
1439 5193 1503 5245 ad
1546 5198 1796 5246 sanctam
1837 5194 2121 5248 civitatem

434 5281 801 5334 Hierusalem.
836 5280 917 5333 lbi
950 5279 1197 5332 habetur
1227 5279 1525 5348 hospitale,
1558 5280 1617 5333 in
1652 5298 1765 5351 quo
1797 5283 2123 5353 suscipiun-

434 5374 527 5420 tur
557 5385 776 5434 omnes,
813 5366 913 5437 qui
943 5384 1111 5420 causa
1142 5366 1460 5420 devotionis
1499 5367 1661 5421 illum
1696 5370 1907 5423 adeunt
1936 5371 2121 5423 locum

505 5553 528 5581 ⁸
556 5540 615 5594 1d
647 5546 730 5594 est
760 5542 945 5595 Caroli
977 5542 1182 5611 Magni.

2224 3074 2294 3127 de
2339 3089 2440 3126 suo
2488 3070 2860 3135 monasterio,
2912 3070 3067 3140 quod
3111 3069 3281 3122 distat
3325 3069 3395 3122 ab
3447 3068 3793 3123 Hierusalem
3834 3081 3887 3118 xv

2224 3161 2511 3225 millibus;
2557 3165 2613 3213 et
2654 3160 2731 3212 ibi
2767 3157 3089 3230 patriarcha
3119 3157 3462 3210 constitutus
3506 3174 3679 3227 super
3719 3170 3890 3208 omnes

2226 3250 2597 3314 Christianos,
2641 3248 2738 3318 qui
2775 3252 2907 3300 sunt
2944 3246 3003 3299 in
3042 3251 3193 3299 terra
3238 3245 3715 3316 repromissionis.
3762 3242 3890 3296 Inter

2224 3338 2527 3408 praedictas
2558 3337 2734 3406 igitur
2765 3352 2815 3388 ιν
2858 3334 3121 3388 ecclesias
3167 3340 3252 3388 est
3292 3334 3593 3403 paradisus
3639 3333 3819 3403 (vulgo
3856 3329 3892 3380 lc

2218 3428 2432 3496 parvis)
2460 3427 2579 3480 sine
2608 3431 2781 3493 tecto,
2814 3426 2974 3494 cujus
3008 3424 3255 3494 parietes
3288 3439 3428 3476 auro
3458 3424 3683 3476 radiant
3715 3438 3726 3473 :
3759 3418 3889 3491 pavi-

2227 3520 2487 3568 mentum
2518 3529 2649 3566 vero
2686 3512 2875 3582 lapide
2906 3510 3179 3565 sternitur
3220 3510 3655 3580 pretiosissima,
3700 3508 3893 3562 habens

2225 3602 2286 3655 in
2332 3602 2520 3655 medio
2552 3601 2640 3654 sui
2672 3600 2984 3654 confinium
3030 3615 3081 3652 ιν
3113 3604 3466 3665 catenarum,
3508 3616 3639 3668 qua:
3685 3596 3894 3650 veniunt

2225 3708 2258 3745 a
2299 3691 2584 3762 praedictis
2623 3694 2872 3760 quatuor
2902 3688 3173 3753 ecclesiis,
3208 3687 3266 3741 in
3299 3704 3412 3758 quo
3458 3688 3683 3741 medius
3714 3684 3895 3739 dicitur

2226 3796 2347 3834 esse
2379 3779 2650 3834 mundus.

2304 3872 2386 3924 ll.
2424 3870 2517 3922 Est
2546 3872 2819 3938 praeterea
2862 3866 2919 3919 in
2958 3865 3080 3935 ipsa
3130 3864 3355 3917 civitate
3406 3864 3520 3917 alia
3568 3862 3796 3917 ecclesia
3839 3856 3895 3911 ad

2226 3956 2525 4011 meridiem
2564 3956 2622 4009 in
2658 3961 2853 4009 monte
2892 3955 3049 4021 Sion,
3084 3970 3212 4024 quae
3243 3953 3453 4007 dicitur
3482 3953 3668 4007 sancti
3705 3951 3895 4005 Simeo-

2227 4047 2335 4112 nis,
2368 4046 2467 4099 ubi
2502 4044 2778 4098 Dominus
2824 4043 2960 4096 lavit
3001 4043 3172 4113 pedes
3214 4042 3633 4112 discipulorum
3665 4052 3896 4099 suorum,

2227 4134 2285 4188 in
2313 4151 2425 4205 qua
2454 4133 2663 4204 pendet
2688 4132 2884 4202 spinea
2920 4132 3145 4185 Domini
3176 4147 3405 4185 corona.
3441 4132 3506 4185 In
3531 4132 3638 4185 hac
3660 4129 3899 4183 defuncta

2226 4222 2471 4277 traditur
2500 4226 2693 4275 sancta
2723 4221 2893 4275 Maria
2926 4236 2938 4274 :
2966 4221 3133 4290 juxta
3158 4235 3353 4290 quam,
3386 4235 3587 4273 versus
3620 4218 3897 4275 orientem,

2159 4306 2199 4358 Ι)
2230 4316 2315 4365 est
2354 4311 2587 4364 ecclesia
2635 4309 2694 4362 in
2740 4310 2960 4362 honore
3008 4308 3187 4361 sancti
3233 4307 3531 4377 Stephani,
3586 4308 3643 4360 in
3697 4307 3809 4358 loco
3852 4302 3901 4352 iu

2232 4417 2346 4471 quo
2422 4399 2703 4469 lapidatus
2779 4396 3068 4450 asseritur.
3154 4396 3501 4449 Indirectum
3587 4400 3775 4448 autem
3843 4388 3900 4442 ad

2232 4489 2508 4542 orientem
2556 4492 2639 4540 est
2683 4487 2924 4540 Ecclesia
2964 4488 3025 4539 in
3064 4486 3281 4538 honore
3317 4484 3464 4537 beati
3504 4484 3681 4550 Petri,
3715 4483 3772 4535 in
3798 4481 3902 4532 loco

2229 4577 2287 4630 in
2314 4593 2428 4647 quo
2458 4576 2763 4629 Dominum
2792 4575 3035 4645 negavit.
3070 4575 3153 4627 Ad
3184 4573 3515 4644 aquilonem
3541 4579 3625 4627 est
3648 4569 3901 4638 templum

2230 4664 2569 4730 Salomonis,
2604 4664 2818 4718 habens
2852 4678 3200 4734 synagogam
3231 4663 3672 4716 Saracenorum.
3703 4660 3779 4714 Ad
3811 4671 3906 4709 me-

2232 4753 2437 4807 ridiem
2470 4757 2604 4806 sunt
2632 4757 2808 4823 portae
2844 4752 3063 4817 ferrem,
3102 4768 3205 4823 per
3234 4767 3374 4821 quas
3413 4751 3656 4821 angelus
3702 4741 3904 4802 Domini

2232 4841 2429 4895 eduxit
2476 4842 2704 4894 Petrum
2767 4839 2835 4892 de
2890 4855 3133 4905 carcere,
3192 4855 3319 4909 qua:
3378 4844 3578 4908 postea
3632 4853 3745 4891 non
3794 4835 3906 4885 sunt

2231 4935 2469 5000 apertas.

2310 5019 2389 5071 l2.
2428 5018 2505 5070 De
2555 5016 2905 5070 Hierusalem
2951 5016 3009 5068 in
3058 5016 3203 5069 valle
3249 5014 3522 5083 Josaphat
3572 5009 3819 5073 milliari,
3861 5010 3905 5058 et

2233 5104 2404 5158 habet
2441 5105 2626 5158 villam
2674 5104 3035 5157 Gethsemani
3066 5119 3195 5156 cum
3230 5103 3348 5155 loco
3381 5101 3697 5154 nativitatis
3727 5100 3905 5151 sancta:

2235 5194 2444 5259 Mariae,
2495 5194 2553 5245 in
2594 5210 2708 5263 quo
2753 5197 2835 5245 est
2880 5194 2939 5246 in
2976 5193 3194 5245 honore
3226 5191 3406 5261 ipsius
3436 5190 3676 5243 ecclesia
3706 5200 3907 5259 perma-

2234 5280 2403 5335 xima.
2440 5284 2501 5336 In
2532 5282 2655 5351 ipsa
2681 5298 2912 5352 quoque
2945 5282 3075 5334 villa
3107 5285 3189 5334 est
3225 5280 3457 5333 ecclesia
3486 5285 3702 5332 sancta:
3742 5274 3905 5331 MariIB

2236 5370 2499 5434 rotunda,
2550 5370 2647 5423 ubi
2698 5375 2781 5423 est
2828 5371 3151 5440 sepulcrum
3205 5369 3377 5434 illius,
3431 5367 3583 5438 quod
3642 5380 3810 5435 supra
3859 5374 3905 5411 se
