4022 6178
142 299 227 351 573
1211 291 1791 349 WANDALBERTUS

1966 290 2104 347 ITIA
2140 292 2529 348 HISTORICA.

3506 299 3608 353 574

140 431 327 482 tectum
358 439 468 477 non
496 423 684 489 habet,
714 421 967 492 pluviam
1002 421 1237 476 minime
1268 422 1504 492 patitur.
1559 425 1621 478 In
1663 423 1788 494 ipso
1828 427 1869 480 A
1903 422 1998 476 ubi
2036 423 2397 477 celebrantur
2429 424 2635 478 missas.
2688 424 2853 478 Juxta
2886 424 3034 479 hanc
3078 427 3375 483 ecclesiam
3420 434 3505 485 est
3530 432 3598 485 ad

138 515 286 569 etiam
318 512 437 565 loco
470 517 558 565 est
586 511 821 565 ecclesia
852 512 912 564 in
945 527 1058 581 quo
1096 512 1374 565 Dominus
1404 512 1649 566 traditus
1691 518 1793 567 est.

141 601 387 656 Habetibi
419 605 661 670 quatuor
697 614 920 653 mensas
967 600 1243 653 rotundas
1285 600 1467 655 Cinnas
1498 601 1697 671 ipsius.
1736 604 1799 657 In

136 690 260 743 valle
290 704 514 759 quoque
558 689 826 757 Josaphat
859 692 945 741 est
994 688 1229 741 ecclesia
1276 688 1335 740 in
1369 688 1588 742 honore
1620 689 1801 744 sancti

140 778 335 843 Leonis,
379 778 435 831 in
471 794 585 848 qua
632 777 841 830 dicitur
888 782 1161 831 venturus
1213 778 1489 831 Dominus
1538 779 1605 833 ad
1647 779 1801 849 judi-

136 868 284 920 cium.

200 958 272 1009 l3.
324 954 452 1008 Inde
509 959 788 1008 venerunt
834 954 893 1007 in
942 959 1203 1008 montem
1252 955 1477 1021 Oliveti,
1529 956 1588 1009 in
1638 958 1801 1026 cujus

136 1043 344 1097 declivio
373 1043 691 1096 ostenditur
712 1043 871 1095 locus
892 1042 1165 1096 orationis
1194 1043 1418 1097 Domini
1446 1044 1515 1097 ad
1550 1046 1797 1099 Patrem.

136 1135 186 1186 ln
224 1134 389 1185 latere
437 1137 631 1184 autem
676 1132 929 1201 przedicti
958 1133 1172 1186 montis
1201 1128 1523 1187 ostenditur
1547 1134 1706 1187 locus
1740 1133 1801 1187 in

135 1238 229 1290 quo
258 1219 519 1273 Pharisaei
551 1220 910 1274 deduxerunt
936 1224 1002 1275 ad
1032 1221 1340 1275 Dominum
1374 1222 1671 1276 mulierem
1701 1222 1798 1276 de-

136 1309 446 1378 prehensam
480 1307 542 1361 in
585 1309 887 1361 adulterio.
937 1309 1190 1363 Habetur
1232 1309 1311 1363 ibi
1341 1310 1575 1364 ecclesia
1604 1311 1662 1364 in
1694 1311 1802 1364 ho-

135 1412 250 1449 nore
292 1396 465 1449 sancti
523 1397 783 1461 Joannis,
831 1396 889 1449 in
938 1413 1052 1466 qua
1100 1404 1358 1451 servatur
1406 1399 1687 1468 scriptura
1740 1399 1799 1452 in

137 1484 300 1555 lapide
333 1500 657 1537 marmoreo
689 1501 861 1555 quam
898 1485 1175 1538 Dominus
1215 1486 1441 1555 scripsit
1470 1486 1528 1539 in
1556 1491 1727 1539 terra.

200 1575 269 1627 li.
304 1574 364 1627 lu
410 1574 707 1627 cacumine
753 1580 943 1627 autem
993 1574 1197 1644 saepius
1234 1574 1367 1628 dicti
1401 1575 1634 1639 montis,
1671 1574 1800 1627 mil-

137 1660 242 1715 liari
275 1665 293 1715 1
326 1679 354 1715 a
379 1662 523 1715 valle
555 1662 845 1732 Josaphat,
883 1673 966 1717 est
1009 1663 1169 1717 locus
1194 1664 1542 1718 ascensionis
1572 1663 1803 1717 Domini

137 1751 195 1803 ad
230 1752 464 1805 Patrem.
500 1751 748 1805 Habetur
776 1751 857 1805 ibi
900 1752 1135 1806 ecclesia
1164 1752 1411 1807 rotunda
1462 1752 1583 1806 sine
1631 1757 1798 1821 tecto,

136 1838 181 1891 in
206 1839 353 1907 cujus
387 1839 600 1902 medio,
648 1838 757 1892 hoc
804 1844 890 1893 est
918 1839 979 1892 in
1011 1840 1135 1893 loco
1169 1840 1516 1894 ascensionis
1548 1840 1796 1903 Domini,

136 1926 349 1979 habetur
378 1928 557 1980 altare
605 1927 709 1981 sub
748 1927 878 1982 divo
926 1934 1150 1999 patens,
1188 1930 1246 1983 in
1279 1945 1394 1999 quo
1445 1928 1802 1982 celebrantur

137 2015 387 2068 solemnia
418 2016 745 2069 missarum.

198 2107 268 2157 15.
302 2105 434 2159 Inde
477 2110 856 2174 perrexerunt
885 2122 917 2159 a
948 2106 1241 2174 Bethania,
1295 2123 1423 2176 qua:
1467 2110 1549 2160 est
1581 2106 1649 2160 ad
1682 2121 1801 2159 me-

138 2191 331 2259 ridiem,
365 2193 583 2247 distans
631 2210 664 2247 a
694 2199 888 2248 monte
938 2195 1139 2248 Oliveti
1184 2194 1415 2249 milliari
1449 2212 1584 2261 uno,
1614 2195 1671 2248 in
1705 2195 1799 2249 de-
1842 2218 1851 2227 ι

138 2297 306 2334 scensu
337 2282 487 2335 illius
520 2282 757 2350 montis,
802 2283 865 2336 in
909 2300 1022 2353 quo
1054 2288 1138 2338 est
1178 2284 1605 2346 monasterium,
1639 2284 1801 2353 cujus

140 2369 341 2422 ecclesia
390 2372 719 2440 sepulcrum
780 2377 1062 2426 monstrat
1115 2373 1308 2426 Lazari
1371 2390 1384 2427 :
1433 2374 1593 2442 juxta
1646 2373 1801 2443 quod

140 2464 205 2510 est
233 2458 437 2527 piscina
467 2461 539 2513 ad
570 2461 923 2531 aquilonem,
976 2460 1035 2514 in
1063 2478 1176 2532 qua
1209 2463 1376 2532 jussu
1409 2462 1634 2515 Domini
1666 2462 1803 2515 lavit

139 2561 186 2599 se
232 2547 341 2617 ipse
397 2549 643 2603 Lazarus
712 2549 1097 2619 resuscitatus,
1152 2551 1252 2621 qui
1327 2550 1535 2604 dicitur
1604 2556 1802 2621 postea

140 2636 384 2690 exstitisse
416 2638 720 2708 episcopus
753 2638 811 2691 in
858 2639 1078 2708 Epheso
1110 2654 1179 2694 Χῖ,
1214 2639 1397 2693 annis.
1437 2641 1497 2693 ln
1528 2639 1799 2693 descensu

140 2724 282 2777 etiam
335 2728 403 2779 de
462 2732 659 2781 monte
712 2727 915 2783 Oliveti
971 2729 1041 2783 ad
1097 2729 1508 2783 occidentalem
1572 2730 1800 2799 plagam

139 2816 419 2869 ostenditur
444 2833 701 2870 marmor
734 2818 802 2871 de
843 2835 957 2888 quo
999 2818 1294 2872 descendit
1328 2819 1605 2872 Dominus
1630 2835 1803 2889 supra

140 2903 328 2970 pullum
359 2906 553 2959 asinae.
590 2907 744 2959 Inter
769 2907 889 2959 haec
922 2907 981 2959 in
1012 2907 1216 2960 vallem
1242 2907 1537 2977 Josaphat,
1571 2908 1643 2961 ad
1676 2924 1802 2961 me-

140 2991 332 3057 ridiem,
362 2999 445 3047 est
471 2994 755 3047 natatoria
785 2994 958 3049 Siloe.

201 3084 270 3135 16.
319 3083 449 3136 lnde
493 3083 851 3136 transierunt
896 3084 954 3136 in
1005 3084 1359 3147 Bethlehem,
1398 3084 1495 3137 ubi
1530 3086 1802 3138 Dominus

141 3169 227 3222 fuit
254 3177 431 3237 natus,
462 3172 688 3225 habens
732 3188 786 3225 v1
835 3172 1034 3225 millia.
1087 3173 1361 3227 Ostensus
1405 3178 1488 3226 est
1519 3173 1629 3227 illis
1661 3190 1807 3227 cam-

143 3273 228 3324 pus
255 3259 305 3310 in
337 3276 448 3329 quo
480 3260 784 3313 laborabat
815 3260 1076 3314 Habacuc
1118 3278 1247 3315 cum
1298 3263 1537 3331 angelus
1579 3262 1806 3316 Domini

137 3346 282 3411 jussit
308 3348 357 3400 ei
386 3348 701 3417 prandium
730 3348 881 3402 ferre
913 3350 1132 3403 Danieli
1179 3349 1237 3403 in
1272 3351 1639 3420 Babylonem,
1677 3367 1805 3421 quae

144 3440 210 3485 est
259 3437 321 3489 ad
381 3437 709 3503 meridiem,
768 3438 871 3491 ubi
936 3439 1195 3508 regnavit
1262 3440 1803 3505 Nabuchodonosor,

144 3537 285 3589 quam
316 3541 463 3579 nunc
496 3531 794 3594 serpentes
838 3542 903 3579 ac
949 3527 1145 3580 bestiae
1201 3528 1541 3581 inhabitant.
1584 3529 1805 3582 Bethle-

143 3610 250 3663 hem
280 3629 405 3682 ergo
439 3613 615 3667 habet
644 3614 941 3667 ecclesiam
978 3615 1138 3668 valde
1169 3632 1439 3686 magnam
1490 3616 1545 3669 in
1588 3618 1807 3670 honore

144 3706 319 3754 sancta:
350 3704 556 3769 Mariae,
592 3702 651 3756 in
681 3703 844 3773 cujus
884 3703 1073 3757 medio
1107 3710 1192 3757 est
1234 3705 1515 3774 scriptura
1544 3706 1648 3759 sub
1691 3722 1806 3758 uno

142 3787 323 3857 lapide,
355 3792 515 3861 cujus
558 3792 829 3844 introitus
860 3798 945 3845 est
977 3810 1007 3845 a
1039 3793 1309 3858 meridie;
1357 3794 1542 3846 exitus
1572 3810 1704 3846 vero
1737 3794 1807 3847 ad

144 3878 409 3944 orientem,
443 3881 500 3933 in
536 3897 653 3951 quo
700 3881 1023 3934 ostenditur
1065 3883 1413 3952 praesepium
1468 3883 1692 3936 Domini
1737 3883 1805 3937 ad

144 3964 460 4023 occidentem
504 3968 689 4039 ipsius
733 3969 1050 4038 scripturae.
1112 3970 1290 4023 Locus
1340 3974 1532 4024 autem
1578 3972 1638 4023 in
1694 3987 1808 4042 quo

147 4053 383 4109 Dominus
428 4057 628 4128 vagiit,
683 4062 766 4111 est
808 4058 880 4111 ad
931 4058 1229 4113 orientem.
1280 4059 1459 4112 Habet
1508 4059 1588 4112 ibi
1628 4061 1807 4113 altare

1908 511 2209 565 meridiem
2239 512 2473 565 ecclesia
2502 512 2798 566 beatorum
2826 520 3144 585 martyrum
3175 517 3598 573 Innocentium.

1910 599 2171 653 Milliario
2203 598 2452 669 denique
2484 616 2596 653 uno
2623 617 2655 652 a
2689 601 3015 655 Bethlehem
3064 608 3149 656 est
3188 608 3600 661 monasterium

1910 693 2236 741 sanctorum
2271 693 2587 757 pastorum,
2642 689 2852 758 quibus
2882 690 3118 760 angelus
3169 692 3393 746 Domini
3425 710 3601 764 appa-

1909 779 2024 829 ruit
2068 777 2127 829 iu
2179 776 2471 829 nativitate
2520 777 2767 829 Domini.
2818 778 2900 831 Ad
2932 783 3284 847 postremum
3330 797 3438 834 xxx
3469 782 3604 834 mil-

1908 865 2088 919 liariis
2111 864 2179 918 ab
2203 865 2553 918 Hierusalem
2588 871 2672 918 est
2703 866 2965 919 Jordanis
2993 867 3064 921 ad
3095 867 3399 935 orientem,
3435 886 3606 940 super

1910 969 2083 1024 quem
2129 959 2213 1007 est
2257 954 2669 1007 monasterium
2711 954 2890 1007 sancti
2918 955 3152 1008 Joannis
3205 957 3490 1026 Baptistae.
3539 959 3603 1012 In

1910 1042 2118 1112 quibus
2170 1058 2401 1112 quoque
2462 1043 2596 1095 locis
2642 1044 2821 1095 multa
2864 1044 3181 1098 consistunt
3235 1046 3601 1099 monasteria.

1912 1132 2004 1185 Est
2060 1132 2210 1184 inter
2263 1132 2383 1184 lizec
2444 1132 2513 1185 ad
2575 1132 2984 1186 occidentalem
3045 1135 3274 1204 plagam
3333 1136 3605 1189 Hieroso-

1910 1220 2079 1290 lyma:
2108 1220 2355 1274 civitatis
2389 1220 2656 1274 milliario
2687 1237 2801 1274 uno
2834 1222 3067 1275 ecclesia
3092 1228 3299 1276 sancta1
3322 1223 3603 1292 Mamillae,

1910 1309 1967 1361 in
1999 1325 2112 1378 qua
2139 1312 2272 1363 sunt
2304 1309 2479 1362 multa
2523 1324 2763 1379 corpora
2794 1314 3131 1379 martyrum,
3166 1311 3265 1380 qui
3314 1328 3346 1364 a
3378 1312 3606 1366 Sarace-

1912 1397 2001 1451 nis
2032 1397 2315 1451 interfecti
2341 1399 2412 1452 ab
2440 1399 2564 1468 ipsa
2597 1404 2729 1452 sunt
2768 1398 2849 1452 ibi
2879 1399 3185 1468 diligenter
3215 1401 3451 1457 conditi.

1987 1490 2069 1539 l7.
2106 1486 2181 1539 De
2235 1486 2585 1539 Hierusalem
2635 1487 2997 1540 intraverunt
3028 1487 3085 1539 in
3117 1504 3296 1553 mare,
3349 1494 3406 1542 et
3437 1503 3607 1543 vene-

1912 1580 2049 1628 runt
2100 1576 2170 1627 ad
2228 1575 2786 1644 Montem-Aureum,
2846 1575 2945 1629 ubi
2999 1581 3082 1630 est
3135 1583 3333 1647 crypta
3393 1578 3610 1631 habens

1912 1663 1991 1717 ibi
2022 1680 2095 1717 vn
2126 1663 2345 1717 altaria.
2374 1664 2549 1719 liabet
2567 1664 2741 1718 etiam
2773 1680 2945 1735 supra
2975 1681 3034 1719 se
3074 1666 3275 1719 silvam
3305 1682 3602 1735 magnam;

1910 1753 1971 1807 in
2015 1770 2127 1824 qua
2167 1758 2362 1824 crypta
2395 1769 2561 1807 nemo
2596 1758 2785 1823 potest
2815 1770 2933 1823 prie
2965 1754 3311 1808 obscuritate
3343 1756 3608 1809 tenebra-

1912 1859 2040 1895 rum
2071 1842 2308 1909 intrare,
2351 1842 2459 1895 nisi
2490 1858 2621 1895 cum
2654 1842 2903 1895 accensis
2952 1842 3351 1898 luminaribus.
3394 1843 3610 1897 Ibidem

1911 1930 2022 1984 fuit
2044 1931 2218 1984 abbas
2248 1931 2493 1984 domnus
2518 1931 2871 1985 Valentinus.

1986 2022 2069 2073 18.
2148 2020 2225 2073 De
2306 2020 2717 2073 Monte-Aurea
2767 2023 3156 2089 pervenerunt
3216 2019 3287 2073 ad
3343 2021 3607 2084 Romam,

1910 2107 2062 2161 intra
2111 2124 2283 2178 quam
2342 2108 2541 2162 urbem
2590 2109 2662 2162 ad
2711 2108 3051 2162 orientalem
3104 2113 3347 2179 partem,
3386 2108 3444 2161 in
3484 2109 3610 2163 loco

1912 2196 2011 2267 qui
2061 2198 2272 2251 dicitur
2327 2196 2634 2263 Lateranis,
2669 2200 2754 2251 est
2783 2198 3022 2251 ecclesia
3076 2197 3136 2250 in
3186 2198 3404 2252 honore
3431 2197 3612 2251 sancti

1908 2286 2145 2339 Joannis
2200 2286 2468 2355 Baptistae
2516 2285 2662 2340 bene
2706 2286 3042 2356 composita,
3094 2287 3192 2340 ubi
3246 2292 3332 2339 est
3377 2285 3613 2356 propria

1911 2375 2070 2428 sedes
2121 2377 2515 2444 apostolorum
2578 2375 2721 2446 [ch.
2778 2375 3269 2445 apostolicorumj.
3329 2375 3410 2429 Ad
3461 2373 3610 2428 occi-

1911 2464 2198 2517 dentalem
2252 2469 2445 2518 autem
2499 2470 2727 2534 partem
2780 2469 2867 2518 est
2929 2464 3165 2518 ecclesia
3214 2463 3367 2517 beati
3437 2462 3608 2529 Petri,

1910 2552 2185 2622 principis
2243 2554 2658 2622 apostolorum,
2709 2552 2808 2605 ubi
2862 2553 2986 2622 ipse
3033 2552 3357 2622 requiescit,
3405 2551 3497 2604 cui
3552 2550 3612 2604 in

1910 2642 2309 2712 magnitudine
2351 2658 2467 2694 non
2527 2646 2612 2695 est
2669 2640 2872 2695 similis
2922 2641 3160 2695 ecclesia
3222 2643 3281 2693 in
3348 2640 3613 2694 universa

1911 2735 2085 2795 terra,
2112 2747 2240 2801 quae
2264 2730 2518 2783 continet
2548 2730 2723 2783 etiam
2755 2735 3096 2783 ornamenta
3129 2729 3371 2783 diversa.
3406 2730 3469 2781 In
3500 2744 3612 2798 qua

1911 2819 2083 2872 etiam
2134 2819 2406 2888 priedicta
2446 2819 2585 2871 urbe
2619 2817 3065 2871 innumerabilia
3114 2833 3354 2887 corpora
3385 2820 3612 2869 sancto-

1912 2923 2041 2960 rum
2093 2907 2480 2977 requiescunt.
2544 2907 2676 2959 Inde
2726 2910 3008 2959 venerunt
3056 2906 3122 2959 ad
3192 2912 3453 2958 sanctum
3512 2905 3611 2959 Mi-

1912 2996 2165 3049 chaelem
2209 2996 2281 3049 ad
2338 2995 2477 3048 duas
2542 2995 2808 3059 Tumbas,
2870 2994 2969 3064 qui
3025 2994 3185 3047 locus
3227 2997 3309 3046 est
3360 2993 3500 3045 situs
3550 2993 3612 3045 in

1916 3090 2111 3136 monte
2159 3082 2260 3150 qui
2312 3082 2630 3151 porrigitur
2678 3083 2737 3134 in
2785 3098 2941 3135 mare
2988 3098 3091 3151 per
3126 3082 3266 3134 duas
3296 3082 3502 3134 leucas.
3550 3081 3613 3133 In

1914 3170 2244 3223 summitate
2297 3170 2469 3238 hujus
2521 3170 2734 3223 montis
2797 3174 2884 3223 est
2941 3168 3196 3221 Ecclesia
3264 3167 3325 3220 in
3390 3168 3612 3221 honore

1914 3260 2092 3312 sancti
2129 3259 2440 3325 Michaelis,
2490 3265 2547 3311 et
2591 3259 2652 3312 in
2683 3258 2925 3312 circuitu
2955 3258 3111 3312 illius
3142 3258 3353 3311 montis
3392 3257 3612 3310 redun-

1914 3348 2010 3401 dat
2056 3364 2210 3401 mare
2251 3348 2509 3418 quotidie
2556 3348 2777 3401 duabus
2820 3347 3059 3415 vicibus,
3105 3346 3165 3400 id
3203 3349 3287 3399 est
3334 3361 3502 3399 mane
3556 3349 3615 3398 et

1912 3453 2171 3507 vespere,
2221 3441 2277 3491 et
2316 3454 2433 3489 non
2466 3442 2703 3507 possunt
2742 3436 3005 3489 homines
3041 3436 3197 3489 adire
3228 3441 3488 3488 montem
3518 3435 3614 3489 do-

1914 3542 2018 3579 nec
2078 3543 2230 3579 mare
2297 3525 2640 3580 discesserit.
2703 3525 2768 3578 In
2823 3525 3128 3578 festivitate
3184 3529 3378 3577 autem
3434 3521 3617 3575 sancti

1915 3615 2202 3669 Michaelis
2230 3631 2346 3668 non
2397 3614 2768 3684 conjungitur
2802 3630 2955 3666 mare
3012 3613 3072 3665 in
3123 3611 3502 3666 redundando
3553 3608 3616 3662 in

1916 3704 2153 3757 circuitu
2195 3704 2350 3757 illius
2400 3703 2635 3767 montis,
2700 3703 2795 3755 sed
2846 3707 2955 3755 stat
3006 3702 3188 3755 instar
3234 3715 3536 3759 murorum
3584 3714 3617 3750 a

1917 3792 2127 3846 dextris
2168 3797 2224 3844 et
2274 3809 2301 3845 a
2336 3791 2599 3845 sinistris.
2633 3793 2698 3844 Et
2728 3792 2788 3843 in
2819 3791 2941 3860 ipsa
2972 3791 3064 3843 die
3098 3789 3342 3843 solemni
3374 3792 3616 3858 possunt

1916 3898 2136 3947 omnes,
2172 3881 2501 3951 quicunque
2530 3881 2601 3934 ad
2644 3880 2972 3933 orationem
3022 3881 3302 3942 venerint,
3348 3876 3616 3930 omnibus

1918 3970 2076 4024 horis
2124 3970 2283 4024 adire
2329 3974 2583 4023 montem
2617 3987 2633 4021 :
2668 3968 2820 4039 quod
2866 3974 3059 4022 tamen
3110 3966 3235 4020 aliis
3264 3965 3466 4020 diebus
3498 3980 3617 4018 non

1918 4065 2179 4129 possunt.

1464 4284 1637 4328 ANNO
1684 4284 1911 4330 DOMINI
1962 4287 2240 4332 DCCCLXX
2252 4317 2266 4332 .

679 4426 3064 4660 WANDALBERTUS

1334 4708 1859 4774 PRUMIENSIS
1904 4712 2403 4775 MONACHUS.

1746 4836 2014 4844 r—_—

861 4924 1257 5016 NOTITIA
1304 4925 1825 5018 HISTORICA
1890 4930 1992 5018 IN
2039 4927 2877 5021 WANDALBEBTUM

1329 5082 1566 5145 (Fabric,
1605 5085 1854 5135 Biblioth.
1891 5088 2029 5136 med.
2062 5091 2113 5136 et
2136 5086 2229 5135 inf.
2268 5087 2407 5148 Lat.)

1692 5183 2022 5194 ——.

213 5249 653 5328 \‘t’ANpAnpenrus,
686 5251 964 5328 diaconus
1002 5255 1413 5328 et‘monachus
1462 5257 1813 5311 Prumiensis
1856 5260 1898 5313 D
1927 5258 1985 5312 in
2017 5258 2265 5313 editione
2297 5258 2486 5327 priore
2515 5257 2805 5328 Spicilegii
2840 5256 3283 5312 desiderabatur.
3316 5254 3477 5328 Adde
3505 5254 3621 5308 Tri-

157 5323 455 5396 monasterii
520 5324 682 5396 circa
736 5340 827 5377 an.
876 5326 998 5396 850.
1065 5324 1298 5394 Scripsit
1361 5329 1817 5396 Martyrologium

459 5395 609 5463 quod
665 5394 828 5447 Beda:
860 5395 1017 5463 prius
1057 5396 1459 5464 ascripserunt.
1500 5394 1813 5452 Editionem

157 5392 428 5446 carminice

364 5464 502 5517 Phil.
538 5465 795 5551 Labbeus
823 5466 1086 5551 promisit
1116 5466 1175 5520 in
1205 5467 1346 5551 Bib‘l.
1383 5485 1529 5551 nova
1564 5486 1718 5551 mss...
1754 5487 1810 5551 ρ.

158 5530 235 5610 iii:
264 5533 541 5610 integrum
587 5541 778 5610 au_tem
813 5530 1010 5610 edidit
1056 5538 1250 5610 Lucas
1282 5539 1586 5593 Dacherius
1616 5530 1809 5610 Spicil.

157 5603 274 5674 tom.
303 5605 362 5669 ll,
389 5603 449 5674 'p.
504 5610 587 5658 39.
640 5608 776 5660 Tom
812 5608 872 5671 V,

908 5625 963 5677 p.
1012 5613 1114 5663 3035
1165 5609 1433 5662 editionis
1472 5609 1679 5664 veteris
1710 5613 1814 5665 sub

159 5667 301 5726 ﬁnem
331 5667 485 5743 pica
516 5678 739 5731 additur
769 5667 993 5736 Carnien
1025 5680 1090 5733 de
1119 5680 1396 5735 Crcatione
1413 5683 1623 5749 mundi,
1660 5683 1813 5752 quod

1927 5330 2208 5401 themium
2266 5326 2335 5383 de
2393 5326 2663 5401 Scriptor.
2740 5330 2969 5393 Eccles.,
3039 5330 3303 5401 c.g3l6;_
3343 5326 3617 5401 Bulzeum,

1929 5401 2064 5454 Hist.
2103 5400 2355 5453 Univers.
2387 5397 2721 5454 Parisiensis
2753 5407 2907 5454 tomo
2942 5401 2981 5460 Ι,
3020 5416 3074 5469 ρ.
3107 5399 3239 5461 447ς
3281 5397 3620 5451 Bollandum

1927 5472 1985 5524 in
2015 5471 2349 5542 praefatione
2371 5472 2627 5542 generali
2649 5472 2719 5525 ad
2752 5476 2889 5524 Acta
2918 5472 3444 5542 Sanctorum,_ante
3477 5473 3615 5521 tom.

1932 5543 1951 5594 l
1994 5533 2271 5609 Januarii,
2319 5533 2523 5613 pfSt;
2577 5542 2881 5597 Baronium
2927 5543 2996 5594 de
3042 5540 3405 5613 Martyrolog.
3455 5555 3504 5592 c.
3556 5543 3616 5593 9:

1925 5613 2248 5677 Sollerium,
2296 5610 2456 5684 praef.
2506 5610 2575 5666 ad
2612 5613 2850 5667 Usuardi
2883 5610 3370 5684 Martyrologium,
3402 5626 3528 5684 cap.
3566 5614 3617 5664 l.

1923 5684 2080 5738 artic.
2119 5688 2170 5738 3.
2215 5682 2396 5740 Vitam
2422 5690 2471 5738 et
2498 5685 2767 5738 miracula
2797 5685 2849 5738 δ.
2896 5684 3089 5739 Goaris
3125 5683 3429 5752 presbyteri
3446 5682 3619 5751 jussu
