4044 6174
433 297 537 347 575

1518 293 1671 346 ννΑΝ
1682 293 2031 348 DALBERTI
2074 293 2491 349 PRUMIENSIS
2530 291 2840 347 MONACHI

3793 300 3875 351 576

435 431 782 495 Marcwardi,
815 430 1035 484 abbatis
1063 428 1153 481 sui
1203 427 1541 498 conscripsit
1582 427 1805 481 circiter
1863 444 1952 481 an.
2001 430 2125 493 939,
2166 431 2211 483 A
2244 427 2427 481 Codex
2457 425 2798 480 cathedralis
2831 442 2844 479 :

432 503 642 555 editam
670 519 701 555 a
730 502 893 555 Surio
924 499 1014 553 die
1045 502 1075 552 6
1124 498 1290 565 Julii;
1322 498 1668 565 Mabillonio,
1700 498 1916 553 Saeculo
1943 516 1982 551 ιι
2018 501 2125 553 Be-

434 572 740 638 nedictino,
778 588 835 640 p.
866 573 986 624 281.
1020 572 1290 623 Miracula
1324 576 1567 635 tantum,
1610 570 1818 623 omissa
1848 570 1993 633 Vita,
2028 570 2123 622 de-

433 643 515 695 dit
542 644 700 695 Joan.
746 641 940 694 Pinius
973 642 1029 693 in
1077 642 1230 694 Actis
1277 640 1634 705 Sanctorum,
1679 647 1835 693 tomo
1886 641 1935 695 Il
1965 641 2122 705 Julii,

431 728 488 780 p.
528 716 649 766 337.
700 712 833 765 Vide
882 712 1170 766 Oudinum
1220 717 1378 764 tomo
1429 712 1493 776 ll,
1551 729 1606 781 p.
1648 713 1768 778 149,
1812 711 1948 763 Hist.
1990 711 2122 776 litt.,

432 783 601 848 Gall.,
635 787 774 835 tom.
808 783 869 848 V,
906 799 961 851 p.
1000 786 1121 836 377.
1176 782 1525 835 Prmteriisse
1573 782 1797 851 pigeret
1838 782 2054 835 editum
2094 800 2125 835 a

432 853 705 907 Dacherio
766 853 1148 907 Wandalberti
1202 854 1664 921 Martyrologium
1716 853 2124 921 interpolatum

430 939 573 991 esse,
620 924 810 993 siquid
862 924 1013 977 aliud
1049 924 1310 976 maxime.
1352 924 1634 992 Inlegrius
1665 940 1727 976 ac
1754 925 1953 993 purius
1984 924 2123 993 legi-

428 1001 523 1046 tur
555 994 611 1046 in
643 1011 784 1059 ms.,
818 995 1011 1047 codice
1044 995 1408 1049 Bibliotheca:
1437 994 1857 1047 Canonicorum
1887 994 1944 1048 S.
1978 995 2121 1048 Mar-

430 1064 538 1117 tini
574 1065 859 1118 Lucensis.
910 1066 1371 1134 lnterpolationis
1420 1065 1589 1133 hujus
1643 1066 1873 1118 unicum
1922 1066 2032 1117 hoc
2061 1081 2125 1118 ex

432 1136 631 1188 multis
689 1136 979 1206 specimen
1042 1137 1133 1189 bic
1192 1134 1580 1189 exhibendum
1628 1137 1772 1189 duco
1821 1151 1883 1188 ex
1930 1151 2126 1189 mense

428 1207 701 1330 Jaguario
734 1214 1050 1277 acceptum.
1100 1206 1182 1260 Ibi
1231 1223 1366 1259 vero
1426 1208 1505 1260 ita
1550 1207 1692 1277 legit
1740 1206 2127 1260 Dacherianus

430 1291 495 1330 co
543 1293 609 1329 ex
643 1293 657 1329 :

430 1291 609 1330 COGBX
643 1293 657 1329 ι

554 1400 685 1448 Tum
720 1400 888 1463 pridie
919 1413 1088 1449 nonas
1114 1400 1339 1463 Augenti
1370 1400 1502 1448 festa
1525 1402 1825 1457 recurrunt,

2363 524 2494 572 Tum
2525 523 2690 586 pridie
2721 536 2891 571 nonas
2920 522 3079 586 Aggei
3110 522 3241 571 festa
3265 528 3555 572 recurrunt.

2243 614 2326 667 Ita
2360 613 2617 682 profecto
2667 612 2889 682 scripsit
2933 612 3398 679 Waudalbertus;
3444 629 3567 665 cum
3610 614 3771 683 Aggei
3800 632 3881 668 cu-

2233 684 2464 753 jusdam
2501 684 2763 753 martyris
2795 699 3007 736 nomen
3038 684 3142 735 hac
3180 683 3301 753 ipsa
3333 684 3424 737 die
3458 684 3513 736 in
3538 684 3881 755 Hieronymia-

2240 755 2330 808 nis
2363 756 2595 807 vetustis
2628 755 3053 822 martyrologiis
3081 760 3343 807 occurrat
3392 771 3405 807 :
3458 756 3556 807 hoc
3582 756 3736 824 igitur
3772 758 3882 809 sub-

2240 826 2356 879 lato
2390 833 2635 895 martyre
2666 826 2856 877 minus
2901 831 3055 890 noto,
3109 826 3353 877 alterum
3396 825 3502 877 sibi
3550 825 3685 878 forte
3730 828 3883 896 magis

2242 897 2523 949 celebrem
2554 900 2880 964 Augentum
2908 912 3008 947 seu
3034 897 3372 964 Augendum
3400 896 3756 965 interpolator
3773 900 3882 949 sub-

2242 969 2457 1029 stituit;
2490 968 2599 1019 nisi
2631 968 2773 1019 forte
2807 982 2921 1018 non
2953 966 3397 1035 interpolatoris,
3427 967 3519 1018 sed
3551 967 3779 1035 imperiti
3807 983 3884 1019 ex-

2242 1038 2537 1108 scriptoris
2569 1038 2675 1090 hoc
2707 1037 2909 1089 vitium
2940 1054 3062 1089 esse
3095 1037 3387 1090 malueris.
3430 1038 3553 1089 Haec
3586 1038 3746 1106 igitur
3772 1038 3883 1090 dum

2242 1112 2451 1175 recolo,
2493 1109 2649 1161 subit
2693 1108 2951 1160 animum
2998 1109 3268 1176 cogitatio
3297 1124 3435 1160 num
3462 1123 3643 1176 operae
3672 1108 3883 1175 pretium

2241 1179 2493 1232 facturus
2524 1179 2627 1231 sim
2670 1181 2715 1231 si
2763 1194 2965 1230 novam
3002 1179 3389 1247 Martyrologii
3424 1179 3587 1246 hujus
3616 1178 3885 1231 editionem

2241 1251 2478 1315 moliar;
2502 1249 2652 1319 quod
2678 1254 3000 1319 opportune
3027 1254 3164 1301 tunc
3194 1249 3535 1317 praestitero,
3568 1264 3688 1301 cum
3717 1264 3887 1301 novam

2240 1320 2623 1389 Martyrologii
2672 1336 2705 1372 a
2758 1320 3086 1372 Florentino
3126 1319 3328 1387 gentili
3377 1335 3506 1371 meo
3538 1319 3714 1371 excusi
3742 1320 3886 1372 editio

2237 1408 2304 1445 ex
2333 1392 2554 1460 integro
2586 1407 2740 1443 a-me
2776 1392 3055 1443 recensita
3104 1390 3383 1460 novisque
3421 1390 3810 1443 accessionibus
3838 1390 3889 1445 il-

2239 1463 2473 1515 lustrata
2504 1462 2826 1531 proferetur
2853 1460 2912 1513 in
2941 1461 3143 1516 lucem.

1545 1731 2832 1836 WANDALBEBTI

1819 1896 2215 1946 PRUMIENSIS
2249 1896 2542 1945 MONACHI

1084 2022 3291 2186 MARTYROLOGIUM.

1640 2243 1814 2307 (Apud
1848 2244 2148 2301 Acherium,
2179 2244 2445 2308 Spicilegii
2470 2248 2614 2294 tomo
2643 2245 2731 2307 II.)

1923 2445 2454 2518 MONITUM.

506 2704 887 2773 Exscripserat
949 2719 1048 2756 sua
1110 2719 1284 2756 manu
1350 2704 1735 2757 Wandalberti
1793 2704 2125 2772 Martyrolo-
2168 2705 2208 2757 Β

434 2774 593 2845 gium
626 2774 986 2829 doctissimus
1036 2774 1307 2837 Bigotius,
1344 2790 1471 2827 cum
1516 2775 1800 2827 Butaviam
1838 2775 2124 2840 inviseret,

435 2863 465 2898 e
504 2846 695 2899 codice
726 2846 934 2915 scripto
966 2846 1139 2899 lsaaci
1170 2846 1370 2909 Vossii,
1404 2845 1508 2897 viri
1536 2846 1801 2898 comitate
1828 2846 2126 2914 singulari,

434 2931 497 2968 ac
527 2916 783 2985 politiori
840 2917 1158 2969 litteratura
1195 2918 1621 2985 multarumque
1664 2932 1857 2968 rerum
1892 2917 2128 2969 scientia

432 2987 750 3040 clarissimi.
797 2988 1197 3055 Ascripserant
1244 2987 1383 3039 falso
1435 2987 1818 3040 Wandalberti
1857 2987 2127 3057 Martyro-

434 3058 652 3127 logium
682 3057 1004 3111 Venerabili
1039 3058 1197 3111 Beda!
1219 3058 1584 3122 Basileenses,
1622 3057 1760 3111 illud
1791 3058 1913 3125 ejus
1948 3059 2125 3127 Ephe-

434 3128 752 3181 meridibus
783 3135 1145 3181 accensentes
1178 3145 1307 3180 ann.
1348 3131 1511 3193 1563;
1545 3130 1752 3181 deinde
1790 3129 2041 3182 Molauus
2069 3130 2128 3181 in

434 3199 559 3252 dies
592 3198 964 3252 distributum
1000 3200 1238 3253 Usuardi
1266 3199 1841 3269 Martyrologio,cuso
1875 3199 2128 3253 Coloniae

433 3286 568 3322 ann.
607 3272 761 3333 1568,
792 3270 1089 3323 subductis
1119 3270 1374 3321 versibus
1407 3268 1719 3334 nonnullis,
1752 3270 2082 3323 interseruit
2112 3287 2124 3322 :

436 3356 588 3392 nunc
621 3340 911 3408 integrum
937 3357 1039 3392 suo
1085 3342 1302 3393 auctori
1331 3357 1394 3393 ac
1426 3341 1599 3393 nitori
1632 3341 1982 3407 restitutum,
2014 3357 2129 3393 una

433 3426 561 3463 cum
612 3410 1049 3479 praefationibus
1080 3413 1265 3462 soluta
1305 3417 1361 3463 et
1390 3412 1582 3463 stricta
1615 3411 1873 3463 oratione
1898 3411 2129 3464 concin-

436 3480 607 3546 natis,
662 3487 833 3549 atque
882 3480 949 3533 iis
999 3497 1127 3550 qua:
1188 3481 1651 3549 Martyrologium
1697 3481 2131 3550 subsequuntur

438 3551 559 3619 (illa
589 3551 831 3619 ipsemet
864 3551 1088 3603 Vossius
1118 3550 1416 3619 descripsit
1446 3552 1716 3621 misitque
1739 3552 1803 3604 ad
1830 3552 2127 3620 praefatum

438 3622 724 3689 Bigotium
765 3637 893 3673 cum
935 3621 1225 3689 Spicilegii
1256 3626 1411 3673 tomo
1446 3623 1482 3672 V
1517 3622 1689 3675 tinem
1723 3622 2129 3690 imponerem),

435 3690 631 3815 grodit
661 3692 719 3743 in
752 3691 954 3744 lucem.
990 3692 1068 3744 De
1122 3692 1519 3772 Wandalberto
1567 3708 1746 3762 pauca
1793 3693 1913 3745 haec
1960 3693 2131 3746 habet

478 3762 755 3815 imbertus
787 3778 909 3815 can.
967 3764 1064 3815 128
1095 3762 1164 3815 de
1198 3763 1585 3815 Scriptoribus
1616 3764 1822 3815 Eccles.
1857 3781 1870 3815 :
1910 3786 1931 3812 α
1963 3766 2129 3815 Wan-

478 3762 755 3830 igibertus
787 3778 909 3831 cap.
967 3764 1064 3816 128
1095 3762 1164 3815 de
1198 3763 1585 3831 Scriptoribus
1616 3764 1822 3817 Eccles.
1857 3781 1870 3817 :
1910 3786 1931 3812 «
1963 3766 2129 3817 Wan-

436 3832 729 3905 dalbertus
782 3834 1008 3902 scripsit
1064 3834 1525 3903 Martyrologium
1598 3836 1832 3888 metrico
1882 3835 2046 3905 stylo.
2099 3856 2127 3883 ››

436 3902 782 3956 Trithemius
838 3920 971 3956 vero
1035 3902 1213 3972 plura
1247 3906 1315 3957 de
1363 3906 1507 3957 Viris
1555 3905 1874 3959 illustribus
1916 3902 2132 3959 ordinis

434 3973 489 4027 S.
529 3974 835 4035 Benedicti,
868 3991 993 4043 cap.
1030 3978 1095 4028 36
1130 3992 1142 4029 :
1182 3997 1208 4022 ‹‹
1250 3976 1708 4039 Wandalbertus,
1753 3977 2026 4028 diaconus
2075 3982 2131 4029 et
2170 3980 2211 4034 C

438 4045 749 4097 monachus
790 4046 1139 4098 Prumiensis
1182 4047 1510 4099 monasterii
1566 4046 1624 4099 in
1675 4047 1904 4099 dimcesi
1942 4046 2133 4100 Trevi-

441 4115 611 4181 rensi,
648 4116 879 4168 natione
911 4116 1276 4181 Teutonicus,
1329 4117 1415 4168 vir
1457 4117 1513 4168 in
1566 4116 1776 4170 divinis
1827 4117 2133 4186 Scripturis

441 4186 659 4257 doctus,
725 4192 780 4239 et
831 4186 887 4237 in
942 4186 1311 4257 saecularibus
1370 4187 1576 4239 litteris
1652 4187 1814 4240 valde
1892 4188 2131 4257 peritus,

442 4256 638 4307 rhetor
669 4262 723 4307 et
756 4262 919 4324 poeta
953 4256 1210 4324 insignis,
1264 4272 1525 4309 sermone
1569 4258 1754 4310 clarus
1799 4261 1855 4309 et
1895 4256 2131 4323 nitidus,

440 4331 547 4378 etc.
601 4325 836 4394 Scripsit
902 4326 1073 4378 etiam
1149 4328 1384 4380 metrice
1454 4329 1895 4396 Martyrologion
1960 4329 2134 4381 totius

441 4411 574 4448 ann.
607 4396 644 4450 l.
687 4400 733 4462 1,
767 4400 822 4448 et
851 4396 962 4447 alia
1009 4398 1171 4466 plura
1223 4414 1351 4466 qua:
1388 4398 1455 4451 ad
1508 4414 1691 4450 meam
1722 4398 1984 4451 notitiam
2017 4415 2133 4452 non

439 4472 739 4519 venerunt.
775 4466 987 4520 Claruit
1018 4468 1121 4520 sub
1156 4469 1423 4521 Lotliario
1456 4469 1822 4537 imperatore.
1854 4486 1986 4522 ann.
2028 4471 2131 4523 Do-

442 4536 581 4609 mini
612 4539 735 4591 854.
771 4558 797 4584 ››
829 4538 1049 4591 Miraaus
1070 4540 1236 4591 verba
1270 4539 1476 4607 repetit
1498 4538 1810 4602 Tritbemii,
1834 4540 1902 4593 de
1925 4540 2127 4609 Script.

440 4606 667 4673 Eccles.,
701 4623 824 4676 cap.
861 4612 985 4673 316,
1021 4609 1088 4663 ad
1118 4625 1250 4662 ann.
1286 4606 1408 4664 840.

511 4679 944 4731 Wandalbertus
974 4686 1163 4732 autem
1212 4680 1683 4735 Commendatione
1724 4681 1793 4734 ad
1827 4681 2127 4745 Caesarem,

440 4748 539 4801 ubi
581 4749 932 4822 Lotharium
969 4750 1244 4822 dilaudat,
1296 4768 1411 4805 non
1463 4752 1703 4805 obscure
1747 4767 1965 4805 annum
2018 4768 2133 4822 quo

440 4818 620 4893 tenuit
672 4820 1139 4891 Martyrologium
1189 4823 1478 4892 exprimit,
1530 4823 1821 4893 praecipue
1876 4818 2134 4877 versibus

437 4889 559 4943 istis
590 4906 603 4943 :

933 4996 1121 5059 Lustra
1149 5010 1242 5059 per
1268 4998 1449 5046 orbem

935 5057 1180 5120 Quinque
1212 5064 1509 5118 recurrunt,

936 5120 1157 5183 Nomine
1187 5124 1466 5183 postquam

934 5181 1117 5230 Clarus
1146 5181 1202 5230 et
1230 5181 1407 5239 armis,

929 5244 1223 5292 Caesariana

932 5306 1061 5354 Jura
1093 5309 1348 5354 retentas.

2167 5289 2211 5343 Ι)

441 5417 544 5489 Ubi
584 5424 681 5471 aut
725 5420 797 5473 ab
845 5419 1089 5489 imperio
1125 5420 1372 5474 Lotharii
1414 5422 1570 5476 ducit
1597 5422 1827 5478 initium
1868 5426 2131 5480 Wandal-

441 5488 631 5540 bertus
659 5504 789 5542 cum
822 5488 1134 5544 Ludovicus
1177 5491 1308 5545 Pius
1335 5508 1485 5546 anno
1520 5496 1622 5548 817
1654 5501 1991 5551 coronatum
2026 5513 2130 5550 vo-

442 5557 546 5609 luit
601 5558 785 5612 ﬁlium
836 5560 1271 5630 imperatorem;
1326 5568 1426 5616 aut
1473 5564 1541 5617 ab
1593 5581 1659 5619 eo
1710 5572 1963 5637 tempore
2016 5584 2129 5638 quo

2243 2705 2439 2757 Romae
2470 2720 2622 2756 anno
2653 2707 2754 2758 823
2788 2721 2819 2755 a
2850 2704 3104 2757 Pascliali
3134 2720 3285 2773 papa
3314 2704 3615 2757 Lotharius
3646 2703 3746 2757 fuit
3765 2703 3898 2755 inau-

2243 2782 2495 2841 guratus.
2536 2776 2592 2829 Si
2632 2776 2808 2842 prius,
2842 2775 3018 2827 addas
3048 2776 3304 2845 quinque
3350 2776 3553 2839 lustra,
3584 2775 3695 2827 sive
3726 2774 3895 2845 viginti

2238 2845 2494 2915 quinque
2529 2862 2727 2905 annos,
2763 2851 2884 2898 tum
2916 2847 3018 2899 842
3069 2844 3266 2915 Salutis
3316 2862 3531 2898 annum
3567 2844 3889 2915 numerabis;

2238 2913 2283 2968 si
2310 2913 2617 2984 posterius,
2658 2917 2779 2970 848.
2817 2915 2995 2970 Suum
3055 2932 3209 2987 vero
3236 2914 3715 2987 Martyrologium
3741 2913 3897 2968 aetatis

2237 3003 2452 3039 annum
2495 3003 2668 3054 agens
2706 2987 3068 3054 trigesimum
3116 2986 3386 3057 quintum
3426 3004 3487 3040 se
3516 2986 3802 3041 confecisse
3828 2989 3894 3037 te-

2239 3063 2420 3110 statur
2447 3059 2504 3110 in
2536 3059 2910 3111 Conclusione.

2423 3162 2594 3210 Trinis
2624 3176 2744 3211 ecce
2780 3162 3053 3211 decenniis

2423 3225 2593 3296 Vitam
2624 3225 2756 3296 dego
2782 3226 2973 3296 inieci",
3002 3224 3218 3296 quintus
3241 3227 3296 3296 et
3325 3225 3547 3296 insuper

2424 3286 2535 3334 .IEvi
2566 3286 2842 3335 curriculis
2864 3287 3004 3335 orbis
3030 3286 3176 3334 adest
3204 3290 3361 3349 atque
3391 3286 3655 3335 meatibus

2309 3384 2563 3436 Molanus
2592 3383 2650 3435 in
2683 3383 3017 3452 praefatione
3063 3383 3130 3436 ad
3169 3384 3405 3437 Usuardi
3440 3381 3893 3454 Martyrologium.

2238 3469 2285 3506 c.
2318 3457 2372 3520 5,
2414 3454 2483 3506 de
2536 3455 2958 3515 Wandalberto,
2995 3454 3245 3523 ingenue
3276 3455 3488 3507 fatetur
3522 3455 3698 3523 ipsius
3727 3454 3897 3520 Marty-

2237 3524 2523 3593 rologium
2571 3541 2601 3576 e
2653 3525 2814 3579 Beda:
2864 3524 3355 3593 Ephemeridibus,
3402 3531 3724 3578 mutuatum
3774 3537 3895 3583 esse;

2239 3594 2444 3647 deinde
2467 3594 2749 3647 subinfert
2774 3612 2787 3648 :
2810 3618 2835 3643 ‹‹
2858 3597 2918 3650 In
2940 3596 3125 3649 indice
3145 3596 3401 3666 quodam
3419 3596 3707 3649 variarum
3730 3593 3897 3666 biblio-

2238 3666 2556 3728 thecarum,
2602 3667 2700 3733 qui
2742 3672 2873 3719 ante
2924 3683 3137 3719 annum
3164 3661 3256 3720 ’80
3290 3672 3387 3719 aut
3433 3667 3661 3719 circiter
3685 3661 3898 3718 conscri-

2239 3742 2371 3804 ptus
2406 3742 2512 3797 est,
2549 3741 2603 3788 et
2636 3737 2863 3789 Lovanii
2908 3742 3245 3799 asservatur,
3298 3739 3541 3806 quaesivi
3590 3739 3707 3791 Mss.
3761 3735 3897 3806 Wan-

2238 3806 2481 3860 dalberti
2514 3807 2880 3876 exemplaria,
2918 3808 3013 3860 sed
3046 3808 3278 3860 unicum
3317 3805 3542 3860 tantum
3578 3805 3899 3876 indicabatur

2244 3878 2303 3929 in
2335 3875 2692 3930 bibliotheca,
2726 3878 3094 3947 Regularium
3133 3878 3363 3931 Lovanii
3400 3879 3458 3931 in
3498 3880 3650 3931 Valle
3681 3878 3731 3931 S.
3779 3875 3896 3947 Mar:

2244 3947 2500 4028 tini,_ubi
2530 3954 2720 4001 tamen
2770 3943 2921 4028 nunc
2968 3964 3081 4001 non
3131 3953 3233 4028 est,
3303 3951 3810 4028 quomodocunque
3856 3943 3899 3995 id

2242 4019 2555 4071 acciderit:
2604 4025 2659 4071 et
2710 4019 2947 4088 proinde
2997 4017 3147 4089 mqui
3197 4017 3447 4089 bonique
3479 4020 3758 4081 consulas,
3784 4029 3897 4067 cau-

2241 4088 2378 4160 dide,
2404 4090 2599 4153 lector,
2642 4090 2792 4160 quod
2842 4088 3274 4143 Wandalbertus
3306 4088 3421 4143 non
3465 4092 3604 4144 satis
3634 4089 3900 4156 castigatus

2242 4159 2501 4228 prodeat.
2532 4180 2558 4205 ››

2314 4229 2572 4299 Denique
2602 4230 2819 4292 Florus,
2849 4246 3021 4300 quem
3073 4233 3214 4283 mire
3256 4231 3451 4284 laudat
3500 4228 3901 4284 Wandalbertus

2241 4297 2316 4372 in
2335 4297 2691 4368 praefatione,
2727 4316 2839 4353 non
2868 4297 3297 4370 inartyrologus
3330 4306 3589 4367 notatur,
3620 4301 3773 4370 cujus
3803 4311 3900 4372 me-

2242 4370 2461 4423 minere
2498 4372 2807 4435 Usuardus,
2840 4373 2982 4435 Ado,
3012 4368 3067 4424 et
3090 4368 3218 4435 alii;
3245 4372 3561 4441 sedjunior
3594 4368 3735 4441 ipso.
3764 4368 3903 4441 nimi-

2242 4456 2388 4514 rum_
2419 4442 2732 4514 acerrimus
2776 4441 2894 4507 ille,
2931 4443 3127 4514 Carolo
3157 4442 3326 4514 Calvo
3354 4437 3701 4514 imperante,
3744 4437 3901 4514 Eccle-

2242 4511 2339 4564 site
2371 4512 2765 4579 Lugdunensis
2809 4528 2911 4580 pro
2946 4513 3128 4577 gratia
3158 4513 3367 4567 Christi
3398 4509 3455 4566 et
3485 4514 3664 4567 libero
3699 4509 3901 4582 arbitrio

2240 4588 2657 4651 propugnator.
2686 4579 2910 4652 Legesis
2940 4583 3193 4637 Mirmum
3222 4583 3321 4637 ubi
3354 4600 3533 4655 supra
3564 4584 3634 4638 ad
3665 4579 3897 4653 Sigiberti

2241 4667 2365 4721 cap.
2400 4656 2485 4706 9‘2.

2312 4720 2596 4776 Hactenus
2627 4722 2932 4776 Acherium
2980 4723 3405 4792 exscripsimus,
3459 4725 3647 4790 docte,
3680 4726 3740 4776 ut
3764 4720 3897 4777 solet,

2242 4793 2312 4847 de
2358 4793 2746 4847 Wandalberti
2789 4794 3189 4863 Martyrologio
3221 4796 3600 4849 disserentem
3634 4811 3647 4847 :
3683 4806 3823 4846 nunc
3849 4802 3900 4840 ea

2241 4864 2603 4917 monebimns
2650 4865 2718 4917 de
2763 4865 2972 4934 quibus
3026 4865 3295 4919 lectorem
3326 4867 3629 4919 certiorem
3674 4863 3789 4917 ﬁeri
3816 4876 3902 4934 ηεξ

2241 4950 2394 4987 cesse
2425 4940 2527 4987 est.
2560 4936 2639 4987 Ac
2667 4932 2924 5004 primum
2971 4934 3202 5004 quidem
3234 4954 3265 4988 a
3313 4936 3478 4989 nobis
3506 4937 3806 5004 ascriptum
3835 4932 3902 4979 est

2242 5005 2573 5076 Poemation
2616 5004 2677 5057 in
2722 5007 3128 5068 Hexaemeron,
3160 5006 3315 5076 quod
3346 5007 3775 5061 Wandalbertus
3803 5004 3901 5071 ipse

2242 5075 2440 5147 asserit
2489 5091 2547 5147 se
2594 5076 2993 5145 Martyrologio
3033 5091 3135 5128 suo
3183 5075 3568 5147 subjunxisse.
3622 5078 3756 5131 Nam
3797 5084 3901 5147 cum

2243 5146 2462 5219 deesset
2489 5146 2545 5199 in
2588 5162 2656 5219 eo
2697 5145 3590 5219 codiceWBigotiiiquo'Acherius
3624 5163 3757 5200 usus
3783 5145 3899 5219 era},

2241 5217 2485 5269 alterum
2511 5216 2761 5269 codicem
2784 5218 2870 5269 vir
2891 5218 2988 5270 ille
3010 5216 3295 5271 studiosus
3324 5218 3531 5271 deinde
3565 5216 3901 5285 comparavit,

2244 5302 2455 5367 exquo
2486 5287 2889 5367 id_descripsit
2939 5288 3001 5341 Β.
3057 5288 3117 5341 Ρ.
3172 5289 3233 5341 D.
3281 5288 3618 5367 Edmundus
3668 5290 3900 5342 Martene.

2239 5358 2521 5430 nobisque
2554 5357 2967 5430 humanissime
2999 5359 3468 5414 communicavit.
3692 5428 3700 5430 Α
3823 5424 3838 5430 _
3873 5422 3881 5430 ,

2315 5424 2444 5481 Νοῐῐ
2466 5428 2587 5500 haec
2613 5431 2730 5482 sola
2758 5428 2865 5483 fuit
2892 5429 3173 5500 Bigotiani
3193 5430 3398 5483 codicis
3418 5430 3667 5492 utilitas;
3689 5428 3796 5481 imo
3816 5424 3902 5477 fuit

2238 5500 2324 5571 vel
2352 5498 2619 5571 minima;
2652 5500 2775 5569 ejus
2797 5498 3084 5571 enimbpe
3118 5501 3240 5554 loca
3280 5517 3460 5570 prope
3483 5501 3711 5571 inﬁnita
3735 5509 3899 5571 emen-

2239 5570 2520 5635 davimus,
2581 5586 2644 5623 ac
2684 5567 2893 5624 versus
2920 5567 3033 5641 qui
3050 5567 3524 5625 desiderabantur
3576 5567 3902 5624 restituimus
