4022 6178
134 283 215 334 577
1064 269 1694 327 MARTYROLOGIUM.
1732 302 1766 309 —

1946 270 2165 328 ZTORIS
2202 273 2591 329 ΡΒᾸΞΡΑἸΊΟ.

3484 281 3585 334 578

132 406 255 462 haud
284 420 503 474 paucos,
530 403 765 472 perinde
788 407 957 473 atque
980 418 1010 456 e
1031 402 1338 474 vetussimo
1368 402 1561 455 codice
1596 402 1771 474 regio,
1812 406 1857 457 Α
1887 402 2327 471 intelligendum
2369 420 2541 473 serpe,
2590 419 3004 474 nonnunquam
3047 407 3113 459 ad
3160 407 3584 462 emendandum

132 473 329 548 quicum
366 476 606 545 priorem
639 475 948 527 editionem
978 476 1299 548 contulerat
1321 473 1642 542 Stephanus
1676 473 1775 527 Ba-

128 547 283 603 luzius
305 563 463 605 anno,
493 552 548 597 ut
583 562 697 613 ipse
732 549 945 608 monet,
980 547 1133 597 1676.

186 620 237 671 lu
264 620 357 671 hoc.
390 619 533 669 inter
576 632 771 668 Versus
821 616 970 668 idem
1027 615 1287 667 Baluzius
1317 615 1530 685 reperit
1560 614 1777 667 descri-

128 696 207 759 pta
233 689 405 741 nescio
446 687 605 756 cujus
652 702 823 755 opera
870 686 1020 759 haud
1064 702 1241 759 pauca
1292 692 1619 739 sanctorum
1665 702 1769 759 no-_

129 756 276 821 inina,
306 774 426 827 qua?
467 759 555 810 edi
585 761 852 825 oportere
895 757 1299 825 judicavimus,
1336 758 1488 827 quod
1537 773 1667 809 cum
1709 756 1778 809 ad

128 831 216 883 alia
237 829 377 883 utilis
433 844 551 881 esse
598 834 791 898 posset
823 828 942 881 hE’C
974 828 1273 897 diligentia
1302 834 1517 893 nostra,
1552 833 1673 881 tum
1706 827 1778 881 ad

1886 475 2375 547 \Yandalbertum.
2423 476 2596 547 Porro
2654 474 2920 528 interilla
2956 482 3295 547 sanctorum
3328 480 3583 547 nomina,

1890 545 2151 597 librarius
2186 546 2369 597 notari
2430 545 2675 598 maxime
2729 547 2908 598 voluit
2944 546 2997 599 S.
3048 548 3357 602 Martialem
3410 567 3473 601 ac
3526 545 3581 605 S.

1893 616 2289 681 Leonardum;
2336 633 2466 669 nam
2522 616 2693 685 hujus
2732 633 2940 669 nomen
2990 620 3319 685 majusculis
3380 621 3585 674 litteris

1889 687 2159 751 exaravit,
2190 686 2270 738 illi
2302 688 2474 740 etiam
2506 687 2818 740 beatissimi
2865 688 3095 740 titulum
3146 690 3379 753 addidit,
3426 693 3583 744 unde

1887 758 2126 881 conjicido
2170 757 2424 811 codicem
2460 775 2489 811 e
2524 758 2909 811 Lemovicensi
2950 759 3240 829 provincia
3272 762 3330 813 in
3376 762 3584 815 Urbem

1888 844 2008 881 esse
2039 846 2069 881 a
2119 834 2360 881 vectum.

1888 844 2008 881 esse
2039 834 2360 881 advectum.

1304 1103 1809 1177 ΡΒᾸΞῈΑΤΙΟ
1866 1102 2369 1177 AUCTORIS.

184 1351 401 1405 Domino
433 1350 629 1404 Omico
669 1349 1111 1403 WANDALiu-zarus
1134 1348 1374 1400 salutem
1405 1346 1560 1400 dicit.

184 1440 347 1492 Veteri
375 1444 429 1493 et
459 1439 801 1508 perantiquo
834 1442 1119 1506 priecepto
1152 1452 1455 1489 monemur
1484 1440 1548 1488 ut
1577 1450 1777 1503 parere

126 1528 419 1598 majoribus,
454 1543 673 1581 rnorem
720 1542 917 1596 gerere
968 1526 1304 1595 aequalibus,
1338 1526 1632 1577 consulere
1674 1523 1778 1575 mi-

125 1618 324 1668 noribus
352 1616 699 1668 studeamus.
734 1614 853 1683 Ego
887 1615 1020 1683 quia
1077 1613 1178 1665 tibi
1223 1622 1268 1677 ⁸,
1327 1612 1680 1677 charissime,
1713 1618 1777 1664 ut

125 1705 319 1768 minori,
351 1704 494 1774 quod
547 1703 794 1772 cogitatu
842 1702 967 1772 ipso
1016 1702 1175 1755 nefas
1210 1701 1449 1771 judicio,
1480 1702 1776 1753 consulere

125 1791 435 1860 nequeo;in
483 1796 539 1843 te
573 1792 723 1843 enim
758 1790 881 1858 ipso
932 1791 1055 1850 tibi,
1101 1796 1164 1843 ut
1210 1806 1406 1842 revera
1455 1788 1772 1858 sapientem

125 1879 271 1941 decet,
303 1880 481 1932 omnis
515 1880 639 1949 opis
669 1880 972 1933 consilium
1011 1880 1295 1949 totiusque
1330 1877 1650 1947 prudentiae
1681 1893 1773 1930 co-

124 1968 248 2035 piam
274 1984 383 2020 esse
435 1967 770 2037 perpendo;
827 1968 1163 2037 morigerari
1214 1982 1344 2019 vero
1394 1968 1538 2019 sicut
1567 1964 1774 2035 eequali

125 2070 289 2107 Sensus
316 2062 368 2108 et
406 2055 627 2124 ingenii
664 2055 927 2108 tarditate
976 2071 1092 2107 non
1123 2055 1301 2120 valeo,
1336 2055 1488 2125 quod
1522 2054 1773 2124 primum

125 2148 319 2205 constat,
380 2149 435 2195 ut
482 2143 686 2213 majori
744 2159 946 2213 parere
1008 2149 1061 2196 et
1119 2143 1508 2197 obsecundare
1558 2142 1774 2194 viribus

125 2231 305 2283 cunctis
356 2237 404 2283 et
468 2232 629 2284 omni
672 2232 936 2285 facultate
976 2232 1273 2285 desidero:
1328 2230 1573 2283 maxime
1620 2231 1773 2298 quod

124 2320 381 2373 incessanti
414 2326 471 2373 et
518 2320 861 2391 infatigabili
893 2322 1082 2375 studio
1125 2338 1188 2373 ac
1211 2320 1609 2373 benevolentia
1659 2335 1773 2384 me,

126 2416 382 2478 postquam
413 2410 585 2478 longe
617 2426 650 2462 a
699 2410 886 2479 patria
930 2411 1213 2479 rebusque
1255 2409 1606 2475 domesticis,
1656 2424 1773 2461 non

126 2504 214 2549 tam
242 2501 501 2565 exsulare,
539 2514 714 2569 quam
757 2499 964 2569 degere
1012 2500 1173 2567 coepi,
1208 2504 1308 2550 tua
1351 2514 1476 2567 ope,
1509 2497 1769 2560 consilio,

125 2586 436 2652 providentia
485 2595 542 2640 et
594 2589 931 2642 liberalitate
973 2588 1176 2641 fultum
1224 2586 1521 2655 intelligo:
1567 2602 1669 2638 nec
1699 2586 1775 2638 le-

124 2672 239 2724 viter
274 2690 453 2742 pecco,
496 2674 544 2726 si
594 2690 723 2728 cum
771 2691 988 2727 morem
1039 2691 1238 2744 gerere
1281 2691 1528 2744 nequeo,
1574 2689 1771 2743 parere

124 2775 204 2826 pro
228 2760 423 2831 ingenii
450 2766 790 2831 paupertate
814 2762 1053 2831 refugio.
1083 2763 1277 2832 Itaque
1301 2762 1447 2831 quod
1474 2762 1771 2829 inopinato

124 2848 275 2902 studio
295 2866 352 2902 ex
386 2867 496 2916 me,
529 2856 588 2903 et
632 2850 945 2904 inevitabili
989 2854 1382 2919 constantique
1432 2849 1771 2901 auctoritate

123 2935 319 3001 petiisti,
352 2942 412 2989 ut
442 2954 547 3007 per
574 2936 712 2989 anni
744 2938 919 2989 totius
948 2936 1197 3006 spatium
1239 2942 1601 2988 occurrentes
1633 2939 1773 3004 quot

1890 1344 2071 1414 adjeci
2118 1350 2373 1416 apertam
2434 1345 2782 1417 brevemque
2832 1348 3147 1402 secundum
3192 1366 3328 1403 usus
3388 1350 3585 1405 Gallici

1887 1434 2343 1504 dispositionem,
2400 1440 2456 1488 et
2513 1436 2785 1488 horarum
2828 1436 3165 1491 diurnarum
3201 1440 3491 1508 vulgarem
3524 1440 3583 1493 in

1888 1522 2096 1575 nostris
2130 1523 2461 1593 regionibus
2520 1524 2976 1577 dimensionem:
3012 1527 3163 1595 quod
3212 1532 3519 1597 utrumque
3553 1546 3586 1581 a

1888 1611 2173 1680 superiori
2223 1627 2397 1680 opere
2453 1628 2819 1681 nequaquam
2880 1612 3201 1683 discrepare
3251 1618 3461 1684 putavi.
3521 1617 3582 1669 lu

1817 1716 1858 1769 Β
1887 1699 1999 1752 line
2022 1704 2298 1769 praeterea
2326 1700 2500 1753 totius
2539 1700 2748 1769 operis,
2782 1702 2850 1753 de
2879 1702 3167 1754 creatione
3197 1704 3399 1757 mundi
3434 1713 3453 1737 °
3481 1721 3585 1774 per

1885 1788 2145 1841 ordinem
2180 1788 2403 1841 dierum
2437 1804 2531 1841 sex
2577 1790 2746 1841 breve
2778 1804 3010 1841 carmen
3056 1790 3269 1855 addidi,
3304 1796 3357 1843 et
3384 1795 3579 1862 expla-

1884 1876 2177 1930 nationem
2207 1876 2432 1946 mystici
2464 1892 2663 1927 sensus
2694 1876 2751 1928 in
2776 1876 3009 1929 homine
3028 1877 3317 1947 accipendi
3342 1878 3580 1948 subjun-

1884 1964 1959 2027 xi,
1997 1970 2058 2017 ut
2087 1982 2150 2017 ea
2183 1982 2309 2035 qua:
2342 1965 2409 2018 de
2440 1964 2612 2017 totius
2643 1965 2777 2017 anni
2808 1981 2975 2018 cursu
3016 1966 3450 2035 descripseram,
3486 1985 3578 2020 re-

1883 2054 2060 2123 petita
2090 2053 2159 2106 ab
2191 2054 2358 2107 initio
2394 2054 2704 2106 mundanas
2738 2053 3044 2106 creationis
3074 2055 3397 2123 explanatio
3429 2072 3580 2108 com-

1884 2142 2204 2195 mendaret.

1955 2230 2072 2283 Hoc
2103 2246 2247 2300 opus
2279 2229 2415 2299 quia
2464 2228 2683 2283 diverso
2715 2229 2933 2281 editum
2977 2234 3157 2282 metro
3199 2235 3439 2295 constat,
3474 2248 3582 2285 ne-

1883 2317 2192 2370 cessarium
2222 2316 2540 2369 existimavi
2572 2332 2783 2385 genera
2804 2316 3059 2386 ipsorum
3091 2325 3408 2372 metrorum
3450 2319 3582 2372 bre-

1886 2406 2028 2458 viter
2082 2409 2411 2475 explanare,
2464 2410 2527 2459 ut
2570 2422 2683 2458 non
2732 2406 2902 2459 modo
2954 2406 3142 2475 ipsum
3190 2423 3352 2476 opus,
3389 2408 3483 2461 sed
3515 2424 3582 2460 ea

1882 2495 2090 2565 quibus
2137 2496 2420 2563 digestum
2474 2499 2559 2548 est
2607 2501 2810 2559 metra,
2853 2495 3118 2548 omnibus
3148 2496 3247 2565 qui
3288 2496 3344 2549 id
3376 2496 3579 2566 legen-

1883 2584 2019 2637 dum
2077 2583 2471 2653 dignabuntur
2516 2600 2761 2649 sumere,
2821 2583 3204 2638 manifestem.
3249 2586 3443 2655 Itaque
3495 2587 3579 2639 ln-

1879 2672 2120 2737 vocatio,
2148 2688 2320 2743 quam
2356 2673 2413 2725 in
2446 2672 2731 2743 principio
2773 2673 2948 2725 totius
2980 2673 3237 2742 opusculi
3273 2680 3579 2743 propterea

1880 2761 2068 2829 posui,
2104 2760 2254 2829 quod
2287 2760 2477 2813 omnis
2518 2759 2755 2812 scientia
2787 2776 2851 2812 ex
2904 2761 3020 2813 Deo
3063 2776 3321 2827 manans,
3354 2760 3421 2812 ab
3456 2759 3578 2830 ipso

1881 2848 1954 2901 sit
1984 2849 2188 2902 merito
2222 2849 2508 2918 poscenda
2540 2849 2890 2919 (quanquam
2927 2848 3024 2901 alii
3064 2849 3121 2901 in
3153 2865 3323 2917 opere
3355 2849 3577 2917 poetico

1883 2937 2341 3006 Propositionem
2375 2937 2622 3007 primam
2657 2953 2777 2989 esse
2816 2937 3035 3001 velint),
3070 2942 3250 2989 metro
3281 2937 3574 2990 Clioriam-

123 3020 288 3074 diebus
318 3032 637 3077 sanctorum
685 3024 1020 3077 festivitates
1069 3030 1124 3077 et
1172 3025 1451 3076 solemnes
1486 3024 1773 3076 undecun-
1812 3012 1851 3066 C
1880 3024 2026 3093 bico,
2059 3026 2858 3092 Tetrametro,'Acatalectico,
2901 3026 3270 3095 Asclepiadeo
3303 3026 3570 3078 decurrit.

122 3124 208 3177 que
239 3112 676 3166 Christianorum
700 3118 961 3166 votorum
995 3113 1353 3167 celebritates
1394 3120 1575 3165 metro
1611 3112 1769 3182 dige-

122 3210 270 3251 rerem
295 3217 306 3264 ;
336 3201 436 3254 feci
479 3208 540 3254 ut
574 3203 755 3271 potui,
790 3208 1043 3255 nontam
1087 3202 1219 3254 artis
1253 3218 1357 3253 usu
1390 3207 1559 3270 atque
1593 3202 1769 3253 soler-

122 3286 197 3347 tia,
226 3304 379 3357 quain
409 3295 505 3343 tua
536 3291 861 3355 devotione,
894 3295 947 3341 et
972 3290 1257 3343 immerito
1281 3306 1416 3357 erga
1439 3306 1527 3342 me
1553 3293 1743 3341 sancto

124 3388 219 3427 rum
244 3378 303 3429 ad
334 3378 387 3430 id
419 3379 810 3449 peragendum
844 3378 1091 3448 adjutus,
1126 3384 1185 3432 ut
1210 3379 1455 3447 confido,
1489 3378 1695 3430 favore.

175 3463 225 3515 In
252 3482 354 3534 quo
391 3483 563 3535 opere
607 3466 741 3536 quia
791 3467 1138 3520 solemnium
1181 3467 1404 3519 dierum
1453 3466 1771 3519 certissima

120 3556 506 3620 comprehensio
560 3571 675 3607 non
723 3555 925 3609 leviter
971 3572 1073 3608 nec
1125 3556 1289 3608 facile
1339 3571 1442 3625 pro
1492 3556 1770 3608 librorum

120 3639 343 3693 varietate
380 3644 696 3710 constabat,
750 3660 859 3713 ope
907 3650 964 3696 et
1008 3644 1262 3697 subsidio
1303 3644 1591 3713 pra‘cipue
1632 3660 1769 3696 usus

120 3741 217 3779 sum
241 3732 403 3784 sancti
442 3739 497 3785 et
528 3733 977 3786 nominatissimi
1012 3733 1118 3786 viri
1151 3733 1320 3800 Flori,
1374 3732 1770 3803 Lugdunensis

122 3814 330 3871 Ecclesiae
376 3821 730 3888 subdiaconi,
776 3822 874 3892 qui
925 3826 986 3874 ut
1031 3826 1221 3874 nostro
1266 3828 1523 3891 tempore
1572 3837 1769 3874 revera

119 3902 350 3972 singulari
418 3910 608 3963 studio
690 3911 1016 3963 assiduitate
1072 3911 1130 3963 in
1190 3911 1397 3963 divinae
1458 3909 1767 3979 Scriptura:

120 3990 316 4048 scientia
370 4000 606 4067 pollere,
661 3998 737 4051 ita
791 4000 1072 4052 librorum
1131 4000 1591 4052 authenticorum
1654 4014 1767 4051 non

120 4081 347 4136 mediocri
376 4088 535 4156 copia
570 4093 628 4140 et
679 4088 950 4139 varietate
983 4090 1027 4153 b,
1064 4088 1424 4155 cognoscitur
1455 4086 1762 4139 abundare.

118 4166 181 4220 Ab
207 4171 297 4224 hoc
322 4189 423 4241 ego
459 4175 703 4245 sumptis
752 4176 1038 4229 veteribus
1088 4176 1518 4245 emendatisque
1557 4174 1767 4227 codici-

121 4254 216 4321 bus,
249 4261 733 4333 Martyrologicum
771 4266 977 4317 librum
1014 4281 1045 4316 a
1070 4265 1335 4317 Kalendis
1371 4264 1657 4317 Januariis
1692 4262 1759 4314 ad

120 4341 254 4401 tinem
280 4352 404 4404 anni
434 4369 539 4421 per
563 4353 783 4407 dierum
810 4353 1165 4422 singulorum
1212 4359 1573 4406 occurrentes
1606 4351 1760 4405 festi-

121 4432 276 4488 \‘itates
298 4446 470 4493 metro
497 4442 671 4506 edidi,
705 4442 1019 4511 praemissa,
1050 4447 1110 4494 ut
1139 4456 1388 4510 congrue
1420 4440 1762 4505 existimavi,

121 4519 431 4582 Invocatione
480 4531 549 4583 ad
614 4532 815 4593 Deum,
874 4530 1230 4584 Allocutione
1284 4530 1353 4583 ad
1405 4545 1606 4582 omnes
1665 4528 1763 4597 qui

119 4608 227 4664 forte
256 4623 413 4670 erunt
459 4620 720 4686 lectores,
774 4618 1273 4672 commendatione
1324 4618 1395 4670 ad
1445 4622 1520 4681 te,
1573 4617 1763 4685 operis

119 4694 417 4758 hortatorem
452 4746 467 4771 ,
502 4712 559 4759 et
601 4709 668 4760 ad
716 4708 994 4762 Cmsarem
1044 4706 1519 4777 benignissimum
1555 4704 1763 4758 Lotha-

120 4785 236 4842 rium
260 4797 695 4867 argumentique
735 4798 849 4849 sive
875 4796 1283 4867 propositionis
1315 4796 1538 4849 diverso
1573 4802 1762 4847 metro

118 4870 488 4948 dascriptione:
528 4890 586 4937 et
626 4884 818 4937 addita
850 4890 977 4953 post
1008 4885 1224 4937 editum
1271 4883 1761 4952 Martyrologium,

118 4965 451 5021 conclusionis
486 4971 801 5041 hymnique
848 4972 905 5023 in
956 4987 1155 5023 omnes
1196 4976 1417 5023 sanctos
1467 4971 1758 5033 editione;

119 5051 187 5101 cui
213 5055 361 5108 etiam
405 5059 566 5128 operi
610 5059 1038 5112 distinctionem
1080 5059 1363 5113 mensium
1396 5058 1761 5128 singulorum

153 5200 190 5268 f
218 5196 310 5259 Ego
338 5204 464 5265 quia
495 5201 617 5253 tibi.
664 5201 874 5255 Ultima
910 5201 1109 5253 vocula
1159 5200 1346 5254 addita
1386 5204 1471 5253 est
1496 5216 1529 5253 a
1570 5201 1759 5255 codice

120 5258 267 5341 Bigot.’
294 5258 361 5321 ei
413 5272 613 5325 eodem
646 5273 865 5325 editum
897 5287 1002 5325 non
1028 5274 1199 5339 ualeo,
1234 5272 1329 5325 ubi
1357 5272 1493 5325 olim
1525 5272 1758 5341 legeba-

119 5340 188 5383 tur
211 5350 301 5388 non
321 5341 486 5395 video.

170 5404 360 5484 buCopia
388 5419 435 5464 et
467 5415 746 5467 varietate.
793 5413 882 5467 Sic
914 5412 1225 5466 maluimus
1266 5412 1538 5484 quamin
1579 5412 1757 5482 priori

119 5470 324 5553 editione.
356 5486 507 5549 copia
536 5490 585 5537 et
627 5487 873 5539 veritate.
912 5485 1070 5538 Haud
1104 5470 1355 5553 longe‘et
1391 5470 1593 5536 addita.
1616 5489 1755 5548 post,

120 5555 177 5594 διο
202 5549 356 5603 codex
393 5554 508 5622 Big.
567 5554 625 5606 lu
659 5555 841 5621 editis,
892 5555 1062 5619 male,
1104 5549 1251 5608 edita
1282 5558 1333 5607 et
1371 5559 1511 5623 post.
1556 5554 1755 5607 Statim

1877 3114 2313 3184 Asclepiadeum
2366 3118 2557 3166 autem
2605 3114 2676 3166 ab
2734 3112 3077 3182 Aisculapio,
3114 3113 3213 3182 qui
3244 3113 3431 3167 Graece
3482 3130 3575 3166 vo-

1877 3207 2039 3255 catur
2082 3203 2363 3270 Asclepios
2419 3201 2719 3255 medicinm
2776 3207 3087 3271 repertore,
3151 3201 3312 3269 cujus
3370 3201 3573 3254 laudes

1878 3290 1988 3343 hoc
2020 3290 2187 3343 metri
2246 3306 2456 3360 genere
2510 3290 2885 3360 frequentatze
2936 3294 3088 3355 sunt,
3140 3292 3224 3341 vel
3256 3288 3327 3341 ab
3379 3289 3571 3359 aliquo

1877 3379 2133 3448 ejusdem
2164 3379 2416 3431 nominis
2446 3382 2613 3448 poeta
2661 3383 2744 3431 est
2775 3377 3154 3447 appellatum.
3217 3378 3384 3431 Metra
3418 3377 3570 3430 enim

1877 3469 2211 3538 frequenter
2241 3468 2311 3521 ab
2338 3467 2754 3529 inventoribus,
2790 3482 3228 3536 nonnumquam
3253 3484 3285 3519 a
3314 3466 3575 3536 frequen-

1876 3558 2175 3623 tatoribus,
2222 3556 2509 3610 interdum
2541 3561 2597 3608 et
2626 3555 2696 3607 ab
2724 3555 2807 3607 eis
2846 3570 3093 3625 quorum
3130 3557 3433 3608 memorias
3480 3572 3570 3608 ce-

1875 3647 2124 3713 lebrant,
2165 3645 2547 3715 appellantur.
2597 3644 3005 3696 Acatalecticus
3058 3658 3189 3695 vero
3240 3659 3434 3697 versus
3468 3649 3569 3710 est,

1877 3736 1967 3788 cui
1999 3735 2159 3787 nulla
2187 3734 2259 3786 ad
2288 3732 2708 3803 plenitudinem
2734 3732 2817 3784 sui
2851 3731 3065 3800 syllaba
3089 3732 3268 3796 deest,
3302 3734 3398 3786 sed
3433 3733 3573 3802 legi-

1875 3820 2017 3873 timo
2064 3822 2289 3874 numeri
2343 3822 2456 3873 line
2506 3820 2888 3872 concluditur.
2950 3820 3363 3872 Tetranietrum
3401 3837 3573 3890 porro

1876 3925 2105 3961 carmen
2154 3912 2255 3973 est,
2307 3907 2462 3978 quod
2506 3912 2755 3977 quatuor
2812 3907 3054 3976 pedibus
3099 3908 3294 3971 currit,
3330 3908 3484 3978 quod
3514 3909 3573 3961 in

1876 3997 2298 4060 choriambicis,
2339 3996 2652 4065 dactylicis,
2708 4001 2765 4048 et
2793 3995 3149 4065 anapaesticis
3199 3998 3393 4047 metris
3425 3996 3571 4048 acci-

1877 4086 2047 4157 pitur,
2082 4087 2139 4138 in
2172 4085 2378 4156 quibus
2410 4086 2741 4149 dinietrum,
2769 4085 3115 4145 trimetrum,
3148 4089 3566 4151 tetrametrum,

1876 4179 2324 4243 pentametrum,
2362 4178 2419 4226 et
2467 4172 2863 4225 liexametrum
2909 4188 3012 4241 per
3064 4170 3352 4241 simplices
3396 4172 3570 4241 pedes

1877 4268 2313 4332 computamus:
2358 4277 2488 4314 nam
2524 4260 2583 4314 in
2617 4261 2873 4313 iambicis
2922 4260 3299 4330 trochmisque
3348 4260 3566 4320 metris,

1877 4350 2011 4419 quia
2045 4350 2236 4402 brevia
2265 4354 2414 4414 sunt,
2461 4349 2818 4419 supradictus
2865 4364 3134 4401 numeros
3173 4364 3275 4417 per
3312 4348 3569 4418 duplices

1874 4440 2045 4507 pedes
2087 4438 2416 4507 accipimus.
2460 4437 2919 4490 (Ilioriainbicum
2949 4443 3136 4489 autem
3166 4454 3198 4489 a
3229 4437 3565 4490 choriambo

1873 4526 2036 4595 pede,
2072 4542 2184 4595 quo
2215 4526 2443 4595 proprie
2475 4525 2670 4590 currit,
2704 4531 2955 4577 vocatur.
2990 4526 3218 4577 Constat
3250 4526 3404 4578 enim
3448 4525 3575 4595 pri?

1874 4631 1967 4667 mo
2028 4616 2169 4683 pede
2224 4612 2515 4681 spondaeo,
2572 4612 2821 4665 secundo
2875 4616 2930 4665 et
2986 4612 3154 4664 tertio
3211 4612 3563 4679 choriambo,

1873 4710 2078 4773 quarto
2140 4700 2505 4771 pyrrhichio;
2533 4706 2589 4752 et
2636 4716 2765 4752 cum
2814 4699 3180 4753 choriambus
3229 4702 3478 4770 primam
3512 4709 3567 4756 et

1872 4790 2135 4844 ultimam
2169 4790 2389 4858 longas,
2417 4789 2558 4841 duas
2591 4787 2806 4841 medias
2837 4788 3078 4857 syllabas
3110 4788 3305 4841 breves
3335 4789 3562 4853 habeat,

1871 4896 2000 4949 quas
2041 4879 2211 4931 simul
2258 4893 2393 4930 sena
2453 4882 2715 4943 tempora
2769 4876 3104 4946 complent:
3147 4876 3193 4929 si
3226 4878 3560 4946 spondzeuin

1870 4968 2204 5039 pyrrhichio
2236 4964 2594 5034 copulemus,
2642 4964 2881 5017 totidem
2930 4965 3174 5034 syllabas
3207 4965 3561 5035 totidemque

1870 5064 2131 5128 tempora
2172 5055 2448 5121 facimus;
2480 5070 2545 5107 ac
2582 5070 2686 5123 per
2715 5053 2819 5106 hoc
2857 5069 2971 5106 non
3004 5058 3117 5105 tam
3158 5052 3484 5123 pyrrhichio
3507 5058 3564 5107 et

1870 5198 2131 5253 nonnihil
2164 5214 2228 5251 ex
2256 5196 2488 5265 ingenio
2523 5196 2873 5250 mutavimus
2904 5195 2963 5248 in
3000 5195 3112 5249 illis
3146 5194 3331 5248 verbis
3361 5194 3557 5249 distin-

1867 5274 2157 5324 ctionem...
2190 5282 2320 5321 usus
2372 5269 2603 5321 Gallici:
2629 5273 2797 5321 antea
2829 5268 2981 5320 enim
3026 5265 3322 5336 legebatur
3354 5267 3560 5320 distin-

1867 5345 2109 5395 ctionem.
2124 5379 2157 5394 ..
2193 5354 2324 5393 usus
2357 5340 2610 5395 Gallicos.

1938 5414 2052 5464 cDe
2089 5414 2356 5464 creatione
2393 5411 2604 5463 mundi.
2646 5411 2755 5462 lloc
2812 5424 3064 5474 carmen,
3107 5406 3255 5477 quod
3291 5406 3347 5460 in
3378 5407 3559 5478 priori

1867 5482 2118 5535 editione
2148 5482 2364 5547 deerat,
2398 5499 2429 5535 a
2466 5482 2507 5535 Β
2568 5482 2626 5534 Ρ.
2662 5481 2724 5535 Ι).
2761 5481 2920 5533 Edm.
2957 5480 3205 5532 Martene
3225 5479 3560 5533 communi-

1867 5559 2056 5605 catum
2089 5568 2190 5605 suo
2220 5553 2345 5606 loco
2374 5552 2627 5606 edemus.
