4044 6174
409 265 511 317 579

1491 256 2003 313 WANDALBERTI
2048 256 2468 312 PRUMIENSIS
2508 254 2820 312 MONACIII
3806 260 3899 311 580

412 398 686 469 spondam
738 403 984 450 metrum
1032 396 1137 448 hoc
1178 410 1350 464 quam
1384 393 1617 464 proprie
1649 394 1982 447 choriambo
2014 393 2101 447 de-
2142 395 2189 447 A
2216 409 2397 464 usque
2442 394 2512 447 ad
2540 394 2889 465 completum
2918 393 3405 464 Martyrologium,
3432 394 3693 447 heroicos
3716 410 3901 448 versus

414 489 609 541 currit.
647 484 927 540 lnvocatio
956 499 1113 552 ergo,
1146 483 1254 535 hoc
1284 489 1465 535 metro
1492 484 1827 553 composita,
1861 482 2102 552 quadra-

412 576 571 645 ginta
604 579 851 644 quatuor
874 573 1131 626 versibus
1174 576 1435 637 constat;
1470 571 1567 642 qui
1599 572 1863 642 quaterni
1894 587 2105 624 coeun-

410 668 494 717 tes
518 663 777 716 undenos
809 660 1013 729 majori
1042 660 1437 730 complexione
1460 676 1654 713 versus
1685 660 1959 713 efﬁciunt.

480 750 759 804 Allocutio
792 754 1007 817 autem,
1053 766 1181 819 qua:
1218 750 1465 802 lecturos
1497 765 1867 811 commonens
1905 748 2105 801 invitat

407 844 590 893 metro
647 838 965 907 Dactylico,
1046 840 1428 891 Tertrametro
1462 880 1475 905 ,
1528 838 2016 907 Catalecticoque,
2074 855 2106 890 a

407 929 549 999 pede
579 928 795 982 scilicet
814 927 1216 998 frequentiori,
1251 931 1306 979 et
1326 943 1568 980 numero
1591 928 1801 997 pedum
1826 932 2105 997 quaterno

407 1022 580 1087 atque
626 1032 759 1081 una,
810 1031 937 1085 quae
987 1016 1055 1069 ad
1114 1015 1536 1085 plenitudinem
1588 1014 1812 1067 metrici
1856 1013 2103 1079 numeri,

408 1105 571 1159 deest
602 1105 837 1174 syllaba,
873 1104 1159 1174 appellato
1186 1103 1472 1157 decurrit:
1501 1108 1719 1157 constat
1750 1103 1905 1157 enim
1933 1119 2101 1173 spon-

408 1194 535 1259 deo,
568 1193 811 1263 dactylo,
843 1194 1137 1259 catalecto,
1168 1192 1423 1261 itemque
1449 1192 1689 1261 dactylo,
1728 1197 1783 1244 et
1813 1192 2100 1262 spondam.

410 1283 667 1352 Cumque
706 1283 814 1335 hoc
845 1288 1092 1335 metrum
1135 1281 1357 1350 dactylo
1387 1282 1621 1351 proprie
1668 1286 1907 1346 constet,
1940 1281 1985 1334 si
2012 1297 2103 1334 ca-

406 1370 677 1423 talectum
712 1370 984 1440 spondan
1032 1370 1225 1434 addas,
1276 1374 1445 1422 erunt
1494 1370 1715 1423 ratione
1758 1370 2103 1439 syllabarum

409 1465 525 1512 tres
547 1459 749 1527 dactyli
786 1470 840 1510 et
880 1475 1031 1510 unus
1077 1458 1399 1527 spondzrus,
1451 1464 1621 1527 atque
1667 1475 1696 1510 a
1746 1458 2106 1527 plenitudine

410 1547 813 1615 dactylicarum
846 1546 1215 1615 syllabarum,
1246 1563 1356 1599 una
1387 1551 1611 1599 tantum
1658 1546 1875 1615 syllaba
1907 1546 2105 1599 deesse

408 1635 732 1700 videbitur;
790 1651 1142 1704 quamquam
1194 1635 1413 1687 ratione
1464 1640 1788 1704 temporum
1829 1634 2101 1703 dactylus,

408 1723 507 1794 qui
536 1740 647 1776 una
681 1724 846 1791 longa
879 1727 933 1775 et
976 1722 1196 1775 duabus
1236 1722 1502 1775 brevibus
1533 1728 1775 1787 constat,
1809 1722 2103 1792 spondaao,

408 1811 506 1882 qui
547 1812 685 1865 duas
714 1809 955 1879 syllabas
986 1811 1182 1880 longas
1229 1810 1417 1872 habet,
1454 1826 1557 1881 par
1603 1816 1658 1863 et
1702 1809 1939 1880 az'qualis
1985 1810 2102 1862 exi-

410 1905 536 1953 stat.
598 1901 791 1970 Itaque
864 1900 1147 1951 Allocutio
1210 1899 1500 1969 prmdictis
1558 1899 1800 1969 pedibus
1871 1915 2104 1952 currens

409 1988 699 2055 sexaginta
741 1993 865 2040 octo
914 1988 1223 2041 versiculos
1256 1989 1527 2050 continet,
1579 1987 1677 2058 qui
1726 1987 2008 2052 similiter,
2041 1992 2106 2041 ut

407 2079 650 2149 priores,
695 2083 975 2147 quaterno
1033 2093 1275 2131 numero
1324 2077 1633 2147 conjuncti,
1693 2075 2103 2147 septemdecim

410 2168 658 2237 majores
690 2182 886 2219 versus
918 2166 1190 2220 efﬁciunt.

487 2258 659 2309 Porro
692 2254 1127 2308 Commendatio
1151 2257 1335 2306 metro
1360 2252 1688 2318 Phaleucio,
1716 2254 2101 2318 Pentametro,

411 2342 891 2411 Hendecasyllabo
963 2347 1200 2406 constat,
1254 2342 1403 2411 quod
1466 2359 1498 2394 a
1548 2357 1789 2394 numero
1840 2340 2103 2394 undecim

410 2430 755 2500 syllabarum
803 2432 989 2485 Greece
1040 2430 1609 2500 Hendecasyllabum,
1657 2446 1689 2483 a
1730 2446 1969 2483 numero
2015 2445 2105 2499 pe-

409 2518 545 2572 dum
588 2519 845 2590 quinque
892 2521 1340 2583 Pentametrum,
1391 2518 1460 2571 ab
1512 2519 1809 2572 inventore
1857 2518 1969 2571 sive
2000 2517 2107 2570 fre-

411 2612 754 2675 quentatore
804 2606 1169 2659 Phaleucium
1222 2606 1562 2676 appellatur.
1614 2606 1871 2661 Decurrit
1912 2610 2103 2659 autem

410 2694 599 2765 primo
626 2695 771 2764 pede
796 2695 1087 2764 spondaeo,
1120 2696 1368 2748 secundo
1402 2695 1642 2765 dactylo,
1679 2696 1865 2761 tertio,
1899 2700 2103 2766 quarto

411 2784 730 2854 quintoque
781 2783 1031 2837 trochmo
1058 2800 1071 2849 ;
1106 2784 1366 2854 quamvis
1398 2785 1601 2837 ultima
1632 2785 1844 2855 syllaba
1874 2784 2104 2838 indiffe-

412 2876 602 2925 renter
663 2872 721 2925 in
789 2872 1059 2926 omnibus
1118 2873 1314 2925 metris
1374 2872 1689 2942 accipiatur
1740 2877 1795 2926 et
1844 2873 2107 2943 frequen-

2216 488 2537 552 nongentos
2569 489 2625 537 et
2657 484 3038 553 quadraginta
3067 483 3339 536 continet.

2287 571 2559 642 Sequitur
2587 573 2853 644 deinceps
2885 572 3207 637 Conclusio,
3235 573 3305 626 ad
3329 571 3733 642 complendum
3766 572 3903 624 Mar-

2214 662 2563 731 tyrologium
2608 662 2922 731 pertinens,
2956 677 3081 731 quae
3128 661 3305 714 mixto
3355 660 3774 724 Choriambico,
3805 660 3906 713 hoc

2216 754 2299 802 est
2351 750 2642 819 Glyconio,
2721 749 3089 819 Asclepiadeo
3153 748 3494 818 Alcaicoque
3550 748 3901 801 contexitur:

2215 854 2342 907 quae
2377 844 2558 892 metra
2600 839 2669 891 ab
2709 839 3035 891 auctoribus
3083 838 3197 891 sive
3245 837 3766 906 frequentatoribus
3804 853 3903 889 no-

2214 927 2431 980 minata
2473 928 2741 997 Glycunc,
2777 927 3036 997 Asclepio
3071 931 3127 980 et
3155 928 3381 982 Alcaeo:
3419 925 3755 996 Glyconium
3788 926 3906 995 qui-

2215 1015 2343 1069 dem
2368 1017 2658 1086 spondaeo,
2687 1016 3041 1080 choriambo,
3066 1015 3397 1086 pyrrhichio
3426 1031 3438 1068 :
3474 1014 3904 1083 Asclepiadeum

2216 1105 2507 1175 spondaeo,
2541 1105 2761 1159 duobus
2808 1105 3177 1171 choriambis,
3221 1103 3583 1174 pyrrhichio:
3618 1103 3905 1156 Alcaicum

2218 1211 2348 1246 vero
2379 1193 2666 1263 spondam,
2704 1193 2886 1247 tribus
2925 1192 3289 1258 cboriambis,
3322 1191 3770 1262 pyrrhichioque
3813 1191 3905 1243 de-

2216 1288 2473 1336 currunt.
2526 1284 2736 1336 Eadem
2787 1282 3084 1336 Conclusio
3124 1282 3326 1352 viginti
3368 1285 3617 1351 quatuor
3660 1280 3905 1333 versicu-

2216 1373 2302 1425 los
2334 1372 2604 1442 prmdicta
2654 1371 3053 1440 conjunctione
3095 1376 3413 1425 metrorum
3462 1370 3755 1439 complexa
3787 1373 3907 1421 octo

2217 1462 2464 1531 majores
2493 1478 2685 1514 versus
2714 1461 2888 1514 ternis
2935 1460 3103 1513 simul
3153 1459 3489 1512 coeuntibus
3528 1457 3732 1511 reddit.
3770 1457 3906 1510 lluic

2217 1550 2467 1618 hymnus
2500 1549 2560 1601 in
2592 1564 2790 1602 omnes
2837 1554 3059 1601 sanctos
3090 1547 3358 1605 succedit,
3393 1546 3490 1616 qui
3532 1550 3714 1598 metro
3746 1561 3907 1598 cons-

2217 1644 2292 1691 tat
2341 1638 2647 1707 Dactylico,
2702 1639 3065 1690 Pentametro
3136 1635 3436 1706 Sapphico,
3498 1635 3648 1704 quod
3695 1650 3727 1686 a
3778 1650 3907 1686 mu-

2215 1726 2374 1787 liere,
2419 1742 2547 1796 qua:
2590 1725 2821 1795 Sappho
2858 1725 3026 1791 dicta,
3081 1726 3188 1778 hoc
3239 1741 3420 1794 genus
3472 1723 3641 1776 metri
3694 1723 3909 1791 reperit

2216 1816 2563 1885 appellatum
2591 1831 2603 1881 ;
2640 1814 2833 1884 quinis
2865 1814 3128 1883 pedibus,
3164 1814 3267 1867 hoc
3300 1819 3385 1866 est
3414 1812 3684 1875 trochaeo,
3728 1828 3906 1881 spon-

2216 1904 2358 1971 dzeo,
2394 1904 2637 1973 dactylo,
2682 1902 2907 1956 duobus
2950 1901 3208 1955 trocbzeis
3247 1900 3528 1965 decurrit;
3577 1900 3749 1970 eique
3791 1904 3908 1969 post

2214 1996 2328 2045 tres
2361 2008 2552 2045 versus
2584 2008 2807 2062 semper
2856 2007 3081 2044 comma
3128 1989 3423 2044 heroicum
3470 1988 3721 2054 additur,
3760 1988 3903 2058 quod

2213 2076 2434 2146 dactylo
2463 2080 2681 2129 constat
2712 2079 2881 2144 atque
2925 2073 3194 2144 spondaeo
3220 2089 3233 2138 ;
3266 2072 3343 2125 ita
3373 2072 3704 2125 efﬁciuntur
3739 2071 3799 2124 in
3828 2072 3903 2124 di-

2214 2180 2373 2217 versa
2404 2168 2517 2217 tres
2565 2180 2759 2216 versus
2815 2162 3049 2232 pariles,
3104 2167 3160 2215 et
3211 2161 3532 2214 membrum
3586 2160 3903 2222 heroicum,

2215 2269 2344 2323 quas
2376 2252 2694 2323 complexio
2727 2251 2785 2305 in
2816 2267 2990 2321 supra
3016 2251 3165 2303 dicto
3212 2250 3427 2319 hymno
3473 2253 3598 2302 octo
3643 2249 3902 2317 majores,

2214 2342 2467 2396 minores
2496 2357 2691 2394 versus
2729 2340 2916 2393 reddit
2952 2339 3154 2409 viginti
3193 2343 3460 2409 quatuor,
3495 2343 3790 2391 commata
3819 2337 3906 2390 ni-

2214 2432 2529 2486 hilominus
2560 2431 2770 2484 addens
2794 2433 2957 2482 octo:
2992 2429 3134 2496 haec,
3168 2433 3231 2481 ut
3266 2444 3436 2497 supra
3468 2426 3811 2489 memoravi,
3842 2424 3903 2477 ad

2214 2520 2390 2574 ﬁnem
2453 2518 3024 2589 complexionemque
3090 2517 3463 2588 praecedentis
3524 2514 3905 2585 Martyrologii

2214 2610 2523 2680 pertinent.

2289 2699 2502 2753 Deinde
2552 2696 2810 2768 sequitur
2869 2696 3173 2766 descriptio
3244 2694 3543 2749 duodecim
3596 2693 3907 2759 mensium,

2215 2802 2340 2858 quae
2370 2786 2671 2839 nominum
2696 2786 2754 2838 in
2786 2785 3027 2855 singulis
3057 2785 3445 2856 etymologias,
3479 2784 3783 2852 signorum
3812 2798 3908 2835 no-

2214 2876 2370 2929 mina
2401 2879 2455 2927 et
2477 2874 2792 2941 stellarum,
2841 2875 2901 2927 in
2938 2873 3115 2943 signis
3164 2888 3437 2926 numeros
3478 2886 3730 2941 ususque
3763 2876 3908 2923 tem-

410 2965 497 3014 ter
574 2960 857 3015 trochaeus
926 2961 983 3014 in
1042 2962 1377 3031 spondaeum
1413 3008 1422 3024 ,
1486 2962 1787 3031 spondzeus
1866 2961 1924 3015 in
1980 2965 2105 3015 tro-
2146 2986 2186 3041 ρ
2216 2980 2423 3036 porum
2465 2963 2730 3018 ostendit.
2775 2962 2915 3017 Huic
2956 2961 3321 3032 descriptioni
3359 2961 3607 3014 cohaeret
3637 2960 3906 3013 horarum

410 3049 654 3116 chmum,
735 3049 795 3102 in
853 3048 1246 3120 pyrrhichium
1325 3049 1587 3116 iambus,
1646 3049 1983 3120 iambusque
2046 3049 2106 3102 in

409 3138 824 3208 pyrrhichium,
874 3154 977 3207 per
1020 3137 1252 3191 ultimas
1299 3138 1541 3208 syllabas
1599 3142 1867 3192 transeat.
1927 3137 2109 3209 Igitur

411 3228 847 3282 Commendatio
879 3227 1071 3297 priore
1102 3226 1190 3281 sui
1214 3234 1398 3297 parte,
1428 3227 1534 3281 hoc
1557 3231 1740 3281 metro
1768 3228 2105 3297 composita,

410 3332 502 3368 sex
536 3321 591 3370 et
626 3316 867 3387 triginta
914 3316 1172 3369 versibus
1200 3316 1499 3387 impletur,
1534 3316 1633 3387 qui
1664 3316 1801 3370 item
1833 3332 1938 3386 per
1963 3333 2104 3386 qua-

410 3410 631 3458 ternam
654 3404 1109 3475 complexionem
1140 3421 1350 3458 novem
1378 3405 1625 3475 majores
1648 3421 1842 3459 versus
1882 3406 2106 3476 explere

412 3497 746 3546 noscuntur.
791 3492 1076 3546 Posterior
1109 3509 1240 3562 pars
1288 3494 1836 3559 Commendationis,
1883 3495 1952 3548 ad
1987 3495 2105 3549 Cm-

411 3597 597 3634 sarem
628 3581 798 3644 edita,
830 3586 1011 3635 metro
1061 3585 1278 3634 constat
1311 3582 1614 3651 Dactylico,
1664 3582 1933 3646 Dimetro,
1971 3585 2107 3636 Aca-

409 3670 635 3737 talecto,
671 3669 827 3740 quod
859 3669 1082 3740 dactylo
1121 3674 1345 3723 tantum
1379 3671 1556 3724 currit
1601 3676 1771 3741 atque
1812 3672 2101 3742 spondaeo,

410 3772 597 3827 neque
629 3757 819 3828 aliqua
866 3758 1081 3828 syllaba
1114 3760 1183 3813 ad
1227 3759 1648 3829 plenitudinem
1691 3760 1931 3831 indiget.
1973 3760 2106 3813 Haec

409 3862 542 3917 pars
575 3846 959 3917 quadraginta
1004 3847 1261 3918 duosque
1314 3848 1625 3902 versiculos
1672 3849 1948 3915 continet,
2004 3849 2104 3920 qui

410 3934 530 3987 seni
563 3935 729 3989 simul
781 3940 1053 3989 coeuntes
1093 3940 1311 4007 septem
1344 3937 1550 4007 majori
1586 3938 1988 4007 conjunctione
2023 3938 2102 3991 fa-

409 4024 568 4077 ciunt
596 4041 811 4078 versus.

481 4113 788 4182 Reliquum
836 4113 1045 4167 deinde
1074 4130 1217 4183 opus
1260 4114 1329 4167 ad
1375 4114 1725 4184 completum
1772 4115 2098 4185 Martyrolo-

408 4200 589 4270 gium,
620 4201 851 4255 heroico
898 4202 1173 4268 carmine,
1206 4202 1355 4272 quod
1389 4220 1419 4255 a
1466 4203 1639 4273 gestis
1684 4203 1937 4257 virorum
1987 4203 2100 4257 for-

2215 3068 2321 3123 per
2348 3068 2574 3107 menses
2631 3068 2831 3105 omnes
2894 3050 3201 3105 dimensio.
3257 3050 3417 3115 Quod
3460 3066 3599 3120 opus
3650 3049 3907 3102 versibus

2215 3140 2459 3195 heroicis
2493 3140 2925 3211 quadringentis
2948 3145 3004 3193 et
3033 3138 3456 3210 quinquaginta
3498 3137 3840 3206 completur.

2278 3232 2341 3284 In
2374 3230 2486 3284 ﬁne
2513 3230 2686 3283 totius
2726 3228 2903 3282 libelli
2954 3233 3213 3299 superest
3255 3228 3323 3281 de
3370 3227 3657 3280 creatione
3706 3224 3908 3279 mundi

2215 3317 2402 3373 brevis
2433 3322 2489 3371 et
2536 3321 2731 3388 aperta
2780 3317 3083 3386 descriptio
3149 3332 3278 3369 cum
3340 3314 3629 3368 additione
3687 3312 3907 3383 mystici

2216 3422 2413 3459 sensus
2444 3405 2501 3458 in
2532 3404 2764 3458 homine
2797 3420 2969 3475 super
3008 3404 3293 3457 creatione
3327 3420 3516 3457 rerum
3553 3401 3905 3473 accipiendi:

2216 3510 2345 3564 quae
2384 3494 2689 3564 descriptio
2729 3498 2912 3547 metro
2962 3493 3327 3547 Pherecratio
3385 3496 3620 3554 constat,
3680 3491 3837 3561 quod
3880 3508 3909 3543 a

2214 3583 2549 3637 Pherecrate
2580 3582 2881 3635 inventore
2914 3583 3028 3635 sive
3059 3582 3484 3652 frequentatore
3511 3586 3905 3651 nuncupatum

2213 3671 2503 3741 spondaao,
2552 3669 2798 3741 dactylo,
2840 3670 3225 3740 spondmoque
3268 3668 3601 3731 contexitur,
3648 3668 3908 3738 quamvis

2213 3777 2317 3831 pro
2373 3760 2594 3813 ratione
2638 3759 2957 3812 novissimae.
3002 3760 3256 3828 syllabae,
3306 3758 3541 3811 ultimus
3600 3757 3908 3826 sponda-us

2212 3849 2544 3917 frequenter
2570 3847 2628 3900 in
2664 3847 2978 3901 trochaeum
3028 3851 3298 3900 mutetur.
3342 3846 3400 3899 In
3432 3846 3533 3898 hac
3570 3844 3905 3915 descriptio-

2214 3954 2284 3991 ne
2315 3936 2489 3989 tcrnis
2517 3936 2771 3989 versibus
2806 3936 2861 3989 in
2895 3952 3075 3989 unum
3108 3935 3469 3999 coeuntibus,
3512 3934 3775 3988 minores
3810 3934 3909 3987 du-

2210 4026 2363 4079 centi
2391 4026 2681 4095 octoginta
2722 4025 2999 4096 quinque,
3039 4025 3283 4095 majores
3313 4024 3576 4093 nonginti
3608 4029 3742 4077 octo
3784 4023 3905 4076 efti-

2211 4113 2458 4167 ciuntur.
2497 4114 2577 4166 Ita
2610 4113 2669 4166 in
2712 4112 2869 4166 omni
2916 4114 3025 4166 hoc
3069 4129 3239 4183 opere
3286 4114 3641 4167 diversorum
3694 4118 3908 4165 metro-

2211 4218 2339 4255 rum
2361 4201 2765 4272 variarumque
2793 4217 3190 4255 mensurarum
3224 4216 3421 4255 versus
3462 4205 3615 4264 sunt,
3646 4200 3718 4253 ab
3750 4201 3909 4254 Invo-

407 4290 550 4342 tium
604 4289 975 4360 frequentatis
1015 4292 1357 4361 appellatur,
1392 4296 1449 4346 et
1485 4292 1813 4346 hexametro
1860 4309 2102 4347 numero
2142 4287 2433 4345 Dcatione
2490 4291 2559 4345 ad
2616 4292 2796 4345 Deum
2862 4307 3043 4361 usque
3104 4290 3170 4343 ad
3242 4290 3547 4343 mundana
3603 4288 3908 4343 creationis

406 4376 618 4445 pedum
650 4382 892 4441 constat,
929 4379 1181 4432 excurrit
1210 4396 1222 4432 :
1267 4379 1326 4432 in
1378 4396 1493 4450 quo
1525 4386 1728 4447 metro,
1776 4385 1987 4451 prmter
2016 4382 2102 4435 ul-

408 4464 637 4529 timum,
673 4464 772 4535 qui
810 4465 1141 4536 spondaaum
1183 4468 1583 4521 tantummodo
1633 4468 1748 4521 sive
1788 4470 2103 4523 trochmum

409 4552 635 4622 recipit,
687 4558 744 4607 et
785 4554 1173 4624 penultimum
1216 4555 1427 4622 locum,
1482 4557 1580 4627 qui
1626 4558 1846 4627 dactylo
1889 4559 2105 4611 solum-

406 4640 578 4693 modo
609 4640 907 4711 impletur,
949 4643 1174 4714 reliqua
1206 4644 1324 4697 loca
1354 4644 1589 4698 licenter
1614 4644 1898 4714 dactylum
1932 4661 2100 4715 spon-

408 4728 666 4782 dzeumve
702 4730 1006 4800 recipiunt.
1040 4730 1203 4794 Quod
1236 4748 1379 4802 opus
1401 4732 1470 4785 ab
1502 4733 1665 4787 initio
1693 4734 2104 4803 Propositionis

2210 4379 2799 4451 comprehensionem,
2835 4380 2990 4434 mille
3024 4379 3294 4449 nongenti
3324 4378 3744 4432 novemdecim.
3784 4380 3907 4431 llam

2207 4470 2287 4523 ita
2321 4470 2650 4539 complexus
2683 4485 2830 4533 sum,
2880 4473 2943 4521 nt
2989 4467 3114 4532 tibi,
3166 4468 3529 4533 Charissime,
3581 4468 3673 4520 cui
3730 4466 3906 4519 totius

2210 4558 2468 4629 opusculi
2500 4558 2645 4611 sicut
2673 4573 2899 4628 cunque
2927 4556 3247 4610 constiterit
3274 4573 3482 4609 munus
3520 4555 3908 4625 assignabitur

2209 4647 2351 4701 nihil
2411 4646 2501 4699 hic
2564 4646 2921 4717 incognitum
2977 4646 3290 4700 dubiumve
3359 4650 3672 4699 remaneat.
3760 4644 3905 4697 Bene

2212 4735 2366 4787 Vale.

1233 5029 1763 5115 SEQUENTIS
1824 5031 2213 5105 METRICI
2276 5032 2621 5105 OPERIS
2679 5032 3070 5105 TEXTUS.

2013 5186 2307 5198 _—_———

1024 5258 1401 5313 INVOCATIO
1432 5268 1474 5313 ⁸.

478 5346 503 5386 ι)
524 5345 669 5399 Celsi
696 5350 898 5399 cuncta
925 5362 1150 5416 parans,
1186 5347 1453 5400 conditor
1482 5347 1729 5415 aetheris,

479 5432 643 5486 Orbis
666 5434 1036 5504 principium,
1073 5435 1306 5488 luminis
1339 5435 1521 5489 editor

483 5564 505 5587 ⁸
534 5556 775 5609 Metrum
860 5558 1345 5625 Choriambieum,

449 5561 775 5679 .“dMetrum
860 5561 1345 5625 Choriambieum,
1419 5561 1859 5629 Tetrametrum,
1906 5565 2099 5617 Ascle-

404 5642 499 5697 pia
542 5643 695 5679 eum.

618 5644 695 5679 In.

2287 5262 2685 5332 Inventorque,
2717 5261 2855 5315 boni
2884 5260 3009 5315 fons
3039 5262 3162 5317 sine
3191 5263 3459 5317 termino.

2281 5350 2431 5404 Audi
2460 5351 2612 5421 quod
2646 5367 2847 5421 precor
2876 5356 2931 5405 et
2957 5353 3217 5422 supplico
3248 5354 3526 5417 servulus,

2286 5440 2472 5494 Plebis
2502 5444 2564 5494 tu
2595 5445 2765 5511 caput
2795 5445 2850 5494 et
2879 5439 3062 5510 gloria
3093 5440 3370 5506 candidm,

2284 5567 2307 5606 π’
2337 5566 2475 5620 Celsi
2516 5569 2706 5618 cuncta
2752 5581 2977 5633 parans.
3019 5566 3202 5620 Codex
3252 5566 3398 5635 Big.,
3428 5568 3556 5618 celsi
3603 5570 3793 5618 cuncta
3818 5579 3910 5633 pa-

2209 5651 2369 5688 rens:
2402 5636 2541 5705 quin
2574 5637 2881 5705 legendum
2909 5636 2983 5690 sit
3009 5638 3137 5690 celsi
3164 5643 3345 5691 sancte
3369 5652 3592 5707 parens,
3624 5652 3743 5690 non
3774 5637 3908 5689 vade
