4044 6174
177 286 258 339 581

235 422 387 477 Albis
416 421 639 491 fulgida
669 424 1057 491 praetextaque
1088 419 1335 472 vestibus

235 516 465 581 Agnum
498 527 623 581 quae
656 510 941 580 sequitur;
977 509 1205 578 lotaque
1237 505 1517 575 sanguine

243 600 315 651 De
347 598 570 651 cunctis
602 598 785 668 placet
813 600 1003 666 empta
1036 600 1094 649 et
1125 594 1255 648 data
1286 593 1571 663 gentibus.

239 688 391 740 Hanc
424 687 593 740 terris
625 686 785 752 colit,
819 691 875 738 et
903 682 1182 754 przedicat
1211 683 1483 736 omnibus

239 775 393 828 Votis
420 774 788 828 accumulans
818 772 1037 837 optima
1069 771 1279 839 gaudia

241 864 491 918 Concors
521 861 789 928 Ecclesia,
824 867 878 914 et
907 877 1041 914 mox
1072 858 1492 913 modulantium

243 952 466 1005 Festivo
503 952 681 1005 sociat
710 950 965 1003 carmina
995 948 1184 1002 coetui.

240 1042 371 1094 Haec
400 1056 556 1093 nunc
586 1038 882 1093 curriculis
914 1043 1045 1091 vota
1074 1038 1179 1090 sub
1210 1035 1437 1100 annuis,

238 1130 344 1182 Per
376 1146 524 1199 quos
557 1128 848 1181 emineant
877 1133 928 1180 et
961 1126 1198 1180 redeant
1226 1126 1366 1190 dies,

238 1219 529 1287 Exponam
561 1217 810 1271 breviter
838 1215 1051 1270 credita
1077 1214 1348 1279 carmine,

238 1306 676 1374 Comprendens
709 1305 855 1358 acies
886 1305 1152 1373 bellaque
1183 1303 1438 1367 fortium,

237 1394 519 1461 Quorum,
554 1394 772 1447 Christe
810 1395 976 1459 Deus,
1011 1409 1114 1463 pro
1147 1391 1366 1446 meritis
1393 1390 1535 1444 mihi

237 1485 585 1538 Cunctorum
620 1483 842 1536 veniam
868 1482 961 1535 hic
987 1497 1177 1535 annue
1200 1481 1527 1534 criminum.

237 1572 407 1625 Servo
443 1571 642 1624 confer
674 1588 865 1640 opem,
901 1572 1184 1640 missaque
1217 1571 1464 1639 desuper

240 1661 469 1713 Caecum
500 1660 569 1713 de
600 1660 845 1713 tenebris
872 1660 991 1728 jam
1020 1664 1243 1712 revocet
1280 1674 1499 1723 manus,

238 1750 477 1814 Rector;
513 1765 721 1818 nempe
750 1755 847 1801 tuo
881 1749 1035 1801 nulla
1067 1748 1357 1815 renititur,

241 1835 411 1888 Nulla
446 1840 533 1888 est
564 1834 811 1903 imperio
843 1835 985 1887 dura
1013 1835 1273 1904 potentia
1304 1850 1316 1887 :

236 1924 427 1977 Armis
458 1929 521 1977 tu
554 1924 773 1993 poteris
803 1924 1030 1977 vincere
1061 1923 1324 1988 fortibus,

238 2013 462 2066 Falleris
497 2028 567 2065 ne
598 2012 787 2065 Zabuli
818 2012 1005 2065 vincat
1034 2012 1328 2082 iniquitas,

232 2101 492 2155 Tandem
523 2100 603 2153 sic
632 2100 769 2154 satis
799 2101 868 2154 ad
909 2105 1121 2154 tartara
1153 2117 1253 2171 per
1282 2100 1462 2154 scelus

237 2189 523 2242 Curictum
555 2205 773 2259 perque
806 2189 982 2255 nefas,
1016 2204 1232 2259 perque
1261 2187 1468 2259 probra
1500 2186 1713 2241 omnia.

235 2280 376 2333 Casu
410 2278 680 2331 ﬂebiliter
709 2278 943 2331 tendere
974 2278 1223 2347 pessimo
1250 2297 1265 2344 ;

235 2365 611 2435 Oblectetque
639 2366 753 2419 tuis
785 2366 971 2419 vivere
1001 2365 1244 2435 legibus.

238 2453 392 2506 Felix
424 2455 695 2507 caelicolis
724 2460 1024 2524 permanet
1054 2455 1113 2508 in
1145 2454 1356 2523 quibus

234 2542 452 2612 Regem
487 2551 513 2575 δ
541 2543 827 2612 praesidiis
858 2543 972 2596 vita
1000 2543 1378 2613 perennibus,

235 2630 544 2684 Summum
578 2632 809 2701 quando
838 2632 949 2701 piis
980 2637 1042 2684 tu
1069 2631 1289 2693 residet
1315 2632 1553 2696 bonum,

238 2720 443 2790 Expiet
473 2736 617 2791 quos
642 2720 857 2790 jugiter
885 2726 943 2774 te
973 2720 1171 2773 sitiens
1201 2736 1381 2773 amor.

238 2809 371 2877 Spei
403 2808 487 2861 nil
511 2813 775 2878 superest
801 2812 847 2874 Ι),
881 2809 950 2863 ad
978 2808 1199 2863 veniam
1224 2808 1389 2873 mihi,

234 2897 381 2951 Vitae
415 2912 526 2951 nec
554 2897 746 2967 potior
774 2898 1072 2969 suppetiis,
1104 2897 1217 2951 nisi

237 2986 516 3039 Pressum
547 2990 609 3038 tu
636 2985 874 3051 releves,
908 3001 1060 3055 aager
1085 2991 1143 3039 et
1172 2986 1373 3039 anxius

234 3073 740 3144 Succumbensque
770 3089 933 3128 ruam
963 3073 1163 3127 mortis
1194 3074 1263 3128 ad
1292 3073 1509 3127 inﬁma.

234 3163 443 3216 Munus
474 3178 629 3215 nunc
662 3161 849 3233 operis
874 3162 1191 3233 permodici
1221 3168 1414 3216 tamen

236 3252 579 3306 Sanctorum
613 3251 671 3305 in
703 3268 944 3306 numero
973 3252 1040 3306 de
1070 3253 1286 3321 populo
1315 3252 1439 3319 tibi,

239 3341 469 3405 Hector,
502 3340 774 3412 quodque
802 3346 901 3395 tuo
929 3341 1158 3412 profero
1186 3341 1428 3404 nomini,

238 3431 479 3483 Gratum
510 3429 582 3483 de
613 3430 794 3483 sterili
822 3430 894 3483 sit
919 3446 1058 3501 rogo
1090 3431 1361 3485 carmine.

239 3518 538 3589 Hymnum
568 3524 845 3588 personet
874 3518 968 3573 hic
996 3535 1158 3572 mens
1188 3518 1424 3572 humilis
1453 3518 1575 3585 tibi,

243 3607 610 3677 Devotusque
644 3613 809 3661 canat
842 3613 897 3661 te
928 3608 1227 3661 modulans
1257 3608 1451 3675 homo,

178 3716 185 3717 ί
243 3696 434 3749 Unum
467 3696 562 3748 cui
589 3695 809 3766 jugiter
839 3712 967 3749 cum
999 3698 1159 3750 Patre
1191 3697 1434 3767 gloriam

240 3786 463 3853 Agmen
493 3784 773 3854 pradicat
801 3785 861 3838 in
890 3786 1094 3839 saecula
1128 3786 1402 3839 lucidum.

824 3926 1231 3983 ALLOCUTIO.

246 4059 263 4083 ε
301 4051 590 4105 Christum
622 4050 867 4122 quisque
897 4052 1059 4122 cupis
1091 4067 1347 4119 cernere,
1378 4056 1431 4106 et
1463 4052 1577 4107 alto

247 4140 510 4194 Decernis
542 4140 799 4193 animum
830 4140 1007 4210 tigere
1038 4142 1201 4207 coelo,

245 4227 379 4297 Spei
405 4232 560 4281 certa
584 4228 781 4282 videns
816 4228 979 4298 signa
1009 4229 1212 4298 beatae,

244 4316 581 4387 Magnorum
612 4332 851 4387 sequere
884 4318 977 4371 hic
1007 4320 1166 4388 gesta
1196 4322 1523 4388 parentum.

244 4405 335 4459 Illi
368 4421 519 4476 saepe
557 4406 732 4459 Deum
763 4421 994 4459 cernere
1025 4406 1188 4473 sueti,

245 4493 589 4545 Praastantes
618 4491 847 4562 opibus,
879 4508 1121 4563 corpore
1152 4492 1346 4554 fortes,

244 4581 566 4650 Condignaz
596 4597 660 4633 ac
694 4580 905 4635 sobolis
937 4581 1197 4651 germine
1226 4581 1377 4647 fulti,

242 4670 540 4723 lllustrant
569 4669 791 4723 meritis
822 4671 1029 4724 saecula
1058 4669 1263 4723 sanctis
1293 4686 1305 4723 :

242 4758 335 4812 Illi
371 4758 584 4811 divitiis
616 4764 821 4828 sponte
851 4758 1084 4826 relictis,

243 4846 479 4902 Cunctis
510 4851 567 4899 et
596 4847 765 4901 viridi
796 4851 1052 4918 tempore
1078 4847 1251 4902 rebus

243 4934 647 5005 Comtemptis,
679 4935 963 5006 Superum
996 4951 1176 5006 regna
1204 4933 1482 5000 videntes,

245 5025 636 5079 Monstravere
662 5023 780 5077 suis
804 5024 1001 5078 abdita
1027 5024 1226 5096 signis.

1895 417 1936 469 A

1232 277 1853 337 MARTYROLOGIUM.
1907 308 1975 317 ~—
2015 276 2404 348 INVOCATIO,
2444 279 2605 335 ETC6

2044 415 2127 469 llli
2158 420 2216 469 et
2243 415 2465 470 viviﬁco
2498 416 2711 469 famine
2742 416 2919 486 pleni,

2043 504 2187 557 Visis
2217 522 2278 558 ac
2310 504 2544 558 monitis
2573 505 2791 558 coalitus
2825 506 2951 571 acti,

2042 594 2355 647 Venturum
2393 594 2701 647 Dominum
2735 594 2962 646 vocibus
2994 599 3166 664 atque

2043 683 2327 736 Portentis
2357 682 2527 734 variis
2561 681 2859 734 edocuere.

2041 771 2192 836 Illos,
2227 771 2407 824 factus
2434 771 2607 824 homo
2639 775 2742 835 est,
2773 770 3113 841 perditoque
3144 776 3200 825 et
3227 772 3350 826 orbi

2042 859 2318 913 Salvando
2351 859 2678 925 adveniens,
2710 874 2807 912 ore
2837 875 3126 930 manuque

2045 950 2373 1013 Instructos,
2408 949 2688 1018 pOpulum
2722 948 2880 1001 misit
2908 948 2968 1000 in
2999 964 3250 1014 omnem,

2042 1027 2236 1091 Mundi
2267 1041 2329 1090 ut
2359 1037 2656 1107 perliceret
2688 1037 2799 1090 rite
2831 1037 3096 1092 salutem.

2043 1126 2174 1178 Illos
2202 1141 2368 1178 verus
2400 1141 2560 1178 amor
2593 1126 2763 1194 Regis
2796 1125 2864 1178 ad
2898 1130 3049 1178 astra

2047 1214 2201 1267 Vexit
2232 1215 2491 1284 martyrii
2525 1219 2766 1267 stemate
2798 1215 3001 1282 claros,

2045 1303 2422 1373 Insignesque
2457 1302 2537 1373 pii
2568 1302 2709 1356 flore
2741 1303 2981 1368 cruoris,

2046 1392 2299 1455 Quorum
2330 1408 2482 1445 nunc
2512 1392 2697 1446 radiat
2727 1396 2881 1446 terra
2915 1391 3240 1462 triumphis.

2046 1481 2179 1533 Illos
2206 1480 2345 1550 quin
2374 1480 2546 1533 etiam
2580 1481 2728 1534 celsa
2757 1485 3019 1534 venustat

2050 1571 2330 1623 Doctrina;
2362 1576 2419 1622 et
2446 1569 2636 1623 meriti
2660 1569 2841 1639 gloria
2869 1570 3083 1639 magni,

2047 1658 2155 1721 Qui
2184 1659 2355 1711 verbo
2388 1658 2721 1725 Ecclesiam,
2753 1658 2853 1728 qui
2879 1675 3068 1728 prece,
3097 1658 3313 1729 quique

2047 1745 2255 1816 Signis,
2287 1746 2501 1817 quique
2533 1747 2695 1801 libris
2728 1747 3047 1801 instituere.

2048 1836 2164 1888 Illis
2194 1839 2278 1888 est
2310 1836 2579 1905 proprius
2608 1836 2880 1905 splendor
2910 1836 3236 1906 honorque,

2048 1923 2155 1988 Qui
2186 1923 2399 1978 Christi
2428 1925 2593 1977 niveo
2629 1924 2882 1993 tegmine
2920 1925 3049 1977 fulti

2050 2012 2317 2066 Vicerunt
2350 2012 2541 2066 stabili
2575 2018 2765 2066 mente
2798 2013 3136 2077 minantem,

2048 2100 2502 2171 Mulcentemque
2534 2101 2701 2155 simul
2734 2101 2918 2154 carnis
2951 2117 3225 2155 amorem.

2048 2190 2162 2243 Illis
2191 2194 2274 2243 est
2304 2190 2475 2243 etiam
2508 2190 2659 2244 fama
2690 2191 2979 2261 perennis,

2049 2279 2186 2342 Qum
2218 2284 2517 2348 expertum
2547 2279 2741 2333 viridis
2767 2280 3023 2349 corporis
3055 2280 3248 2349 ignem

2050 2367 2351 2421 Calcarunt
2381 2367 2610 2437 penitus
2642 2368 2842 2422 caelibe
2873 2369 3005 2435 vita,

2052 2454 2495 2527 Praecinctaeque
2529 2456 2627 2510 Dei
2659 2457 2915 2527 tegmine
2947 2456 3192 2510 lumbos.

2050 2544 2166 2598 Illis
2196 2561 2300 2599 nec
2328 2545 2618 2599 modicum
2650 2549 2735 2598 est
2764 2546 2991 2600 culmen
3023 2544 3289 2611 honoris,

2049 2630 2291 2685 Servatis
2321 2633 2610 2699 thalamis,
2645 2649 2775 2704 quae
2809 2633 3023 2703 pietate

2051 2721 2428 2791 Compseruut
2457 2720 2675 2775 socium
2710 2722 2817 2775 rite
2848 2722 3063 2787 cubile;

2050 2809 2223 2863 Natos
2255 2826 2500 2880 quasque
2529 2811 2644 2864 Deo
2676 2815 2882 2881 sponte
2915 2811 3199 2865 dicarunt.

2051 2899 2288 2952 Illorum
2322 2902 2555 2969 superat
2584 2898 2735 2952 fama
2765 2915 2867 2969 per
2899 2915 3084 2953 azvum

2051 2986 2397 3056 Conspectus
2425 2986 2748 3053 hominum,
2781 2992 3099 3057 cunctaque
3134 2986 3334 3041 mundi

2049 3076 2413 3142 Temnentes,
2448 3092 2707 3129 eremum
2744 3075 2844 3147 qui
2875 3076 3126 3143 coluere,

2050 3163 2349 3218 Ccelestem
2379 3164 2573 3217 meriti
2604 3180 2832 3218 sumere
2871 3180 3099 3234 panem.

2046 3253 2397 3323 Illorumque
2430 3252 2573 3306 nitet
2602 3268 2833 3317 nomen,
2868 3253 2927 3306 in
2958 3268 3131 3306 unum

2048 3341 2197 3405 Quos
2228 3341 2346 3411 egit
2371 3338 2398 3377 ι¹
2430 3341 2642 3411 pariter
2675 3341 2762 3395 lex
2792 3358 2950 3396 sacra
2981 3345 3255 3406 mentem,

2049 3432 2281 3484 Patrum
2313 3430 2410 3501 qui
2443 3430 2680 3484 monitis
2711 3432 2854 3485 colla
2884 3447 3205 3501 manusque

2050 3518 2421 3585 Summisere,
2460 3520 2558 3573 Dei
2588 3519 2713 3590 lege
2738 3519 2946 3590 jugati.

2050 3608 2282 3661 Illorum
2310 3608 2492 3676 pietas
2522 3625 2626 3662 nec
2658 3609 2848 3663 minus
2881 3610 2993 3663 alto

2051 3697 2362 3767 Przefulget
2387 3698 2616 3764 merito,
2648 3698 2747 3767 qui
2777 3714 2881 3751 sua
2910 3698 3129 3751 Christo

2052 3786 2289 3855 Largiti,
2322 3785 2553 3855 egregia
2582 3786 2728 3839 forte
2766 3802 3054 3856 perennes

2052 3873 2212 3926 Nunc
2242 3890 2408 3943 gazas
2437 3874 2704 3940 retinent,
2734 3889 3027 3944 regnaque
3056 3873 3203 3927 caeli.

2052 3961 2143 4016 Sic
2176 3977 2280 4015 nos
2313 3961 2618 4032 multiplici
2647 3963 2911 4033 prmduce
2943 3978 3147 4017 norma

2052 4050 2304 4104 Christus
2336 4056 2526 4104 sancta
2558 4056 2758 4119 vocat;
2793 4051 2987 4121 sicque
3016 4052 3306 4106 minorum

2052 4139 2371 4192 Praelucent
2402 4138 2599 4207 oculis,
2632 4138 2851 4192 lumina
2889 4140 3121 4192 Patrum

2054 4226 2144 4280 Sic
2173 4228 2353 4279 multa
2385 4231 2469 4281 est
2495 4226 2684 4281 meriti
2716 4242 2887 4281 causa
2912 4227 3064 4281 beati
3099 4242 3113 4280 :

2058 4315 2168 4368 Ncc
2196 4332 2299 4369 nos
2330 4315 2473 4369 velle
2502 4316 2663 4386 sequi
2694 4331 2870 4386 prava
2896 4314 3172 4386 pudebit?

2054 4403 2191 4467 Quae
2219 4406 2359 4470 vult,
2393 4421 2634 4476 quaeque
2662 4410 2836 4474 vetat,
2863 4406 3032 4475 jubet
3062 4404 3199 4458 almi

2056 4494 2167 4548 Lex
2195 4495 2546 4565 verbumque
2578 4494 2759 4548 Patris
2790 4511 2957 4549 nosse
2987 4494 3227 4559 valebit;

2055 4583 2284 4636 Doctrix
2312 4598 2601 4653 quemque
2631 4582 2771 4637 tides
2802 4599 3045 4653 veraque
3077 4586 3307 4653 purgat,

2055 4669 2207 4722 Finis
2238 4669 2335 4739 qui
2366 4669 2576 4734 fuerit;
2607 4685 2854 4739 quazque
2886 4669 3036 4722 beati
3067 4669 3203 4722 hinc

2058 4759 2329 4811 Excessus
2359 4756 2616 4828 requies;
2645 4773 2843 4828 quaeve
2871 4773 3133 4811 recursus
3162 4758 3188 4799 ἀ

2054 4847 2212 4903 Nunc
2240 4846 2377 4899 anni
2409 4851 2735 4900 memorent
2762 4846 2911 4900 bella
2939 4846 3191 4916 piorum,

2056 4933 2389 4989 Monstrabit
2420 4933 2643 4989 modico
2678 4934 2770 4989 hic
2800 4950 3039 5005 corpore
3072 4935 3247 4988 codex
3278 4948 3292 4987 :

2055 5023 2215 5077 Hunc
2244 5023 2291 5076 si
2319 5023 2462 5077 velle
2492 5026 2675 5093 potes,
2707 5022 2882 5077 lector
2911 5023 3120 5093 opime,

3566 285 3669 337 58‘2

170 5148 396 5203 dubito.
467 5149 622 5202 Vers.
686 5152 717 5201 7
784 5149 999 5218 totaque
1044 5150 1328 5217 sanguine,
1399 5146 1617 5217 optima
1669 5148 1876 5203 codicis

170 5220 299 5289 Big.
331 5218 527 5286 lectio;
559 5220 807 5289 pessima
837 5225 1035 5273 contra
1064 5219 1274 5289 prioris
1319 5218 1607 5285 editionis,
1661 5225 1878 5289 totaque

165 5305 462 5357 sanguine.

242 5370 271 5440 εξ
309 5362 585 5440 Speihnil
630 5365 889 5440 superest.
949 5361 1040 5415 Sic
1096 5361 1271 5414 codex
1325 5360 1483 5440 Dig."
1526 5360 1871 5440 emendate:

170 5432 344 5513 prior
370 5431 573 5513 editio,
619 5436 736 5513 spei
780 5435 864 5485 vis
901 5447 1052 5513 sup,
1108 5438 1392 5502 corrupte.
1453 5432 1635 5513 Supra
1683 5434 1877 5513 Regem

167 5502 487 5570 prasidiis;
522 5504 668 5556 forte
716 5503 1021 5572 legendum
1063 5518 1251 5571 regens
1298 5518 1361 5556 ac
1407 5518 1480 5557 ne
1510 5502 1589 5557 sic
1640 5504 1874 5573 quidem

170 5574 464 5627 sententia
486 5574 624 5627 satis
653 5578 892 5628 constat.

2054 5149 2079 5189 ι)
2116 5148 2355 5202 Metrum
2382 5146 2750 5217 Dactylicurn.
2783 5149 3223 5213 Tetrametrum,
3258 5144 3678 5209 Catalecticum,

2055 5227 2075 5250 ε
2113 5220 2175 5271 In
2202 5234 2367 5271 unam
2394 5233 2523 5285 quos
2564 5221 2692 5285 egit.
2737 5218 2799 5271 In
2830 5219 3019 5284 editis,
3068 5220 3127 5271 in
3172 5233 3359 5287 unum,
3393 5217 3583 5283 male;
3618 5217 3679 5269 in

1984 5289 2176 5342 codice
2205 5289 2351 5358 Big.,
2382 5292 2441 5343 in
2460 5304 2646 5355 unum,
2682 5290 2847 5343 bene.

2057 5360 2082 5401 ἀ
2126 5357 2314 5426 Quave
2359 5375 2628 5414 recursus.
2666 5360 2752 5414 Sic
2819 5359 3071 5429 profecto
3143 5357 3483 5426 legendum;
3544 5374 3676 5411 nam

1984 5431 2137 5500 quod
2172 5436 2295 5484 erat
2324 5431 2385 5485 in
2434 5432 2616 5501 priori
2645 5431 2895 5486 editione
2927 5433 3085 5500 quive
3129 5443 3398 5495 recursus,
3432 5430 3678 5499 intelligi

1983 5518 2100 5555 non
2127 5507 2335 5572 potest.
