4044 6174
399 240 501 293 583
532 242 535 247 ’
1478 236 1726 290 WANDA
1739 234 1990 291 LBERTI

2190 235 2458 292 HIENSIS
2498 236 2807 295 MONACHI
3766 249 3850 301 584

473 370 580 424 Fac
608 368 749 425 velis
775 368 967 423 animo
995 381 1160 420 nosse
1194 364 1445 436 benigno
1479 382 1492 419 :

476 459 628 513 Nulli
660 460 751 512 hic
782 472 1031 526 namque
1059 455 1252 508 subest
1282 470 1445 508 mens
1474 454 1569 524 pia
1602 455 1806 526 culpaa,

476 547 699 602 Christo
728 546 881 615 quod
912 544 1101 614 potuit
1133 549 1333 614 sponte
1365 544 1590 597 dicavit.

992 650 1508 705 COMMENDATIO.

473 770 494 794 ³
531 758 675 821 Vera
706 773 867 810 sume
903 759 928 798 Β
959 756 1169 809 librum
1202 755 1311 809 fide
1338 758 1643 821 sacratum,

472 846 703 901 Sincera
730 845 884 898 hunc
913 860 1171 897 reserans
1201 845 1513 914 legensque
1543 848 1759 911 mente,

468 933 843 989 Scribendum
877 932 1001 998 tibi,
1033 948 1205 1002 quem
1233 932 1327 1003 pio
1361 936 1566 1001 rogatu

473 1024 825 1092 Hortatuque
852 1021 1041 1089 jubes,
1078 1020 1259 1074 amice
1290 1020 1492 1074 dulcis.

469 1114 584 1166 Hoc
613 1127 743 1165 nam
778 1109 1099 1179 gratiﬁcum
1131 1109 1276 1162 libro
1305 1108 1522 1163 videbis

471 1199 763 1268 Digestum
796 1198 1045 1250 breviter
1073 1196 1177 1250 tibi
1208 1196 1426 1249 sciendi

470 1288 741 1351 Questum
773 1302 902 1339 cum
931 1285 1211 1354 replicans
1239 1285 1549 1356 volensque
1580 1299 1810 1352 munus,

474 1377 551 1429 De
575 1376 735 1445 jusso
767 1374 1033 1445 inspicies
1065 1374 1255 1427 labore
1284 1373 1534 1427 tandem.

475 1464 769 1527 Quondam
806 1463 1184 1531 Hieronymus
1215 1478 1373 1515 sacer
1400 1461 1660 1531 quietum

467 1552 608 1604 Vita:
640 1550 891 1604 deseruit
920 1557 1127 1603 statum
1162 1551 1533 1620 modumque,

466 1645 777 1711 Aggressus
811 1641 1015 1692 veteris
1043 1654 1320 1709 novasque
1349 1638 1489 1708 legis

466 1730 724 1783 Romano
754 1728 983 1797 eloquio
1010 1727 1252 1798 probare
1282 1727 1478 1780 libros.

464 1814 800 1885 Augustine,
836 1821 995 1867 tuum
1029 1814 1297 1884 perennis
1327 1813 1431 1865 aevi

458 1904 699 1966 Nomen,
734 1902 883 1955 fama
915 1902 1084 1969 gerit,
1122 1903 1306 1967 Pater,
1341 1916 1444 1971 per
1475 1900 1694 1965 orbem,

459 1990 566 2055 Qui
599 1989 806 2044 Christi
843 1989 1143 2043 Ecclesiam
1179 1988 1365 2053 doces,
1400 1993 1457 2041 et
1488 2004 1658 2041 omne

456 2080 730 2132 Errorum
762 2078 1019 2147 perimis,
1056 2077 1332 2146 fugasque
1360 2077 1585 2145 vulgus.

456 2167 545 2219 Sic
574 2175 792 2235 martyr
821 2181 1053 2235 quoque
1085 2165 1363 2235 Cypriane
1392 2165 1679 2217 Christum

459 2255 747 2315 Doctrina,
779 2260 951 2324 atque
983 2252 1075 2323 pio
1108 2269 1309 2306 cruore
1335 2252 1565 2305 clamas.

458 2344 567 2398 Ore
598 2349 655 2395 et
685 2343 936 2396 Hilarius
966 2341 1139 2395 micat
1168 2342 1335 2395 beato
1372 2357 1386 2394 :

455 2431 689 2501 Scriptis
719 2429 1054 2483 Ambrosius
1084 2434 1298 2493 manet,
1335 2433 1507 2499 atque
1541 2428 1766 2499 magnis

455 2521 637 2573 Pollet
668 2520 997 2589 Gregorius,
1030 2519 1284 2589 nitetque
1311 2519 1477 2572 laude

455 2607 769 2662 Dictorum.
808 2608 1017 2660 Volitat
1042 2608 1341 2672 Iuvencus,
1370 2606 1454 2659 illi

455 2695 788 2765 Conjunctis
821 2696 1016 2765 spatiis
1046 2698 1250 2748 Arator
1278 2694 1477 2755 haeret,

454 2783 848 2854 Prudentique
884 2785 1062 2837 Deum
1092 2783 1345 2836 canendo
1374 2782 1534 2838 vivis.

450 2873 654 2926 Multos
684 2873 763 2926 sic
795 2889 1122 2926 memorans
1150 2873 1335 2926 honor
1364 2871 1602 2925 revolvit

455 2961 690 3031 Scriptis
724 2963 823 3032 qui
857 2962 1107 3032 propriis
1135 2966 1374 3015 manent
1402 2960 1697 3031 librisque.

455 3050 717 3104 Gaudens
749 3066 893 3120 quos
923 3050 1058 3117 legit
1084 3056 1141 3103 et
1169 3050 1496 3120 frequentat
1521 3049 1693 3113 orbis,

449 3139 716 3200 Quamvis
746 3145 932 3193 morte
966 3139 1120 3192 obita
1149 3138 1285 3192 hinc
1315 3138 1499 3193 abisse
1531 3142 1743 3192 cernat.

451 3228 623 3281 Nobis
656 3228 926 3297 exiguum
959 3227 1152 3281 subest
1184 3228 1476 3298 loquendi,
1506 3233 1564 3280 et

446 3316 743 3371 Scribendi
775 3316 1106 3386 ingenium;
1140 3320 1313 3385 negat
1342 3315 1604 3384 priorum

453 3406 566 3459 Nos
597 3420 827 3475 aequare
858 3405 1070 3471 locum,
1102 3404 1401 3474 vicemque
1428 3412 1622 3457 vatum

451 3494 622 3546 Exilis
653 3493 837 3562 copiae
869 3492 1123 3563 loquacis
1154 3509 1307 3545 usus.

448 3581 716 3651 Aggressi
746 3586 939 3634 tamen
970 3581 1062 3634 hic
1090 3596 1304 3634 novum
1334 3579 1612 3650 piumque

447 3670 690 3724 Carmen
721 3669 1066 3739 proferimus
1096 3670 1232 3734 Deo,
1262 3668 1486 3739 tibique

448 3758 560 3811 Hoc
593 3757 693 3828 qui
724 3762 915 3811 mente
946 3757 1040 3827 pie
1070 3774 1259 3829 rogas,
1294 3758 1494 3824 amice,

446 3847 531 3901 Tu
558 3851 752 3899 nostro
783 3845 1032 3917 petimus
1058 3847 1182 3900 fave
1214 3845 1414 3900 labori.

982 3971 1074 4024 AD
1116 3969 1474 4024 CASSAREM.

1229 4074 1392 4127 Exuit
1424 4073 1581 4139 olim,

1224 4146 1415 4198 Deque
1436 4147 1673 4196 cruenta

1222 4213 1386 4268 Caede
1412 4213 1703 4267 furentum

1221 4286 1381 4354 Saepe
1415 4284 1665 4338 reduxit.

1220 4361 1405 4409 Aurea
1433 4357 1584 4408 celso

1229 4426 1444 4479 Vertice
1476 4426 1654 4479 Roma

1222 4498 1298 4550 Te
1328 4497 1646 4550 decorando

1215 4568 1457 4621 Nomine
1489 4566 1672 4620 sanxit

1220 4639 1480 4704 Caesaris,
1510 4638 1637 4692 orbi

373 4077 571 4145 Tuque
603 4074 867 4143 favendo,

374 4146 581 4212 Caesar,
608 4146 826 4210 adesto,

372 4217 603 4287 Sceptra
630 4224 930 4286 parentum

372 4288 479 4351 Qui
508 4288 740 4356 pietate,

371 4358 593 4427 Quique
626 4358 877 4427 benigna

373 4429 518 4498 Lege
550 4430 853 4498 gubernas.

370 4500 446 4552 Te
482 4500 811 4552 moderator

375 4571 515 4623 Nam
549 4572 692 4623 Deus
719 4568 872 4622 orbis

369 4642 547 4693 Jussit
576 4640 827 4693 habenas

373 4711 621 4764 Flectere
656 4711 836 4763 avitas

370 4781 723 4851 Imperiique

372 4853 604 4921 Sceptra
630 4850 884 4921 paterni.

371 4924 564 4991 Teque
585 4922 814 4991 periclis

370 4994 500 5064 Ipse
529 4993 743 5063 paratis

1226 4710 1349 4764 Mox
1380 4710 1503 4763 fore
1536 4724 1731 4779 regem
1760 4724 1771 4761 :

1224 4782 1362 4833 Itala
1393 4781 1645 4849 primum

1222 4852 1297 4904 Te
1327 4852 1468 4904 duce
1500 4851 1669 4904 tellus

1223 4921 1478 4975 Eminuit
1500 4938 1514 4987 ;
1545 4925 1671 4991 post

1226 4992 1480 5057 Francia,
1510 4995 1690 5060 temet

440 5128 467 5241 ἶ
497 5118 747 5241 1l)tletrum
800 5116 1190 5183 Phaleucium,
1248 5118 1698 5182 Pentametrum,
1768 5114 2070 5170 Hendeca-

464 5206 491 5241 a
538 5205 656 5241 um.

373 5190 656 5243 svlabum.

401 5207 656 5314 313%?
679 5273 845 5312 sume.
878 5260 963 5311 Ita
1006 5258 1317 5311 maluimus
1356 5274 1530 5327 quam
1569 5256 1720 5327 quod
1776 5257 2071 5326 legebatur

370 5346 500 5408 vera
531 5329 1197 5408 summe._Statim_hunc
1249 5332 1575 5408 referamne
1634 5328 1822 5408 codice
1878 5328 2064 5408 Bigot.

372 5401 707 5469 scripsimus
737 5400 833 5453 ubi
866 5405 990 5453 erat
1017 5401 1156 5454 hunc
1184 5401 1459 5465 refonans.
1504 5398 1666 5452 Huud
1702 5399 1870 5469 longe
1911 5398 2067 5468 ejus-

372 5471 506 5524 dem
538 5471 747 5524 codicis
800 5471 966 5524 lectio
1007 5471 1072 5524 de
1113 5472 1269 5539 jusso
1321 5471 1599 5538 inspicies,
1637 5469 1819 5539 magis
1862 5469 2071 5524 idonea

370 5540 488 5594 visa
519 5546 623 5605 est,
664 5557 836 5611 quam
860 5541 957 5594 illa
990 5541 1202 5610 prioris
1231 5539 1499 5593 editionis
1520 5539 1585 5593 de
1608 5541 1757 5607 justo
1786 5543 1933 5608 ἐπει).

2125 368 2173 420 Α
2204 366 2434 436 Sceptra
2463 371 2759 438 regentem

3052 369 3189 424 Jura
3215 375 3486 427 retentas.

3056 442 3336 511 Tempora
3368 444 3614 498 Christus

3058 512 3246 582 Longa
3280 515 3565 568 videntem

3053 584 3128 637 Te
3164 589 3342 654 regat,
3371 586 3556 639 omnis

3056 655 3131 707 Te
3164 662 3470 708 veneretur

2209 439 2449 492 Mundus
2479 442 2697 493 adorat.

2213 510 2411 562 Lustra
2441 526 2543 579 per
2571 512 2768 563 orbem

2208 580 2470 651 Quinque
2505 586 2821 643 recurrunt,

2211 653 2514 705 Nominem
2547 658 2852 722 postquam

2208 722 2405 775 Clarus
2427 728 2480 776 et
2514 722 2686 775 armis

3051 725 3243 795 Teque
3282 732 3583 781 tremescat

2210 792 2529 846 Caesariana

3050 796 3311 866 Purpura
3344 814 3557 868 regem.

2834 901 3266 958 PROPOSITIO.

2208 988 2472 1043 Carmine
2503 989 2602 1060 qui
2630 1005 2833 1043 vacuas
2860 992 3081 1061 captavi
3105 992 3314 1061 saepius
3341 1008 3533 1058 auras,

2206 1078 2484 1132 Rumores
2522 1079 2678 1148 vulgi
2707 1079 3017 1149 quaerendo
3049 1080 3257 1133 stultus
3285 1081 3525 1147 inanes;

2203 1167 2525 1237 Aggrediar
2550 1167 2780 1221 tandem
2812 1184 3005 1222 veram
3026 1169 3095 1222 de
3122 1170 3374 1223 carmine
3398 1171 3626 1224 laudem

2206 1254 2490 1321 Quaerere,
2523 1260 2580 1309 et
2609 1262 2885 1310 aeternum
2920 1258 3062 1310 mihi
3089 1259 3390 1312 conciliare
3421 1259 3692 1322 favorem,

2205 1344 2553 1414 Spectandos
2582 1345 2828 1398 breviter
2853 1346 3086 1416 signans
3116 1352 3408 1418 actusque,
3442 1348 3721 1417 virosque,

2206 1440 2389 1504 Atque
2419 1434 2539 1487 dies
2565 1434 2674 1487 ﬁxo
2706 1434 2891 1487 reditu
2918 1444 2937 1468 ο
2968 1435 3232 1489 volvente
3260 1452 3361 1506 per
3390 1436 3606 1500 orbem,

2205 1522 2413 1575 Ordine
2446 1539 2573 1593 qua:
2608 1525 2848 1575 lustrent
2876 1524 3128 1577 scribens
3161 1526 3437 1577 solemnia
3466 1526 3778 1595 quemque?

2134 1647 2171 1699 Β
2207 1611 2306 1663 Hic
2338 1612 2478 1664 mihi
2512 1628 2926 1683 nonnunquam
2958 1618 3281 1666 sanctorum
3313 1612 3564 1676 nomina,
3596 1615 3739 1681 leges

2206 1700 2485 1753 Carminis
2519 1700 2813 1763 excedens,
2846 1701 2939 1753 sed
2974 1718 3085 1754 non
3120 1701 3437 1755 mutilauda
3470 1700 3703 1754 vocandi

2199 1789 2295 1842 Est
2324 1805 2590 1856 censura;
2626 1789 2805 1842 bonos
2834 1789 3060 1843 veniam
3093 1791 3304 1859 pietate
3339 1790 3618 1843 merebor.

2608 1896 3053 1951 COMPRENSIO
3091 1896 3493 1958 TEMPORUM,

2501 2000 2761 2051 MENSIUM,
2807 2000 3029 2050 DIERUM,
3070 2000 3246 2044 ATQUE
3294 1999 3584 2038 HORARUM.

2196 2075 2302 2126 Per
2332 2074 2519 2126 varios
2550 2074 2747 2127 orbem
2784 2089 2977 2125 rerum
3012 2078 3212 2126 natura
3244 2078 3465 2126 meatus

2197 2162 2482 2227 Distiuxit,
2518 2162 2847 2215 moderante
2880 2162 3018 2228 Deo,
3051 2162 3383 2214 mortalibus
3405 2160 3609 2230 aegris;

2190 2250 2439 2303 Alternis
2460 2250 2679 2321 jugiter
2707 2250 2924 2304 vicibus
2950 2255 3288 2320 noctemque
3321 2250 3622 2319 diemque;

2190 2340 2458 2392 zEstatem
2493 2346 2662 2408 atque
2694 2338 2945 2403 hiemen,
3003 2337 3288 2401 autumni,
3339 2338 3602 2407 verisque
3648 2342 3864 2406 tepore;

2195 2425 2554 2496 Bissenisque
2586 2426 2755 2479 simul
2789 2426 3100 2480 discretum
3133 2426 3425 2479 mensibus
3450 2441 3689 2478 annum.

2190 2514 2447 2567 Primum
2479 2531 2720 2585 quaeque
2750 2514 2866 2567 suis
2902 2515 3171 2567 horarum
3200 2519 3463 2583 tempora
3494 2512 3719 2583 punctis

2188 2604 2550 2671 Excrescunt,
2580 2609 2701 2656 tum
2732 2603 2818 2656 bis
2847 2603 3127 2657 duodenas
3158 2603 3435 2671 temporis
3468 2602 3629 2655 horae

2189 2693 2334 2746 Luce
2363 2692 2515 2746 diem
2548 2698 2604 2745 et
2632 2691 2881 2745 tenebris
2912 2693 3205 2761 complent
3229 2692 3300 2744 ab
3327 2692 3550 2759 origine
3583 2689 3773 2754 furvis,

2190 2781 2465 2851 Nuncque
2496 2780 2617 2834 dies
2649 2780 2818 2850 parili
2850 2780 3053 2850 spatio,
3088 2785 3394 2848 noctesque
3427 2780 3726 2832 feruntur:

2192 2870 2352 2923 Nunc
2382 2870 2664 2923 celerante
2697 2869 2789 2923 die
2822 2866 2847 2904 ἀ
2878 2869 3049 2922 fuscis
3082 2884 3191 2921 nox
3221 2868 3474 2921 tenditur
3502 2868 3609 2921 alis
3640 2882 3654 2920 :

2115 2945 2154 2999 Ο
2184 2958 2355 3012 Nocte
2386 2958 2543 3011 brevi
2573 2974 2773 3011 rursus
2802 2973 2975 3011 curru
3005 2957 3102 3010 lux
3134 2956 3307 3010 incita
3335 2956 3513 3020 fulvo,

2183 3046 2263 3102 Ad
2297 3063 2551 3099 summos
2583 3063 2713 3100 axes
2738 3047 2979 3099 solarem
3012 3045 3271 3116 provehit
3300 3044 3523 3097 orbem.

2184 3135 2510 3189 I'Iebdomas
2539 3134 2672 3188 hinc
2701 3139 2919 3205 septem
2951 3134 3348 3204 complectitur
3375 3133 3597 3203 integra
3625 3132 3797 3186 soles:

2182 3223 2440 3287 Quatuor
2470 3222 2858 3278 hebdomades
2887 3223 3183 3294 vulgarem
3212 3222 3436 3276 volvere
3469 3235 3730 3275 mensem

2183 3312 2492 3378 Dicuntur;
2525 3312 2622 3365 sed
2657 3328 2797 3382 quos
2826 3312 2971 3365 soles
3000 3316 3249 3365 statuere
3280 3310 3524 3379 priores,

2182 3400 2394 3454 Ordine
2426 3399 2647 3453 diverso
2682 3416 2905 3453 menses
2934 3415 3293 3470 numeroque
3326 3398 3596 3452 feruntur
3627 3414 3640 3451 :

2180 3488 2404 3555 Junius,
2437 3489 2669 3559 Aprilis,
2704 3488 3059 3559 September,
3093 3492 3149 3541 et
3180 3487 3312 3541 inde
3342 3486 3689 3551 November,

2184 3576 2277 3630 Bis
2308 3577 2446 3630 bina
2475 3576 2835 3630 hebdomada
2864 3580 3107 3642 constat,
3142 3574 3502 3645 geminisque
3537 3573 3761 3628 diebus.

2180 3665 2383 3719 Mensis
2412 3671 2535 3718 tum
2563 3664 2712 3731 lani,
2747 3667 3037 3734 Augustus
3071 3662 3241 3717 simul
3274 3668 3444 3732 atque
3476 3660 3809 3723 December,

2181 3754 2435 3814 Martius,
2470 3752 2779 3817 Octimber,
2812 3752 3103 3822 Maiusque
3134 3754 3189 3804 et
3215 3750 3399 3804 Julius
3433 3749 3590 3803 aucti

2181 3841 2438 3905 Quatuor
2465 3840 2841 3895 hebdomadis
2870 3839 3114 3910 fulgent,
3150 3838 3446 3908 ternisque
3476 3837 3705 3891 diebus.

2180 3931 2345 3984 Solus
2376 3946 2547 4001 quem
2581 3930 2799 3984 Februo
2833 3944 3085 3983 mensem
3120 3929 3303 3982 Numa
3332 3926 3555 3980 addidit
3587 3928 3799 3983 auctor,

2182 4018 2271 4073 Bis
2302 4019 2465 4072 denis
2491 4023 2716 4072 tantum
2743 4023 2901 4088 patet
2929 4017 3263 4079 octonisque
3295 4015 3517 4069 diebus.

2179 4108 2461 4177 Tempora
2491 4108 2735 4160 solarem
2767 4106 3044 4159 variantia
3076 4109 3321 4175 quatuor
3348 4118 3594 4165 annum,

2185 4196 2311 4263 Ver,
2362 4200 2549 4261 azstas,
2611 4201 2943 4261 autumnus,
3008 4194 3234 4247 hiems:
3290 4192 3412 4256 ﬂos,
3472 4190 3718 4255 fructus,
3770 4186 3871 4240 ho-

3640 4279 3872 4349 [norque

2178 4371 2462 4427 Mensibus
2494 4371 2758 4425 alludunt
2787 4370 3027 4440 spatiata
3058 4386 3125 4423 ex
3157 4369 3355 4424 ordine
3386 4368 3593 4423 ternis.

2180 4463 2290 4515 llas
2321 4462 2471 4531 leges
2503 4466 2708 4514 natura
2740 4459 2913 4522 dedit,
2949 4474 3063 4529 quo
3095 4463 3355 4527 tempore
3402 4456 3671 4526 primum

2179 4550 2453 4604 Conditor
2482 4550 2849 4619 omnipotens
2884 4548 3163 4602 mundum
3192 4546 3479 4611 formavit,
3512 4551 3574 4599 et
3600 4544 3759 4599 orbis

2178 4640 2598 4708 Terrarumque
2630 4637 2811 4692 modis
2840 4636 3126 4691 concrevit
3154 4635 3375 4689 semina
3405 4634 3596 4688 miris.

2179 4726 2289 4780 Has
2319 4728 2489 4779 etiam
2521 4724 2673 4779 docti
2702 4725 2863 4796 prius
2894 4724 3187 4778 advertere
3218 4728 3507 4794 parentes,

2181 4815 2246 4868 Et
2275 4815 2494 4885 liquere
2526 4814 2660 4880 suis,
2694 4814 2829 4867 anni
2859 4818 3146 4867 crescente
3176 4817 3392 4879 rotatu,

2178 4903 2563 4957 Hebdomadis
2596 4902 2810 4974 pariter
2842 4902 3267 4973 quinquagenis
3296 4899 3671 4971 geminisque

2175 4992 2283 5046 Ter
2314 4996 2545 5047 centum
2576 4992 2871 5062 sexagenis
2902 4991 3147 5062 quisque
3178 4990 3400 5044 diebus.

2249 5124 2269 5149 ο
2305 5118 2438 5170 Εἰ.το
2465 5116 2670 5171 reditu.
2705 5115 2891 5171 Codex
2930 5114 3075 5185 Big.,
3110 5116 3244 5168 anni
3271 5113 3474 5167 reditu.
3522 5112 3874 5183 Sequentem

2177 5202 2403 5239 versum
2439 5188 2517 5240 ita
2548 5188 2697 5257 lego,
2728 5186 2918 5258 ordine
2956 5201 3061 5253 quo
3092 5186 3218 5239 lust.
3244 5200 3319 5238 sc.
3349 5186 3428 5238 sol
3449 5197 3704 5258 quaeque.
3837 5250 3846 5258 .

2247 5258 2274 5298 ά
2312 5258 2478 5311 Nunc
2507 5254 2768 5312 celerante
2805 5257 2915 5310 die.
2973 5258 3131 5310 Hunc
3160 5271 3385 5310 versum
3430 5254 3530 5324 qui
3586 5258 3761 5307 antea
3808 5254 3881 5303 sic

2179 5328 2474 5397 legebatur
2504 5345 2517 5382 :
2549 5344 2691 5382 nunc
2722 5328 3018 5382 celebrante
3042 5327 3130 5381 die
3153 5329 3199 5393 f.
3230 5342 3337 5380 vos:
3367 5325 3509 5380 tend.
3548 5326 3658 5390 aI.,
3691 5336 3877 5397 emen-

2178 5395 2435 5451 da'vimus
2473 5414 2579 5469 Ope
2609 5399 2845 5469 codicis,
2878 5398 3026 5469 Big.,
3061 5398 3122 5451 in
3180 5414 3296 5467 quo
3328 5397 3499 5451 etiam
3556 5395 3881 5466 reperimus

2177 5484 2373 5523 vocem
2403 5468 2605 5537 furuis,
2636 5469 2734 5523 ubi
2761 5468 2981 5524 editum
3002 5473 3127 5522 erat
3148 5470 3351 5535 furnis.
