4022 6178
143 255 228 308 585
1541 248 2165 307 MARTYROLOGIUM.
3490 254 3592 306 586

142 387 255 441 Hinc
286 386 475 447 Nonas,
500 384 648 447 Idus,
678 388 999 438 statuerunt
1029 389 1199 455 atque
1232 384 1511 438 Kalendas
1546 402 1558 439 :
1819 393 1865 444 Α
1894 385 2040 455 Agni
2072 401 2200 455 quae
2226 383 2415 455 typico
2443 383 2725 453 signatam
2758 384 3038 453 sanguine
3069 384 3317 454 plebem.

137 476 332 529 Scilicet
359 479 417 527 ut
446 474 596 526 vario
633 473 932 527 distinctus
965 460 1164 526 ordine
1196 472 1428 539 mensis,
1893 480 2077 543 Agno,
2110 490 2306 543 azymo
2338 489 2505 542 pane,
2543 478 2599 525 et
2624 473 2843 525 lactuca
2873 474 3028 542 pavit
3059 475 3288 543 agresti.

140 564 396 618 Humanos
427 562 676 615 relevans
706 562 979 614 mulceret
1008 560 1115 614 rite
1141 561 1383 627 labores,
1895 562 2100 615 Omnia
2131 578 2260 631 quas
2292 568 2545 615 nostram
2576 561 2877 630 signarunt
2902 561 3045 614 festa
3076 563 3339 627 salutem,

137 650 326 705 Festiva
350 650 670 719 exciperent
698 666 827 702 cum
854 650 1027 702 fessas
1059 650 1174 702 otia
1204 651 1420 719 plebes,
1896 651 2006 704 Nos
2041 652 2282 704 docuere
2313 652 2510 712 Deum,
2547 649 2751 703 Christi
2779 650 2878 719 qui
2911 656 3092 703 morte
3121 652 3426 722 redempti,

134 741 372 808 Donaque
398 739 678 791 solemnes
713 741 953 808 pepulus
982 737 1267 807 proferret
1297 738 1367 791 ad
1398 754 1543 790 aras.
1894 739 2188 807 Religione
2224 739 2345 792 dies
2376 754 2664 791 sacramus
2696 738 2960 807 pi'aaduce
2991 743 3246 792 cunctos.

134 830 240 880 Haec
266 826 446 880 docuit
476 828 750 896 populum
785 826 1008 895 Aigypti
1041 825 1109 878 de
1142 832 1325 879 morte
1358 826 1745 897 redemptum,
1894 828 2037 896 Ergo
2069 843 2173 896 age
2206 844 2346 898 quas
2378 832 2612 880 teneant
2637 827 2920 879 solemnia
2953 827 3094 880 festa
3128 828 3432 894 Kalendas,

131 916 266 969 Edita
290 931 390 984 per
422 916 647 983 Moysen
680 916 882 967 veteris
911 914 1249 984 conscriptio
1281 914 1439 984 legis,
1620 952 1629 965 .
1891 917 2156 986 Martyria
2184 917 2585 986 illustrentque
2617 917 2737 970 dies
2766 932 2908 986 quos
2935 916 3088 969 clara
3114 932 3218 986 per
3250 917 3470 985 orbem,

129 1004 341 1057 Sabbata
366 1018 489 1073 qua:
521 1004 727 1070 sanxit,
764 1002 1079 1069 novilunia,
1115 1002 1438 1072 Paschaque
1464 1008 1743 1068 sanctum,
1891 1005 2043 1068 Quos
2073 1006 2461 1059 confessorum
2493 1006 2617 1057 laus
2647 1010 2841 1058 sancta
2870 1008 2926 1058 et
2955 1004 3071 1057 vita
3102 1010 3356 1071 coronet,

126 1091 413 1161 Jejuniique
442 1091 560 1145 dies
592 1091 786 1145 statuit
817 1093 1173 1160 temporibus
1204 1091 1339 1145 anni
1891 1093 2171 1162 Virgineis
2205 1093 2473 1147 thalamis
2500 1109 2630 1162 qua:
2660 1093 2770 1145 sint
2800 1110 2902 1145 sua
2933 1097 3060 1145 vota
3090 1092 3347 1162 diesque,

126 1182 280 1238 Certis
308 1182 513 1233 inﬂexa
544 1180 756 1233 servari
784 1181 907 1250 lege
941 1196 1044 1249 per
1074 1196 1278 1247 aevum,
1890 1182 2153 1237 Carmine
2186 1198 2518 1252 premamus
2551 1198 2563 1234 :
2604 1185 2855 1236 mentem
2888 1181 2980 1251 pie
3007 1180 3203 1234 sufﬁce
3236 1181 3476 1234 Christe.

390 1603 1875 1729 MARTYROLOGIUM
1981 1605 3273 1728 WANDALBERTI.

729 1965 1130 2019 JANUARIUS.
1816 1967 1857 2021 B
1887 1968 2009 2021 Dies
2054 1970 2115 2022 l3
2171 1966 2359 2020 Idibus
2386 1967 2599 2037 Hilario
2637 1969 2874 2021 Pictavae
2907 1968 3111 2022 militat
3146 1968 3301 2023 urbis

123 2058 221 2109 Dies
291 2060 307 2110 1
369 2055 628 2110 Primum
660 2072 811 2108 nunc
846 2054 973 2108 Jani
1006 2054 1316 2108 vocitatum
1348 2048 1585 2107 nomine
1613 2068 1780 2108 men-
2174 2056 2337 2110 Plebs
2386 2056 2612 2123 devota,
2660 2074 2760 2110 suo
2810 2060 3005 2111 Pastor
3052 2073 3223 2128 quam
3272 2056 3429 2110 fulsit
3476 2056 3587 2110 bo-

1638 2142 1778 2211 [sem
3402 2146 3583 2214 [nore.

371 2232 526 2286 Unde
566 2236 820 2285 sacratus
870 2237 979 2299 eat,
1046 2230 1255 2284 recolat
1307 2246 1435 2301 quae
1495 2230 1638 2284 festa
1689 2246 1783 2283 cae
2072 2233 2136 2285 14
2175 2232 2355 2296 Quam
2405 2248 2619 2287 nonam
2668 2238 2724 2287 et
2777 2232 3058 2287 decimam
3116 2237 3337 2287 constat
3384 2233 3589 2287 Februi

1530 2319 1682 2388 [nem
1694 2334 1777 2370 us.
3122 2322 3273 2391 [ante
3306 2321 3586 2375 Kalendas

365 2410 522 2474 Quod
584 2413 801 2464 veteres
851 2411 1081 2464 coluere
1136 2410 1347 2473 Patres,
1401 2409 1780 2478 umbramque
2176 2410 2305 2464 Esse
2350 2410 2521 2474 diem,
2568 2409 2717 2464 Felix
2773 2426 2929 2465 sacer
2974 2415 3030 2464 et
3076 2411 3365 2464 confessor
3414 2410 3586 2463 ador-

1584 2497 1781 2565 [futuri
3440 2500 3581 2569 [nat.

366 2587 470 2640 Lex
504 2587 718 2657 posuit,
754 2591 948 2639 sancta
980 2585 1187 2639 Christi
1220 2587 1290 2639 de
1320 2585 1547 2655 Virgine
1579 2585 1696 2638 nati
2072 2588 2133 2640 15
2176 2586 2382 2657 Bisque
2424 2603 2703 2640 novenam
2741 2586 3001 2641 Habacuc
3039 2586 3210 2640 simul
3243 2591 3298 2640 et
3329 2587 3589 2641 Michteas

366 2676 717 2730 Circumcisa
748 2692 896 2741 caro,
930 2675 1057 2729 Jani
1100 2681 1283 2728 sacrat
1314 2690 1440 2728 ecce
1478 2674 1778 2728 Kalendas.
3257 2672 3583 2746 [bonorant.

368 2764 729 2835 Basiliusque
780 2780 939 2818 sacer
982 2764 1323 2817 meritorum
1372 2763 1632 2833 splendet
1676 2762 1778 2816 ho-
2076 2764 2134 2816 16
2175 2762 2431 2832 Septima
2486 2768 2617 2833 post
2660 2762 2939 2817 decimam
3002 2762 3248 2817 Marcelli
3305 2764 3582 2834 Martyris,

1598 2850 1777 2921 [ηοω.

3392 2852 3585 2924 [atque

368 2940 671 2994 Eufrosina
696 2940 864 2993 simul
899 2940 1061 3007 nitet,
1092 2939 1537 3009 Almachiusque
1557 2939 1777 2993 beatus.
2176 2938 2465 2992 Pontiﬁcis
2496 2939 2706 2992 summi
2749 2937 2969 2992 meritis
3010 2942 3063 2992 et
3112 2938 3344 2994 nomine
3378 2940 3579 3010 fulget.

298 3031 329 3080 2
368 3028 689 3083 Macharius
786 3037 1057 3099 quartum
1168 3030 1455 3081 Nonarum
1558 3028 1783 3081 dedicat
2072 3029 2131 3079 l7
2176 3028 2457 3098 Sextaque
2508 3043 2639 3081 cum
2688 3026 2910 3081 decima
2957 3028 3170 3082 Antoni
3225 3029 3434 3082 virtute
3492 3029 3585 3083 di-

1464 3116 1704 3184 [astrum
1735 3125 1781 3175 ει,
3351 3118 3534 3187 [catur
3568 3133 3581 3170 :

363 3205 473 3269 Qui
529 3205 719 3259 tenuit
786 3204 1096 3275 docuitque
1158 3204 1336 3258 eremi
1391 3204 1524 3274 pius
1591 3204 1783 3257 accola
1823 3262 1858 3275 Λ
2178 3205 2306 3257 Haec
2358 3203 2531 3257 etiam
2600 3201 2753 3257 socio
2816 3202 3184 3257 Geminorum
3240 3204 3421 3274 pollet
3473 3204 3585 3258 ho-

1513 3294 1777 3362 [morem.
1819 3262 1860 3317 ε
3241 3262 3261 3274 ⁵
3399 3292 3580 3363 [nore,

298 3386 325 3436 3
363 3383 554 3437 Tertia
606 3383 1013 3451 Nonarumque
1062 3381 1183 3435 dies
1223 3381 1474 3435 celebrat
1521 3382 1779 3435 Genove-
2174 3379 2429 3451 Lingona
2468 3395 2613 3451 quos
2652 3395 2769 3435 uno
2803 3380 3056 3435 celebrat
3092 3380 3252 3452 plebs
3292 3396 3582 3437 marmore

1618 3470 1775 3539 [fam.
3359 3470 3577 3540 [tectos.

298 3563 329 3614 4
364 3562 508 3614 Tum
542 3559 731 3631 pridie
762 3558 935 3613 Nonis
964 3558 1209 3628 Augenti
1241 3558 1389 3612 festa
1417 3565 1739 3614 recurrunt.
2174 3560 2339 3625 (Tum
2387 3573 2616 3629 quoque
2672 3556 2920 3611 nubiferi
2974 3560 3238 3627 penetrat
3290 3558 3375 3611 sol
3426 3558 3583 3614 sidus

299 3652 327 3700 ὅ
365 3649 506 3703 Hinc
556 3648 747 3702 Nonas
796 3647 1027 3700 Simeon
1070 3646 1357 3700 confessor
1402 3646 1653 3716 possidet
1700 3647 1779 3700 al-
3337 3646 3583 3718 [aquari)

1574 3736 1725 3805 [mus
1763 3752 1776 3790 :
2068 3738 2132 3788 18
2172 3735 2381 3799 Quinta
2424 3739 2479 3787 et
2522 3734 2670 3788 dena
2719 3733 2890 3788 simul
2938 3732 3126 3787 Prisca
3178 3749 3283 3804 pro
3332 3739 3584 3805 martyre

365 3828 514 3897 Papa
544 3825 871 3881 Telesforus
900 3824 948 3877 is
976 3823 1114 3895 ipsis
1142 3823 1470 3895 pariterque
1501 3828 1776 3877 coruscat.
3330 3823 3582 3894 [gaudet.

296 3918 324 3967 6
367 3916 580 3970 Octavo
636 3918 765 3968 ante
815 3914 945 3967 Idus
992 3913 1183 3983 agitur
1232 3912 1605 3983 Theophania
1650 3928 1779 3966 san-
2243 3928 2320 3983 Et
2353 3931 2528 3983 εαηοεέ
2563 3929 2849 3983 Volusium-
2874 3930 3217 3995 confessoris.

297 4093 393 4109 κη
482 4092 516 4109 ι,
566 4108 613 4109 η
706 4090 721 4109 ι
812 4092 1025 4109 ,ηιμ-ιλ
1085 4089 1365 4109 ρηῌῌῌ
2068 4038 2131 4089 19
2175 4036 2263 4090 Bis
2338 4040 2575 4106 septena
2654 4036 2845 4089 Niceto
2918 4036 3345 4105 Hautmaroque
3414 4052 3585 4090 coru-

308 4092 626 4163 iSeptima
672 4090 741 4145 ab
792 4092 1031 4161 :Egypto
1083 4090 1372 4144 Christum
1422 4090 1780 4195 celebratque
2404 4090 2418 4106 ⁸
3250 4090 3269 4105 ⁸
3426 4125 3581 4195 [δεδι.

484 4272 493 4281 .
575 4270 589 4281 .
1466 4180 1546 4281 ir?
1553 4180 1602 4281 1,3
1608 4187 1729 4281 min
1764 4196 1775 4232 ²
2241 4215 2432 4269 Maria
2457 4220 2507 4268 et
2536 4214 2784 4269 Marthae.

363 4270 726 4325 AmiOChena
762 4285 930 4342 silum
970 4268 1166 4322 recom
1204 4284 1432 4339 qucque
1476 4268 1780 4377 prlilﬁiﬁ-
2061 4324 2130 4375 20
2169 4322 2361 4377 Tertia
2422 4327 2547 4377 nost
2603 4322 2884 4376 decimam
2946 4320 3191 4375 Fabiano
3254 4322 3503 4377 praesule
3563 4326 3588 4366 Ι)

1508 4357 1776 4425 “ﬂauum.
2061 4336 2130 4375 20
2170 4336 2361 4377 'l'ertia
2422 4336 2547 4393 post.
2603 4336 2884 4376 (16¢!QO
2946 4336 3191 4375 r'amano
3254 4336 3503 4391 praesute

3368 4410 3534 4465 ﬂoret
3568 4427 3580 4464 :

3368 4411 3406 4464 ﬂ

2171 4497 2274 4551 Cui
2305 4498 2475 4567 parili
2502 4497 2865 4552 Sebastianus
2900 4498 3105 4552 virtute
3139 4411 3409 4567 cohzereit,

2173 4585 2352 4639 Roma
2390 4602 2562 4656 quem
2595 4591 2816 4639 vectum
2859 4586 3087 4639 Suessio
3132 4586 3264 4640 laeta
3309 4588 3586 4659 frequen-

3461 4676 3584 4744 [tat.

298 4451 328 4502 8
368 4449 577 4503 Iduum
632 4451 761 4517 post
806 4452 985 4512 sexto,
1034 4445 1367 4516 Eugeniano
1411 4451 1538 4500 vota
1585 4446 1777 4500 ferun-

1639 4541 1728 4587 tur
1760 4551 1772 4588 :

1639 4541 1728 4587 tur
1760 4551 1772 4588 :

298 4629 328 4679 9
365 4627 603 4693 Quinto,
636 4625 823 4693 Vitali,
860 4626 1189 4685 Fortunato,
1221 4628 1277 4677 et
1306 4536 1627 4678 Revocato.[
1818 4562 1861 4614 Β

270 4717 329 4767 10
366 4715 587 4779 Quarto
667 4714 958 4769 Melciades
991 4753 1006 4779 ,
1079 4712 1405 4782 Paulusque
1490 4712 1771 4774 eremita,

1593 4802 1780 4871 [beato

2072 4764 2131 4815 21
2181 4761 2409 4815 Bissena
2466 4768 2550 4816 est
2601 4764 2759 4832 Agne
2818 4776 2992 4831 quam
3051 4762 3210 4830 virgo
3263 4766 3318 4816 et
3375 4712 3588 4832 maLrtyr

1654 4818 1780 4855 88.ιο

365 4892 594 4947 Sublati
624 4892 761 4959 ﬁne,
796 4892 1047 4946 aetherea
1077 4892 1346 4945 laetantur
1375 4891 1435 4944 in
1466 4850 1611 4944 arceL.
2254 4962 2313 4970 ω
2481 4962 2515 4970 Δ.
2552 4961 2586 4970 κ
2695 4964 2705 4970 ι
2820 4960 2829 4970 ⁸
2937 4960 2946 4969 .
3088 4959 3096 4968 .
3303 4850 3583 4920 ΙῘιοηοΓειίο

268 4986 319 5035 tt
366 4983 593 5037 Salvius
655 4982 788 5036 hinc
846 4986 1036 5035 ternas
1096 4981 1437 5051 Carthagine
1491 4984 1784 5033 consecrat

1526 4984 1784 5033 οῃεεοισειι
2246 4962 2315 5014 Et
2339 4962 2515 5014 sancti
2544 4961 2829 5013 Fructuosi
2858 4961 3114 5027 episcopi.

1607 5068 1777 5137 [ldus
2066 5069 2136 5120 '22
2175 5066 2543 5121 Undecimam
2658 5066 2848 5119 Levita
2946 5069 3150 5136 potens
3253 5062 3588 5118 Vincentius

270 5162 330 5213 l2
369 5160 537 5215 Plebs
578 5159 795 5214 Itachia
825 5176 991 5214 suum
1029 5158 1214 5230 pridie
1250 5157 1446 5213 recolit
1477 5156 1779 5212 Ciriacum.
3401 5155 3591 5223 [ornat

175 5306 195 5330 ⁸
222 5301 444 5357 Dedicat
484 5307 715 5356 astrum.
760 5302 850 5357 Sic
895 5301 955 5355 in
1005 5318 1121 5355 uno
1169 5301 1359 5355 codice
1393 5316 1562 5370 quem
1603 5299 1785 5354 Acbeo
1961 5303 1985 5342 Ι)
2018 5300 2259 5355 Fabiano
2301 5301 2545 5368 praesule.
2601 5301 2680 5353 Ita
2730 5300 2897 5353 edere
2944 5315 3073 5352 cum
3115 5298 3280 5352 codd.
3317 5298 3497 5369 Regio
3531 5303 3590 5353 et

120 5368 217 5421 rius
250 5373 481 5437 viderat,
519 5378 579 5427 et
617 5376 676 5426 in
725 5374 843 5443 Big.
895 5374 958 5427 In
1007 5372 1199 5441 editis,
1230 5368 1448 5426 dedicet
1488 5376 1676 5443 artem.
1723 5373 1784 5424 In
1895 5371 2078 5440 Bigot.
2116 5370 2446 5443 maluimus,
2493 5388 2665 5440 quam
2700 5373 2851 5443 quod
2895 5376 3061 5443 antea
3106 5368 3591 5443 legebatur’prae-

123 5452 218 5512 S_eq.
249 5459 403 5497 versu
438 5445 540 5498 ubi
587 5440 845 5511 Augent'i,
885 5444 1161 5498 Acherius
1191 5443 1431 5512 conjecit
1472 5442 1785 5511 legendum
1895 5442 2028 5496 side.
2080 5440 2233 5496 Infra
2293 5458 2355 5494 ex
2414 5442 2617 5495 iisdem
2676 5441 2837 5494 codd.
2897 5441 3169 5510 scriptum
3233 5442 3454 5495 Bissena
3512 5446 3591 5496 est

123 5508 365 5578 Ευρεηάὶ-
680 5508 697 5511 ⁷
831 5508 838 5511 ⁷
1295 5508 1311 5512 ⁷
1535 5508 1559 5511 “
1896 5514 2072 5580 Agne,
2110 5513 2207 5567 ubi
2243 5513 2402 5584 prius
2434 5519 2557 5566 erat
2592 5512 2845 5566 Bissczrta
2875 5517 2951 5566 cst
2985 5508 3179 5579 Agnes.

444 5606 722 5669 Pnaon.
775 5605 979 5670 CXXI.
3202 5608 3281 5665 19
