4044 6174
425 223 523 278 587
1506 218 2013 276 WANDALBERTI
2051 218 2475 277 PRUMIENSIS
2512 216 2833 275 MONACHI
3778 227 3861 281 588

424 364 545 416 Dies
583 363 652 415 22
707 360 845 415 Huic
892 364 949 414 et
994 357 1355 412 Anastasium
1407 357 1587 411 virtus
1635 357 1933 428 conjungit
1988 357 2113 428 opi-
2152 360 2198 412 Α

1934 463 2113 500 mum.

1908 446 2113 516 [mnm.

601 540 667 592 23
708 538 838 590 Post
871 534 1291 589 Emerentiance
1326 534 1547 588 decimo
1582 535 1705 588 laus
1745 533 1954 587 emicat
1992 549 2117 587 am-

1984 623 2116 693 [pla.

602 714 670 765 24
708 714 869 768 Νοηο
926 713 1263 782 martyrium
1326 712 1532 766 Babilaa
1587 711 1882 781 virtusque
1946 727 2119 765 coru-

1957 800 2115 869 [scat.

784 892 849 943 Et
883 891 1165 954 Timothei,
1199 888 1460 958 discipuli
1493 890 1648 942 Pauli
1679 890 1947 957 Apostoli.

601 982 667 1032 25
709 978 915 1033 Octavo
966 993 1032 1030 ex
1075 977 1243 1030 Saulo
1278 987 1301 1010 “
1350 993 1692 1030 conversum
1742 977 1923 1047 gloria
1972 979 2119 1031 Pau-

1929 1066 2067 1135 [tum
2104 1081 2117 1119 :

711 1155 1146 1225 Projectumque
1226 1170 1392 1207 suum
1464 1154 1757 1207 celebrans
1831 1156 2120 1208 Arvernus

1834 1243 2116 1311 [adornat.

603 1338 671 1387 26
713 1333 970 1403 Septima
1017 1348 1263 1402 moxque
1319 1331 1438 1385 dies
1495 1332 1791 1402 Polycarpi
1842 1331 2120 1401 sanguine

1897 1420 2119 1490 [fulget,

712 1512 966 1582 Smyrna:
1007 1525 1177 1581 quem
1212 1525 1342 1561 vero
1375 1508 1663 1562 celebrant
1694 1524 1798 1578 pro
1833 1524 1963 1578 rege
1994 1525 2122 1562 cre—

1856 1598 2115 1667 [matum.

606 1691 671 1741 27
713 1689 927 1742 Punica
981 1692 1134 1740 terra
1187 1702 1353 1738 suum
1418 1691 1573 1739 sexto
1631 1692 1937 1739 veneratur
1992 1686 2118 1740 Avi-

1873 1774 2016 1843 [tum
2047 1777 2072 1817 Ιι
2104 1791 2117 1827 :

711 1863 1017 1934 Sulpicius,
1080 1863 1308 1917 Batildis
1370 1866 1425 1915 et
1482 1862 1834 1933 Aldegundis
1892 1879 2121 1933 quoque

1837 1951 2116 2021 [vernant.

785 2042 1054 2096 leestini
1082 2044 1132 2092 et
1168 2040 1444 2093 Victuriae.

604 2133 671 2183 28
710 2130 981 2193 Quintum
1043 2129 1350 2198 progenies
1408 2129 1665 2182 Romana
1724 2132 1914 2198 Agnes
1970 2129 2123 2184 dicat

1937 2219 2120 2288 [almae

713 2306 875 2375 [Lux,
905 2305 1076 2359 decus
1111 2305 1285 2371 orbis,
1330 2321 1490 2358 amor
1533 2305 1755 2375 patriae,
1795 2308 2117 2378 luctusque,

1792 2396 2116 2468 [dolorque,

710 2481 943 2537 Excelso
974 2481 1203 2551 imperii
1235 2487 1404 2552 caput
1437 2484 1711 2536 cxaltatus
1739 2484 1973 2549 honore,

710 2571 854 2623 Tum
920 2571 1154 2624 Carolus
1222 2571 1474 2640 migrans
1545 2571 1828 2626 Ludovico
1898 2579 2118 2644 sceptra

1816 2661 2115 2732 [reliquit]

606 2749 671 2799 29
710 2746 923 2810 Quarto
973 2748 1312 2816 martyrium
1360 2748 1548 2817 Papia:
1601 2748 1894 2819 Maurique
1942 2752 2115 2805 reful-

1951 2840 2068 2909 [get
2099 2856 2112 2893 :

708 2924 847 2977 Tum
869 2940 1095 2995 quoque
1117 2924 1339 2977 Valerio
1360 2924 1574 2977 Treviri
1595 2941 1698 2995 pro
1719 2928 1961 2996 praesule
1984 2946 2117 2997 gau-
2155 2956 2194 3011 ο

1933 3016 2110 3086 [dent.

604 3103 669 3154 30
707 3102 1008 3171 Tertiaque
1059 3101 1428 3172 Hippolytum
1489 3101 1864 3157 Antiochenm
1917 3120 2116 3174 perso-

1810 3193 1928 3262 [nat
1962 3194 2110 3248 urbi.

600 3283 657 3333 31
705 3278 1013 3333 Saturnine
1072 3283 1237 3332 tuum
1295 3278 1614 3349 egregium,
1676 3279 1939 3351 Tircique
1998 3289 2114 3335 tro-

1876 3369 2112 3439 [peeum,

706 3456 1058 3525 Victorisque
1103 3454 1273 3507 simul
1320 3455 1445 3508 lani
1491 3456 1837 3510 determinat
1888 3459 2107 3512 orbem.

849 3546 1050 3599 Gelasii
1095 3547 1144 3597 et
1198 3545 1402 3597 Ursini.
1456 3545 1515 3597 In
1555 3545 1920 3612 Alexandria,
1966 3550 2107 3601 Zoti-

916 3635 985 3698 ci,
1036 3634 1309 3699 Ammoni,
1350 3633 1572 3699 Ciriaci,
1620 3635 1852 3701 Gemini,
1893 3640 1942 3689 et
1984 3651 2112 3705 pas-

913 3724 993 3775 sio
1060 3726 1367 3775 sanctorum
1434 3723 1699 3776 Gallicini
1763 3729 1812 3778 et
1876 3725 2109 3780 aliorum

914 3809 1223 3878 quindecim
1293 3810 1649 3864 sacerdotum.
1727 3813 1788 3866 In
1868 3814 2103 3883 Africa,

919 3900 1152 3953 Victoris
1184 3903 1235 3952 et
1265 3900 1565 3969 Polycarpi.

1034 4040 1489 4096 FEBRUARIUS.

699 4166 859 4218 Nunc
904 4164 1077 4217 etiam
1128 4163 1331 4218 Februi
1378 4168 1637 4218 tcxemus
1682 4166 1933 4221 carmine
1973 4186 2106 4223 sur-

1929 4256 2097 4326 [sum,
2142 4281 2182 4335 ι)

698 4342 952 4412 Quaeque
994 4342 1139 4395 ferat
1186 4341 1400 4410 pariter
1437 4341 1712 4395 festorum
1760 4344 1923 4413 signa
1980 4346 2100 4400 dic-

1929 4434 2100 4503 [rum.

414 4523 535 4575 Dies
612 4524 633 4573 1
694 4519 922 4591 Brigida
969 4519 1128 4589 virgo
1178 4523 1402 4589 potens,
1456 4519 1702 4574 Februas
1756 4521 1864 4574 sibi
1914 4523 2105 4592 prima

1795 4609 2102 4679 [Kalendas

693 4697 989 4751 Scotorum
1023 4698 1199 4750 sancit
1233 4696 1377 4750 miro
1404 4696 1687 4751 celebrata
1713 4697 1921 4753 favore.

762 4788 836 4839 In
889 4788 1121 4840 Graecia.
1175 4792 1485 4840 sanctorum
1539 4788 1849 4855 Polycarpi,
1904 4788 2099 4842 Dioni-

478 4939 502 4964 ⁸
537 4933 736 4987 Octavo
786 4945 853 4982 ea:
902 4929 1091 4984 Saulo.
1142 4928 1369 4992 Optima
1416 4927 1712 4997 utriusque
1758 4928 1969 4982 codicis
2017 4930 2097 4982 le-

405 5002 547 5066 ctio;
580 5001 811 5055 fallebat
854 5000 1004 5069 quod
1040 5003 1205 5052 antea
1243 5000 1542 5069 legebatur
1571 5014 1638 5051 ea:
1678 5001 1848 5053 saeclo.
1893 5000 2093 5054 Statim

405 5073 580 5127 iidem
641 5071 825 5135 codd.,
890 5071 1208 5137 Projectum,
1268 5070 1500 5133 habent,
1558 5070 1654 5122 ubi
1708 5070 1865 5139 prior
1917 5071 2094 5125 editio

404 5145 718 5211 Praejectum
748 5161 762 5194 :
798 5142 852 5194 in
889 5142 1062 5208 Regio
1095 5141 1266 5193 etiam
1301 5146 1387 5193 est
1414 5142 1699 5194 Arvernis.

473 5218 499 5257 ι)
560 5217 855 5268 Veneratur
907 5214 1149 5265 Avitum.
1208 5213 1327 5264 Non
1392 5211 1873 5264 contemnendum
1940 5212 2091 5281 quod

403 5284 462 5337 in
519 5284 694 5354 Regio
753 5283 877 5337 cod.
950 5282 1223 5354 scriptum
1286 5286 1390 5345 est,
1447 5290 1735 5354 veneratur
1773 5283 2090 5354 ~Adjutum;

402 5371 531 5407 cum
563 5352 763 5407 auctor
794 5354 913 5423 ipse
962 5353 1263 5423 monuerit
1283 5368 1339 5403 se
1372 5353 1738 5405 metricarum
1772 5352 1964 5423 legum
1998 5369 2092 5406 ra-

400 5426 616 5478 tionem
667 5421 879 5495 ubique
926 5440 1064 5495 non,
1096 5421 1383 5495 habuisse.
1442 5423 1657 5495 Caetera
1704 5421 1852 5493 qure—
1879 5424 2092 5477 leviora

401 5501 552 5556 sunt,
584 5512 684 5547 cur
710 5493 801 5548 hic
832 5493 1069 5548 eXScribi
1100 5494 1347 5547 debeant
1375 5509 1488 5545 non
1524 5493 1703 5546 video.

471 5575 490 5598 ο
520 5566 735 5632 Augule
777 5566 1029 5632 septenis.
1074 5564 1135 5616 In
1176 5564 1368 5617 codice
1419 5563 1597 5633 Regio
1648 5566 1880 5630 Angule.
1932 5565 2087 5634 Ejus-

2652 360 2743 411 sii.
2792 359 2857 411 In
2896 358 3077 413 Scotia
3120 356 3359 424 Brigidz
3405 358 3653 427 virginis,
3687 366 3730 415 et
3766 377 3867 417 san-

2650 449 2725 500 cti
2755 448 2973 502 Sur.....

2227 538 2349 590 Dies
2423 537 2457 589 2
2510 534 2790 598 Quartum
2856 535 3148 588 Nonarum
3223 533 3439 604 templo
3511 534 3688 589 illatus
3745 537 3871 593 dicat

3686 627 3719 677 A

2510 712 2631 776 Quo
2664 712 2936 765 lustrante
2968 711 3082 764 Deo
3114 710 3303 763 vivum
3333 710 3494 780 plebs
3521 624 3871 768 credilalgtzlilx:

3720 801 3873 871 [plum

2512 890 2692 944 Mente
2742 888 2839 958 pia
2888 888 3055 953 locat,
3105 891 3400 957 acceptum
3447 888 3746 960 sternitque
3790 892 3873 944 tri-

3686 978 3872 1048 [bane].

2440 1070 2470 1121 3
2508 1065 2703 1120 Ternis
2734 1070 2792 1118 et
2817 1063 2990 1118 Nonis
3024 1064 3295 1134 Lupicino
3325 1064 3467 1119 festa
3491 1072 3802 1120 sacrantur:

2515 1155 2723 1224 Hisque
2749 1170 2948 1207 cruore
2979 1153 3073 1222 pio
3104 1153 3397 1208 Celerinus
3427 1170 3556 1206 cum
3588 1155 3822 1208 Celerina

2516 1244 2701 1296 Enitet
2732 1242 3003 1311 lguatius,
3042 1242 3537 1311 Laurentinusque
3568 1242 3727 1296 beati.

2439 1333 2473 1385 4
2509 1333 2651 1385 Tum
2694 1331 2881 1400 pridie
2943 1331 3131 1384 Nonas
3188 1328 3490 1400 Aquilinus
3544 1331 3776 1385 vindicat
3816 1333 3881 1385 al-

3729 1421 3881 1490 [mus;

2511 1508 2875 1578 Antistesque
2924 1507 3068 1560 nitet
3117 1507 3341 1561 Phileas
3390 1525 3517 1562 cum
3571 1509 3884 1562 Philoromo.

2589 1618 2657 1670 Et
2704 1617 2887 1668 natale
2931 1620 3239 1669 sanctorum
3298 1618 3695 1684 Forosenproni,
3741 1617 3887 1672 Gemi-

2654 1707 2743 1769 ni,
2805 1704 3011 1769 Gelasi,
3075 1705 3295 1770 Magni,
3355 1706 3580 1763 Donati,
3636 1704 3886 1773 Aquilini;

2655 1794 2782 1845 item
2811 1790 3034 1858 Donati,
3069 1793 3352 1845 Timothei.

2445 1903 2474 1951 5
2514 1898 2782 1953 Siccaniae
2840 1898 3082 1968 populos
3135 1898 3311 1952 Nonis
3362 1897 3467 1952 sibi
3523 1898 3713 1952 subdit
3758 1900 3886 1967 Aga-

3764 1987 3889 2057 [thes

2516 2076 2762 2145 Virginis
2788 2075 2997 2129 eximio
3029 2075 3208 2129 virtus
3236 2076 3516 2130 celebrata
3545 2077 3758 2131 decore.

2582 2186 2645 2237 In
2693 2184 2926 2249 Oriente,
2976 2185 3173 2236 Patras
3220 2186 3460 2252 civitate,
3496 2185 3764 2239 ordinatio
3799 2184 3889 2251 epi-

2651 2278 2900 2341 scopatus
2929 2274 3108 2325 sancti
3134 2271 3363 2326 Andreae
3393 2274 3644 2341 apostoli.

2441 2380 2472 2430 6
2512 2378 2703 2432 Idibus
2734 2377 2957 2431 octonis
2985 2383 3200 2449 martyr
3230 2380 3512 2433 Dorothca
3542 2383 3806 2433 coruscat.

2582 2484 2855 2552 Syracu'sa
2913 2486 3130 2537 civitate
3160 2524 3173 2549 ,
3235 2487 3416 2552 passio
3478 2491 3678 2540 sancta
3739 2486 3894 2539 Luciz

2652 2575 2904 2640 virginis.
2976 2574 3151 2626 Romae
3188 2613 3202 2639 ,
3267 2576 3359 2626 via
3422 2574 3613 2643 Appia
3644 2615 3658 2640 ,
3720 2578 3895 2627 sanctae

2652 2663 2890 2717 Sotheris
2956 2664 3207 2729 virginis.
3276 2662 3356 2715 Et
3417 2663 3682 2731 depositio
3742 2662 3897 2716 sancti

2653 2756 2700 2803 Α
2710 2751 2916 2804 mandi.

2439 2846 2469 2894 7
2510 2840 2730 2911 Augule
2761 2840 3012 2910 septenis
3046 2848 3065 2873 ε
3090 2840 3373 2894 mundum
3408 2840 3690 2894 vincendo
3714 2839 3895 2893 trium-

3727 2927 3894 2999 [phas.

2510 3018 2675 3087 (Tum
2723 3033 2954 3087 quoque
3002 3033 3100 3071 ver
3139 3018 3355 3071 clarum
3406 3016 3629 3088 primos
3668 3015 3898 3083 erumpit

3606 3104 3689 3175 [in
3720 3102 3899 3170 ortus.)

2576 3194 2645 3248 Et
2692 3198 2999 3248 sanctorum
3046 3196 3358 3260 Amnionis,
3402 3195 3675 3261 Stacioni,
3723 3193 3900 3245 Satur-

2643 3284 2782 3336 nini.

2435 3374 2467 3425 8
2505 3370 2680 3426 Senas
2715 3370 3016 3441 Dionysius
3044 3378 3228 3436 ornat,
3265 3376 3322 3425 et
3350 3372 3711 3427 Emitianus.

2576 3463 2645 3514 Et
2674 3466 2978 3514 sanctorum
3015 3460 3175 3513 Pauli
3201 3462 3439 3529 episcopi
3464 3466 3516 3514 et
3552 3462 3725 3516 Tirsi.

2433 3552 2464 3602 9
2504 3548 2699 3612 Quinis
2751 3553 3028 3603 Anionem
3076 3548 3102 3589 ἀ
3153 3548 3412 3602 recolunt
3455 3550 3558 3619 pia
3610 3555 3741 3603 vota
3786 3548 3901 3601 bea-

3773 3643 3900 3690 tum.

3773 3643 3898 3690 tum.

2574 3727 2958 3793 Alexandria,
3016 3729 3211 3791 Pauli,
3269 3729 3519 3796 Dionysii
3578 3734 3633 3783 et
3692 3636 3898 3781 Ainmo-

2642 3832 2748 3871 ms.

2398 3908 2463 3961 10
2500 3905 2728 3971 Sother,
2770 3905 3041 3970 Irenaeus,
3088 3908 3143 3958 et
3190 3904 3490 3960 Scolastica
3553 3906 3718 3977 virgo
3775 3918 3899 3974 qua-

3698 3990 3897 4063 [ternis,

2499 4078 2740 4149 Egregia
2815 4079 3031 4149 pariter
3103 4080 3437 4135 meritorum
3516 4081 3695 4135 laude
3765 4079 3902 4132 nite-

3712 4168 3897 4238 [scunt

2568 4256 2640 4309 In
2681 4256 2906 4309 Niviala
2947 4256 3292 4322 monasterio,
3340 4261 3545 4311 sanctae
3597 4254 3901 4313 Geretrudis

2634 4342 2887 4407 virginis.
2922 4342 3001 4396 Et
3028 4345 3204 4396 sancti
3230 4344 3449 4399 Silvani
3477 4346 3745 4413 episcopi.

2393 4433 2444 4483 lt
2495 4431 2694 4484 Ternis
2723 4430 2856 4484 hinc
2888 4430 3209 4485 Desiderius
3242 4432 3519 4500 Lugdune
3553 4435 3797 4487 coronat

2494 4519 2717 4585 Mcenia,
2781 4519 3067 4573 Partemio
3125 4524 3182 4573 et
3240 4520 3507 4575 Catocero
3572 4522 3759 4575 Roma
3816 4533 3902 4570 re—

3715 4608 3900 4663 fulget.

3738 4609 3790 4662 ul
3864 4610 3899 4659 t.

2563 4696 2629 4750 In
2686 4697 2926 4761 Africa,
2994 4698 3257 4763 Victoris,
3314 4699 3614 4766 Januarii,
3684 4609 3899 4756 gini.

2631 4787 2817 4850 Zotici,
2853 4787 3089 4853 Cyriaci.

2208 4926 2336 4981 dem
2387 4926 2597 4980 codicis
2644 4928 3038 4980 auctoritatem
3082 4927 3282 4994 secuti,
3321 4944 3551 4982 versum
3600 4929 3761 4983 hunc
3790 4924 3900 4979 edi-

2205 4999 2392 5051 dimus
2423 5004 2555 5051 ante
2589 4997 2753 5050 illum
2784 5000 2916 5051 Tum
2946 5014 3174 5066 quoque,
3211 4998 3309 5068 qui
3344 4999 3398 5052 in
3432 5000 3625 5067 priori
3659 4999 3901 5054 editione

2205 5070 2454 5137 priorem
2514 5069 2699 5122 locum
2750 5069 3098 5122 obtinebat:
3154 5085 3215 5122 ac
3258 5085 3331 5122 ne
3392 5072 3448 5123 id
3501 5071 3636 5124 sine
3692 5070 3899 5123 ratione

2203 5140 2417 5192 factum
2452 5138 2757 5203 existimes,
2805 5141 2946 5192 scire
2986 5145 3041 5191 te
3078 5141 3343 5193 volumus
3372 5140 3430 5193 in
3464 5141 3682 5195 eodem
3716 5139 3899 5193 codice

2202 5216 2335 5279 post
2368 5218 2562 5263 notam
2597 5211 2913 5280 prosaicam
2962 5210 3076 5264 diei
3121 5211 3397 5281 scriptum
3443 5227 3571 5265 esse
3629 5229 3643 5266 :
3698 5213 3809 5266 Sor.
3853 5223 3900 5261 IN

2204 5296 2453 5335 PISCIBUS.

2270 5352 2297 5393 d
2330 5353 2519 5420 Quinis
2551 5353 2832 5405 Amonem.
2866 5351 2955 5405 Sic
3001 5352 3122 5406 cod.
3167 5353 3305 5420 Reg.
3351 5351 3516 5405 Prior
3559 5353 3739 5417 edit.,
3778 5352 3901 5406 Am-

2200 5438 2423 5476 monem.
2468 5423 2556 5494 [Ex
2609 5424 2810 5476 eodem
2867 5423 2993 5475 cod.
3053 5423 3202 5476 infra
3255 5425 3503 5477 Barcilon
3566 5424 3903 5494 scripsimus

2199 5495 2300 5546 ubi
2338 5493 2634 5562 legebatur
2667 5494 2959 5551 Barcinon:
3010 5510 3140 5545 nam
3187 5500 3251 5547 ut
3299 5496 3419 5547 haec
3464 5494 3648 5548 lectio
3699 5493 3904 5548 melior

2201 5570 2302 5632 est,
2336 5565 2415 5616 sic
2444 5564 2541 5617 illa
2574 5564 2823 5617 auctoris
2852 5569 3019 5618 aetate
3052 5564 3331 5619 usitatior.
