4022 6178
76 326 161 377 389

76 454 182 505 Dies
221 453 281 504 12
320 448 553 503 Eulaliae
615 448 825 502 festum
897 446 1103 536 pridie,
1159 447 1506 519 sanguisque
1585 464 1747 501 coru-
1784 454 1826 507 Α

1610 542 1745 590 seat.

1610 542 1745 590 seat.

336 625 475 679 Urbs
530 623 791 678 Barcilon
824 623 1033 677 eximia
1064 640 1192 694 qua:
1242 629 1489 695 martyre
1523 534 1746 695 ga[udct.

409 734 472 785 In
549 732 767 797 Africa,
829 734 1105 791 Dumiani,
1174 732 1404 792 Juliani,
1495 733 1746 793 Victoris,

482 821 692 879 Felicis,
749 818 1003 873 Secundi.
1060 820 1131 871 Et
1178 819 1445 888 Simplicii
1493 823 1747 887 episcopi.

246 912 305 965 13
344 910 537 964 Idibus
596 910 909 963 asthereum
963 908 1222 962 Julianus
1285 908 1506 963 scandit
1560 910 1752 963 hono—

1580 996 1751 1068 [rem,

343 1088 561 1157 Sponsa
606 1085 773 1139 beata
808 1082 1124 1157 [Basilissa]
1170 1085 1428 1138 animum
1470 1085 1612 1139 caelo
1662 1086 1755 1138 cui

1219 1171 1436 1245 [jungit
1465 1178 1749 1227 ovantem.

415 1283 477 1334 In
536 1280 902 1339 Alexandria,
978 1281 1236 1341 Tulliani,
1316 1280 1590 1333 Ammoni.
1648 1281 1755 1335 Lu-

485 1370 677 1438 gduni,
708 1370 971 1438 depositio
1002 1374 1177 1422 sancti
1200 1369 1484 1438 Stephani.

248 1462 309 1513 14
346 1460 487 1513 Tum
544 1458 766 1513 decimo
822 1464 1097 1528 sextoque
1151 1458 1243 1511 die
1291 1463 1584 1528 praeeunte
1637 1458 1753 1511 Ka-

1532 1544 1755 1617 Uendas

344 1637 551 1707 Martyr
608 1635 804 1689 Vitalis
867 1645 887 1670 ³
930 1635 1092 1700 nitet,
1156 1640 1211 1688 et
1273 1634 1516 1688 Felicula
1568 1635 1751 1705 virgo,

343 1730 529 1795 Atque
593 1724 951 1779 Valentinum
1028 1728 1351 1777 memorant
1424 1740 1526 1776 sua
1597 1728 1755 1793 gesta
1796 1734 1835 1789 Β

1481 1812 1754 1879 [beatum.

418 1921 607 1973 Felicis
652 1924 701 1972 et
745 1921 991 1979 Zenonis,
1043 1924 1093 1971 et
1141 1923 1453 1972 sanctorum
1504 1918 1758 1973 Germani

490 2013 540 2062 et
559 2009 789 2062 Juliani.

258 2101 312 2151 15
353 2097 493 2152 Hinc
550 2097 771 2150 decimo
829 2101 884 2150 et
933 2095 1134 2166 quinto
1184 2095 1455 2149 meritum
1504 2094 1761 2148 clarescit

1492 2181 1756 2256 [Agapes.

353 2276 579 2345 Hocque
641 2274 732 2327 die
781 2288 959 2326 caecos
1013 2272 1195 2343 pmnis
1244 2277 1549 2327 veneratur
1606 2287 1761 2325 acer-

1654 2358 1761 2432 [bis

356 2451 542 2506 Brixia
596 2450 926 2504 Faustinum
996 2448 1295 2515 celebrem,
1384 2453 1759 2519 sanctumque

1492 2536 1759 2610 [Jovitam

422 2647 483 2700 In
536 2644 850 2705 Antiochia,
913 2646 1097 2697 natale
1154 2646 1394 2712 Joseppi,
1452 2644 1756 2712 Apollonii,

494 2736 743 2797 Romani,
772 2735 991 2793 Zosimi,
1021 2738 1069 2787 et
1100 2733 1294 2800 Agape
1314 2736 1562 2800 virginis.

356 2825 489 2889 (Hoc
538 2822 710 2876 etiam
764 2822 1026 2892 geminos
1073 2823 1291 2875 scandit
1321 2823 1405 2875 sol
1447 2822 1630 2876 sidere
1672 2823 1760 2893 pi-

1571 2910 1715 2983 [sces
1726 2916 1761 2979 .)

262 3003 319 3053 16
359 3000 603 3063 Quartus
634 3014 763 3052 cum
798 2998 1021 3053 decimo
1050 2998 1280 3053 Juliana
1308 3002 1567 3068 martyre
1612 3000 1763 3054 lucet
1800 3033 1839 3087 ε

358 3088 805 3159 Onesimumque
888 3088 1020 3142 colit
1076 3088 1252 3142 Paulo
1330 3088 1556 3142 doctore
1631 3090 1763 3143 bea-

1593 3177 1761 3250 [tum.

429 3286 493 3338 In
541 3285 759 3351 Africa,
813 3286 1059 3344 Maximi,
1112 3286 1397 3345 Vincentii,
1450 3286 1629 3340 Pauli.
1702 3287 1767 3338 Et

499 3374 763 3443 depositio
789 3373 1009 3426 Tetradi
1040 3378 1295 3441 episcopi.

266 3465 325 3516 17
363 3463 587 3517 Tertius
650 3479 715 3516 ac
789 3462 1043 3516 decimus
1115 3462 1395 3515 Policroni
1455 3462 1595 3515 festa
1674 3479 1766 3516 re-

1552 3549 1766 3623 [volvit,

367 3641 701 3711 Donatique,
758 3638 921 3706 ﬁdes,
977 3638 1213 3709 sanguis
1274 3655 1418 3709 quos
1463 3640 1658 3709 junxit
1713 3647 1772 3695 et

1624 3728 1765 3800 [ara.

432 3820 503 3871 Et
557 3822 743 3886 passio
797 3822 1107 3871 sanctorum
1159 3818 1510 3878 Secundiani,
1580 3820 1767 3880 Justaz,

504 3908 761 3967 Romulae,
796 3908 1027 3961 Silvani.

265 3996 330 4048 l8
368 3995 778 4066 Bissenumque
832 3996 983 4048 diem
1039 3995 1308 4049 Martialis
1361 3999 1589 4049 sanctus
1663 3995 1772 4049 ho-

1559 4081 1770 4153 fuerat.

436 4174 497 4226 In
544 4173 761 4239 Africa,
818 4173 1003 4225 natale
1053 4176 1363 4225 sanctorum
1402 4173 1612 4233 Rutuli,
1673 4173 1775 4227 Sil-

505 4266 653 4322 vani,
740 4262 993 4321 Secundi,
1054 4264 1301 4327 Damasi,
1354 4261 1534 4321 Pauli,
1625 4262 1772 4314 Mar-

509 4352 646 4411 celli,
684 4351 912 4405 Gemini.

274 4440 334 4491 19
374 4439 610 4492 Publius
645 4440 1013 4492 undecimum
1045 4437 1216 4491 simul
1246 4442 1303 4491 et
1328 4437 1591 4491 Julianus
1618 4438 1776 4491 ador-

1594 4526 1775 4596 [nant.

439 4618 508 4669 Et
588 4616 771 4669 natale
852 4620 1163 4669 sanctorum
1246 4616 1507 4675 Marcelli,
1591 4617 1776 4671 Tullii.

510 4708 640 4757 item
722 4705 953 4765 Juliani,
1042 4704 1320 4771 Lampasi,
1427 4704 1640 4764 Maiuli,
1731 4708 1780 4756 et

512 4794 669 4846 Julii.

274 4881 337 4933 2O
375 4882 499 4936 Mox
533 4881 789 4935 decimus
818 4880 1049 4935 laudem
1080 4882 1280 4935 recolit
1306 4881 1635 4952 famamque
1669 4882 1781 4936 Co-

1546 4986 1701 5023 rona:
1737 4972 1779 5024 ι).

441 5058 616 5128 Apud
676 5058 913 5127 Cyprum
986 5059 1169 5111 natale
1227 5060 1502 5117 Potamiw,
1584 5060 1781 5119 Romae,

514 5152 607 5200 via
658 5147 865 5216 Appia,
917 5148 1180 5216 depositio
1233 5146 1371 5214 Gagi
1418 5150 1672 5215 episcopi.
1718 5149 1786 5199 Et

180 5303 433 5376 _‘Martyr
493 5307 713 5361 Vitatis.
748 5306 808 5359 ln
857 5306 1043 5360 codice
1093 5305 1255 5375 Reg.,
1292 5308 1474 5373 partis
1528 5306 1635 5359 Vit.
1658 5322 1677 5365 ,ο
1732 5305 1788 5357 in

143 5367 321 5446 Bigot.,
365 5367 471 5431 Par
517 5377 622 5439 his,
673 5393 847 5446 quam
893 5367 1207 5430 lectionem
1228 5367 1472 5444 vulgatae
1522 5377 1786 5445 przefero.

144 5439 454 5517 lﬁniutr'oque
509 5439 709 5502 codice
779 5448 986 5502 desunt
1044 5462 1236 5500 versus
1295 5439 1539 5511 hocque'
1571 5446 1676 5508 die,
1740 5453 1795 5499 et

146 5509 302 5566 Brixia
330 5509 511 5571 Faust.

200 5584 550 5655 bFamamque
581 5590 815 5645 Coronae.
853 5590 941 5643 Sic
981 5587 1413 5643 emendavimus
1452 5604 1519 5642 ex
1551 5592 1794 5659 utroque

1484 316 1533 370 Μ
1541 315 2113 373 ARTYROLOGIUM.
3452 322 3555 375 590

2279 449 2435 517 alibi,
2496 450 2744 512 Victoris,
2792 448 3025 515 Corona,
3076 452 3127 503 et
3174 450 3409 506 aliorum
3462 452 3553 506 de-

2287 554 2412 591 cem.

1862 624 1984 677 Dies
2024 626 2080 678 21
2132 623 2411 679 Victoriae
2442 628 2540 678 tuo
2574 640 2760 678 nonus
2794 624 2861 678 de
2897 625 3131 679 nomine
3156 626 3356 697 fulget.

2216 715 2290 766 In
2349 715 2567 779 Africa,
2626 713 2812 768 natale
2861 720 3167 769 sanctorum
3226 717 3548 786 Secundini,

2286 803 2519 870 Servati,
2611 804 2792 869 Sirici,
2866 804 3172 858 Saturnini.
3238 806 3319 859 Et
3397 807 3553 875 alibi,

2286 892 2545 961 Crispini,
2575 894 2803 958 Rustici,
2835 894 3054 961 Justici,
3080 894 3380 948 Amatoris.

2038 982 2108 1033 22
2147 981 2472 1052 Octavoque
2516 982 2666 1035 Petri
2714 980 2982 1034 cathedra
3040 986 3096 1035 et
3144 982 3401 1036 doctrina
3457 999 3552 1038 co-

3315 1070 3551 1143 [ruscat,

2152 1158 2291 1213 Urbs
2347 1160 2474 1213 laeta
2522 1158 2786 1213 Antiochi
2830 1174 2945 1229 quo
3003 1158 3257 1229 primum
3310 1162 3554 1230 praesule

3310 1246 3552 1319 [vernat.

2218 1336 2547 1403 Nicomedia,
2600 1338 2783 1391 natale
2833 1342 3030 1391 sancta:
3083 1337 3247 1391 Tecla:
3294 1340 3554 1406 virgiuis,

2289 1430 2338 1478 et
2362 1430 2560 1479 sanctae
2592 1425 2922 1480 Concordiae.

2040 1516 2108 1567 23
2148 1512 2435 1584 Septimus
2490 1514 2701 1569 eximio
2758 1514 3054 1585 Polycarpi
3112 1514 3377 1585 splendet
3447 1513 3554 1568 bo-

3372 1602 3556 1672 [nore,

2152 1692 2452 1762 Presbyter
2496 1708 2593 1746 ore
2642 1693 2813 1746 tidem
2861 1692 3068 1746 Christi
3118 1692 3215 1763 qui
3268 1693 3421 1762 jussa
3470 1708 3557 1745 se-

3371 1778 3560 1851 [cutus

2150 1868 2415 1939 Martyrio
2448 1867 2669 1922 turbam
2705 1869 2893 1939 potuit
2922 1884 3143 1922 servare
3170 1867 3420 1922 ﬁdelem.

2224 1960 2283 2012 In
2342 1960 2559 2024 Africa,
2620 1960 2865 2025 Zenonis,
2934 1959 3183 2023 Arionis,
3249 1957 3555 2028 Hippolyti,

2294 2049 2345 2101 Ζ
2350 2052 2552 2111 cnonis,
2588 2048 2808 2103 Etiruti.

2043 2138 2112 2190 24
2150 2136 2351 2191 Sextus
2382 2138 2693 2208 apostolica
2726 2138 2905 2192 radiat
2935 2137 3143 2191 virtute
3170 2136 3413 2202 Mathim,

2154 2225 2553 2297 Bissextusque
2600 2227 2721 2280 loco
2765 2227 2873 2281 hoc
2917 2232 3237 2297 quartoque
3284 2225 3562 2279 intexitur

3360 2311 3557 2384 [ωηο.

2153 2402 2562 2473 Occultumque
2619 2402 2714 2457 diu
2772 2408 2940 2473 caput
3002 2403 3109 2457 hoc
3171 2402 3419 2473 Baptista
3473 2416 3563 2455 re-

3380 2488 3559 2561 [texiL

2223 2580 2292 2633 Et
2340 2583 2521 2649 passio
2573 2585 2882 2635 sanctorum
2934 2582 3194 2647 Nicotori,
3250 2578 3562 2643 Ctaudiani,

2295 2670 2540 2722 Dioscori
2573 2674 2621 2724 et
2653 2671 2993 2739 Sarapionis.

2046 2760 2113 2810 25
2151 2756 2362 2821 Quinta
2406 2758 2527 2811 dies
2569 2758 2855 2813 Crescenti
2903 2762 3148 2828 augetur
3177 2757 3344 2811 laude
3386 2755 3561 2809 beati.

2224 2848 2285 2900 In
2332 2848 2550 2913 Africa,
2611 2849 2794 2901 natale
2834 2852 3142 2902 sanctorum
3193 2847 3417 2909 Donati,
3464 2846 3565 2897 Ju-

2292 2938 2385 3004 sti,
2432 2938 2679 3001 Herenei,
2732 2936 2964 3002 Aurelii,
2998 2937 3270 3001 Ingenuae.
3304 2934 3377 2986 In
3401 2934 3559 2986 Pam-

2296 3025 2509 3092 phylia,
2576 3026 2761 3078 natale
2841 3030 3149 3079 sanctorum
3202 3024 3443 3079 Nestoris
3516 3025 3567 3075 et

2301 3113 2490 3166 Castae.

2052 3202 2121 3253 2o
2162 3200 2397 3254 Nestore
2452 3212 2689 3271 quartus
2746 3209 2767 3235 ο
2821 3205 2968 3267 ovat,
3014 3200 3164 3254 socio
3231 3199 3563 3270 pariterque

3286 3286 3560 3360 [Theone.

2232 3378 2310 3431 Et
2360 3379 2545 3432 natale
2604 3383 2913 3433 sanctorum
2968 3376 3295 3443 Alemandri,
3374 3376 3565 3432 Abun-

2300 3466 2499 3520 dantii.
2511 3510 2521 3520 .
2533 3505 2545 3521 .

2054 3556 2122 3608 27
2162 3556 2387 3609 Tertius
2441 3554 2727 3626 Hesperiae
2788 3555 3043 3609 Leandre
3073 3554 3328 3609 antistite
3378 3553 3566 3607 ﬂoret.

2060 3646 2128 3698 28
2168 3643 2450 3698 Machario
2480 3643 2663 3713 pridie
2693 3644 2935 3698 Ruﬁnus
2958 3644 3224 3714 jungitur
3255 3643 3461 3697 almus.

2234 3733 2304 3785 In
2335 3733 2731 3798 Thessalo-nica,
2769 3734 2953 3786 natale
2982 3737 3291 3786 sanctorum
3320 3733 3569 3786 Aleman-

2304 3820 2413 3887 dri,
2508 3820 2849 3887 Abundanti,
2930 3821 3228 3886 Seueriani,
3315 3822 3569 3873 Ianuari.

2306 3910 2369 3963 In
2435 3911 2655 3962 civitate
2719 3909 2966 3979 Smyrna:
3029 3910 3197 3975 Asiae,
3264 3913 3574 3963 sanctorum

2308 3998 2674 4053 Serviliani...

2171 4086 2268 4141 Hic
2300 4086 2430 4139 linis
2482 4086 2687 4139 Februi
2746 4084 3033 4138 concludit
3084 4082 3306 4138 lumina
3340 4084 3571 4139 mensis.

2234 4176 2427 4231 Natale
2477 4175 2675 4230 Celeris
2735 4174 2959 4243 pupilli,
3020 4172 3331 4241 Claudiam‘,
3385 4173 3578 4238 Quinti

2312 4269 2360 4317 ct
2393 4265 2685 4318 Mansueti.

2568 4395 2891 4450 MARTIUS.

2169 4522 2399 4575 Martius
2458 4519 2671 4590 insigni
2727 4519 2964 4573 feriatus
3014 4523 3296 4588 tempore,
3344 4518 3579 4572 demum

2172 4611 2427 4675 Quorum
2474 4607 2815 4680 prtemineat
2845 4609 2871 4648 ἀ
2905 4607 3151 4661 breviter
3192 4606 3446 4660 dicemus
3472 4606 3585 4659 ho-

3419 4692 3586 4765 [nere

1892 4794 2018 4847 Dies
2096 4793 2114 4843 l
2180 4790 2369 4843 Martis
2399 4789 2651 4842 Donatus
2682 4788 2853 4851 tenet,
2891 4783 3245 4854 Albinusque
3280 4783 3584 4837 Kalendas.

2246 4878 2373 4931 Kal.
2424 4878 2679 4941 Murtias,
2728 4876 2907 4928 sancti
2966 4872 3182 4939 Donati,
3236 4871 3586 4936 Abundanti,

2320 4971 2369 5020 et
2397 4966 2659 5035 depositio
2690 4964 2882 5018 Albini
2903 4963 3161 5032 episcopi.

2106 5061 2138 5111 2
2176 5055 2337 5111 Senis
2395 5070 2521 5108 mox
2579 5054 2752 5107 Nonis
2783 5052 3047 5105 Heraclus
3108 5049 3435 5119 Paulusque
3497 5063 3590 5101 co-

3350 5136 3591 5209 [luntur.

1899 5303 2112 5369 codice,
2148 5302 2284 5371 Reg.
2322 5306 2378 5353 et
2415 5301 2621 5370 Bigot.,
2666 5314 2797 5351 nam
2831 5296 2889 5350 in
2934 5295 3117 5368 priori
3142 5293 3415 5363 editione,
3468 5310 3594 5348 cor-

1901 5381 2089 5445 rupte,
2122 5377 2437 5440 famamque
2465 5376 2704 5445 coronat.

1972 5439 1992 5479 ε
2021 5446 2236 5499 Nestore
2264 5449 2512 5511 quartus.
2556 5443 2618 5494 ln
2653 5441 2790 5493 doce
2824 5439 3028 5508 Bigot.,
3058 5440 3305 5511 Nestore.

1972 5518 1998 5559 ἀ
2029 5508 2289 5582 Οιιονιιηί
2316 5516 2655 5583 Ρνεεηιίηραι.
2700 5511 2791 5564 Sic
2835 5511 2896 5563 in
2941 5510 3105 5563 codd.
3159 5508 3295 5578 Reg.
3343 5512 3399 5563 et
3449 5508 3597 5576 Big.,

1905 5587 1967 5641 in
1997 5586 2184 5653 editis,
2217 5601 2446 5655 quorum
2474 5585 2802 5654 praeminet.
