4022 6178
445 258 538 313 591
1540 254 2047 311 WANDALBERTI
2086 250 2506 311 PRUMIENSIS
2548 252 2853 309 MONACHI
3782 260 3855 312 592

802 395 873 446 In
917 390 1166 445 Casaria
1209 390 1581 460 Cappadociae,
1622 392 1779 445 Lucae
1810 394 2045 461 episcopi
2090 395 2140 445 et
2180 398 2225 450 A
2253 393 2373 445 Dies
2538 391 2861 454 Consecrat,
2887 396 3097 442 aeterna
3131 388 3340 442 caelum
3371 404 3479 459 quo
3507 390 3658 445 laude
3692 393 3859 462 petisti.

868 482 1144 535 Januarii.
2600 482 2794 544 Romae,
2838 478 3099 547 depositio
3138 479 3317 531 sancti
3358 479 3619 533 Innocenti
3657 484 3859 550 episcopi.

450 577 573 628 Dies
648 575 677 625 3
730 570 943 635 Quinas
998 571 1185 639 Magra
1219 569 1313 638 pio
1356 569 1544 622 Nonas
1590 569 1844 623 defendit
1895 585 2136 623 amore:
2677 570 2743 621 Et
2773 568 2955 620 natale
2984 569 3160 619 sancti
3188 567 3399 619 Felicis.

734 660 828 713 llis
884 664 938 712 et
998 658 1363 719 Emitherius,
1436 658 1808 711 Clielidonius
1861 667 1904 723 ιι,
1969 662 2140 728 atque
2252 659 2373 711 Dies
2414 660 2475 711 13
2525 656 2826 726 Presbyter
2885 660 2941 709 et
3017 661 3207 708 ternas
3286 654 3632 709 Macedonius
3691 657 3863 727 implet,

1844 746 2141 818 Marinus,
3664 745 3867 814 [honesta

736 837 1103 906 Asteriusque
1138 836 1350 888 micant
1379 835 1555 888 effuso
1586 836 1865 905 sanguine
1898 836 2057 890 clari.
2535 832 2789 902 Conjuge
2846 831 3108 897 Patricia,
3164 836 3222 885 et
3279 836 3412 885 nata
3465 832 3746 886 comitante
3795 834 3871 887 Mo-

806 928 875 980 Et
954 928 1261 978 sanctorum
1324 924 1537 989 Felicis,
1596 926 1759 988 Justi,
1836 925 2141 977 Fortunati.
3734 921 3870 976 desta.

879 1015 940 1067 In
968 1016 1191 1078 Africa,
1223 1014 1437 1075 Felicis,
1466 1013 1701 1065 Emetri.
2606 1010 2668 1063 In
2738 1010 3111 1063 Thessalonica
3177 1011 3494 1072 Domiciani,
3548 1010 3706 1073 Lucas,
3755 1012 3872 1065 Seve-

666 1104 699 1155 4
742 1102 945 1156 Lucius
979 1101 1108 1154 hinc
1140 1117 1287 1171 papa
1319 1100 1571 1170 pretiosa
1606 1104 1787 1153 morte
1819 1100 2141 1170 quaternis,
2674 1099 2804 1162 rini,
2838 1098 3069 1164 Silvani,
3099 1099 3345 1153 Concessi
3374 1106 3421 1151 et
3441 1100 3716 1152 Marcialis.

739 1191 1048 1260 Martyrum
1094 1196 1151 1243 et
1201 1190 1665 1259 octingentorum
1715 1188 1881 1241 turba
1932 1188 2147 1258 optima
2434 1188 2498 1241 14
2541 1186 2824 1240 Eufrosius
2855 1185 3063 1255 pridie,
3094 1187 3261 1239 Petro
3292 1203 3423 1240 cum
3456 1193 3685 1255 martyre
3717 1188 3870 1256 fulget.

1920 1274 2142 1347 [fulget.
2608 1277 2677 1327 In
2719 1275 2939 1341 Africa,
2991 1276 3329 1340 Alemandri,
3371 1278 3657 1342 Mammeri,
3702 1278 3873 1329 Fronto-

812 1368 1141 1434 Nicomedia,
1190 1368 1374 1435 passio
1402 1371 1710 1419 sanctorum
1744 1365 1994 1419 Adriani
2030 1380 2148 1419 cum
2676 1367 2760 1417 nis
2783 1368 2832 1417 et
2860 1364 3091 1418 Naboris
3122 1373 3448 1431 martyrum.

876 1458 1001 1509 aliis
1031 1471 1248 1509 numero
1280 1457 1513 1521 triginta
1555 1454 1749 1507 tribus.
2436 1457 2500 1507 15
2535 1454 2801 1507 Thessala
2848 1452 3009 1522 plebs
3053 1452 3187 1506 Idus
3236 1454 3488 1507 Matrona
3526 1456 3749 1523 martyre
3788 1469 3875 1505 ser-

671 1548 700 1598 5
737 1546 947 1598 Ternas
1008 1550 1220 1615 martyr
1292 1544 1462 1598 habet
1521 1542 1854 1595 meritorum
1913 1542 2148 1595 nomine
3774 1539 3874 1611 [vat

1935 1628 2143 1701 [Focas,
2190 1696 2221 1701 _
2613 1633 2674 1685 In
2708 1631 3075 1700 Cappadocia,
3126 1633 3304 1683 sancti
3354 1631 3605 1700 Longini.
3638 1630 3701 1681 In
3735 1630 3876 1681 Hiero-

735 1722 1024 1792 Sanguine
1066 1722 1165 1793 qui
1205 1726 1447 1775 mortem
1499 1720 1649 1781 vicit,
1701 1696 2150 1773 virtute‘dracm
2189 1696 2229 1749 Β
2687 1696 2905 1787 solpmis
2976 1696 3159 1773 natale
3212 1722 3389 1773 sancti
3444 1696 3636 1771 jacobi
3686 1718 3879 1785 apostoli,

1968 1806 2146 1879 [nem.
2685 1811 2884 1873 fratris
2916 1811 3148 1862 Domini.
3180 1810 3249 1862 Et
3276 1810 3435 1861 Lucae
3463 1807 3789 1873 evangelista.

811 1900 1127 1965 Antiochia,
1170 1902 1353 1967 passio
1383 1902 1582 1952 sancte
1624 1898 1786 1952 Sacae.
1819 1898 1881 1951 ln
1929 1898 2147 1961 Africa.
2446 1900 2504 1951 l6
2543 1898 2797 1967 Septima
2830 1902 2959 1968 post
2988 1897 3273 1951 decimam
3304 1895 3519 1966 Aprilis
3549 1895 3615 1949 de
3636 1910 3772 1948 more
3800 1893 3881 1946 lia-

879 1992 1047 2052 Pctri,
1123 1990 1361 2054 Eusebii,
1439 1989 1603 2053 Justi,
1681 1988 1858 2053 Siriae,
1952 1987 2151 2039 Satur—
3722 1982 3883 2049 [lendas

881 2081 1003 2130 nini
1029 2083 1077 2131 et
1098 2080 1288 2131 Marci.
2548 2072 2895 2134 Praecedens,
2939 2072 3157 2143 Cyriaci
3211 2078 3267 2126 et
3327 2075 3496 2143 Largi
3549 2072 3783 2142 splendet
3820 2071 3885 2123 lio-

669 2170 700 2219 6
741 2165 1063 2219 Victorinus
1114 2170 1243 2219 ovat
1295 2164 1497 2234 pridie,
1560 2164 1861 2235 Victorque
1923 2163 2148 2217 retrusi.
3744 2158 3883 2227 [ηοω

742 2256 999 2320 Carcere,
1050 2252 1151 2324 qui
1193 2253 1343 2306 celso
1394 2258 1773 2322 penetrarunt
1834 2256 1985 2305 astra
2051 2268 2150 2304 νο·
2546 2249 2958 2319 Smaragdique
2998 2249 3179 2302 simul»
3220 2248 3471 2319 pretioso
3502 2247 3759 2319 sanguine
3793 2259 3886 2296 Ver-

1985 2336 2151 2409 [latu.
3780 2332 3883 2403 [nat

814 2431 877 2482 In
932 2428 1264 2490 Nicomedia,
1334 2430 1589 2493 Victoris,
1658 2428 1968 2490 Claudiani,
2025 2429 2153 2480 Per-
2614 2427 2677 2479 1n
2731 2425 3043 2480 Nicomedia
3099 2428 3333 2492 Castori,
3408 2425 3679 2489 Dionysii,
3726 2421 3887 2483 Sereni,

883 2522 1056 2585 petua?
1121 2518 1438 2584 Felicitatis,
1525 2516 1775 2581 Jocundi,
1858 2520 1907 2569 et
1986 2516 2156 2569 Revo-
2618 2520 2903 2583 Quiriacae,
2934 2519 3197 2584 Eugeniz
3226 2523 3276 2571 et
3304 2516 3539 2571 Juliuni.

889 2606 1019 2658 cati.
2446 2610 2506 2659 17
2549 2606 2753 2676 Bisque
2786 2612 2991 2659 octona
3037 2614 3150 2669 tuo,
3196 2606 3421 2672 Patrici,
3486 2604 3703 2658 nomine
3740 2600 3889 2671 pollet.

679 2698 707 2746 7
750 2693 923 2746 Nonis
976 2691 1237 2745 Felicitas
1282 2691 1453 2744 micat
1484 2696 1539 2744 et
1592 2691 1891 2760 Perpetua,
1943 2696 2153 2745 castam

2547 2699 2789 2753 Scottica
2837 2701 3111 2769 gentilem
3146 2700 3410 2752 miserate
3463 2715 3566 2769 per
3607 2696 3793 2767 oppida
3816 2694 3891 2744 cul-

747 2782 882 2845 Quae
911 2782 1135 2835 Christo
1160 2780 1326 2832 vitam
1362 2779 1512 2832 felici
1543 2789 1724 2833 morte
1756 2780 2039 2834 dicarunt.
2838 2836 2843 2839 _
3772 2784 3889 2847 ltum.

817 2872 891 2923 In
941 2871 1284 2923 Mauritania
1331 2870 1569 2936 civitate,
1621 2870 1804 2937 passio
1848 2874 2156 2923 sanctorum
2553 2878 2679 2931 Haec
2746 2894 2974 2949 quoque
3041 2877 3335 2933 Gertrudae
3430 2876 3733 2930 redduntur
3803 2878 3896 2922 vota

895 2961 1170 3028 Perpetua:
1200 2962 1248 3011 et
1278 2958 1603 3011 Felicitatis.
2197 2988 2238 3039 ρ
3741 2955 3893 3027 [beate

678 3051 709 3102 8
752 3047 884 3101 ldus
940 3053 1167 3101 octavas
1226 3050 1555 3115 martyrque
1609 3045 1873 3116 CyrilluS,
1940 3052 1995 3100 et
2047 3062 2160 3099 una
2623 3051 2935 3105 Alexandri
2962 3053 3218 3119 episcopi,
3255 3054 3306 3103 et
3336 3051 3519 3102 sancti
3544 3049 3771 3102 Patricii.

751 3137 1045 3191 Consimili
1089 3134 1299 3189 retinet
1359 3134 1716 3189 venerandus
1774 3135 1993 3189 honore
2046 3136 2158 3188 ΒΟ·
2449 3143 2511 3195 18
2552 3140 2761 3193 Ρτωειιι
2819 3139 3140 3193 Alexander
3188 3143 3274 3192 ter
3333 3138 3571 3208 quinam
3632 3132 3894 3206 possidet:

1944 3221 2154 3294 [gatus.
3750 3222 3896 3292 [altam

822 3317 882 3367 Ῑη
909 3310 1220 3368 Nicomedia
1249 3310 1486 3376 Ουίητίίί
1518 3312 1774 3380 episcopi.
2551 3317 2849 3388 Presbyter
2877 3320 2933 3369 et
2963 3317 3201 3370 Romam
3250 3315 3562 3387 Pigmenus
3614 3323 3633 3348 ε
3678 3310 3897 3380 sanguine

681 3406 711 3455 9
752 3401 1013 3471 Septenis
1042 3399 1422 3468 Quadrageno
1459 3398 1561 3451 sub
1591 3398 1772 3451 milite
1804 3398 2014 3451 festum
3704 3401 3895 3471 [lustrat

751 3490 1037 3544 Armeniae
1097 3489 1359 3542 τεεοιυοῐ
1415 3503 1594 3540 unum
1659 3503 1817 3540 sacra
1866 3486 2008 3540 festa
2058 3485 2156 3540 Μί-
2554 3498 2666 3549 Hac
2701 3496 2847 3548 aries
2877 3494 2985 3547 soli
3010 3492 3311 3546 vernantia
3344 3491 3567 3545 Iumina
3594 3489 3791 3559 pandit.

1960 3575 2157 3641 [Ποτίεο
2555 3585 2828 3639 Conditor
2858 3583 2981 3637 haec
3025 3596 3219 3636 rerum
3270 3580 3458 3633 lucem
3507 3580 3651 3633 Deus
3696 3572 3899 3629 condidit

820 3665 889 3721 In
946 3667 1206 3720 Armenia
1260 3667 1458 3720 Minori
1503 3664 1831 3730 Sebastiani,
1886 3668 1936 3717 et
1981 3665 2160 3717 millia
3782 3660 3902 3732 [altus

892 3754 1265 3824 Ωυαάναθίηία
1304 3769 1530 3822 quorum
1559 3758 1710 3820 993‘“
1752 3752 2039 3807 λαδθτιίιινο
2087 3755 2161 3806 Ῑη
2555 3766 2821 3834 Bancque
2878 3761 3030 3816 diem
3078 3759 3325 3830 primam
3374 3756 3672 3813 formando
3716 3747 3902 3834 protulit

892 3847 1112 3911 Africa,
1144 3844 1409 3911 Philippi,
1442 3844 1660 3908 Rogati.
2727 3831 2746 3834 ’
3750 3831 3899 3909 [orbi]

648 3936 711 3988 10
749 3932 930 4000 Senis,
982 3935 1171 3999 Gaius,
1217 3932 1653 4000 Alexanderque
1685 3932 1984 3999 coluntur;
2045 3930 2161 3984 eis-
2621 3942 2688 3995 ιη
2750 3938 3070 4005 Campania,
3146 3936 3355 4001 Quinti,
3422 3937 3638 4001 Rogati,
3699 3926 3897 3985 Luciam’,

2004 4017 2159 4090 [dem
2695 4027 3001 4091 Saturnini,
3038 4024 3270 4078 Victoris
3295 4027 3346 4077 et
3376 4024 3595 4077 Mauri.

748 4112 1125 4180 Quadragena
1156 4114 1212 4162 et
1259 4109 1393 4162 bina
1425 4108 1670 4162 cohaeret
1716 4108 1883 4162 turba
1933 4124 2158 4175 cruore,
2450 4118 2513 4168 19
2557 4116 2647 4169 Bis
2681 4118 2916 4185 septena
2943 4114 3164 4166 Joanne
3211 4111 3391 4165 eremi
3422 4114 3638 4166 cultore
3679 4108 3901 4162 coruscat.

752 4200 903 4263 Quos
961 4198 1176 4268 pariter
1232 4212 1379 4250 saevo
1439 4196 1794 4250 celebramus
1843 4195 2084 4265 praeside
2135 4197 2159 4235 ι)
2199 4264 2231 4269 _
2622 4206 2694 4257 ιη
2736 4206 3001 4267 Caesarea,
3048 4200 3307 4255 Theodon-
3350 4201 3652 4269 presbym.
3700 4200 3756 4251 1n
3785 4194 3903 4259 Αρί-

1937 4282 2152 4354 [εεεεοεο
2197 4264 2240 4317 D
2692 4308 2774 4358 ca,
2810 4264 3087 4357 Ammoni,
3127 4296 3175 4343 et
3233 4264 3718 4358 depositio—sancti
3758 4278 3905 4335 Leonti

823 4378 889 4431 In
918 4374 1279 4440 Alexandria,
1323 4374 1539 4441 Eracli,
1586 4375 1802 4442 Zosimi,
1850 4372 2163 4427 Alexandri
2694 4382 2933 4449 episcopi
2962 4386 3011 4433 et
3036 4381 3381 4445 confessoris.

893 4469 944 4517 ϐε
976 4466 1190 4533 Αραρω
1218 4465 1474 4529 virginis.
2446 4472 2515 4524 20
2554 4469 2742 4523 Tertia
2789 4485 2918 4522 cum
2953 4467 3177 4521 decima
3210 4466 3465 4522 Cutberti
3508 4464 3671 4520 laude
3710 4459 3907 4514 nitentes

656 4559 704 4609 11
780 4554 1069 4609 Candidus
1103 4553 1237 4607 hinc
1267 4553 1474 4624 quinas
1514 4552 1621 4605 sibi
1669 4552 2040 4622 Valeriusque
2079 4567 2163 4605 re-
2554 4559 2911 4629 Angelorum
2940 4557 3098 4611 ducit
3126 4572 3229 4627 per
3249 4557 3487 4628 mystica
3514 4553 3714 4626 gaudia
3740 4545 3906 4620 plebes.

1896 4638 2158 4714 [ὶθηῑδηῐ-
2625 4648 2687 4701 In
2752 4647 3070 4712 Antiochia,
3137 4647 3316 4699 sancti
3375 4644 3594 4713 Ioseph.
3644 4642 3710 4693 In
3755 4633 3905 4701 Syria.

823 4734 894 4786 In
951 4732 1309 4798 Carthagine,
1371 4731 1566 4793 Candi,
1641 4731 1845 4796 Valeri,
1915 4730 2161 4797 Quirilli,
2699 4737 2884 4801 Pauli,
2984 4734 3196 4801 Claudi,
3287 4736 3582 4803 Exsuperi,
3673 4721 3905 4785 νίεειινίά.

896 4824 1194 4876 Marciani.
1273 4823 1333 4875 In
1389 4820 1720 4886 Nicomedia,
1784 4822 2053 4887 Eunuchi,
2116 4824 2167 4873 et
2708 4822 3006 4879 Valentini.

898 4914 1167 4980 Gurgoni.
2452 4916 2511 4967 2t
2557 4914 2702 4967 Tum
2756 4912 3021 4966 duodena
3077 4910 3190 4965 ﬁde
3256 4908 3546 4965 Benedicti
3620 4913 3671 4961 et
3721 4897 3905 4958 nomine

654 5005 717 5058 l2
756 5001 1027 5066 Quartam
1072 5014 1203 5057 mox
1238 4998 1438 5053 [duum
1484 4998 1612 5051 linis
1644 5002 1794 5065 tuus,
1829 4997 1980 5052 alme
2022 4998 2155 5051 Gre-
3733 4988 3904 5063 [fulget

2010 5088 2154 5159 [801i
2560 5087 2883 5143 Coenobiale
2914 5088 3087 5143 decus
3126 5087 3272 5142 duce
3299 5102 3413 5158 quo
3446 5086 3669 5139 laetatur
3694 5081 3748 5134 in
3786 5074 3905 5129 orbe.

544 5275 937 5334 ‘Chelidonius.
984 5274 1048 5326 In
1090 5271 1284 5325 codice
1336 5272 1498 5340 Beg.,
1534 5269 1845 5326 Celedonius
1912 5285 1975 5322 ac
2020 5284 2164 5321 vers.
2347 5277 2367 5301 ε
2397 5270 2616 5340 Romam
2672 5269 2979 5340 Pigmenus.
3055 5266 3118 5340 In
3178 5265 3383 5340 codice,
3430 5262 3910 5340 Reg.,__Pig_nem}f_$_.

476 5329 1068 5419 seqlidusteriusque.
1333 5412 1382 5419 __
1419 5329 1451 5340 ν
1624 5411 1636 5419 _
1723 5364 1732 5419 ζ
1888 5411 1899 5419 _
2078 5411 2092 5419 _
2116 5411 2132 5419 _
2278 5339 2680 5419 Haud‘longe,
2729 5329 2829 5392 ubi
2882 5339 3137 5407 protulit,
3177 5336 3236 5391 in
3284 5335 3483 5391 eodem
3520 5329 3711 5389 codice
3743 5329 3911 5395 legitur

545 5410 751 5475 δεκυο
803 5410 1127 5472 celebramus
1179 5412 1428 5483 praeside.
1493 5413 1571 5465 [ta
1623 5410 1835 5483 legitur
1885 5411 1946 5465 in
1993 5411 2155 5466 codd.
2275 5411 2537 5479 praetulit.

478 5488 618 5556 Reg.
650 5495 706 5542 et
740 5490 861 5558 Big.
894 5489 955 5541 In
984 5482 1472 5558 priorieditione,
1499 5497 1643 5558 saeva
1671 5482 2001 5537 celebremus
2023 5484 2163 5537 Per-

479 5552 611 5625 side,
646 5552 901 5621 malefet
929 5552 1127 5612 contra
1156 5554 1409 5611 historiae
1440 5552 1634 5608 tidem.
