4022 6178
122 343 207 393 593
1514 332 2135 391 MARTYROLOGIUM.
3472 336 3573 388 :sot

127 473 235 525 Dies
270 472 322 523 2t
371 469 511 536 (Haec
532 464 731 536 spatiis
758 464 1193 536 aquatparibus
1225 468 1561 535 noctemque
1590 464 1769 518 diem-
1810 464 1850 519 Δ
1885 465 2015 520 Dies
2054 468 2123 520 28
2166 468 2317 521 Hanc
2357 482 2589 538 quoque
2638 468 3025 521 Guntramnus
3057 467 3307 533 migrans
3338 484 3433 520 rex
3471 484 3572 536 op-

1610 568 1721 623 que
1757 568 1770 605 :

1610 568 1721 623 que
1757 568 1770 605 :

373 647 494 700 Hac
554 658 788 715 quoque
842 643 958 695 sole
1018 657 1166 695 novo
1216 642 1409 695 lunam
1471 552 1773 711 stell[asque

1544 734 1555 797 l
1564 729 1774 783 micare

372 821 514 875 Vidit
561 822 621 874 in
675 824 872 874 exortu
935 819 1038 873 sub
1087 820 1211 873 luce
1260 822 1462 890 quarta
1509 818 1773 888 dierum.)

438 913 499 965 In
558 909 921 973 Alexandria,
979 910 1290 977 Serapionis
1342 909 1610 973 monachi,
1665 908 1774 961 Lu-

512 1015 601 1061 ca,
634 1000 935 1052 Amatoris.

271 1092 335 1142 22
376 1086 699 1142 Undecima
750 1086 982 1139 antistes
1024 1085 1222 1139 tribuit
1253 1083 1347 1154 pia
1382 1083 1601 1137 lumina
1631 1086 1774 1138 Pau-

1664 1172 1778 1244 [lus

368 1265 487 1327 Quo
514 1263 647 1333 jure
677 1263 891 1316 exultat
920 1262 1151 1333 proprio
1184 1262 1445 1315 Narbona
1478 1259 1772 1331 magistro.

366 1354 516 1420 (Haec
564 1352 814 1421 primum
870 1361 895 1385 ⁸
951 1352 1200 1406 celebrat
1250 1350 1503 1421 perfecto
1558 1348 1779 1401 lumine

1493 1435 1777 1509 [Pascba.)

438 1532 497 1583 In
546 1532 748 1595 Africa
778 1528 1071 1581 Saturnini
1120 1532 1169 1579 et
1215 1528 1447 1580 aliorum
1499 1541 1702 1579 novem.

270 1621 331 1672 23
374 1619 528 1671 Felix
598 1618 733 1671 hinc
788 1617 1092 1679 decimam,
1150 1621 1205 1669 et
1256 1614 1585 1668 'l‘lieodorus
1646 1629 1774 1666 cum

1504 1700 1772 1773 [Juliano.

368 1797 605 1861 Ornant,
659 1794 865 1848 eximia
914 1792 1189 1845 virtutum
1236 1790 1401 1843 laude
1460 1789 1699 1843 ferendi.

434 1887 500 1939 In
551 1886 859 1945 Prouincia,
924 1882 1096 1945 l'auli,
1154 1880 1389 1933 Iuliani.
1462 1880 1525 1932 In
1582 1879 1776 1931 Antio-

509 1975 656 2037 chia,
692 1971 954 2025 Theodori
974 1970 1298 2038 presbyteri.

269 2062 332 2114 2i
373 2061 651 2114 Romulus
691 2066 747 2113 ct
777 2073 1010 2121 nonam,
1054 2056 1384 2126 pariterque
1421 2054 1780 2109 Secundnlus

1534 2142 1775 2213 [implet.

440 2240 539 2292 Hic
600 2239 969 2289 concurrentes
1010 2235 1383 2287 inveniuntur.
1442 2233 1514 2285 In
1556 2232 1776 2295 Africa,

509 2325 765 2393 Agapiti,
818 2324 1041 2389 Rogati.
1084 2324 1149 2376 In
1187 2323 1545 2387 Mauritania,
1588 2320 1779 2373 Felicis

507 2419 560 2466 et
593 2414 899 2467 Saturnini.

369 2503 623 2571 Angelus
670 2506 867 2554 octava
912 2504 1218 2551 venturum
1262 2497 1481 2550 nuntiat
1530 2500 1778 2566 Agnum.

274 2595 334 2645 25
372 2596 567 2663 Agnus
611 2595 667 2643 et
710 2589 830 2659 ipse
864 2589 1016 2642 cruci
1050 2587 1250 2641 mundi
1282 2604 1384 2657 pro
1416 2592 1598 2639 morte
1629 2586 1783 2639 leva-

1643 2673 1781 2745 [tur.

440 2768 848 2833 Hierosolymis,
898 2767 1151 2819 Dominus
1199 2770 1377 2817 noster
1421 2765 1572 2816 Jesus
1621 2764 1784 2817 Chri-

514 2863 633 2911 stus
679 2858 969 2923 cruciﬁaus
1003 2859 1098 2906 est.
1146 2856 1213 2907 Et
1254 2854 1437 2921 passio
1484 2853 1661 2905 sancti
1687 2852 1783 2903 Ja-

510 2947 630 3001 cobi
689 2944 937 3013 apostoli.
1026 2946 1097 2996 Et
1156 2944 1517 2995 Annuntiatio
1587 2943 1785 2993 sancta

516 3036 728 3089 Maria.

376 3123 495 3193 (Hic
542 3124 694 3176 Deus
742 3120 1107 3190 omnipotens
1154 3120 1178 3159 b
1226 3118 1402 3171 Adam
1439 3117 1507 3169 de
1556 3116 1788 3185 pulvere

1498 3204 1786 3276 [psalmat,

384 3300 630 3355 Nomina
668 3303 724 3353 et
770 3303 903 3367 apta
940 3296 1103 3367 ponit
1133 3295 1351 3349 cunctis
1400 3292 1791 3347 animantibus

1544 3378 1791 3453 μάθω.)

446 3479 525 3533 Et
552 3478 865 3531 immolatus
894 3481 972 3529 est
1001 3477 1184 3527 Isaac.

279 3570 341 3622 26
376 3567 635 3639 Septima
665 3566 991 3620 Montanum
1042 3565 1323 3616 memorat
1370 3576 1499 3614 cum
1544 3560 1792 3630 conjuge

1548 3646 1789 3718 [sancta.

377 3747 563 3814 Atque
598 3740 769 3794 simul
804 3739 1175 3809 quadrageno
1208 3752 1335 3790 cum
1383 3740 1629 3804 martyre
1655 3749 1791 3803 pas-

1614 3820 1786 3892 [δυσὶ.

448 3922 511 3974 In
538 3918 854 3981 Antiochia,
888 3915 1169 3980 Timothei,
1222 3914 1478 3979 Diogenis
1518 3916 1568 3964 et
1614 3911 1793 3964 Μασινὶ-

519 4008 619 4070 mi,
676 4004 936 4059 Theodori
986 4002 1240 4071 episcopi.
1297 4002 1361 4054 In
1414 4001 1632 4067 Africa,
1690 4000 1791 4052 Vi-

522 4092 711 4151 ctoris,
766 4089 1073 4143 Saturnini.
1142 4086 1214 4137 In
1267 4084 1484 4139 Sebaste
1552 4083 1793 4149 civitate,

522 4180 710 4233 natale
753 4179 931 4231 sancti
980 4176 1134 4228 Petri
1182 4175 1420 4243 episcopi
1482 4177 1531 4225 et
1576 4171 1769 4237 con/es-

528 4270 688 4324 soris.

291 4361 351 4411 '27
387 4358 535 4429 Agni
584 4355 872 4426 surgentis
914 4352 1236 4423 resplendet
1283 4354 1439 4403 sexta
1477 4346 1793 4418 triumpho.
1840 4357 1881 4411 D

462 4447 808 4500 Resurrectio
878 4444 1094 4498 Domini
1168 4441 1340 4494 nostri
1385 4441 1508 4493 Jesu
1574 4438 1795 4493 Christi.

532 4537 602 4588 Et
639 4536 698 4587 in
740 4533 957 4597 Africa,
1008 4530 1252 4590 Maurili,
1295 4527 1576 4590 Successa,
1619 4525 1798 4577 Matu-

532 4626 681 4686 tina,
753 4622 969 4675 Donati.
1022 4619 1102 4673 Et
1163 4620 1220 4670 in
1284 4617 1554 4680 Casarea,
1620 4612 1804 4665 natale

538 4706 745 4764 Maria.

298 4800 361 4852 28
398 4799 610 4863 Quinta
656 4797 901 4861 Priscus,
951 4792 1289 4857 Alexander,
1339 4790 1662 4860 Malcusque
1711 4802 1803 4841 co-

1484 4877 1710 4950 [luntnr
1737 4885 1757 4910 ο
1790 4892 1802 4928 :

214 5035 233 5058 ³
254 5029 361 5082 Hac

163 5166 355 5222 additur
379 5170 542 5224 Senes
575 5170 855 5223 EPACTARU
872 5182 933 5222 ιι.

168 5304 174 5311 ι
216 5240 237 5278 b
262 5241 349 5293 Hic
371 5244 507 5295 Deus
546 5240 765 5311 omnip.
804 5240 965 5311 Duos
996 5236 1163 5311 hosce
1196 5249 1410 5298 versus,
1432 5232 1553 5311 qui
1579 5231 1815 5311 deerant

166 5304 210 5359 in
245 5310 403 5377 priori
447 5302 719 5377 editione,
753 5309 814 5363 in
843 5307 1036 5362 codice
1087 5309 1224 5376 Reg.
1260 5303 1474 5374 reperit
1521 5302 1809 5365 Baluzius;

167 5377 279 5431 alter
303 5381 375 5434 sic
400 5382 695 5451 legebatur
726 5397 739 5433 :

266 5467 471 5517 Nomina
500 5470 651 5532 ponit
674 5471 821 5530 pater
846 5466 1050 5516 cunctis
1081 5464 1378 5513 amantibus
1407 5462 1600 5519 Adam;

174 5558 254 5596 nec
282 5548 348 5599 ita
377 5549 821 5613 emendavimus,
858 5554 919 5601 ut
944 5546 1119 5600 vides.

228 5628 246 5655 ε
271 5619 561 5688 Malcusque
600 5612 865 5673 coluntur.
902 5619 964 5672 In
1006 5617 1192 5683 editis,
1234 5617 1509 5682 locantur;
1544 5612 1599 5666 in
1659 5615 1817 5664 utro-

395 5031 652 5098 primum.
706 5027 943 5078 Versum
990 5024 1186 5098 bnnc,_
1213 5020 1311 5092 qui
1348 5020 1405 5073 in
1429 5018 1681 5098 fulgetis
1712 5018 1806 5098 de-

161 5101 275 5161 erat,
303 5089 875 5153 sub‘ministraverunt
906 5095 1127 5149 codices
1156 5089 1291 5161 Reg.
1340 5098 1396 5144 et
1428 5092 1582 5161 Big.;
1616 5090 1676 5142 in
1710 5089 1808 5142 illo

3157 554 3354 625 [timus
3386 562 3572 609 ornat.

2236 645 2304 698 In
2346 643 2606 707 Casarea,
2670 643 2883 709 Rogati,
2954 644 3219 708 Dorothei,
3290 642 3573 710 Audacta,

2310 731 2637 786 Alexandri.
2684 732 2754 784 In
2807 731 3007 786 Tharso
3050 731 3270 793 Cilicia,
3311 732 3571 787 Castoris.

2307 824 2376 876 Et
2402 821 2663 889 depositio
2695 820 2838 873 beati
2869 819 3068 873 ldiloni
3087 820 3353 873 monachi.

2059 914 2126 965 29
2170 909 2494 964 Eustathius
2546 913 2751 979 quarta
2799 908 3022 961 virtutis
3086 907 3251 960 laude
3296 907 3572 970 coruscat,

2168 998 2326 1052 Abba
2374 997 2728 1051 Columbano
2778 997 2954 1049 nituit
2992 995 3091 1065 qui
3126 994 3236 1049 rite
3269 994 3566 1064 magistro.

2240 1089 2311 1141 In
2366 1086 2697 1144 Nicomedia.
2745 1086 3063 1149 Pastoralis,
3121 1086 3413 1146 Victurini,
3470 1084 3577 1137 Sa-

2312 1178 2543 1239 turnini,
2588 1176 2852 1241 Juliana,
2893 1180 2942 1227 et
2989 1175 3220 1227 aliorum
3283 1174 3465 1225 trium.
3520 1174 3577 1224 tn

2314 1265 2628 1329 Antiochia,
2668 1264 2931 1317 Theodori
2954 1263 3277 1334 presbyteri.

2066 1359 2132 1410 3O
2170 1355 2356 1409 Tertia
2402 1353 2647 1407 Domino
2695 1354 2720 1394 d
2768 1351 2977 1406 comite
3025 1357 3081 1405 et
3145 1351 3373 1403 Victore
3406 1348 3578 1402 reful-

3438 1437 3571 1510 [get.

2239 1534 2301 1586 1n
2354 1532 2728 1585 Thessalonica
2777 1532 3014 1593 civitate,
3050 1529 3267 1593 Domni,
3310 1528 3579 1591 Palatini,

2308 1626 2358 1674 et
2413 1622 2567 1685 alibi,
2641 1622 2889 1684 Victoris,
2949 1619 3271 1682 Marcellini,
3344 1617 3583 1670 Eulalia

2308 1711 2563 1777 virginis.
2617 1709 2953 1774 Aurelianis,
3006 1706 3271 1775 depositio
3310 1706 3575 1758 Pastoris.

2062 1804 2122 1854 3t
2174 1798 2450 1853 Diodulus
2479 1796 2666 1868 pridie
2718 1797 2925 1850 emicat
2974 1799 3305 1863 Anesusque
3336 1791 3506 1847 beati.

2170 1888 2260 1943 Sic
2284 1887 2475 1941 Martis
2497 1886 2729 1940 volvens
2751 1884 3093 1939 determinat
3106 1883 3291 1937 orbita
3304 1896 3579 1935 mensem.

2242 1978 2309 2032 In
2377 1977 2593 2042 Africa,
2659 1975 2842 2028 natale
2900 1979 3209 2028 sanctorum
3262 1971 3475 2027 Corneli
3532 1972 3582 2022 et

2324 2066 2621 2119 Valeriani.

2594 2204 2887 2259 APRILIS.

2175 2333 2470 2401 Purpureo
2507 2346 2677 2400 quem
2728 2329 2868 2383 ﬂore
2913 2326 3021 2380 sibi
3070 2341 3167 2379 ver
3209 2322 3387 2377 sancit
3418 2322 3582 2392 Apri-

3450 2409 3584 2483 [lem

2179 2509 2442 2563 Dicemus
2488 2506 2696 2577 quibus
2743 2504 2967 2558 attollat
3008 2519 3109 2556 sua
3153 2500 3365 2571 gaudia
3407 2498 3582 2553 festis.

1929 2603 2052 2655 Dies
2096 2602 2115 2653 l
2171 2598 2439 2667 Virgineo
2470 2596 2724 2665 insignes
2774 2598 2964 2663 Agape
3012 2596 3067 2645 et
3096 2590 3337 2645 Chionia
3374 2597 3394 2623 °
3435 2591 3585 2641 serto

2176 2687 2388 2756 Aprilis
2420 2685 2568 2737 socio
2602 2688 2824 2737 sacrant
2861 2682 2965 2735 sibi
3011 2681 3141 2751 jure
3171 2678 3478 2733 Kalendas.

2248 2778 2313 2831 In
2344 2777 2607 2829 Armenia
2650 2774 2868 2835 Minori,
2926 2770 3106 2823 natale
3135 2770 3232 2824 SS.
3281 2767 3585 2833 Quintiani,

2326 2865 2557 2919 Victoris
2588 2867 2637 2915 et
2665 2859 2919 2914 Secundi.

2106 2958 2138 3007 2
2179 2952 2438 3023 Lugduni
2470 2949 2688 3020 quartis
2738 2947 2911 3002 Nonis
2961 2961 3117 2998 sacer
3166 2944 3308 2998 urbe
3336 2943 3584 2997 Nicetus.

2252 3044 2320 3095 In
2386 3042 2583 3106 Africa
2637 3037 2819 3091 natale
2874 3039 3183 3088 sanctorum
3240 3032 3497 3096 Quiriani
3540 3035 3590 3083 et

2326 3131 2560 3195 Regina.
2601 3124 2859 3196 Lugduni
2913 3123 3054 3177 Gall.
3107 3122 3285 3177 Niceti
3331 3119 3587 3187 episcopi.

2109 3222 2143 3272 3
2184 3220 2453 3286 Evagrius
2497 3214 2677 3269 ternis
2722 3212 3000 3283 splendet,
3050 3212 3381 3279 martyrque
3426 3204 3587 3259 Beni-

3400 3293 3586 3366 [gnus,

2180 3399 2363 3465 Atque
2394 3391 2518 3463 pari
2549 3388 2775 3460 ffulget
2819 3385 3138 3443 Theodosia
3177 3383 3334 3453 virgo
3378 3383 3585 3435 nitore.

2253 3486 2315 3537 In
2344 3482 2555 3543 Sicilia,
2606 3480 2789 3532 natale
2835 3478 3013 3531 sancti
3058 3474 3331 3529 Pancrati.
3377 3472 3438 3525 In
3479 3470 3588 3525 Ca-

2322 3586 2479 3625 sarea
2547 3569 2853 3622 Palastina
2926 3566 3108 3619 natale
3172 3566 3369 3616 sancta
3428 3561 3588 3614 Theo-

2323 3659 2488 3712 dosia
2528 3658 2791 3723 virginis,
2833 3660 2883 3708 et
2929 3655 3115 3722 passio
3166 3650 3343 3705 sancti
3387 3648 3594 3713 Evagri

2324 3751 2374 3799 et
2402 3747 2669 3812 Benigna.

2112 3838 2145 3891 4
2182 3834 2517 3889 Ambrosius
2548 3831 2737 3903 pridie
2785 3830 3099 3883 athereum
3150 3823 3472 3896 penetravit
3499 3823 3591 3875 ho-

3350 3910 3589 3981 [norem.

2255 4013 2526 4066 Extrema
2574 4009 2809 4063 incensio
2858 4007 2997 4059 luna
3041 4002 3344 4057 Paschalis.
3388 4000 3450 4053 In
3480 4000 3594 4052 Me-

2328 4100 2566 4158 diolano.
2611 4098 2873 4165 depositio
2920 4094 3100 4148 sancti
3136 4090 3434 4151 Ambrosii,
3481 4088 3593 4153 epi-

2327 4190 2490 4256 scopi.
2535 4189 2597 4241 In
2645 4187 2865 4251 Africa,
2915 4183 3097 4236 natale
3141 4182 3449 4234 sanctorum
3493 4177 3597 4231 Ur-

2333 4279 2481 4339 bani,
2520 4276 2809 4331 Saturnini
2828 4276 2877 4326 et
2912 4271 3178 4326 Successi.

2125 4372 2154 4420 ὅ
2196 4365 2371 4420 Nonis
2400 4364 2561 4433 virgo
2603 4364 2701 4431 pia
2752 4362 2821 4415 de
2866 4371 3048 4414 morte
3078 4358 3326 4427 refulget
3356 4357 3596 4409 Herene.

2266 4456 2323 4506 In
2364 4452 2696 4513 Nioomedia,
2745 4450 2928 4503 natale
2964 4449 3139 4501 sancti
3178 4444 3490 4502 Claudiani.
3540 4445 3602 4497 ln

2336 4540 2609 4609 Egypto,
2655 4538 2837 4591 natale
2884 4540 3192 4590 sanctorum
3224 4533 3439 4598 Maria,
3495 4533 3602 4587 Ni-

2337 4627 2571 4679 canoris.

2126 4720 2157 4769 6
2198 4714 2386 4769 Idibus
2445 4710 2657 4765 octavis
2704 4709 2891 4763 Sixtus
2945 4713 3275 4777 martyrque
3333 4718 3605 4773 sacerque

2201 4800 2525 4865 Praeminet,
2604 4798 2851 4852 Adriano
2911 4799 3156 4849 mortem
3231 4793 3334 4847 sub
3388 4794 3606 4847 Cresare

3369 4880 3603 4951 [passns.

1922 5041 2034 5097 que
2064 5022 2279 5097 codice,
2313 5022 2454 5097 Reg.
2489 5022 2545 5071 et
2575 5012 2836 5097 B_ig.,‘sic
2866 5010 3280 5097 utedidimns”:
3305 5007 3373 5089 in
3407 5005 3608 5059 iisdem

1920 5080 2210 5151 Eustasius
2242 5080 2516 5161 scriptum
2548 5080 3029 5161 estfubilegitur
3059 5080 3396 5161 Eustathius.

1990 5164 2017 5199 ά
2050 5166 2234 5219 Tertia
2265 5152 2545 5217 Domnino.
2584 5160 2643 5212 In
2674 5152 3066 5224 codice’Begq
3101 5152 3396 5224 Dominico.

1992 5246 2014 5271 °
2046 5216 2446 5289 EtVVSChSionia.
2516 5231 2604 5285 Sic
2652 5229 2710 5282 in
2768 5226 2959 5280 codice
2988 5216 3248 5292 'Regio;
3310 5220 3368 5272 in
3422 5216 3608 5277 editis.

1923 5308 2205 5363 Schionia.

1994 5359 2231 5444 fVAtque
2280 5375 2406 5443 pari
2451 5373 2644 5444 fulget.
2702 5372 3151 5444 [lunc_versum,
3183 5360 3301 5444 [qui
3350 5359 3508 5444 deest
3558 5359 3613 5410 in

1926 5429 2120 5501 codice
2139 5429 2311 5516 'Bigf,
2366 5444 2423 5497 in
2451 5429 2647 5516 ’Βεέέἱο
2701 5437 2981 5516 B_aluz_ius
3008 5429 3237 5516 reperit
3265 5429 3614 5499 descriptum

1927 5518 2017 5573 die
2044 5522 2077 5571 2
2110 5508 2341 5589 Aprilis,
2375 5520 2501 5585 post
2532 5508 2693 5566 illum
2728 5508 3003 5575 Lugduni,
3036 5511 3142 5559 etc.
