4022 6178
403 302 505 355 595
1485 302 2001 358 WANDALBERTI
2038 298 2464 360 PRUMIENSIS
2502 298 2808 356 MONACHI
3762 309 3844 361 596

754 434 819 487 In
894 431 1231 499 Macedonia,
1326 433 1611 498 Timothei,
1686 437 1951 502 DiOyenis.
2034 437 2098 491 In
2135 439 2177 491 Α
2207 435 2333 488 Dies
2378 435 2439 486 t7
2491 430 2837 502 Mappalicus
2885 429 3088 502 quinta
3125 430 3348 485 decima
3395 432 3846 505 Hermogenesque

828 522 1048 588 Africa,
1077 524 1275 576 Donati
1301 528 1352 576 et
1384 524 1696 591 Epiphani.

3561 518 3847 593 [Pctrusque

441 613 565 666 Dies
602 615 632 664 7
687 610 969 681 Diogenes
1001 611 1255 680 septenis
1292 612 1640 682 Eleususque
1672 612 1953 666 feruntur.
2491 610 2803 672 Collucent,
2885 608 3114 673 merito,
3192 608 3422 675 virtute,
3487 615 3542 662 et
3610 614 3848 681 sanguine

757 702 823 755 In
865 701 1162 754 Antiochia
1200 702 1400 769 Syria},
1430 704 1612 755 natale
1640 708 1949 756 sanctorum
1977 704 2091 757 Ma-
3700 697 3847 772 [clari

830 791 1049 855 chariae,
1096 791 1371 843 Mawimze.
1419 791 1485 843 In
1518 791 1887 857 Alexandria,
1918 793 2101 846 natale
2560 807 2622 860 ιη
2666 804 2958 859 Antiochia
3002 805 3184 857 ηαιαιε
3229 808 3535 858 sanctorum
3575 806 3709 859 Ρεινε
3745 806 3852 860 ἀίει-

828 878 1005 929 sancti
1030 876 1217 929 Pelusi
1241 875 1564 944 presbyteri.

2633 896 2773 959 coni,
2804 898 2855 946 et
2892 894 3234 959 Hermogeni.

615 963 651 1018 8
688 964 964 1054 Maximus
1005 968 1059 1017 et
1086 964 1422 1054 seuasildus
1452 969 1608 1017 tenet
1650 968 1820 1035 atque
1848 965 2097 1019 Solutor.
2390 986 2452 1038 ιε
2496 982 2582 1036 Bis
2639 988 2877 1052 septena
2944 980 3328 1049 Eleutherius’
3397 985 3608 1051 martyr
3659 999 3855 1054 quoque

759 1053 822 1106 1n
859 1053 1077 1117 Africa,
1130 1053 1312 1105 natale
1358 1057 1670 1108 sanctorum
1722 1055 1943 1119 Timeri,
1996 1054 2100 1110 Co-
3679 1053 3852 1142 [sancta

831 1142 981 1194 nexi.
1049 1142 1118 1194 Et
1164 1141 1319 1206 alibi,
1387 1142 1659 1208 Concessi,
1737 1144 1991 1196 Ammoni
2053 1148 2103 1197 et

2491 1158 2702 1212 Anthia
2751 1158 3112 1229 praecellunt,
3164 1156 3340 1210 vitam
3374 1157 3662 1211 moriendo
3683 1141 3854 1213 secuti.

831 1230 1091 1284 Successi.

2392 1253 2452 1305 19
2491 1249 2648 1315 Gaio,
2695 1247 3041 1313 Aristonico,
3076 1246 3246 1313 Rufo,
3298 1246 3669 1312 Hermogene,
3715 1252 3856 1318 atque

624 1321 655 1372 9
698 1318 981 1389 Lampade
1030 1323 1266 1388 septena
1312 1317 1504 1388 quinis
1545 1319 1717 1372 micat
1767 1319 1959 1373 Idibus
1988 1320 2101 1375 alto
3679 1317 3859 1405 [Galate

696 1406 995 1476 Virgineus
1038 1406 1266 1460 radians
1304 1406 1474 1460 δίωυῙ
1518 1407 1729 1461 male?"
1757 1408 1975 1569 Ποῗίίαθ
2005 1408 2101 1462 ἀθ·
2492 1426 2683 1481 Tertia
2739 1441 2868 1479 cum
2928 1423 3152 1479 decima
3207 1423 3479 1495 Expedite
3536 1428 3592 1478 et
3646 1430 3859 1495 martyre

1867 1512 2098 1567 corque.
3676 1512 3857 1569 Ifultzet.

1867 1512 2098 1567 corque.
3676 1512 3857 1584 [fulget

766 1584 827 1638 ιη
868 1584 1096 1686 Sirmi}
1149 1586 1388 1685 quinque
1423 1586 1696 1686 “’9‘?”
1736 1600 1968 1653 quarum
1995 1601 2103 1641 ⁷²⁰“’
2564 1621 2638 1675 In
2697 1618 2945 1675 Laubace
3006 1620 3330 1673 monasterio
3399 1618 3660 1686 depositio
3717 1622 3864 1673 sancti

2140 1738 2177 1790 Β
2641 1710 2906 1769 Ursmari,
2937 1710 3175 1777 episcopi
3202 1713 3253 1761 et
3295 1707 3636 1770 confessoris.

2389 1800 2458 1852 20
2499 1798 2876 1863 Marcellinus,
2937 1797 3275 1863 Domninus,
3354 1796 3677 1850 Vincentius
3732 1812 3863 1867 atque

2495 1885 2735 1941 Nomine
2784 1885 3072 1939 bissenam
3121 1884 3366 1950 radiant,
3423 1884 3698 1955 festoque,
3751 1884 3863 1939 tide-

833 1675 986 1726 mina
1022 1674 1168 1727 Deus
1194 1674 1363 1727 novit.
1391 1676 1459 1727 Et
1489 1673 1644 1739 alibi,
1670 1676 1920 1727 Demetri.

596 1763 655 1815 lO
697 1761 950 1815 Ezechiel
997 1766 1151 1815 vates
1199 1767 1390 1815 sancto
1441 1761 1589 1815 dicat
1639 1778 1736 1815 ore
1769 1766 2094 1832 quaternas.

762 1852 826 1904 In
888 1851 1260 1917 Alexandria,
1315 1852 1531 1915 Donati,
1590 1851 1849 1916 Concessi,
1914 1851 2102 1906 Satur-

839 1955 979 1992 ηιηι.

596 2030 648 2081 Η
694 2026 1060 2133 f°."mlce.et
1104 2042 1328 2079 summa
1361 2026 1885 2133 terna’n,iri“,‘iia"te.
1915 2028 2100 2133 Leon}?
2494 2064 2773 2133 Festaque
2833 2061 3056 2133 Synesii
3130 2072 3151 2097 ο
3211 2061 3575 2116 celebrantur
3640 1972 3865 2133 malgyuri;

694 2115 1030 2185 Splendeut,
1090 2130 1207 2180 ore,
1262 2130 1461 2180 manu,
1521 2115 1728 2169 Christi
1790 2116 2103 2223 quirpavit
2497 2115 2767 2133 “w‘m
2846 2115 2918 2133 "'7
3649 2115 3686 2116 ἡ
3738 2115 3863 2223 [avum

1912 2203 2099 2278 [ovile.

767 2292 958 2347 Natale
1006 2294 1183 2345 sancti
1228 2293 1419 2346 Leonis
1464 2308 1639 2361 papae.
1696 2294 1759 2347 In
1822 2294 2101 2347 Maurita-

836 2382 930 2434 nia
996 2382 1178 2434 natale
1238 2382 1487 2447 Mamimi,
1554 2383 1756 2435 Hilari.
1816 2383 1887 2434 In
1945 2384 2100 2437 Nico-

840 2467 1035 2533 media,
1084 2470 1274 2522 natale
1303 2470 1569 2537 Eustorgi
1592 2470 1916 2537 presbyteri.

596 2560 659 2609 l2
697 2555 878 2609 Julius
908 2556 1140 2610 antistes
1170 2556 1353 2626 pridie
1388 2558 1646 2612 Romana
1677 2558 1872 2611 revisit

701 2644 923 2710 Mtenia,
976 2645 1255 2698 catholico
1305 2647 1489 2699 clarus
1534 2663 1638 2717 pro
1684 2647 1950 2718 dogmate
2002 2664 2105 2717 pa-

2498 2239 2790 2294 Pontiticis
2821 2240 3066 2305 tumulo,
3100 2237 3381 2306 doctrina,
3426 2244 3489 2293 et
3517 2243 3694 2293 morte
3722 2238 3861 2293 beati.

2565 2349 2761 2413 Romae,
2819 2349 3053 2402 Victoris
3109 2348 3363 2415 episcOpi.
3426 2345 3503 2399 In
3559 2346 3865 2400 Antisiodoro

2637 2437 2873 2501 civitate,
2932 2435 3197 2504 depositio
3252 2437 3431 2489 sancti
3491 2436 3728 2501 Martini,
3775 2436 3865 2504 epi-

2637 2527 2786 2593 scopi
2812 2528 2861 2578 et
2888 2526 3228 2590 confessoris.

2352 2615 2439 2665 21.
2496 2612 2806 2666 Undecima
2877 2613 3048 2667 Gaius
3113 2613 3326 2683 pariter
3396 2612 3737 2683 Simeouque
3789 2626 3867 2663 co-

1965 2698 2100 2789 εξοὲ.
3668 2698 3866 2773 [luntur.

1965 2739 2100 2789 stor.

767 2822 838 2875 In
905 2822 1125 2887 Africa,
1194 2822 1377 2874 natale
1440 2828 1751 2877 sanctorum
1818 2734 2103 2893 Cypil'iani,

3668 2734 3866 2773 ιιυμιυ..

2566 2805 2633 2860 In
2669 2807 2962 2861 Terracina
3002 2807 3343 2875 Campania,
3380 2807 3573 2875 passio
3602 2805 3765 2859 sancti
3788 2804 3869 2859 Ce-

835 2912 1052 2964 Donati.
1106 2909 1177 2964 In
1235 2912 1479 2978 Pavingo
1549 2914 1787 2979 civitate,
1848 2913 2106 2968 Constan-

2638 2898 2779 2949 sarii
2810 2896 3049 2948 diaconi.
3087 2894 3165 2948 Et
3194 2894 3350 2961 alibi,
3390 2893 3654 2963 depositio
3682 2895 3869 2961 Aprun-

837 3002 943 3053 tini
969 3000 1219 3069 episcopi.

2171 3035 2182 3051 ,
2637 2985 2747 3038 culi
2770 2986 3028 3053 episcopi.

2171 3068 2185 3087 ι
2393 3073 2459 3088 ορ.
2500 3071 2603 3088 ηημ
2656 3071 2664 3081 -
2848 3072 2863 3088 ι
2928 3081 2964 3088 ,ν
3018 3071 3027 3081 .

598 3088 661 3144 t3
702 3086 897 3141 Idibus
961 3087 1312 3158 Ermingilde
1361 3092 1600 3158 patrem,
1650 3104 1747 3141 rex
1796 3089 1968 3156 alme,
2016 3088 2103 3143 fu-
2145 3070 2185 3088 υ
2393 3073 2461 3124 22
2500 3071 2670 3125 Terni
2715 3071 3031 3143 presbyteri
3073 3070 3375 3137 decimam,
3418 3076 3696 3141 ternaque
3735 3084 3870 3158 coro-

1857 3154 2108 3251 [rentem
2505 3250 2535 3255 _
2579 3246 2594 3255 _
2770 3250 2803 3255 _
3020 3248 3029 3255 _
3270 3248 3280 3255 _
3360 3246 3436 3255 -η
3714 3154 3873 3255 ninam

704 3265 1005 3331 Perseutis,
1037 3281 1239 3320 verum
1287 3265 1537 3320 referens
1570 3265 1639 3320 de
1685 3271 1866 3320 morte
1901 3266 2107 3320 trium-
2503 3246 2717 3316 Palma:
2770 3248 3218 3319 Partheniusque
3256 3248 3302 3314 ds
3352 3246 3664 3312 Ειίωθηθει
3709 3244 3871 3313 δι’]δο·

1884 3355 2103 3424 [phum.
3608 3334 3869 3424 [telusque

772 3444 837 3497 In
887 3441 1272 3506 Chalcedonia,
1324 3446 1522 3496 sancte
1576 3423 2109 3514 Euphemiaeiuirgi-

2500 3426 2613 3479 Hac
2659 3440 2890 3496 quoque
2940 3424 3134 3478 divino
3166 3428 3480 3496 patuerunt
3513 3423 3730 3494 prodita
3755 3427 3875 3475 nutu

843 3532 948 3582 nis.
990 3530 1263 3596 Pergamo
1294 3530 1462 3599 Asiae,
1520 3508 1809 3599 Ροιῃςξανρί
1852 3508 2105 3600 ερίεεᾷρί,
2500 3514 2782 3584 Corpora,
2851 3513 3123 3584 martyrio
3210 3512 3519 3567 Ecclesiam
3615 3508 3875 3600 lustrantia

602 3620 664 3671 t4
703 3616 910 3671 Octava
963 3620 1018 3669 et
1066 3595 1286 3670 decima
1338 3595 1507 3671 Maias
1548 3595 2111 3689 supera—nte—Kalen-
3714 3595 3875 3673 [ἲτίυον

1992 3703 2112 3779 [das
2504 3691 2777 3762 Dionysii,
2814 3690 3047 3757 Rustici,
3080 3689 3510 3760 Eleutheriique
3543 3688 3712 3744 beati.

706 3791 1037 3846 Valerianus
1093 3795 1244 3859 ovat,
1305 3793 1591 3864 fraterque
1657 3792 1955 3847 Tiburcius
2020 3803 2044 3828 ⁸
2096 3811 2107 3848 :
2326 3830 2327 3833 η
2577 3801 2647 3853 In
2677 3800 2898 3865 Africa,
2946 3801 3168 3851 civitate
3198 3798 3484 3865 Gerapoli,
3531 3797 3711 3850 natale
3732 3791 3879 3847 sancti

1018 3886 1029 3897 ’
1939 3881 2115 3955 [ipsos
2646 3888 2895 3955 Philippi
2947 3887 3197 3955 apostoli.
3276 3887 3347 3939 In
3404 3886 3646 3941 Senonas
3695 3884 3881 3937 civitate

705 3971 976 4025 Maximus
1024 3971 1204 4025 eﬂ‘uso
1255 3971 1566 4025 comitatur
1606 3971 1886 4042 sanguine
1927 3973 2110 4026 miles.
2647 3974 2910 4042 depositio
2950 3974 3093 4027 beati
3127 3974 3310 4040 Leoni,
3358 3974 3601 4041 episcopi
3640 3976 3687 4025 et
3714 3969 3882 4034 con/es-

603 4063 665 4114 15
707 4061 965 4129 Septima
1037 4059 1436 4129 Olympiadem
1502 4060 1737 4113 decimae
1812 4061 2116 4129 conjuncta
2648 4065 2818 4128 saris;
2847 4067 2896 4117 et
2924 4064 3174 4127 Anania,
3206 4063 3435 4123 Azaria,
3471 4067 3523 4115 et
3554 4059 3763 4114 Misael.

1868 4147 2113 4219 [beatam
2398 4153 2468 4205 23
2510 4151 2870 4222 Felicemque
2901 4167 3125 4204 sacrum
3154 4150 3386 4221 gemino
3416 4150 3768 4220 dignumque
3794 4141 3881 4197 mi-

708 4237 1001 4301 Monstrat,
1043 4250 1287 4306 eamque
1335 4236 1505 4288 simul
1553 4235 1810 4289 defendit
1841 4236 2116 4291 Maximus
3695 4235 3877 4307 [nistro.

1929 4326 2108 4392 [alter.
2152 4328 2194 4381 D
2508 4328 2671 4381 Noua
2739 4328 2916 4395 decet,
2980 4328 3489 4396 Fortunatumque,
3554 4329 3611 4378 et
3662 4321 3881 4378 Achillea

778 4413 843 4467 In
895 4414 1279 4481 Mesopotamia
1325 4413 1606 4475 Archelai,
1653 4415 1936 4483 Cypriani,
1982 4416 2110 4467 Dio-
3642 4413 3877 4486 [junctos.

847 4504 998 4569 genis
1068 4502 1305 4567 diaconi,
1374 4519 1493 4556 cum
1559 4502 1764 4557 duobus
1816 4504 2109 4568 fratribus.
2504 4506 2619 4559 Hac
2663 4506 2835 4560 etiam
2900 4505 3107 4559 invicto
3154 4504 3433 4558 mundum
3487 4503 3590 4575 qui
3635 4502 3879 4571 sanguine

606 4592 668 4644 16
706 4588 876 4643 Sexta
931 4594 986 4643 et
1038 4590 1185 4643 dena
1246 4591 1480 4644 Cliariso
1534 4594 1578 4658 Ι),
1642 4591 1965 4662 Calistoque
2018 4608 2111 4644 re-
3664 4585 3877 4661 [tenmisi

1884 4678 2110 4751 [fulget.
2506 4681 2734 4735 Inﬁnita
2761 4680 2936 4734 refers
2966 4680 3172 4748 Georgi
3203 4685 3395 4733 sancte
3422 4684 3663 4749 tropaea.

706 4768 859 4832 Quos
890 4782 1047 4820 mare
1078 4771 1309 4838 septena
1360 4783 1576 4820 mersos
1620 4783 1747 4820 cum
1782 4767 1949 4837 plebe
1976 4766 2110 4820 bea-
2576 4772 2637 4825 ιη
2685 4772 2938 4825 Valentia
2983 4771 3221 4834 civitate,
3273 4767 3461 4821 natale
3502 4767 3681 4821 sancti
3720 4763 3879 4818 Felicis

1990 4854 2110 4928 [νίῒ-
2646 4859 2970 4927 presbyteri,
3002 4863 3050 4911 et
3078 4858 3310 4913 Achillei
3336 4856 3575 4909 diaconi.

777 4947 847 4999 In
879 4946 1093 4999 Achaia
1142 4946 1417 5005 Corinthi,
1468 4945 1735 5011 Crytiani.
1779 4945 1840 4997 In
1888 4946 2113 4997 Mauri-
2398 4944 2469 4999 24
2507 4946 2716 5015 Martyr
2775 4946 3097 4999 Alexander
3148 4944 3365 4997 triceno
3424 4947 3675 5012 martyre
3746 4939 3880 4992 laetus

849 5037 1004 5088 tania
1033 5034 1269 5097 Basiliae,
1300 5034 1552 5087 Faustini
1576 5038 1625 5086 et
1655 5035 1896 5087 Luciani.
2152 5064 2153 5067 η
2504 5034 2586 5089 Ac
2614 5039 2800 5099 terno,
2842 5039 3039 5087 octava
3068 5034 3331 5104 Lugduni
3362 5032 3576 5086 moenia
3607 5028 3793 5084 sancit.

491 5220 843 5337 {imaque
863 5213 1180 5297 .Tiburcius.
1225 5211 1311 5267 Sic
1339 5212 1503 5267 codd.
1548 5214 1687 5282 Reg.
1718 5217 1773 5268 et
1802 5212 1921 5284 Big.
1954 5213 2116 5268 Prior
2223 5212 2463 5337 fitBliogq
2495 5228 2739 5283 sequens
2766 5228 2897 5266 vero
2924 5211 2982 5265 in
3012 5212 3216 5266 iisdem
3248 5212 3328 5265 ita
3358 5210 3561 5279 incipit
3596 5224 3610 5265 :
3639 5208 3882 5273 Pontiﬁces

497 5303 618 5337 110.
751 5301 957 5337 urnas.
2248 5300 2327 5336 tu
2391 5322 2404 5335 .

423 5300 618 5340 εσιῐιο.
651 5300 957 5340 libamus.
2224 5300 2404 5337 muto.

457 5288 618 5352 ditio,
651 5288 957 5340 Tiburrius.

489 5360 515 5399 δ
556 5361 703 5411 Dena
741 5356 991 5409 Chariso.
1026 5356 1087 5408 In
1136 5354 1330 5408 codice
1379 5355 1541 5419 Reg.,
1573 5356 1804 5408 Carisi:
1857 5360 1913 5407 et
1942 5354 2111 5421 infra,

2224 5288 2537 5407 tltgtgalma
2591 5356 3031 5421 Parmeniusque.
3085 5355 3246 5407 Hunc
3292 5368 3515 5404 versum
3564 5355 3622 5404 et
3666 5360 3880 5417 sequen'

422 5426 771 5494 Mappilicus.
823 5426 962 5479 Item
1016 5426 1114 5479 ubi
1148 5426 1357 5493 legitur
1405 5432 1616 5492 martyr
1658 5441 1866 5493 quoque
1904 5433 2111 5494 sancta,
2222 5428 2357 5491 tem,
2394 5424 2499 5477 etsi
2532 5424 2736 5494 desunt
2760 5425 2823 5477 in
2845 5425 3003 5478 codd.
3032 5426 3176 5494 Reg.
3216 5429 3273 5477 et
3306 5424 3447 5494 Big.,
3481 5421 3689 5475 servari
3718 5425 3881 5472 tamen

425 5493 620 5548 mouet
647 5496 921 5548 Acherius
949 5512 1007 5549 se
1035 5497 1093 5549 iu
1124 5512 1240 5549 uno
1271 5496 1459 5547 codice
1490 5496 1769 5564 reperisse
1800 5502 1988 5549 mater.
2099 5493 2103 5494 ί
2221 5500 2485 5565 oportere
2519 5493 2700 5548 visum
2731 5499 2835 5549 est.

496 5574 517 5599 °
544 5565 813 5634 Festaque
849 5567 1083 5633 Synesii.
1135 5567 1233 5620 Hic
1262 5581 1464 5619 versus
1511 5566 1670 5619 abest
1701 5582 1731 5619 a
1776 5566 1936 5619 codd.
1972 5567 2112 5638 Reg.
