4044 6174
181 362 270 416 597
1584 356 2182 414 MARTYBOLOGIUM
2201 397 2212 408 .

503 483 568 536 In
614 481 988 541 Alexandria,
1050 481 1232 534 natale
1269 483 1578 534 sanctorum
1629 482 1844 535 Coronea
1883 482 1931 534 A

580 574 834 637 virginis,
877 571 1126 628 Victoris,
1170 571 1360 622 Zoticae
1389 573 1439 621 et
1473 570 1742 629 Faustini,

178 664 290 716 Dies
337 662 400 714 25
439 659 561 712 Mox
609 658 940 727 evangelica
993 657 1210 710 Marcus
1257 662 1420 710 tonat
1485 673 1582 710 ore
1629 658 1846 719 beatus.

441 747 670 817 Optima
696 762 810 816 quo
846 746 997 816 capit
1045 745 1320 798 eximium
1369 745 1632 798 redimita
1663 751 1850 799 morte

1558 834 1844 905 [nitorem.

443 927 740 994 (Extrema
769 940 833 978 ac
875 923 1106 978 Pascha:
1157 922 1450 976 celebrant
1495 939 1594 976 sua
1639 922 1852 992 gaudia

1571 1010 1848 1084 [festum.)

512 1106 576 1158 In
624 1105 820 1158 litania
855 1102 1082 1170 majore.
1128 1104 1198 1155 Et
1257 1104 1313 1154 in
1368 1100 1615 1154 Laubace
1657 1116 1847 1154 mona-

581 1198 764 1261 sterio,
805 1198 983 1248 sancti
1011 1195 1294 1246 Erminoni
1323 1193 1578 1260 episcopi.

334 1287 399 1337 26
451 1285 732 1353 Sextaque
771 1280 1060 1352 pontiﬁcis
1096 1279 1295 1333 recolit
1324 1279 1640 1332 Certamina
1680 1278 1842 1345 Cleti,

441 1372 782 1441 Ricarioque
814 1371 958 1424 nitet
986 1370 1147 1422 victae
1170 1369 1386 1421 cultore
1413 1369 1613 1422 beatae.

506 1462 571 1513 In
603 1462 821 1526 Africa.
852 1462 1138 1520 Honorati,
1174 1458 1354 1519 Pauli,
1386 1458 1594 1509 Felicis.

333 1552 395 1601 27
437 1548 646 1612 Quinta
725 1548 1087 1602 Anastasium
1169 1562 1376 1616 papam
1443 1545 1840 1609 celebramus;

1637 1633 1842 1704 [eidem

432 1726 696 1779 Antimus
727 1725 964 1778 antistes
996 1724 1171 1792 digna
1201 1722 1408 1776 virtute
1439 1723 1704 1776 cohaeret.

501 1815 563 1866 In
638 1818 855 1868 civitate
925 1815 1092 1866 Tarso
1155 1812 1369 1875 Cilicize,
1427 1812 1610 1864 natale
1666 1816 1843 1865 sancti

577 1903 806 1957 Castori.
871 1903 933 1954 In
999 1900 1331 1963 Nicomedia,
1408 1899 1671 1968 Stephani
1735 1903 1846 1969 epi-

572 1996 740 2060 scopi,
773 1997 823 2044 et
855 1992 1064 2045 Antoni
1086 1989 1414 2058 presbyteri.

323 2082 388 2132 ‘28
428 2079 755 2149 Quartaquo
840 2079 1077 2132 Vitalem
1151 2077 1363 2131 Christi
1434 2093 1538 2147 pro
1613 2075 1842 2130 nomine

1606 2163 1843 2237 [caesum

435 2257 881 2316 Commemorat,
915 2253 1092 2308 vitam
1136 2254 1347 2307 meruit
1382 2253 1482 2324 qui
1517 2258 1701 2306 morte
1735 2268 1842 2322 pe-

1553 2341 1838 2414 [rennem.

499 2434 561 2486 In
607 2435 912 2491 Pannonia,
975 2432 1176 2484 Eusebi
1246 2434 1500 2499 episcopi,
1564 2431 1629 2482 In
1688 2431 1841 2483 Bitu-

573 2523 706 2581 rica,
739 2522 916 2572 sancti
948 2521 1147 2578 Eutici,
1183 2521 1236 2570 et
1264 2521 1441 2571 sancti
1476 2519 1695 2571 Vitatis.

323 2612 386 2662 29
424 2609 615 2662 Tertia
648 2608 940 2678 pontiﬁces
971 2623 1087 2672 ara,
1123 2607 1455 2676 meritisque
1487 2607 1698 2660 dicatos

426 2697 739 2766 Agapium,
786 2696 1113 2765 pariterque
1162 2694 1550 2748 Sccundinum
1599 2710 1839 2746 venera-

1705 2781 1834 2854 [ιον.

497 2877 568 2927 Et
615 2878 790 2928 sancti
846 2874 1101 2928 Germani
1162 2877 1415 2942 episcopi.
1478 2873 1541 2925 1n
1590 2874 1838 2926 Nicome-

569 2964 681 3023 dia,
716 2963 1021 3023 Prudentii,
1059 2963 1352 3021 Martialis,
1391 2960 1678 3014 Theodore
1717 2963 1834 3012 vir-

567 3055 733 3120 ginis.

316 3142 382 3194 30
423 3139 677 3210 Martyrii
713 3139 954 3194 Iacobus
997 3137 1246 3192 similem
1299 3143 1355 3190 et
1403 3136 1686 3191 Marianas
1725 3136 1836 3189 ho-

1612 3227 1834 3296 [norem

417 3318 616 3373 Sortiti
647 3317 852 3387 pridie,
883 3317 1056 3370 tinem
1091 3322 1380 3369 metantur
1417 3315 1618 3383 Aprili.

498 3408 692 3467 Roma},
731 3406 994 3474 depositio
1048 3405 1264 3469 Quirini
1311 3408 1565 3472 episcopi,
1605 3404 1835 3458 Clemen-

567 3499 654 3559 tis,
690 3495 920 3548 Luciani
947 3499 995 3546 et
1026 3494 1334 3548 Saturnini.

868 3643 1102 3696 MAIUS.

422 3765 566 3820 Hinc
615 3764 823 3820 Maium
869 3765 1065 3820 aestivo
1112 3761 1390 3836 primum,
1440 3765 1546 3818 sub
1593 3765 1709 3817 sole
1741 3781 1831 3818 ca-

1569 3851 1830 3925 [lentem,

418 3947 557 4010 Quae
589 3944 892 4016 longisque
931 3944 1076 3999 ferat
1116 3959 1427 4014 promenus
1473 3947 1602 3996 vota
1630 3942 1831 3997 diebus

157 4034 265 4088 Dies
351 4038 368 4089 l
417 4034 590 4088 Maias
638 4033 828 4103 prima
875 4037 1058 4086 secret
1111 4032 1321 4088 Christi
1390 4031 1657 4085 Doctrina
1721 4032 1832 4084 Ka-

1593 4119 1829 4192 [lendas,

420 4211 617 4264 Frater
666 4213 722 4262 et
777 4208 865 4262 his
914 4208 1142 4263 Domini
1199 4207 1440 4263 Iacobus
1499 4209 1694 4274 micat,
1739 4215 1830 4262 at-

1327 4299 1462 4366 [que
1491 4297 1787 4366 Philippus
1811 4313 1822 4350 :

422 4384 850 4454 Hieremiasque
897 4384 1066 4438 simul
1108 4389 1299 4438 vatum
1351 4383 1672 4438 celebratur
1702 4385 1826 4454 opi-

1643 4469 1791 4543 [mus
1815 4489 1828 4525 :

425 4563 658 4632 Rexque
736 4560 1136 4631 Sigismundus
1207 4561 1329 4615 fuso
1399 4576 1502 4632 pro
1554 4561 1832 4631 sanguine

1585 4651 1828 4721 [regnat.

423 4741 837 4810 Androcusque
891 4739 984 4794 die
1017 4748 1042 4773 ⁸
1100 4746 1316 4810 martyr
1374 4745 1680 4794 veneratur
1730 4755 1830 4793 eo-

1659 4827 1833 4901 [dem,

425 4917 593 4988 Alpia
643 4931 815 4986 quem
883 4931 1157 4987 magnum
1223 4916 1511 4972 Gallorum
1564 4917 1834 4988 gentibus

1626 5003 1831 5076 [etfert.

353 5096 388 5146 2
435 5093 612 5148 Sextis
649 5092 804 5146 hunc
852 5093 1022 5146 Nonis
1077 5092 1349 5147 Athanasi
1401 5109 1609 5165 magne
1652 5095 1834 5148 reful—

1754 5199 1834 5245 es,

1754 5199 1832 5245 es,

428 5270 589 5324 Arria
635 5285 750 5340 quo
798 5268 1053 5340 primum
1103 5270 1272 5341 periit
1319 5270 1530 5325 victore
1577 5181 1832 5326 coldgra.

222 5401 247 5467 ἦ
285 5395 686 5467 ᾼηάνοοαεᾳυε
732 5396 837 5450 die.
885 5396 1044 5450 Hunc
1075 5412 1314 5467 fversum
1361 5401 1417 5449 et
1475 5403 1833 5467 sequentem,

163 5465 252 5531 qui
281 5465 337 5538 in
388 5466 634 5536 vulgatis
663 5467 918 5538 deerant,
965 5473 1023 5520 et
1068 5466 1125 5519 in
1177 5467 1366 5521 codice
1397 5465 1574 5538 Regio
1607 5469 1832 5533 desunt,

161 5537 459 5600 ascriptum
491 5554 519 5590 e
548 5537 744 5590 codice
776 5537 958 5604 Bigot.

223 5607 246 5646 δ
279 5608 491 5661 Venilia
548 5613 793 5677 repertae.
843 5609 925 5662 Ita
978 5607 1037 5661 in
1097 5609 1257 5664 codd.
1312 5610 1450 5682 Reg.
1505 5614 1560 5663 et
1602 5610 1747 5681 Big.,
1781 5615 1841 5665 et

3555 358 3658 410 598

2313 479 2377 532 In
2423 478 2681 533 Arminia
2723 483 2940 534 civitate
3001 481 3185 534 natale
3245 483 3560 548 Ermogenis
3607 486 3659 534 et

2385 567 2660 622 Germani.
2695 569 2974 622 Dedicatio
3005 573 3181 622 sancti
3213 571 3376 622 Petri.

1958 675 2082 728 Dies
2156 677 2186 730 3
2228 675 2441 728 Praasul
2491 674 2810 727 Alexander
2855 675 3058 745 quinas
3107 680 3164 728 et
3216 675 3502 740 Eveutius,
3557 691 3650 729 or-

3468 763 3650 835 luant,

2240 850 2678 921 Theodolusque
2714 849 2813 904 Dei
2846 850 3060 919 pariter
3091 868 3192 922 pro
3222 852 3452 905 nomine
3482 852 3647 906 caesi:

2244 941 2339 993 His
2410 956 2639 1012 quoque
2690 940 2839 994 celsa
2913 940 3096 992 crucis
3164 941 3389 995 radiant
3443 941 3650 994 vexilla

3303 1028 3568 1102 Jreperta:
3600 1031 3643 1082 Β.

2308 1120 2380 1171 Et
2426 1122 2602 1172 sancti
2643 1119 2945 1178 Juvenalis,
2993 1118 3321 1178 Alexandri,
3369 1121 3562 1172 Eventi
3599 1123 3648 1172 et

2386 1207 2656 1260 Theodoti.

2166 1295 2200 1348 4
2249 1295 2525 1364 Sylvanus
2591 1300 2843 1366 quartas,
2893 1295 3144 1349 Antonia
3201 1311 3328 1348 cum
3385 1294 3647 1348 Floriano

2243 1385 2518 1453 Perpetua
2554 1385 2790 1452 cingunt
2827 1383 3040 1436 meritis
3071 1383 3278 1436 virtute
3311 1383 3521 1437 decori.

2310 1490 2372 1541 In
2424 1490 2622 1555 Africa
2675 1491 2858 1542 natale
2923 1491 3131 1548 Felicis,
3200 1489 3422 1542 Urbani.
3472 1490 3543 1541 Et
3592 1493 3647 1542 in

2381 1577 2642 1640 Caesarea,
2679 1578 2862 1630 natale
2888 1581 3064 1630 sancti
3092 1577 3324 1631 Silvani.

2170 1667 2200 1718 5
2240 1665 2588 1720 Stellii‘erum
2685 1666 2863 1718 ternis
2958 1665 3213 1719 Christus
3297 1665 3650 1719 transcendit

3289 1752 3642 1825 [Olympumz

2236 1841 2566 1912 Hilarioquc
2597 1841 2792 1895 Arelas
2824 1839 3037 1912 pollet;
3065 1841 3284 1895 Vienna
3314 1842 3525 1895 Niceto.

2163 1934 2194 1983 6
2235 1930 2574 1985 Princelsum
2616 1930 2801 2000 pridie
2841 1930 3132 1984 celebrant
3177 1932 3438 1985 Romana
3480 1932 3648 1984 Joan-

3489 2017 3642 2091 [nem

2233 2106 2470 2177 Templa
2521 2106 2640 2172 Dei,
2689 2106 2789 2177 qui
2826 2106 2998 2176 pleno
3050 2105 3238 2160 hausit
3287 2106 3355 2160 de
3417 2112 3644 2177 pectore

3360 2194 3642 2265 [verbum.

2162 2289 2192 2338 7
2235 2284 2410 2337 Morte
2440 2283 2536 2354 pia
2569 2284 2758 2337 Nonas
2781 2283 3069 2338 Iuvenalis
3110 2294 3336 2336 sanctus
3372 2283 3638 2336 honorat.

2303 2390 2716 2457 Augustiduno,
2769 2389 3032 2458 depositio
3095 2389 3237 2443 beati
3274 2389 3483 2443 Placidi
3517 2404 3646 2457 pre-

2375 2479 2433 2532 sb
2439 2483 2597 2547 yteri.

2164 2571 2195 2621 8
2238 2566 2432 2620 Idibus
2464 2566 2687 2620 octonis
2719 2565 3021 2620 Mediolani
3057 2566 3195 2620 urbe
3229 2571 3489 2619 coruscat

2233 2657 2442 2726 Martyr
2472 2656 2763 2725 principuo
2803 2655 3160 2708 venerandus
3197 2655 3392 2712 Victor
3425 2670 3640 2720 amore,

2304 2764 2372 2815 Et
2404 2763 2587 2814 natale
2617 2761 2881 2830 Stephani
2912 2765 2961 2814 et
2990 2762 3192 2813 Eutici.

2161 2854 2192 2903 9
2232 2852 2340 2903 Ter
2409 2857 2638 2903 centum
2703 2851 2926 2901 radiant
2973 2849 3224 2918 septenis
3290 2848 3481 2902 Idibus
3530 2865 3642 2902 una

2230 2938 2496 3008 Martyrio
2546 2937 2839 3006 denique°
2879 2937 3050 2989 simul
3096 2937 3400 2990 decorante
3449 2937 3636 2991 beato.

2229 3027 2490 3093 (Torrida
2537 3032 2774 3096 tumque
2829 3027 2989 3078 novis
3047 3025 3343 3094 consurgit
3380 3025 3640 3095 frugibus

3435 3110 3637 3185 testas)

2298 3205 2493 3264 Romae,
2566 3206 2656 3255 via
2709 3203 2928 3261 Latina,
3010 3203 3194 3256 natale
3259 3205 3435 3254 sancti
3484 3203 3639 3256 Beati

2369 3293 2711 3358 confessor-is.

2125 3384 2186 3435 l0
2224 3380 2386 3434 Senis
2450 3379 2768 3433 Gordianus
2831 3383 2887 3431 et
2944 3377 3281 3448 Epimachus
3341 3378 3414 3432 ob
3460 3395 3634 3433 unam

2228 3469 2538 3522 Caeduntur
2573 3467 2781 3522 Christi
2815 3469 3028 3538 pariter
3057 3466 3400 3538 laudemque
3431 3468 3636 3522 ﬁdem-

3526 3573 3630 3610 ue:

2228 3646 2336 3699 Has
2376 3660 2606 3715 quoque
2644 3643 2751 3698 Job
2807 3643 3065 3714 patiendi
3114 3643 3379 3713 exemplo
3410 3555 3636 3697 533:;

3343 3729 3632 3802 [honorat.

2156 3825 2211 3875 ll
2258 3820 2471 3885 Quinas
2500 3819 2711 3872 eximio
2758 3819 2996 3873 antistes
3037 3819 3341 3888 splendore
3385 3819 3634 3874 Mamer-

3521 3907 3635 3976 [tus

2225 3994 2487 4065 Insignit.
2542 3994 2797 4048 solemne
2838 3995 2966 4048 Deo
3031 3995 3129 4064 qui
3177 3994 3324 4047 ferre
3396 3993 3634 4048 litamen

2222 4083 2434 4154 Jejunii
2465 4082 2716 4136 instituit
2742 4083 2920 4136 ternis
2951 4082 3054 4136 sub
3089 4083 3214 4136 luce
3244 4081 3380 4136 diei.

2483 4193 2554 4244 Et
2585 4192 2813 4244 Martini
2845 4193 3098 4259 episcopi.

2161 4304 2222 4354 1'2
2263 4300 2432 4370 Virgo
2463 4303 2589 4352 tuos
2619 4299 2859 4354 colimus
2896 4298 3132 4353 comites
3168 4297 3456 4352 Domitilla
3485 4315 3633 4370 qua-

3413 4387 3628 4458 [ternis,

2133 4480 2150 4491 ’
2227 4478 2425 4542 Nerea,
2478 4475 2860 4544 Pancratium,
2919 4492 3048 4530 cum
3100 4476 3229 4546 quis
3281 4481 3336 4530 et
3382 4476 3636 4530 Achillea

3327 4563 3633 4636 [sanctum,

2228 4654 2452 4709 Primus
2500 4651 2812 4723 apostolico
2856 4653 3051 4707 docuit
3092 4653 3376 4723 tinxitque
3417 4653 3636 4707 lavacro

2227 4743 2379 4807 Quos
2422 4744 2644 4808 Petrus,
2693 4741 2929 4812 egregia
2980 4741 3194 4811 Romae,
3242 4757 3372 4795 cum
3404 4741 3636 4811 Virgine

3373 4829 3631 4901 [junctos.

2165 4924 2224 4976 l3
2265 4919 2582 4975 Servatium
2613 4919 2792 4972 ternis
2830 4934 3175 4974 veneramur
3223 4918 3281 4972 in
3314 4917 3508 4972 Idibus
3554 4918 3638 4970 al-

2146 4992 2156 5002 ’
3427 5004 3630 5076 [mum.

2307 5100 2374 5151 Et
2420 5097 2688 5152 dedicatio
2740 5098 2969 5150 ecclesiae
3014 5097 3180 5150 beatae
3217 5097 3422 5148 Mariae.
3469 5095 3538 5146 Et
3581 5093 3636 5144 in

2378 5185 2645 5253 Trajecto,
2691 5185 2957 5253 depositio
3003 5187 3179 5238 sancti
3225 5182 3458 5237 Seroatii
3515 5183 3636 5248 epi—

2371 5289 2538 5342 scopi.

1946 5397 2182 5468 quidem
2209 5396 2358 5450 haud
2383 5397 2556 5467 paulo
2581 5395 2784 5450 melius
2808 5411 2981 5468 quam
3003 5401 3066 5449 ut
3091 5395 3148 5449 in
3179 5392 3360 5464 priori
3387 5392 3638 5448 editione

1948 5473 2188 5522 receptae.

2019 5484 2339 5608 failing/rio
2372 5540 2624 5605 denique.
2667 5538 2765 5592 Hic
2812 5553 3006 5591 versus
3049 5551 3082 5608 e
3128 5535 3322 5590 codice
3372 5536 3508 5607 Reg.
3537 5535 3638 5591 ab-

1949 5615 2055 5677 est,
2087 5627 2191 5664 nec
2220 5607 2358 5665 Sane
2383 5615 2466 5664 est
2499 5609 2853 5664 necessarius
2881 5607 3213 5662 admodum.
3457 5641 3459 5643 -
