4022 6178
391 353 493 405 599
1485 347 2002 403 WANDALBERTI
2041 345 2465 403 PRUMIENSJS
2503 345 2810 402 MONACHI
3777 343 3868 395 600

389 487 515 540 Dies
595 484 658 538 14
695 481 1036 538 Pachomius
1067 479 1272 551 pridie,
1306 478 1630 548 Victorque,
1663 477 1950 549 simulque
1985 493 2078 532 co-
2117 479 2165 532 Α
2367 480 2436 532 25
2475 476 2812 548 Augustine,
2865 479 3029 530 tuum
3074 475 3446 530 commendat
3491 474 3736 546 septima
3778 491 3871 528 no-

1927 565 2088 639 [rona
3710 562 3871 634 [men,

677 659 1019 731 Splendeat,
1095 657 1189 713 hic
1273 655 1514 710 eremita
1580 660 1807 726 potens,
1887 655 2085 726 illique
2371 656 2439 707 26
2481 653 2680 708 Lactea
2711 668 2825 723 quo
2871 651 3125 706 retinent
3164 652 3484 722 Anglorum
3519 651 3706 705 millia
3731 652 3876 706 verbi

1847 742 2086 814 [cruoris
2479 741 2761 812 Principe,
2831 757 2945 811 quo
3025 741 3313 796 Christum
3381 739 3585 794 domiti
3663 755 3876 794 sensere

677 833 1047 906 Martyriique
1083 834 1255 887 Deum
1292 831 1442 886 socia
1480 831 1682 885 virtute
1704 833 1904 885 secuti.
3588 827 3874 900 [Britanni.

743 926 808 980 In
859 925 1017 986 Asia,
1078 925 1254 976 sancti
1307 924 1552 975 Mauri-mi.
1620 923 1685 974 In
1755 921 2081 984 Mediolano,
2370 921 2438 972 27
2477 918 2660 973 Julius
2706 918 2838 972 hinc
2881 925 3103 972 sextum
3150 918 3312 972 miles
3345 923 3682 988 martyrqne
3711 933 3878 970 venu-

825 1014 1076 1073 Victoris,
1111 1012 1298 1064 Felicis
1333 1015 1384 1063 et
1410 1012 1638 1064 Rustici.
3742 1002 3876 1076 [stat.

576 1105 634 1157 15
676 1100 982 1156 Pontifices
1040 1103 1255 1170 septem
1315 1097 1646 1168 Hesperiam
1693 1096 1863 1149 simul
1895 1097 2084 1151 Idibus
2549 1097 2612 1149 In
2657 1095 3021 1155 Alemandria,
3082 1096 3267 1148 natale
3327 1099 3640 1148 sanctorum
3709 1094 3879 1158 Aqui-

1828 1184 2081 1258 [ornant.
2622 1186 2721 1238 lini
2743 1185 3071 1252 presbyteri,
3104 1185 3389 1250 Evangelii

746 1279 809 1331 In
837 1279 1058 1338 Sirmia,
1108 1276 1293 1329 natale
1338 1275 1619 1328 Timothei.
1670 1274 2080 1341 Augustiduno,
2372 1276 2440 1326 28
2479 1272 2686 1336 Quinta
2711 1272 2914 1327 Parisii
2944 1273 3290 1326 Germanum
3324 1271 3490 1326 turba
3516 1273 3874 1341 frequentat:

817 1367 1001 1419 natale
1033 1369 1209 1418 sancti
1240 1364 1472 1431 Projecti
1497 1368 1752 1432 episcopi.
2479 1362 2620 1415 Tum
2653 1376 2883 1432 quoque
2916 1359 3248 1430 pontificem
3279 1359 3527 1414 celebrat
3556 1374 3664 1411 sua
3715 1358 3881 1411 Roma

575 1458 636 1509 16
675 1454 934 1524 Septima
977 1452 1261 1506 Timothei
1311 1468 1441 1505 cum
1491 1451 1640 1505 dena
1699 1451 1930 1504 nomine
1971 1450 2082 1505 ful-
3569 1445 3878 1518 [Joannem

1948 1538 2080 1611 [get,
2370 1541 2440 1592 29
2482 1537 2783 1594 Maximina
2833 1537 2938 1592 tibi
2971 1541 3176 1608 quarto
3203 1536 3398 1591 Trevir
3441 1536 3554 1590 alta
3604 1540 3878 1588 coruscat.

673 1629 930 1685 Veridica
969 1629 1179 1684 Paulus
1219 1629 1415 1684 docuit
1456 1644 1629 1700 quem
1676 1644 1810 1682 voce
1861 1628 2080 1682 beatus.
2546 1647 2618 1698 Et
2648 1646 2914 1714 depositio
2943 1648 3119 1698 sancti
3146 1645 3375 1697 Μαωέγηί
3400 1647 3660 1712 episcopi.

743 1721 807 1774 In
863 1721 1105 1780 Eraclia,
1171 1720 1355 1772 natale
1415 1723 1726 1773 sanctorum
1804 1718 2078 1783 Aquilini,

2125 1757 2163 1810 Β
2369 1735 2436 1790 30
2467 1732 2687 1787 Tertius
2739 1732 3050 1795 Hucberto,
3108 1747 3256 1802 papa
3300 1737 3355 1784 et
3409 1731 3586 1784 Felice
3637 1731 3876 1785 dicatur.

815 1809 1034 1861 Heracli
1063 1812 1112 1860 et
1142 1809 1386 1862 Paulini.

573 1901 635 1952 l7
675 1896 962 1967 Sertaque
1024 1911 1155 1949 cum
1237 1896 1384 1950 dena
1453 1895 1765 1966 Peregrino
1834 1900 2083 1964 martyre

1842 1986 2081 2055 [vernat.

2547 1841 2611 1894 In
2652 1839 2969 1901 Antiochia,
3017 1841 3201 1892 natale
3245 1844 3557 1893 sanctorum
3609 1840 3745 1899 Sici,
3798 1841 3884 1892 Pa-

2619 1928 2798 1988 latini,
2867 1932 2962 1993 qui
3003 1929 3179 1982 multa
3233 1931 3498 1981 tormenta
3539 1933 3704 1996 passi
3749 1932 3882 1981 sunt.

2370 2018 2430 2070 31
2471 2017 2614 2070 Tum
2671 2016 2859 2086 pridie
2925 2017 3242 2071 Petronilla
3279 2017 3431 2070 Petri
3489 2017 3558 2070 de
3628 2015 3884 2086 germine

745 2075 809 2127 In
877 2075 1063 2134 Roma,
1137 2076 1387 2134 Partimi,
1462 2075 1642 2127 Liberi
1703 2077 1958 2142 episcopi.
2022 2075 2084 2126 In
2672 2075 2692 2086 ⁵
3629 2075 3883 2176 υ[εδηοίο

815 2162 1182 2223 Alexandria,
1216 2163 1550 2230 Serapionis.

2479 2194 2715 2265 Fulgida
2759 2195 2919 2266 virgo
2978 2195 3166 2258 micat,
3239 2193 3446 2248 Christi
3496 2162 3813 2264 trabeaque
3863 2197 3884 2235 δ

574 2252 638 2305 18
677 2249 946 2315 Quintam
1007 2265 1139 2303 cum
1198 2249 1422 2303 decima
1500 2253 1716 2320 martyr
1779 2249 2085 2304 Dioscorus
2581 2249 2615 2265 ⁹
2846 2249 2880 2266 υ
3152 2249 3165 2258 ⁷
3624 2249 3882 2353 [δέοι-δε

1843 2336 2080 2408 [implet.

675 2424 798 2495 (Hic
829 2425 1054 2480 Gemini
1079 2424 1272 2479 mstivo
1293 2425 1547 2495 jungunt
1577 2442 1676 2478 sua
1717 2425 1902 2479 sidera
1933 2427 2083 2496 soli.)

576 2515 635 2567 19
677 2513 768 2567 Bis
801 2518 1040 2583 septena
1077 2513 1436 2566 Pudentiana
1466 2513 1688 2584 virgine
1718 2514 1912 2567 claret.

746 2602 810 2654 In
862 2601 1228 2662 Alexandria,
1275 2603 1460 2655 natale
1509 2606 1685 2656 sancti
1736 2603 1909 2657 Arent
1964 2603 2084 2657 dia-

817 2693 953 2743 coni.
1028 2690 1093 2742 In
1152 2689 1392 2743 Casarea
1472 2690 1841 2758 Cappadociae,
1901 2693 2086 2746 natale

2476 2371 2731 2438 Cautius,
2765 2375 2820 2425 et
2845 2371 3156 2426 Cantianus
3189 2387 3316 2424 cum
3350 2371 3714 2428 Cantianella

2476 2461 2787 2515 Collucent.
2843 2461 3048 2515 Maium
3098 2461 3221 2514 haec
3270 2460 3548 2514 claudunt
3611 2459 3884 2513 solemnia

3581 2547 3877 2620 [mensem

2546 2657 2741 2718 Romae,
2821 2660 2912 2709 via
2979 2656 3230 2717 Aurelia,
3313 2657 3496 2710 natale
3576 2661 3884 2710 sanctorum

816 2781 994 2830 sancti
1018 2779 1197 2831 Pauli,
1539 2746 1559 2758 ⁵
1579 2746 1598 2758 ⁵
1827 2746 1838 2752 ’
2617 2746 2859 2798 Processi
2890 2749 2942 2798 et
2968 2747 3312 2798 Martiniani.

567 2865 636 2918 20
676 2863 817 2918 Cum
845 2864 991 2917 dena
1020 2869 1234 2917 terram
1278 2864 1486 2919 retinet
1522 2864 1798 2936 fulcitque
1856 2865 2080 2934 Basilla,

675 2952 1094 3024 Baudeliusque
1125 2952 1298 3006 simul
1329 2954 1620 3007 trabeatus
1649 2954 1931 3024 sanguine
1964 2971 2084 3008 ver-
2906 2937 3171 2992 JUNIUS-

1939 3042 2079 3116 [nat.
2119 3051 2160 3107 C

745 3132 816 3183 Et
849 3131 1112 3200 depositio
1143 3133 1334 3186 Fausti
1363 3136 1618 3201 episcopi.
1940 3096 2076 3116 ‘mm
2122 3096 2159 3107 ν
2471 3097 2671 3152 Junius
2740 3096 3051 3168 imbrifugo
3081 3106 3102 3132 ο
3183 3097 3392 3151 metatis
3446 3097 3552 3152 sub
3617 3104 3882 3201 caumate

565 3221 632 3274 21
676 3217 770 3272 Bis
818 3184 1626 3294 sen‘aPolius,.liutg'chiu‘stl
1667 3226 1839 3294 atque
1887 3223 2081 3277 Timo-
2717 3223 2721 3227 ‘
2837 3275 2848 3285 ο
3615 3184 3879 3258 [fervens,

1854 3311 2078 3378 [theusz
2471 3275 2706 3345 Templa
2753 3275 2961 3347 qnibus
3008 3275 3151 3329 festa
3211 3274 3363 3330 velet
3429 3275 3500 3330 de
3551 3276 3760 3378 fronde
3796 3293 3879 3330 ca-

674 3396 885 3450 Preesul
917 3401 975 3451 et
1001 3396 1105 3451 hac
1163 3401 1497 3468 martyrque
1532 3401 1646 3454 Deo
1672 3363 2078 3453 Valens-iane;
2247 3457 2255 3466 ,
2574 3451 2585 3461 .
2724 3451 2734 3462 _
3274 3451 3284 3462 '
3364 3451 3374 3461 ι
3637 3363 3877 3461 [nemus

1829 3485 2078 3557 [νεοάυῇ
2190 3457 2312 3508 Dies
2392 3457 2408 3506 1
2455 3452 2624 3557 J'pma
2654 3455 3016 3557 prigo‘tuum
3065 3451 3880 3557 sustollit”iugastrg-mtorem

672 3570 855 3640 Augia
880 3576 934 3624 te
966 3570 1112 3624 laetis
1145 3571 1300 3625 ducit
1338 3588 1441 3642 per
1478 3573 1687 3643 gaudia
1721 3540 1887 3629 votis.
1963 3540 1968 3541 γ
2003 3540 2026 3541 ἡ
2063 3540 2077 3556 ν
2474 3540 2790 3611 Pamphile’
2828 3540 3095 3611 hancque
3129 3540 3282 3594 diem
3311 3541 3520 3595 festum
3562 3540 3880 3643 Nricf’medis

565 3660 633 3714 22
674 3630 1040 3714 Undecimam
1091 3661 1291 3714 Castus
1330 3630 1511 3728 sacer:
1562 3662 1942 3734 AEmiliusque
1987 3663 2077 3718 di-
3596 3630 3876 3700 [θάοτηείι

1814 3748 2071 3824 [οειιιωμ
2541 3738 2669 3792 Kal.
2717 3739 2872 3791 Junii
2916 3736 3184 3791 dedicatio
3240 3741 3417 3790 sancti
3462 3738 3788 3798 Nicomedis,
3832 3742 3878 3790 et

741 3837 813 3891 Et
857 3837 1146 3890 translatio
1191 3841 1432 3906 corporis
1480 3843 1679 3892 sanctae
1720 3841 1936 3893 Helena:
1973 3844 2080 3894 vir-

2611 3827 2786 3879 sancti
2825 3825 3058 3879 Claudii.

810 3929 974 3992 ginis.
1651 3968 1662 3982 μ
2473 3932 2586 3985 Hac
2620 3946 2854 4002 quoque
2883 3943 2907 3984 ἀ
2957 3934 3185 3984 sanctus
3230 3930 3563 3984 conscendit
3609 3929 3678 3984 ad
3729 3935 3877 3984 astra

563 4015 630 4067 23
674 4011 1042 4084 Lingonicam
1105 4013 1325 4068 decima
1393 4013 1713 4069 Desiderius
1761 4022 1943 4070 sacrat
1983 4033 2076 4070 ur-
3603 4017 3874 4090 [Jovinus.

1925 4101 2078 4175 [hem
2364 4112 2397 4163 2
2435 4106 2753 4163 Marcelline
2814 4123 2990 4175 sacer,
3073 4108 3237 4161 Petre
3306 4113 3363 4160 et
3416 4108 3693 4161 exorcista
3745 4124 3875 4179 qua-

667 4187 939 4253 Antistes,
998 4194 1330 4258 martyrque
1382 4189 1480 4242 Dei
1539 4191 1793 4260 galeatus
1857 4207 2074 4248 amore.
3652 4195 3869 4267 [ternis

561 4276 630 4328 24
669 4276 1018 4329 Donatianus
1048 4277 1352 4330 Namnetes
1382 4294 1510 4331 cum
1548 4279 1864 4349 Rogatiano
2469 4283 2642 4338 Nonis
2719 4298 3088 4338 communem
3146 4282 3497 4354 dignamque
3556 4283 3726 4338 litatis
3803 4283 3870 4337 ad

671 4363 882 4428 Fratre,
908 4363 1004 4433 pio
1030 4370 1264 4418 exornat
1282 4365 1417 4418 ﬁdei
1438 4367 1770 4433 certamine,
1794 4385 1963 4423 nona.
2114 4359 2156 4411 Ῑ)
3661 4371 3829 4444 [aram
3855 4387 3867 4423 :

738 4450 802 4503 In
851 4457 1012 4520 porto
1069 4453 1327 4515 Romano,
1389 4456 1572 4508 natale
1630 4461 1806 4510 sancti
1882 4459 2074 4512 Vince-
2470 4459 2848 4532 Lugdunique
2897 4459 2994 4530 pio
3031 4459 3311 4515 Blandina
3350 4463 3586 4514 vocatur
3638 4460 3869 4526 honore,

807 4543 904 4593 nii.
957 4541 1021 4593 In
1078 4540 1271 4594 Galliis
1335 4546 1551 4598 civitate
1608 4546 1906 4607 Nam-netis,
1972 4564 2072 4601 na-
2465 4549 2960 4620 Quadragenaque
3006 4549 3174 4602 simul
3229 4550 3382 4602 clara
3427 4554 3741 4619 octonaque
3777 4565 3869 4600 co-

809 4629 915 4682 tale
961 4634 1273 4684 sanctorum
1327 4634 1624 4686 Donatiani
1666 4638 1716 4686 et
1759 4637 2069 4702 Rogatiani.
3627 4636 3864 4708 [ruscum

560 4717 626 4767 25
663 4714 872 4771 Octava
935 4717 1196 4772 Urbanus
1239 4719 1577 4775 meritorum
1625 4727 1922 4776 stemmate
1962 4724 2071 4777 ful-
2465 4728 2603 4781 Cum
2647 4726 2812 4797 plebe
2861 4726 3085 4781 devexit
3111 4737 3131 4761 ε
3177 4725 3542 4796 ﬂammisque
3592 4725 3866 4794 undisque

1930 4809 2067 4882 [geti
3216 4823 3219 4825 ’
3617 4812 3860 4886 [monile.

666 4893 848 4948 Infula
901 4910 1094 4966 quem,
1159 4895 1419 4952 doctrina
1471 4898 1665 4964 simul,
1723 4899 2069 4970 sanguisque
2392 4906 2423 4958 3
2464 4903 2801 4974 Pergentius
2830 4903 2969 4958 item
3001 4901 3454 4974 Laurentiusque
3494 4903 3725 4969 cruoris,

1844 4987 2065 5060 [beavit.
2463 4992 2526 5046 Et
2575 4991 2804 5061 generis
2860 4996 3051 5045 ternas
3121 4991 3352 5061 gemino
3411 4991 3634 5062 fulgore
3701 5005 3865 5042 venu-

731 5071 1056 5134 Mediolano,
1140 5073 1404 5143 depositio
1483 5078 1732 5144 Dionysii
1811 5081 2064 5147 episcopi.
3668 5077 3857 5150 [stant.

443 5249 817 5330 ‘Eutychius.
864 5251 927 5330 In_
979 5251 1174 5330 codice
1227 5252 1426 5330 Regio,
1485 5254 1805 5330 Eutyhicus.
1832 5255 1918 5330 _In
1971 5272 2064 5309 eo-
2177 5273 2292 5310 non
2334 5257 2546 5330 inepte.
2582 5257 2646 5312 In
2678 5257 2880 5312 eodem
2914 5262 2968 5312 et
2998 5258 3058 5312 in
3098 5258 3278 5329 Bigot.
3313 5257 3474 5312 deest
3492 5273 3686 5312 versus
3718 5257 3855 5309 Mar-

375 5317 621 5396 dem,et
649 5321 708 5374 in
742 5321 862 5392 Big.
897 5322 1108 5376 desunt
1153 5317 1349 5376 versus
1379 5325 1490 5378 duo
1541 5317 1639 5396 qui
1685 5325 1941 5396 proxime
1979 5343 2065 5381 se-
2177 5333 2314 5396 tyris
2339 5317 2605 5394 hancque,
2640 5335 2747 5384 etc.

372 5395 698 5471 quatitur.”
739 5466 747 5471 Δ
825 5463 838 5471 _
1083 5463 1133 5471 __
1283 5464 1297 5471 _
1321 5465 1335 5471 _
1398 5466 1430 5471 ῃ
1561 5395 1568 5396 “
1654 5466 1708 5471 __
1805 5470 1808 5471 ν
1981 5468 1990 5471 _
2205 5395 2269 5471 1d
2299 5401 2411 5453 Hoc
2438 5416 2668 5465 quoque.
2715 5401 2877 5455 Hunc
2924 5415 3174 5464 versum,
3211 5400 3309 5471 qui
3341 5417 3371 5452 a
3400 5399 3588 5470 priori
3618 5397 3855 5454 editione

443 5459 698 5541 Ι).ςήνὶίῇ
730 5463 1041 5541 trabeaque.
1070 5463 1182 5541 _Sic_
1197 5464 1358 5519 codd.
1397 5466 1546 5541 Reg.
1568 5471 1622 5520 et
1653 5466 1838 5541 Bigot.
1857 5481 1873 5534 ;
1907 5468 2065 5541 prior
2172 5469 2352 5535 abest,
2387 5459 2755 5539 ascripsimus
2785 5487 2848 5524 ex
2881 5471 3074 5525 codice
3107 5459 3288 5541 Bi'got.

372 5527 570 5613 editio.
613 5531 841 5613 .Christi‘
865 5527 1374 5613 trabeatadecore.“
1407 5527 1682 5613 nimirum
1718 5527 2057 5613 Betronilla.
2243 5549 2265 5574 °
2296 5527 2427 5613 cum
2447 5527 2606 5609 plebe
2646 5542 2878 5597 deuexit.
2913 5543 2975 5596 In
3026 5527 3203 5613 Regio
3255 5541 3448 5596 codice
3473 5544 3532 5596 et
3569 5541 3629 5595 in
3660 5540 3848 5610 Bigotq

442 5606 463 5632 ο
490 5601 689 5654 Junius
746 5603 1064 5671 imbrifugo.
1125 5605 1191 5659 1n
1249 5606 1445 5660 codice
1501 5607 1682 5677 regio,
1723 5607 2057 5676 umbrifugo.
2172 5627 2293 5666 cum
2316 5601 2475 5681 plebe
2502 5616 2673 5666 uexit.
