4044 6174
179 341 256 392 601
1582 332 2200 389 MARTYROLOGIUM.

431 467 737 523 Aureliana
811 481 980 522 suum
1038 465 1236 536 plebes
1291 465 1606 536 recolitque
1660 463 1837 519 Lifar-
1876 467 1922 518 Α

1649 552 1834 626 [dum.

498 645 560 697 In
621 644 818 711 Africa
872 645 1107 708 Quirini,
1169 643 1320 710 Cagi,
1385 644 1605 703 Donati,
1661 644 1839 697 Romae

577 735 773 787 Marcae
793 737 844 786 et
874 733 1181 787 Saturnini.

178 826 283 877 Dies
351 823 382 875 4
429 822 634 891 Martyr
692 826 747 873 et
795 821 1029 874 antistes
1075 820 1258 890 pridie
1306 836 1464 874 sacra
1520 823 1650 874 vota
1701 818 1837 883 Qui-

1659 906 1840 973 [riuus

428 998 832 1065 Accumulans,
866 995 1100 1067 proprio
1133 996 1422 1050 Christum
1451 995 1521 1049 de
1559 995 1839 1065 sanguine

1609 1084 1836 1154 [placat.

499 1177 694 1238 Bomz,
726 1177 909 1230 natale
949 1180 1260 1229 sanctorum
1306 1177 1659 1244 Empergenti,
1710 1174 1838 1228 Phi-

570 1267 728 1334 lippi.

362 1359 390 1409 5
433 1355 606 1408 Nonis
634 1354 902 1408 anstistes
933 1353 1112 1424 fulget
1147 1352 1482 1420 Bonifacius,
1518 1351 1717 1424 Anglis

429 1443 639 1505 Editus,
706 1444 776 1497 ad
848 1443 1134 1498 Christum
1215 1441 1422 1497 Oceani
1493 1441 1590 1512 qui
1669 1439 1842 1495 traxit

1530 1529 1837 1602 [alumnos.

432 1620 730 1674 Frisonum
762 1636 910 1690 puro
943 1619 1290 1673 submittens
1321 1618 1468 1672 colla
1493 1619 1701 1672 lavaro.

498 1711 561 1762 In
592 1711 828 1778 .Egypto
857 1709 1144 1761 Marciani.

358 1801 387 1852 6
427 1797 672 1852 Octonas
707 1797 839 1851 ldus
872 1797 1108 1850 Ceratas
1139 1795 1438 1867 episcopus
1472 1799 1658 1860 ornat,

504 1887 710 1941 Urbem
767 1886 866 1958 qui
913 1887 1076 1940 fulcit
1130 1886 1397 1940 Gratiano
1443 1883 1701 1955 principe
1751 1882 1838 1936 di-

1641 1971 1813 2045 [ctam
1826 2012 1837 2024 .

501 2065 776 2119 Nividuno
823 2069 1041 2118 civitate
1080 2064 1328 2123 Amanti,
1376 2065 1528 2117 Luci.
1584 2064 1656 2115 Et
1705 2062 1840 2131 depo

569 2157 695 2207 sitio
730 2154 873 2206 beati
905 2153 1100 2208 Claudi
1129 2156 1385 2221 episcopi.

353 2245 382 2293 7
425 2242 637 2295 Paulus
668 2246 934 2312 septenas
959 2241 1171 2311 praesul
1195 2246 1348 2306 tuus,
1373 2240 1486 2294 alta
1516 2239 1766 2310 Byzanti.

356 2329 387 2380 8
429 2327 742 2396 Progenies
806 2325 1192 2396 meritumque
1242 2325 1403 2395 pium
1463 2341 1607 2396 quos
1650 2324 1846 2393 junxit

1628 2418 1683 2467 et
1724 2430 1818 2467 ara

429 2503 736 2558 Gildardus
768 2518 932 2557 senas
968 2501 1298 2572 pariterque
1334 2413 1844 2556 Medarduzlsebcgz:

1695 2595 1839 2644 rant.

1695 2595 1839 2644 rant.

501 2681 565 2732 In
627 2680 870 2734 Casarea
934 2679 1306 2748 Cappadociae,
1357 2681 1586 2733 Luciani
1643 2588 1846 2747 ngarty-

569 2784 648 2822 1‘18
657 2811 668 2823 .

357 2859 386 2910 9
426 2856 644 2920 Quinas
685 2856 908 2911 Primus
942 2856 1131 2924 habet,
1159 2857 1360 2928 juncto
1391 2857 1501 2912 sibi
1536 2856 1839 2911 Feliciano.

499 2947 688 3000 Passio
718 2951 892 3000 sancti
930 2949 1176 3001 Vincenti
1204 2950 1486 3014 martyris.

329 3037 390 3088 lO
431 3034 661 3098 Quartm
703 3034 967 3103 Basilide,
1000 3040 1054 3088 et
1106 3035 1192 3090 bis
1249 3035 1395 3089 deno
1426 3039 1674 3104 martyre
1719 3049 1842 3086 ver-
1883 3074 1923 3129 Ο

1660 3124 1838 3193 [θεοὶ.

505 3214 568 3265 In
640 3213 970 3274 Nicomedia,
1053 3215 1237 3267 natale
1299 3217 1474 3267 sancti
1549 3213 1840 3267 Zachariae.

569 3301 633 3353 In
674 3300 1030 3354 Antisiodoro
1080 3301 1343 3369 depositio
1383 3303 1558 3353 sancti
1621 3299 1846 3353 Censuri

480 3449 485 3456 ι
572 3391 827 3457 episcopi.

330 3480 381 3531 ll
431 3477 722 3531 Barnabas
751 3483 942 3532 ternas
985 3483 1224 3532 exornat
1256 3477 1550 3548 apostolus
1585 3476 1732 3531 ldus.

496 3568 692 3626 Romae,
727 3568 910 3620 natale
934 3571 1246 3620 sanctorum
1267 3568 1616 3621 Restituti...

572 3657 642 3707 Et
673 3655 808 3708 alibi
840 3655 1073 3710 Naboris
1108 3660 1159 3708 et
1179 3657 1388 3708 Felicis.

330 3746 391 3797 12
429 3742 674 3814 Cyrinus
729 3742 915 3814 pridie
973 3743 1226 3814 effulget,
1291 3744 1582 3813 Nazarque
1629 3743 1841 3796 Nabor—

1658 3829 1789 3901 [que
1824 3847 1837 3884 :

427 3920 528 3974 His
572 3924 629 3974 et
678 3919 978 3974 Basilidem
1023 3930 1044 3956 ³
1091 3920 1233 3974 festo
1289 3919 1571 3974 sociamus
1618 3921 1840 3974 eodem.

335 4012 391 4063 l3
433 4009 566 4063 ldus
598 4009 848 4063 illustrat
872 4009 1118 4064 Felicula
1149 4010 1310 4081 virgo
1341 4025 1562 4074 cruore,

432 4099 540 4152 Lac
569 4098 883 4152 Petronilla
911 4098 1038 4166 tibi,
1073 4099 1312 4153 verbum
1341 4115 1514 4169 quam
1536 4098 1748 4169 junxit,
1789 4102 1845 4152 et

1662 4186 1839 4258 [aetas

503 4276 565 4327 In
624 4275 845 4341 Africa,
923 4276 1172 4338 Luciani,
1227 4277 1534 4336 Fortunati,
1595 4277 1840 4329 Crescen-

572 4367 730 4416 tiani.

328 4451 389 4505 14
429 4452 638 4506 Octavo
691 4451 827 4505 Julii
876 4455 934 4504 et
965 4451 1114 4504 deno
1163 4458 1291 4505 ante
1352 4450 1587 4505 exordia
1632 4450 1845 4504 mensis

430 4541 596 4594 Vates
651 4540 872 4594 Eliseus
925 4539 1096 4593 simul
1146 4539 1471 4610 Abdiasque
1517 4541 1840 4610 refulgent:

430 4629 528 4682 Hic
556 4644 789 4699 quoque
821 4629 1040 4683 Valerio
1075 4634 1132 4684 et
1160 4629 1367 4683 Ruﬁno
1413 4633 1661 4698 martyre
1697 4644 1842 4698 gau-

1699 4717 1840 4789 [det.

499 4807 820 4860 Aurelianis
851 4810 1088 4872 civitate,
1120 4806 1382 4875 depositio
1423 4809 1599 4859 sancti
1634 4806 1845 4859 Aniani

571 4898 825 4963 episcopi.
893 4896 961 4947 Et
1018 4895 1184 4948 Elisei
1227 4894 1524 4963 prozihetz,
1580 4898 1630 4947 et
1696 4895 1842 4948 Feli-

571 4986 723 5037 cuiae.

329 5075 392 5125 15
431 5072 678 5143 Septeno
708 5071 856 5127 deno
887 5073 1042 5126 Vitas
1069 5088 1198 5126 cum
1231 5070 1450 5142 virgine
1477 5071 1633 5126 clara

223 5280 244 5307 ³
283 5268 395 5322 His
436 5274 485 5323 et
532 5269 857 5324 Basilidem.
914 5271 975 5324 In
1005 5269 1196 5324 codice
1228 5271 1386 5340 Reg.
1424 5271 1520 5325 His
1549 5273 1598 5324 et
1634 5271 1840 5325 Basili-

165 5333 374 5417 g‘entac
404 5340 711 5417 si_feminaa
742 5341 835 5417 hic
869 5341 1087 5417 mentio
1118 5341 1239 5417 fiat,
1278 5333 1366 5394 cui
1406 5357 1617 5417 nomen
1666 5340 1842 5395 fuerit

168 5404 417 5484 Basilide.
440 5411 601 5484 infra
623 5427 785 5484 quam
801 5413 998 5484 junan't
1035 5404 1366 5482 scripsimus
1395 5428 1462 5465 ex
1505 5412 1709 5466 eodem
1741 5428 1840 5465 co—

166 5476 276 5553 dice
295 5485 356 5553 et
385 5496 414 5532 e
440 5476 648 5551 Bigot.;
673 5482 773 5535 ubi
796 5476 1094 5553 legebatur
1119 5476 1434 5551 cbnjunmit.

227 5549 250 5588 ι’
281 5549 528 5628 ,Ηοοᾳαεί
563 5549 878 5628 Modestus;
928 5553 1026 5607 Hic
1099 5549 1296 5608 versus
1367 5569 1472 5608 nec
1530 5552 1588 5607 in
1645 5553 1838 5608 codice

168 5615 330 5688 Regio
357 5615 557 5688 exstat,
590 5638 694 5676 nec
724 5623 786 5676 in
819 5623 1004 5694 Bigot.

3537 327 3642 382 602

2239 463 2557 534 Margarita,
2589 462 2850 535 martyrii
2872 462 3173 533 splendore
3193 461 3437 517 nitescit.

2236 555 2465 626 Hocque
2506 553 2784 607 Modestus
2825 556 2870 619 b,
2902 557 2958 606 et
3001 552 3152 606 alma
3188 551 3327 605 nitet
3367 551 3642 606 Crescen-

3333 640 3433 710 [tia
3459 639 3639 710 virgo.

2303 735 2366 786 In
2424 733 2612 788 Sicilia
2671 733 2872 790 natale,
2937 734 3245 784 sanctorum
3298 729 3526 783 Modesti
3592 733 3642 782 et

2374 824 2659 876 Crescenti.

1950 914 2072 966 Dies
2150 914 2212 965 16
2251 910 2546 964 Sedecimo
2601 906 2852 979 Cyricus,
2917 907 3093 961 Julita
3161 921 3291 960 cum
3365 904 3641 976 genitrice

2231 999 2502 1056 Clarescit
2531 1014 2663 1051 vera
2703 995 2912 1052 Christi
2945 996 3154 1066 pietate
3182 995 3426 1065 ﬁdeque.

2309 1092 2380 1142 Et
2454 1089 2688 1141 aliorum
2770 1091 3080 1139 sanctorum
3121 1084 3642 1150 quadringentorum

2374 1181 2702 1244 martyrum.

2123 1267 2188 1321 17
2230 1265 2638 1330 Quindecimus
2685 1268 2905 1334 septem
2955 1261 3494 1332 quinquagenisque
3536 1260 3642 1314 du-

3449 1348 3645 1422 [contis

2232 1443 2574 1512 Martyribus
2623 1440 2934 1511 jocundam
2988 1439 3164 1493 mittit
3231 1439 3298 1492 ad
3346 1444 3498 1491 astra
3549 1453 3644 1491 co-

3391 1525 3642 1596 [ronam.

2236 1619 2523 1688 (Ardentis
2566 1622 2830 1688 penetrat
2887 1632 3116 1688 quoque
3167 1615 3413 1670 Phoebus
3458 1613 3647 1668 sidera

3374 1703 3643 1773 [Cancri.)

2300 1798 2456 1852 Aviti
2486 1797 2808 1865 presbyteri.

2134 1889 2196 1942 l8
2235 1887 2510 1952 Quartum
2561 1902 2689 1939 cum
2727 1885 2877 1939 deno
2929 1883 3180 1952 pretioso
3221 1881 3501 1952 sanguine
3531 1881 3641 1935 fra-

3510 1971 3646 2040 [tres

2239 2061 2631 2118 Marcellianus
2673 2060 2888 2132 pariter
2918 2061 3249 2130 Marcusque
3299 2062 3594 2113 sacrarunt
3628 2073 3642 2112 :

2311 2153 2470 2206 Hunc
2531 2167 2756 2221 quoque
2815 2150 3049 2206 Balbina
3095 2149 3300 2202 lustrat
3347 2147 3646 2202 meritum-

3176 2237 3308 2308 [que
3337 2236 3644 2306 decusque.

2137 2333 2200 2385 l9
2243 2329 2540 2384 Gervasius
2600 2333 2688 2382 ter
2746 2327 2958 2382 denum
3021 2325 3423 2396 Protasiusque
3487 2339 3646 2378 coro-

3461 2414 3646 2483 [nant.

2129 2509 2198 2562 20
2237 2507 2552 2578 Vitalisque
2594 2510 2760 2576 pater
2787 2512 2945 2560 natos
2975 2503 3234 2575 sequitur
3280 2502 3572 2557 duodeno.

2235 2597 2464 2661 (Centro
2521 2593 2615 2649 hic
2670 2593 2978 2648 solstitium
3056 2592 3244 2646 medio
3303 2605 3648 2660 summoque

3317 2681 3643 2750 [corruscat.

2237 2775 2376 2827 Tum
2451 2771 2636 2826 Caesar
2712 2769 3010 2834 Ludovico,
3073 2775 3310 2824 cruento
3388 2773 3650 2838 tempore

3413 2856 3646 2925 [functe,

2236 2953 2298 3006 In
2332 2952 2523 3022 plures
2571 2954 2765 3020 partes
2793 2964 3018 3002 cessura
3057 2951 3277 3017 sceptra
3324 2945 3648 3015 relinquis.)

2129 3043 2190 3094 21
2236 3041 2442 3110 Martyr
2488 3039 2844 3107 Ruﬁnusque
2892 3037 3120 3090 undeno
3166 3040 3223 3090 et
3269 3033 3472 3090 Marcia
3518 3035 3648 3104 pol-

3483 3123 3644 3192 [lent.

2127 3220 2197 3272 22
2234 3216 2488 3270 Albanus
2522 3214 2741 3268 decimo
2793 3212 3047 3267 defendit
3094 3211 3259 3266 laude
3297 3210 3598 3264 Britannos
3631 3227 3644 3263 :

2236 3304 2626 3374 Paulinusque
2672 3293 2868 3356 Nolam
2921 3300 3141 3354 meritis
3184 3306 3240 3354 et
3276 3298 3510 3353 nomine
3561 3299 3649 3352 lu-

3465 3388 3644 3457 [strat.

2311 3485 2380 3536 Et
2404 3485 2690 3547 octinginti
2717 3483 3070 3548 septuaginta
3112 3494 3298 3531 novem.
3355 3481 3644 3544 martyres.

2128 3574 2196 3626 23
2236 3571 2554 3640 Anglorum
2581 3585 2735 3622 nono
2756 3568 3017 3622 Ediltrud
3050 3567 3119 3621 de
3140 3566 3400 3637 germine
3444 3565 3644 3633 fulget.

2129 3662 2198 3714 24
2237 3659 2447 3714 Octavo
2476 3663 2644 3712 natus
2670 3657 2877 3710 colitur
2909 3655 3157 3726 Baptista
3186 3657 3454 3710 Joannes.

2129 3751 2197 3801 25
2233 3747 2476 3817 Septeno
2532 3747 2770 3799 Romam
2829 3744 3030 3797 Luccia
3081 3752 3100 3776 ε
3159 3747 3397 3795 exornat
3453 3755 3646 3794 amore

2236 3835 2440 3889 Sancta
2476 3834 2590 3904 pio,
2634 3833 2722 3887 bis
2753 3832 2900 3886 deno
2929 3837 2985 3885 et
3016 3831 3153 3885 bino
3186 3835 3434 3900 martyre
3465 3829 3597 3882 laata
3629 3843 3644 3880 :

2235 3925 2351 3980 Rex
2397 3923 2608 3994 quibus
2653 3921 2852 3975 Aceias
2907 3920 3060 3974 socio
3108 3920 3348 3973 collucet
3404 3919 3644 3971 honore.

2305 4015 2377 4065 Et
2401 4013 2585 4065 natale
2608 4013 2783 4064 sancti
2812 4009 3055 4063 Amandi
3075 4009 3414 4074 confessoris.

2130 4106 2198 4157 26
2249 4101 2481 4157 Sextum
2535 4107 2752 4170 martyr
2802 4097 2975 4152 habet
3019 4096 3229 4152 Paulus
3266 4094 3436 4149 simul
3475 4096 3648 4164 atque

3358 4184 3644 4253 [Joannes,

2235 4279 2526 4346 Germine,
2573 4292 2791 4339 amore,
2823 4275 2958 4337 ﬁde,
2997 4273 3228 4340 virtute,
3276 4277 3334 4328 et
3365 4270 3648 4341 sanguine

3373 4360 3597 4430 [fratres
3631 4377 3642 4410 :

2239 4457 2381 4509 Cum
2415 4455 2624 4525 quibus
2649 4457 2892 4524 augusto
2914 4451 3099 4506 radiat
3124 4447 3454 4504 Constantia
3475 4452 3645 4502 serto.

2311 4545 2691 4598 Thessalonica
2758 4546 2994 4601 civitate,
3048 4542 3226 4593 Lucis
3281 4541 3532 4605 virginis,
3598 4542 3649 4590 et

2377 4633 2585 4686 Avietae
2619 4635 2780 4698 regis.
2829 4632 2899 4683 Et
2935 4631 3110 4682 sancti
3149 4628 3322 4683 Salvii
3364 4630 3644 4694 martyris.

2129 4725 2196 4775 27
2240 4721 2568 4790 Hesperiam
2591 4719 2791 4790 quinto
2823 4717 3060 4772 antistes
3091 4722 3421 4787 martyrque
3447 4715 3648 4769 Zoelus

2237 4808 2577 4879 Martyribus
2625 4807 2881 4861 cumulat
2919 4807 3154 4877 junctus
3209 4805 3484 4873 denisque
3539 4818 3645 4856 no-

3359 4893 3641 4962 [vemque.

2309 4988 2371 5040 In
2417 4987 2664 5054 Spaniis,
2715 4987 3032 5051 Criscentis,
3065 4984 3295 5048 Iuliani,
3362 4981 3644 5036 Clementis

2373 5079 2422 5128 et
2446 5074 2770 5129 Marcellini.

2017 5284 2040 5308 ο
2079 5274 2300 5327 Romam
2377 5271 2595 5325 Luceia.
2673 5272 2834 5325 Hunc
2906 5283 3133 5322 versum
3203 5282 3266 5318 ac
3336 5265 3644 5333 sequentes

1949 5344 2094 5399 duos
2124 5343 2202 5396 ita
2232 5342 2518 5397 edidimus
2549 5346 2614 5394 ut
2635 5340 2908 5410 descripti
2939 5343 3072 5391 sunt
3129 5337 3187 5389 in
3246 5333 3410 5410 c_odd.
3464 5333 3643 5410 Regio

1949 5420 2005 5469 et
2037 5413 2214 5484 Bigot.
2253 5414 2316 5467 In
2363 5412 2539 5482 priori
2590 5403 2860 5474 editione,
2913 5410 3192 5462 Lucena...
3255 5407 3503 5475 Scampio
3562 5403 3644 5458 bis

1951 5486 2152 5540 dena...
2181 5484 2247 5538 de
2271 5484 2468 5554 quibus
2491 5485 2711 5536 Accius.
