4044 6174
349 262 451 313 603

1435 253 1948 309 WANDALBERTI
1991 255 2412 312 PRUMIENSIS
2451 257 2759 314 MONACHI
3694 314 3699 317 _
3742 265 3840 317 604

1814 473 2043 541 [Leone,

702 568 773 619 Et
799 564 995 630 vigilia
1016 564 1378 631 apostolorum
1417 562 1569 615 Petri
1597 566 1645 615 et
1674 562 1853 615 Pauli.

524 658 591 708 29
632 652 855 706 Tertius
886 657 1145 705 auratam
1176 649 1423 704 sustollit
1451 650 1519 703 ad
1542 650 1756 702 aethera
1780 650 2043 715 Romam,

633 740 900 810 Martyrio
932 739 1147 809 pariter
1179 739 1332 792 Petri
1367 738 1641 807 Paulique
1676 738 1863 804 beato,

534 832 600 884 30
642 829 1007 882 Lemovicum
1041 827 1223 897 pridie
1248 836 1272 860 ⁸
1293 826 1497 880 colitur
1526 827 1793 879 Martialis
1825 828 2045 880 honore

630 918 832 972 Junius
862 917 950 970 his
1000 916 1215 969 celsum
1248 916 1404 969 festis
1436 915 1785 969 determinat
1822 915 2041 968 orbem.

700 1007 763 1059 In
834 1006 1053 1070 Africa,
1128 1006 1312 1058 natale
1365 1008 1692 1073 sanctorum
1758 1004 2041 1069 Timothei,

777 1096 971 1148 Zotici.

1070 1232 1324 1289 JULIUS.

631 1376 814 1431 Julius
851 1376 985 1430 hinc
1034 1377 1193 1429 llavis
1224 1378 1493 1430 humeros
1524 1376 1821 1430 redimitus
1851 1378 2042 1433 aristis

631 1466 783 1529 Quos
814 1466 1073 1536 supplex,
1111 1467 1221 1519 aris
1268 1480 1677 1535 veneransque,
1729 1466 1877 1519 colat
1916 1483 2040 1521 me-

1706 1555 2038 1625 [moremus.

346 1644 469 1697 Dies
514 1646 531 1696 l
618 1642 841 1696 Primus
872 1643 970 1713 qui
1001 1643 1208 1697 veteris
1235 1643 1433 1713 pepuli
1466 1642 1721 1713 legisque
1781 1644 2042 1698 sacerdos

630 1739 853 1794 Exstitit
882 1741 1102 1794 incensi
1149 1741 1486 1810 primusque
1532 1741 1714 1795 litavit
1763 1741 1831 1795 ad
1864 1758 2043 1807 aram,

630 1832 817 1882 Aaron
848 1830 1071 1883 orditur
1094 1830 1228 1884 Julii
1261 1835 1558 1901 sacratque
1592 1830 1891 1885 Kalendas.

632 1919 741 1971 Has
799 1935 1031 1989 quoque
1087 1924 1452 1990 contemptor
1510 1920 1713 1973 mundi
1770 1919 2047 1974 Carilefus

1730 2009 1999 2077 [honorat
2032 2026 2043 2036 '

629 2095 846 2149 Salvius
884 2101 941 2149 et
995 2101 1223 2149 sanctus
1277 2095 1591 2150 Scalditum
1643 2096 1836 2150 littora
1897 2096 2043 2152 visit.

701 2186 979 2251 Egolisma
1027 2186 1267 2251 civitate,
1327 2184 1592 2253 depositio
1663 2185 1805 2239 beati
1872 2188 2044 2255 Epar-

772 2274 885 2327 chii
908 2276 1227 2339 confessoris
1250 2278 1299 2327 et
1319 2275 1496 2327 sancti
1519 2274 1678 2329 Galli.

554 2366 586 2417 2
627 2364 930 2416 Processus
990 2368 1176 2415 sextas
1254 2362 1464 2415 retinet
1529 2378 1656 2415 cum
1710 2362 2044 2417 Martiniano

630 2453 839 2517 Nonas,
873 2450 1133 2519 martyrii
1166 2451 1294 2503 laeto
1324 2450 1634 2503 irradiante
1672 2451 1898 2505 decore.

701 2541 770 2594 Et
821 2542 998 2593 sancti
1042 2541 1233 2593 Amati
1293 2541 1633 2604 confessoris.
1703 2542 1773 2594 Et
1845 2546 2045 2596 sanctae

770 2628 1076 2693 Monegund
1081 2630 1145 2680 is.

559 2719 589 2769 3
629 2714 929 2769 Pontiﬁces
960 2716 1163 2785 quinas
1192 2716 1508 2781 Anatolius,
1559 2716 1968 2788 Eulogiusque.

700 2806 763 2859 1n
830 2804 1045 2858 Edessa
1122 2807 1357 2867 civitate,
1442 2806 1731 2859 translatio
1801 2808 2043 2874 corporis

768 2896 946 2947 sancti
980 2895 1189 2947 Thomas
1217 2895 1468 2962 apostoli,
1501 2896 1597 2963 qui
1624 2909 1820 2963 passus
1873 2900 1950 2949 est
1979 2897 2039 2948 in

771 2982 955 3037 India.

562 3071 594 3122 4
636 3070 933 3136 Lauriane,
965 3077 1123 3124 tenes
1148 3071 1488 3124 meritorum
1513 3070 1747 3124 nomine
1771 3076 2000 3141 quartas
2026 3089 2039 3126 :

632 3159 881 3229 Ossaque
912 3158 1135 3213 Martini
1168 3159 1391 3213 tumulo
1441 3163 1661 3212 mutata
1718 3163 2039 3215 venustant.

556 3250 586 3299 ὅ
633 3247 911 3300 Domitius
949 3252 1140 3301 ternas
1179 3247 1349 3311 dicat,
1400 3254 1458 3301 et
1496 3248 1811 3301 clarissima
1842 3250 1967 3302 Zoe.

630 3336 797 3390 Auxit
849 3336 1122 3405 martyrio
1173 3343 1383 3389 emtum
1447 3352 1575 3406 qua:
1618 3336 1764 3404 jura:
1809 3337 2043 3390 beatum

700 3425 771 3476 In
803 3425 994 3479 Sicilia
1030 3425 1356 3491 Agathonis.
1398 3428 1463 3478 Et
1514 3428 1571 3477 in
1610 3427 1768 3478 Tonis
1801 3427 2041 3493 civitate,

772 3512 956 3565 natale
1004 3512 1316 3566 Secundini.
1375 3515 1444 3566 Et
1514 3514 1682 3566 Isaia
1746 3514 2038 3581 propheta,

765 3604 816 3653 et
851 3600 1159 3669 Triphonis.

557 3692 588 3742 6
630 3688 884 3742 Eximius
914 3694 1106 3742 vatum
1138 3688 1321 3758 pridie
1352 3689 1604 3743 defectus
1634 3689 1693 3742 in
1728 3689 1865 3743 orbe

626 3776 891 3846 Martyrio
922 3777 1115 3843 Isaias,
1149 3777 1376 3842 virtute,
1411 3782 1581 3847 atque
1624 3794 1721 3830 ore
1763 3783 2037 3832 coruscat.

628 3865 1022 3936 Tranquilline
1054 3865 1225 3921 simul
1257 3866 1469 3935 duplici
1510 3866 1813 3936 splendore
1861 3867 2042 3920 reful-

1901 3956 2038 4025 lges.

626 4042 965 4097 Sanctorum
1016 4041 1259 4112 genitor,
1307 4046 1531 4096 sanctos
1572 4042 1890 4097 comitateh
1935 4060 2042 4113 pe-

1728 4131 2004 4200 [remptos
2024 4146 2038 4183 :

629 4218 888 4287 Tumque
962 4220 1111 4271 Goar
1164 4216 1371 4270 Christi
1421 4218 1626 4271 colitur
1676 4218 2041 4289 famulusque

1718 4308 2029 4377 [sacerque.

698 4394 766 4446 Et
793 4397 981 4446 octava
1006 4394 1369 4460 apostolorum
1395 4395 1544 4448 Petri
1566 4398 1616 4447 et
1645 4394 1822 4447 Pauli.

560 4488 590 4536 7
633 4485 889 4538 Pantmni
922 4485 1090 4538 Nonis
1120 4486 1381 4556 splendet
1426 4486 1693 4539 meritum
1728 4501 1838 4555 que
1870 4484 2038 4537 ﬁdes-

1882 4572 2035 4642 [que.

701 4662 761 4714 In
819 4662 1186 4728 Alexandria,
1242 4664 1545 4731 Apollonis.
1604 4665 1671 4716 Et
1734 4666 1924 4715 octava
1978 4662 2034 4715 S.

772 4752 1051 4805 Martialis
1074 4753 1323 4819 apostoli.

555 4843 587 4891 8
630 4838 847 4893 Octono
897 4844 1027 4891 ante
1084 4840 1213 4893 ldus
1260 4839 1530 4901 Cilianus,
1587 4838 2036 4909 Procopiusque.

634 4928 937 4991 Excellent,
973 4927 1259 4982 Christum
1304 4928 1511 4981 virtute
1554 4933 1611 4981 et
1649 4942 1806 4981 more
1838 4927 2036 4981 secuti.

415 5095 440 5119 ⁸
471 5087 802 5141 Lemovicum
831 5087 1029 5155 pridie.
1061 5088 1124 5141 In
1154 5085 1351 5141 codice
1380 5088 1517 5157 Reg.
1561 5086 1640 5140 sic
1684 5088 1897 5158 legitur
1948 5086 2039 5141 hic

346 5172 540 5209 νθτευδ
571 5174 583 5209 ἶ

409 5280 668 5329 Marcialis
698 5280 863 5343 pridie
890 5281 1214 5329 Lemovicam
1240 5282 1510 5345 apostolus
1539 5287 1710 5331 ornat.

418 5388 442 5427 ι)
477 5388 699 5440 Sanctos
767 5390 1031 5442 comitate.
1088 5388 1176 5442 Sic
1234 5389 1541 5457 legendum
1598 5407 1720 5443 esse
1782 5391 2039 5445 arbitrati

350 5472 565 5518 sumus,
595 5458 723 5511 cum
759 5458 895 5511 illud
930 5460 1079 5529 quod
1114 5460 1170 5511 in
1210 5460 1387 5527 priori
1421 5460 1669 5514 editione
1720 5461 2035 5529 legebatur,

347 5530 649 5592 comitante,
685 5530 905 5582 nullum
939 5530 1210 5583 idoneum
1241 5548 1467 5584 sensum
1498 5532 1839 5585 admitteret.

352 391 481 445 Dies
520 392 588 444 28
627 387 874 444 Praesule
940 388 1179 457 quartus
1244 388 1417 449 ovat,
1478 383 1637 436 verbi
1693 388 1751 436 et
1818 384 2042 437 doctore
2082 392 2127 442 Α

2086 1692 2126 1746 Β

2081 2972 2121 3027 C

2516 389 2579 441 1n
2644 389 2835 443 Sicilia
2898 390 3173 444 Pancrati.
3235 391 3297 444 In
3349 393 3574 445 Eraclea
3624 394 3843 447 Joannis

2580 481 2629 530 et
2659 479 2900 531 Primoli.

2154 563 2277 616 Dies
2352 565 2402 617 9.
2446 565 2641 619 Audax
2690 573 2925 637 septeno
2958 567 3286 638 pariterque
3333 570 3592 623 Anatona
3623 570 3841 625 claret:

2440 654 2550 707 Nec
2579 654 2771 707 minus
2806 662 2862 709 et
2892 661 3249 727 contemptor
3293 673 3466 727 opum
3514 675 3672 712 sacer
3706 660 3846 713 emi-

3465 746 3583 816 [net
3611 748 3844 801 Etfrem.

2508 851 2569 903 In
2614 852 2777 903 Tonis
2821 852 3060 914 civitate,
3110 853 3291 905 natale
3327 857 3635 907 sanctorum
3685 855 3849 909 Vitali

2577 943 2629 992 et
2679 939 2934 992 Fraterni
2980 941 3235 1007 episCOpi.
3304 940 3562 995 Theodosi
3612 943 3852 1011 episcopi

2577 1032 2627 1080 et
2661 1027 2936 1081 Generosi.

2336 1135 2399 1187 10
2437 1133 2917 1204 Sexto'germana
2968 1134 3189 1188 Christo
3229 1151 3333 1205 pro
3376 1140 3525 1190 sorte
3572 1152 3847 1191 coronam

2438 1224 2742 1292 Progenies
2788 1229 3023 1293 septena
3065 1224 3233 1288 dicat,
3272 1224 3528 1277 Felicitas
3557 1226 3713 1279 alma

2438 1310 2618 1374 Quam
2659 1313 2880 1381 genuit,
2930 1317 3265 1383 gratamque
3322 1313 3432 1366 Deo
3464 1315 3751 1383 priemisit
3784 1316 3849 1368 ad

3647 1404 3847 1473 [aram

2504 1499 2700 1557 Romae,
2735 1499 2995 1552 Priscilla:
3035 1503 3083 1552 et
3126 1499 3307 1551 natale
3344 1504 3542 1567 septem
3582 1504 3851 1565 fratrum.

2576 1588 2647 1639 Et
2675 1593 2874 1640 sanctae
2904 1588 3149 1642 Petrosz.

2339 1684 2393 1735 11
2441 1682 2705 1753 Martyrio
2749 1684 3015 1755 quintum
3071 1685 3252 1739 sancit
3297 1686 3618 1749 Januarius,
3684 1692 3854 1758 atque

2441 1772 2739 1827 Consimili
2770 1773 3001 1827 decorat
3022 1774 3245 1844 Pelagia
3278 1781 3469 1828 sancta
3496 1776 3711 1829 nitore.

2438 1861 2582 1915 Tum
2642 1863 3035 1917 Beneventatis
3085 1864 3358 1918 translata
3433 1864 3506 1935 [e]
3558 1866 3856 1919 montibus

3698 1953 3856 2023 [almi

2437 2039 2593 2092 Justa
2635 2037 2816 2091 Patris
2846 2046 2866 2071 ο
2912 2039 3212 2106 Benedicti,
3273 2055 3423 2092 nunc
3480 2039 3647 2106 Liger
3710 2040 3855 2093 altus

3559 2128 3851 2198 [honoraL

2509 2236 2579 2288 Et
2633 2236 2812 2288 sancti
2861 2234 3080 2303 Ατοηυίιί
3132 2236 3475 2301 confessoris,
3531 2240 3581 2289 et
3632 2236 3856 2289 Rustici

2577 2322 2902 2391 presbyteri,
2927 2327 2976 2375 et
3003 2325 3179 2376 sancti
3201 2324 3411 2378 Savini.

2334 2420 2396 2471 12
2437 2418 2845 2488 Hermagoram
2899 2425 3104 2489 quarto
3150 2421 3390 2490 supplex
3422 2420 3685 2492 Aquileia
3744 2422 3853 2475 fre-

3564 2510 3852 2579 [quentat,

2433 2594 2681 2650 Antistes
2714 2595 2979 2665 precibus
3012 2596 3292 2666 populum
3330 2596 3431 2666 qui
3460 2595 3620 2650 fulcit
3651 2604 3707 2651 et
3756 2615 3850 2651 ur-

3672 2688 3851 2757 [bem.

2503 2775 2573 2828 Et
2619 2775 2801 2827 natale
2853 2778 3161 2827 sanctorum
3202 2776 3512 2841 Fortunati,
3570 2780 3622 2828 et
3659 2779 3855 2831 Armi—

2572 2865 2708 2930 geri,
2741 2868 2791 2916 et
2820 2865 2998 2917 sancti
3022 2866 3199 2931 patris
3230 2866 3467 2918 Arsenii.

2332 2954 2394 3006 l3
2434 2952 2657 3005 Tertius
2682 2952 2950 3021 .lEgytum
2982 2957 3291 3022 praesentat
3323 2952 3620 3023 Serapioni
3653 2970 3666 3006 :

2433 3040 2653 3094 Atialus
2685 3046 2741 3093 et
2785 3047 3002 3109 martyr
3045 3040 3259 3094 cmlesti
3304 3042 3440 3094 ﬂore
3464 3041 3692 3095 virescit
3724 3043 3776 3095 ά.

2508 3131 2578 3183 In
2632 3129 2980 3183 Alexandria
3010 3130 3343 3198 Serapionis,
3396 3132 3700 3197 Evangelii,
3756 3134 3849 3185 Ze-

2578 3220 2753 3272 nonis.
2821 3219 3107 3286 Trophinz
3181 3221 3433 3286 virginis.
3502 3222 3576 3274 Et
3649 3226 3854 3274 sanctas

2574 3307 2839 3360 Praxedis
2869 3308 3123 3373 virginis.

2336 3396 2397 3449 14
2435 3394 2694 3449 Antisteo
2722 3394 2904 3465 pridie
2948 3400 3007 3448 et
3043 3400 3261 3465 martyr
3303 3394 3446 3464 petit
3482 3394 3695 3449 aethera
3745 3398 3850 3449 Fo-

3710 3486 3847 3555 [cas.

2503 3572 2769 3640 Lugduno
2799 3574 2918 3638 Gal,
2966 3574 3150 3626 natale
3194 3574 3339 3627 Iusti
3383 3576 3641 3642 episcopi.
3694 3576 3851 3627 San-

2574 3670 2669 3715 ctae
2749 3664 2939 3716 Maria:
3026 3661 3382 3728 Magdalenz.
3477 3663 3560 3716 Et
3649 3669 3851 3717 sanctae

2578 3750 2953 3818 Symphorosz
2975 3765 3094 3803 cum
3118 3754 3317 3818 septem
3337 3749 3486 3817 ﬁliis.

2332 3840 2393 3892 15
2434 3837 2628 3892 Idibus
2668 3838 2945 3908 effulgent
2978 3837 3271 3903 Casianus,
3304 3837 3672 3909 Cyriciusque
3700 3856 3712 3893 :

2436 3926 2762 3980 EtJacobus
2792 3925 3012 3979 meritis
3038 3926 3356 3979 celebratur
3389 3926 3689 3997 episcopus
3720 3944 3845 3980 am-

3691 4016 3843 4085 [plis.

2505 4113 2568 4165 In
2607 4112 2815 4166 Sirmio
2870 4112 3054 4165 natale
3094 4117 3399 4165 sanctorum
3447 4112 3753 4182 Agrippini
3796 4118 3848 4166 et

2574 4200 2826 4254 Secundi.

2326 4293 2387 4342 16
2428 4291 2567 4343 Cum
2597 4288 2816 4341 decima
2856 4291 3176 4358 Augustum
3207 4287 3561 4358 praesignans
3606 4301 3628 4325 ο
3666 4290 3843 4358 septi-

3435 4375 3553 4449 [ma
3586 4392 3845 4430 mensem

2434 4464 2683 4518 Hilarine
2715 4470 2812 4518 tuo
2842 4470 3056 4535 martyr
3089 4464 3232 4518 nitet
3262 4465 3477 4535 optime
3508 4465 3669 4518 festo.

2502 4571 2563 4624 In
2595 4570 2857 4631 Caesarea.
2888 4572 3067 4625 sancti
3111 4572 3285 4625 Pauli.
3329 4573 3400 4625 Et
3446 4573 3624 4625 sancti
3667 4572 3839 4625 Mam-

2574 4661 2749 4712 metis.
2827 4660 2894 4713 Et
2947 4660 3237 4712 translatio
3292 4661 3469 4712 sancti
3515 4658 3838 4713 Justiniani.

2332 4765 2393 4817 17
2433 4762 2785 4816 Sedecimam
2822 4762 2965 4815 votis
3000 4763 3279 4832 Carthago
3337 4766 3551 4832 spectat
3601 4761 3838 4832 opimis;

2433 4852 2680 4922 Martyrii
2732 4851 2961 4922 plebem
3012 4851 3338 4905 duodenem
3395 4852 3522 4905 laeta
3567 4850 3842 4920 frequen-

3673 4939 3837 5009 [tans,

2220 5116 2239 5140 ο
2277 5109 2435 5160 Justa
2476 5106 2691 5159 Patris.
2754 5106 2815 5157 In
2848 5102 3037 5157 codice
3088 5104 3253 5172 Reg.,
3289 5102 3448 5156 busta
3476 5104 3677 5169 Patris,
3712 5116 3837 5154 meo

2150 5178 2382 5248 quidem
2404 5177 2642 5246 judicio,
2678 5175 2866 5248 minus
2894 5178 3060 5248 recte.

2220 5249 2245 5290 ἀ
2284 5242 2442 5303 Flore
2475 5248 2710 5300 virescit.
2762 5246 2852 5299 Sic
2905 5246 3045 5314 Reg.
3106 5244 3279 5297 codex
3324 5248 3382 5297 et
3425 5243 3640 5313 Bigot.;
3689 5242 3843 5313 prior

2151 5319 2349 5383 editio,
2384 5321 2512 5385 flore
2544 5319 2777 5370 nitescit.

2218 5398 2241 5424 °
2278 5390 2586 5456 Augustum
2623 5390 2987 5456 prasignans.
3020 5385 3116 5439 Hic
3148 5386 3313 5440 codd.
3360 5386 3499 5455 Reg.
3546 5390 3605 5437 et
3657 5386 3831 5449 Bigot.

2148 5461 2327 5513 secuti
2353 5475 2569 5523 sumus,
2599 5474 2729 5511 nam
2762 5459 2819 5511 in
2848 5458 3014 5511 editis
3045 5456 3343 5526 legebatur
3370 5458 3677 5525 Augustam
3697 5469 3835 5525 prse—

2148 5534 2351 5598 signat.
