4022 6178
205 322 286 374 0'05

1598 329 2218 388 MARTYROLOGIUM.
3545 338 3648 392 606

440 453 726 510 Scillitana
777 457 948 514 simul
978 471 1001 496 ⁸
1051 461 1225 532 capiti
1252 479 1396 533 quos
1434 463 1618 534 patria
1663 464 1838 520 misit.
1878 468 1926 520 Δ

507 547 834 611 Mediolano,
904 552 1090 604 natale
1139 557 1315 606 sancti
1368 556 1626 610 Marcelli.
1679 557 1844 609 Anti-

575 635 810 698 siodoro,
867 637 1130 706 depositio
1183 639 1328 693 beati
1391 641 1672 695 Theodosii
1730 643 1844 712 epi-

574 741 740 796 scapi.

193 817 295 868 Dies
337 815 391 866 18
443 811 876 876 Quindecimam
927 816 1176 887 genitrix
1216 823 1452 890 septena
1485 822 1644 892 prole
1691 822 1842 876 dica-

1745 911 1818 964 vit

1745 912 1818 965 vit

443 991 826 1060 Symphorosa
856 992 951 1062 pio
981 993 1197 1064 pariter
1225 1011 1355 1050 cum
1391 997 1650 1068 germine
1678 912 1843 1052 αξξδαῖ

440 1078 733 1146 (Fervidus
773 1080 1026 1134 ardentis
1081 1084 1221 1153 petit
1251 1084 1357 1138 hac
1407 1086 1489 1140 sol
1521 1086 1684 1157 signa
1727 1087 1844 1140 leo-

1713 1190 1822 1228 015.

1754 1190 1822 1227 is.

345 1257 400 1308 l9
435 1254 706 1309 Arsenius
738 1261 1001 1327 quartam
1036 1258 1359 1332 denumque
1389 1262 1627 1317 eremita
1663 1173 1844 1316 gina}

1715 1356 1842 1405 stat.

1715 1356 1842 1405 stat.

509 1434 573 1487 In
631 1435 854 1503 Spaniis
908 1437 1092 1490 natale
1148 1442 1325 1491 sancti
1373 1439 1537 1492 Justi.
1586 1352 1847 1505 Lug[duni

575 1520 716 1575 Gall.
752 1524 936 1576 natale
965 1527 1140 1577 saucti
1167 1526 1376 1578 Rustici
1401 1526 1726 1594 presbyteri.

335 1611 398 1663 20
435 1611 498 1664 Et
572 1615 795 1665 ternam
853 1611 1062 1666 denam
1118 1615 1144 1657 δ
1211 1614 1555 1668 Philibertus
1619 1619 1847 1668 sanctus

1554 1702 1840 1774 [adornat.

503 1787 576 1839 Et
606 1788 791 1840 natale
815 1789 983 1849 Petri,
1007 1789 1298 1843 Amabilis.

333 1876 388 1927 2t
435 1875 710 1928 Praxedis
762 1876 1028 1929 duodena
1080 1876 1314 1948 effulget
1362 1877 1620 1948 virginis,
1677 1884 1846 1949 atque

432 1953 769 2032 Prophetas'
799 1963 1053 2016 Danielis
1107 1965 1368 2032 nomine,
1411 1966 1546 2032 line,
1597 1965 1843 2037 ﬁdeque.

333 2058 397 2109 22
435 2056 810 2111 Undecimam
869 2057 1092 2112 Christo
1136 2058 1269 2112 felix
1322 2059 1629 2113 miserante
1676 2057 1847 2112 Maria

434 2144 635 2212 Ornat,
668 2151 906 2216 septeno
945 2146 1130 2200 caruit
1160 2163 1288 2218 quia
1327 2147 1611 2216 daemone,
1642 2161 1845 2218 quam-

429 2320 689 2392 Magdala
718 2322 1084 2393 progenitam
1115 2323 1305 2394 signat
1337 2323 1679 2394 cognomine
1709 2234 1847 2378 [21"]:

1778 2430 1836 2468 ο.

434 2498 808 2570 Vandregisle
840 2498 940 2554 tibi
968 2500 1074 2554 hac
1122 2499 1532 2555 monachorum
1579 2423 1848 2557 votalgr:

1560 2587 1842 2660 [currunt.

503 2677 579 2729 Et
601 2678 785 2730 natale
812 2681 1012 2730 sanctae
1049 2678 1240 2731 Mariae
1265 2678 1622 2746 Magdalenen.

331 2767 394 2818 23
435 2764 579 2817 Hinc
610 2763 892 2818 decimam
925 2764 1232 2834 praeclarus
1269 2765 1616 2835 Apollinaris
1669 2765 1844 2819 hono-

1737 2858 1843 2907 rat.

1737 2858 1843 2907 rat.

502 2944 704 3003 Romae,
753 2944 844 2996 via
896 2943 1205 3006 Tiburtina,
1254 2945 1438 2998 natale
1482 2948 1658 2998 sancti
1714 2855 1846 2998 [Vin-

579 3033 760 3082 centii.
813 3032 915 3085 Via
953 3031 1151 3092 Acuta,
1205 3032 1388 3085 natale
1428 3036 1604 3085 sancti
1636 3032 1844 3085 Primi-
1886 3060 1926 3113 υ

578 3121 694 3172 tivi.

331 3208 396 3260 24
434 3208 566 3262 Mox
617 3221 830 3260 nonam
895 3206 1198 3274 Christina,
1248 3206 1474 3278 Aquila,
1551 3211 1607 3261 et
1654 3207 1848 3262 Niceta

1503 3296 1842 3366 [sacrarunt.

499 3383 567 3435 In
621 3381 886 3435 Armenia
933 3386 1170 3443 civitate,
1220 3384 1404 3436 natale
1451 3388 1625 3437 sancti
1680 3385 1849 3438 Victo-

580 3485 676 3524 γιε.

329 3559 393 3609 25
433 3557 706 3612 Octavam
738 3557 978 3613 Iacobus
1006 3557 1262 3612 Zebedaai
1291 3557 1441 3612 ﬁlius
1472 3564 1656 3624 ornat,

431 3647 663 3700 Primus
720 3646 1099 3716 apostolicum
1154 3662 1286 3700 vero
1333 3662 1438 3716 pro
1488 3647 1639 3718 Rege
1677 3664 1843 3701 cruo-

1703 3735 1844 3809 [rem

428 3824 541 3889 Qui
590 3822 782 3878 dedit:
835 3824 988 3877 hunc
1037 3821 1297 3888 Cucufas,
1349 3821 1844 3894 Christoforusque

1482 3911 1841 3982 [sequuntur.

329 4001 393 4053 26
429 3999 753 4069 Septimam
830 3997 1112 4051 Adrianus
1191 4003 1366 4065 tenet,
1469 3997 1846 4070 Emiliusque

1643 4089 1812 4160 [beati
1832 4111 1848 4158 ;

433 4177 755 4234 Marcianus
803 4193 933 4231 cum
991 4177 1120 4248 quis
1167 4178 1354 4233 simile
1397 4178 1606 4233 virtute
1648 4180 1848 4235 trium-

506 4354 571 4406 In
629 4352 902 4406 Laudacie
942 4353 1104 4419 frige,
1156 4354 1340 4406 natale
1385 4266 1851 4409 sanctoruriiphji:

581 4442 736 4501 liani,
765 4441 974 4501 Felicis,
1011 4442 1240 4494 Maximi
1259 4445 1308 4493 et
1337 4442 1644 4496 Saturnini.

329 4533 393 4584 27
439 4530 741 4600 Presbyter
810 4530 1145 4584 Hermolaus
1221 4539 1242 4564 °
1296 4535 1451 4583 sexta
1519 4536 1846 4602 martyrque

1570 4632 1843 4682 coruscat.

1549 4627 1843 4696 [coruscat.

506 4713 572 4766 In
620 4714 802 4780 Syria,
844 4717 1144 4782 assumptio
1187 4716 1364 4766 sancti
1425 4713 1687 4768 Simeonis
1731 4731 1845 4768 mo-

580 4801 760 4856 nachi.
823 4804 893 4855 Et
947 4801 1210 4870 depositio
1267 4803 1444 4854 sancti
1505 4803 1677 4855 Εἰθνί
1732 4807 1844 4871 epi-

579 4894 746 4958 scopi.

328 4977 394 5030 '28
435 4975 710 5040 Quintam
790 4976 1061 5030 Nazarius
1119 4991 1249 5029 cum
1326 4975 1486 5030 Celso
1545 4977 1844 5046 possidet:

1563 5064 1849 5134 [hancque

432 5151 746 5204 Pantaleon
799 5155 1014 5222 martyr
1063 5150 1296 5222 proprio
1354 5151 1464 5206 sibi
1509 5151 1690 5205 sancit
1737 5151 1848 5205 lio-

1625 5239 1790 5308 [nore
1828 5256 1841 5294 :

237 5387 256 5454 f
309 5379 599 5454 Scillitana
638 5381 834 5454 simul.
895 5379 991 5435 Six
1049 5381 1226 5435 codex
1285 5381 1447 5452 Reg.,
1516 5381 1845 5448 emendate;

178 5451 317 5522 prior
345 5451 520 5504 editio
552 5452 847 5512 Sullitana,
880 5458 1166 5522 corrupte.

239 5520 346 5597 {Et
397 5527 610 5597 ternam
655 5523 882 5597 denum;
904 5523 970 5576 In
1001 5520 1124 5592 ejus
1169 5538 1362 5577 versus
1391 5523 1583 5578 locum
1616 5523 1706 5577 hic
1751 5524 1848 5579 de-

183 5593 403 5659 scriptus
433 5598 522 5646 est
548 5593 608 5647 in
634 5593 822 5648 codice
851 5595 993 5664 Reg.
1033 5611 1047 5648 :

2240 464 2529 535 Insignem
2562 465 2782 520 meritis
2814 465 2965 520 Petri
2996 465 3272 538 Paulique
3297 467 3478 523 beatis

2239 554 2452 608 Prmsul
2496 555 2787 609 Romanus
2831 554 3150 626 Stephanus
3196 560 3318 610 tum
3356 563 3646 613 consecrat

3439 645 3642 716 [δηίων

2234 729 2469 799 Temple
2502 747 2632 802 quae
2661 731 2914 802 Dionysii
2946 737 3234 801 gemmata
3271 733 3536 802 refulget,

2235 819 2426 889 Signis
2473 821 2735 890 martyrii
2768 821 3045 887 monitus,
3091 820 3339 892 visisque
3391 822 3642 892 ﬁdeque.

1953 910 2077 962 Dies
2115 911 2183 962 29
2239 908 2410 974 Felix,
2468 909 2814 980 Simplicius,
2850 909 3150 964 Faustinus
3201 915 3257 962 et
3310 909 3460 964 alma
3512 911 3647 965 Bea-

3491 1000 3618 1072 ltrix
3629 1042 3644 1069 ,

2238 1087 2597 1158 Tricassique
2659 1089 2851 1159 Lupus
2921 1093 3182 1159 quartam
3260 1087 3647 1141 communiter

3395 1177 3642 1246 [aurant.

2309 1267 2488 1320 Roma
2516 1271 2606 1320 via
2639 1267 2903 1320 Puerinse
2944 1267 3128 1320 natale
3157 1269 3470 1319 sanctorum
3510 1265 3648 1319 Sim-

2373 1356 2549 1423 plicii,
2609 1357 2859 1409 Faustini
2915 1359 2966 1408 et
3011 1356 3291 1408 Beatricis.
3347 1356 3418 1407 Et
3465 1355 3648 1407 natale

2377 1447 2554 1496 sancti
2579 1445 2789 1497 Felicis.

2132 1532 2198 1584 30
2237 1530 2456 1594 Abdon,
2507 1538 2564 1584 et
2593 1531 2839 1586 Sennem
2886 1532 3149 1602 designat
3191 1531 3359 1585 tertia
3399 1535 3644 1596 sanctos,

2240 1619 2420 1689 Regni
2462 1636 2607 1691 quos
2641 1621 2839 1675 Romae
2869 1620 3073 1675 tribuit
3103 1621 3172 1675 de
3205 1621 3466 1690 germine
3505 1621 3648 1674 Per-

3525 1706 3643 1777 [sis.

2133 1796 2193 1849 3t
2242 1795 2492 1867 Martyrii
2524 1797 2708 1867 pridie
2747 1799 2978 1853 Fabium
3008 1799 3100 1868 pia
3130 1798 3315 1868 gloria
3342 1795 3501 1850 texit.

2236 1885 2420 1940 Julius
2463 1886 2585 1941 hinc
2616 1887 2744 1943 orbi
2776 1888 3052 1942 excedens
3084 1885 3364 1940 solemnia
3412 1882 3641 1954 linquit.

2309 1977 2370 2028 In
2423 1976 2624 2041 Africa
2666 1978 2902 2038 civitate,
2951 1977 3186 2029 natalem
3217 1977 3526 2028 sancto-rum
3557 1971 3648 2025 Se-

2382 2064 2566 2124 cundi,
2627 2066 2894 2131 Dionysii.
2952 2063 3325 2124 Antisiodoro,
3379 2061 3644 2129 depositio

2383 2153 2637 2208 Germani
2663 2155 2916 2222 episcopi.

2606 2336 2984 2392 AUGUSTUS.

2237 2511 2532 2578 Augustus
2576 2507 2809 2562 demum
2840 2507 3013 2577 pleno
3043 2506 3162 2577 jam
3202 2505 3351 2559 farre
3383 2503 3645 2569 refertus,

2238 2595 2376 2660 Quis
2405 2611 2550 2650 nova
2581 2611 2738 2649 sacra
2777 2595 2942 2662 ferat,
2983 2598 3371 2648 monstremus
3398 2590 3650 2644 carmine

3379 2677 3644 2749 [sanctos.

1955 2779 2082 2831 Dies
2166 2777 2181 2827 ι
2240 2774 2392 2838 Quos
2438 2773 2591 2827 ferus
2635 2772 2692 2826 in
2727 2776 2970 2826 mortem
3011 2768 3319 2824 Antiochus
3357 2782 3484 2820 cum
3527 2781 3648 2819 ma-

3267 2857 3373 2925 [tre
3395 2854 3645 2923 subegit,

2240 2947 2492 3001 Ventura
2535 2961 2789 3017 sanguen
2836 2944 2935 3016 qui
2984 2942 3206 2997 Christo
3254 2944 3453 3010 sponte
3495 2939 3646 2992 dica-

3469 3026 3643 3095 [runt,

2241 3125 2526 3192 Augustas
2559 3119 2809 3174 retinent
2837 3116 3142 3173 Machabaei
3180 3117 3310 3186 jure
3342 3114 3643 3169 Kalendas.

2238 3212 2472 3263 Carcere
2503 3199 2682 3261 Roma
2749 3207 2979 3259 Petrum
3026 3203 3273 3257 celebrat
3332 3200 3645 3270 vinclisque

3275 3290 3597 3359 [reductum
3627 3303 3639 3340 :

2243 3384 2661 3454 Eusebiumque
2714 3397 2881 3435 suum
2932 3379 3166 3433 Vercelli
3213 3378 3319 3432 rite
3378 3378 3644 3446 frequen-

3497 3468 3637 3518 tant.

3497 3468 3637 3518 tant.

2309 3563 2372 3615 In
2429 3563 2699 3615 Bituricus
2752 3561 2986 3617 civitate,
3042 3557 3184 3609 beati
3233 3464 3490 3608 Archadi
3528 3556 3642 3622 epi-

2382 3665 2549 3719 scopi.

2167 3743 2200 3793 2
2239 3740 2533 3793 Nonarum
2587 3734 2907 3806 Stephanus
2979 3739 3306 3803 martyrquc
3364 3735 3422 3785 et
3498 3746 3647 3800 papa

3428 3818 3647 3889 [beatus

2239 3915 2452 3979 Quarto
2483 3913 2696 3968 festivas
2721 3911 2922 3966 tribuit
2951 3910 3048 3981 pia
3079 3909 3287 3981 gaudia
3315 3909 3526 3962 Romae.

2169 4008 2199 4059 3
2238 4006 2420 4059 Terno
2476 4019 2606 4057 mox
2657 4000 2864 4056 colitur
2913 3997 3185 4070 Stephani
3243 3997 3498 4050 solemne
3554 4009 3646 4049 re-

3452 4081 3641 4152 [perti,

2242 4180 2466 4235 Primus
2518 4179 2620 4251 qui
2673 4181 2915 4232 mortem
2962 4174 3170 4230 Christi
3217 4179 3302 4227 est
3348 4171 3646 4226 moriendo

3350 4262 3597 4332 [secutus
3631 4274 3642 4312 :

2246 4355 2541 4422 Gamaliel,
2612 4354 2968 4417 Nicodemus,
3027 4351 3254 4407 Abidon
3317 4349 3648 4421 pariterque

2242 4444 2488 4509 Inventi,
2526 4447 2657 4496 voto
2685 4443 2907 4512 fulgent
2933 4444 2988 4494 et
3015 4441 3182 4494 laude
3207 4438 3467 4510 perenni.

2169 4535 2204 4588 4
2240 4534 2491 4586 Justinus
2549 4532 2733 4601 pridie
2781 4529 3016 4600 proprio
3067 4529 3385 4584 celebratur
3429 4528 3648 4582 honore

2241 4622 2565 4692 Presbyter,
2601 4621 2934 4672 innumeros
2969 4624 3291 4673 sanctorum
3324 4617 3478 4671 caade
3518 4631 3650 4687 per-

3402 4705 3650 4774 [emptos

2242 4795 2469 4851 Crudeli
2501 4793 2808 4865 exquirens
2838 4793 3076 4847 tumulis
3107 4794 3205 4864 qui
3229 4790 3644 4846 condecoravit.

2310 4884 2586 4938 Dedicatio
2610 4885 2786 4936 sancti
2813 4882 3039 4934 Joannis
3067 4881 3425 4948 evangelista.

2171 4975 2201 5026 5
2242 4973 2430 5026 Nonas
2468 4972 2767 5037 Casianus,
2802 4970 3121 5035 Memmius,
3158 4976 3330 5040 atque
3377 4966 3649 5022 Osvaldus

2242 5061 2356 5115 Rex
2407 5061 2536 5131 pius
2602 5060 2942 5129 Anglorum,
3006 5057 3211 5112 merit'o
3284 5056 3494 5109 virtute
3558 5069 3649 5107 re-

3381 5145 3644 5215 [tentant.

2310 5241 2376 5293 In
2438 5243 2656 5294 civitate
2724 5240 3135 5307 Augustiduno,
3194 5240 3382 5306 passio
3451 5238 3651 5289 sanctae

2021 5380 2250 5431 Sabinus
2279 5386 2490 5432 ternum
2517 5382 2821 5446 denumque
2845 5381 2975 5445 petit
2997 5380 3277 5439 Lucianus,

1958 5469 2129 5524 quem
2163 5454 2394 5523 quidem
2426 5454 2857 5525 supposititium
2881 5469 3001 5506 esse
3034 5451 3254 5521 opinor.

1974 5519 1995 5524 “
2028 5519 2386 5650 εωΡτὲεὸυιεν
2434 5519 2776 5581 Hermolaus.
2834 5525 2898 5578 In
2950 5519 3196 5594 utro—que
3251 5519 3465 5588 codice,
3520 5521 3654 5575 Her-

1958 5611 2042 5650 me
2104 5612 2187 5651 us.
