4022 6178
343 301 445 354 6οἹ

1424 300 1935 356 WANDALBERTI
1974 298 2404 358 PRUMIENSIS
2443 300 2758 356 MONACHI
3737 306 3830 358 608

768 439 960 508 Alfi-ae.
1007 440 1078 492 Et
1127 442 1303 492 sancti
1354 439 1604 494 Cassiani
1650 442 1902 507 episcopi.
1961 441 2032 492 Et
2067 437 2113 491 Α

769 527 1040 582 dedicatio
1070 530 1270 581 sancta
1295 528 1502 581 Maria.

344 623 469 674 Dies
541 621 572 673 6
631 616 826 673 Idibus
873 618 1090 672 octonis
1141 622 1380 672 mortem
1414 633 1648 689 passura
1694 633 2034 689 crucemque

633 706 843 761 Christi
899 710 1094 760 sancta
1146 722 1278 760 caro
1331 707 1639 760 aatheream
1695 706 1852 761 dedit
1904 711 2034 761 ante

1720 794 1989 865 [figuram
2018 811 2031 849 :

627 881 842 935 Prasul
877 885 932 934 et
961 880 1049 935 his
1096 881 1283 936 Sixtus
1311 883 1508 938 Romae
1574 889 1903 954 martyrque
1951 899 2036 937 co-

1775 971 2031 1042 ﬂendus;

624 1058 795 1111 Juxta
841 1060 898 1110 et
945 1057 1346 1124 Felicissimus,
1395 1058 1786 1130 Agapitusque
1830 1059 2033 1113 trium-

1808 1148 2030 1217 [phant.

627 1233 745 1303 [His
785 1249 1015 1305 quoque
1059 1241 1416 1306 consurgunt
1459 1235 1723 1291 autumni
1770 1241 2035 1304 tempora

1836 1321 2031 1392 μερίδι]

701 1430 767 1481 Et
791 1431 973 1482 natale
1003 1435 1177 1484 sancti
1209 1431 1472 1483 Androsii
1493 1433 1771 1497 martyris.
1828 1479 1838 1494 ,

558 1519 588 1568 7
629 1515 901 1584 Septenas
941 1517 1157 1588 pariter
1203 1520 1453 1572 Donatus
1494 1525 1544 1572 et
1587 1519 1719 1572 Afra
1769 1517 2028 1571 bearunt.

697 1622 764 1676 In
814 1624 1027 1685 Tuscia,
1094 1628 1313 1678 civitate
1358 1625 1576 1686 Arccia,
1626 1626 1811 1678 natale
1859 1625 2035 1678 sancti

767 1715 968 1766 Donati
1023 1719 1277 1784 episcopi.
1325 1717 1394 1768 Et
1439 1716 1623 1768 natale
1673 1715 1848 1768 sancti
1897 1715 2034 1767 Fau-
2075 1735 2114 1789 Β

773 1804 923 1854 stini.

556 1908 586 1959 8
627 1905 952 1960 Ethereum
1005 1907 1156 1961 senis
1207 1912 1474 1978 penetrat
1532 1906 1797 1978 Cyriacus
1862 1906 2039 1960 hono-

1869 1995 2032 2064 [rem.

703 2101 771 2152 Et
801 2104 857 2154 in
887 2103 1199 2157 Nicomedia
1229 2103 1412 2156 natale
1437 2105 1767 2160 sanctorum,
1802 2100 2031 2158 Juliani,

773 2191 993 2243 Nazari.

557 2295 588 2343 9
628 2291 921 2347 Romanus
965 2293 1157 2364 quinis
1192 2298 1424 2366 martyr,
1461 2295 1737 2364 milesque
1767 2290 2032 2360 refulget.

701 2398 763 2450 In
783 2398 1005 2466 jejunia
1033 2405 1209 2454 sancti
1246 2403 1550 2455 Laurentii.
1584 2401 1762 2454 Romae
1789 2403 1846 2451 in
1882 2399 2034 2450 cimi-

771 2493 922 2549 te-rio,
984 2490 1246 2559 dqsositio
1298 2493 1473 2543 sancti
1527 2491 1739 2543 Dionisi
1783 2486 2034 2555 episcopi.

776 2578 843 2629 Et
872 2581 1046 2630 sancti
1077 2579 1303 2632 Martini
1329 2579 1626 2632 Brivensis.

529 2683 594 2735 10
632 2680 856 2744 Quartis
887 2683 1155 2736 Laurenti
1202 2683 1408 2736 merito
1439 2682 1785 2753 splendescis
1818 2688 2034 2751 opimo,

628 2768 826 2837 Ignem
871 2771 967 2842 qui
1000 2788 1200 2842 passus
1228 2776 1501 2826 tortorem
1536 2770 1714 2824 vincis
1744 2769 2033 2840 iniquum,

700 2877 770 2928 Et
823 2880 879 2929 in
936 2881 1026 2931 via
1075 2878 1264 2948 Appia
1303 2880 1621 2933 Felicissimi
1665 2883 1716 2932 et
1755 2879 2032 2932 Januarii.

525 2965 578 3016 11
627 2963 825 3017 Teruis
873 2963 1091 3037 ﬂosque
1145 2968 1428 3037 decusque
1479 2966 1641 3036 pium
1684 2964 1831 3036 petis
1884 2967 2036 3016 astra

1747 3050 2033 3124 [Tyburti;
2076 3032 2117 3088 Ο

627 3141 736 3195 Has
784 3147 838 3195 et
888 3143 1162 3198 Gauricus
1203 3143 1492 3198 confessor
1537 3141 1795 3212 possidet
1829 3141 2036 3208 almus,

629 3227 891 3283 Rusticus
943 3246 1007 3284 ac
1058 3240 1084 3264 ι
1137 3231 1362 3285 Firmus
1420 3232 1703 3285 Veronam
1758 3227 2036 3300 sanguine

1749 3318 2032 3388 [lustrant.

526 3405 589 3456 12
629 3404 879 3476 Martyrii
909 3407 1159 3477 palmam
1195 3407 1377 3478 pridie
1410 3407 1566 3478 capis
1614 3409 1793 3478 Euple
1829 3421 2035 3477 peren-

1834 3495 1986 3564 [nem
2021 3510 2034 3546 :

629 3581 997 3651 Andreloque
1066 3599 1203 3636 suus
1259 3585 1285 3626 b
1352 3584 1562 3654 gaudet
1619 3588 1756 3637 tunc
1823 3586 2038 3652 martyr

1794 3672 2005 3743 [Gallus
2021 3691 2036 3738 ;

631 3755 818 3812 Edidit
866 3757 1020 3813 hunc
1078 3760 1343 3831 Smyrna,
1391 3759 1656 3815 Rhodani
1703 3760 1799 3815 sed
1846 3759 2039 3813 littora

1765 3849 2032 3918 [servant.

697 3955 874 4010 Romae
905 3957 1088 4010 natale
1127 3957 1434 4010 sanctor-um
1465 3955 1710 4010 Grisanti
1739 3960 1788 4008 et
1836 3958 2032 4011 Dariae.

529 4042 590 4094 13
633 4041 824 4095 Idibus
905 4042 1277 4113 Hippolytum
1346 4044 1614 4097 comitem
1700 4043 2038 4098 Laurentius

1850 4132 2037 4202 [astris

628 4220 734 4271 Pro
763 4217 986 4272 Christo
1019 4218 1184 4288 parili
1210 4219 1413 4289 recipit
1443 4219 1753 4273 certamine
1781 4237 2032 4290 passum.

629 4306 904 4376 Reginam
953 4308 1190 4375 meritis,
1221 4309 1427 4363 virtute
1471 4309 1698 4380 ﬁdeque
1735 4311 2029 4367 colendam
2070 4328 2114 4383 ι)

627 4395 818 4449 Tellus
851 4401 976 4450 tum
1003 4412 1280 4451 venerans
1305 4399 1716 4468 Radegundam
1748 4400 2035 4470 Aquitana

1666 4488 2030 4557 [frequentat

526 4571 588 4625 14
629 4571 765 4636 Quae
804 4572 1025 4627 decima
1070 4579 1126 4628 et
1171 4591 1325 4628 nona
1368 4579 1454 4629 est
1501 4575 1862 4645 Septembres
1904 4580 2034 4630 ante

1728 4663 2034 4735 [Kalendas

629 4747 933 4803 Eusebium
959 4751 1154 4804 Romae
1185 4751 1366 4805 sancit
1391 4750 1754 4822 celebratque
1786 4751 2033 4805 beatam.

703 4859 766 4910 In
797 4857 1012 4923 Africa,
1049 4858 1233 4911 natale
1254 4861 1430 4912 sancti
1459 4860 1714 4912 Demetri.

529 4949 588 5000 l5
631 4944 834 4999 Octava
865 4949 923 4998 et
958 4945 1178 4998 decima
1209 4945 1412 4999 mundi
1441 4945 1539 5000 lux
1583 4943 1806 5016 ﬂosque
1837 4944 2030 5011 Maria,

625 5035 897 5104 Angelico
929 5033 1196 5088 comitata
1226 5035 1400 5089 choro
1431 5035 1575 5103 petit
1603 5035 1818 5089 aethera
1846 5034 2034 5105 Virgo.

529 5130 590 5180 16
630 5124 938 5195 Septenam
1024 5122 1348 5192 denamque
1422 5129 1580 5177 tenes
1654 5122 1892 5176 Arnulfe
1957 5138 2039 5176 sa-

1795 5211 2036 5281 [cerdos.

2501 441 2563 492 In
2618 440 2983 502 Alexandria,
3033 441 3218 494 natale
3269 445 3582 494 sanctorum
3628 441 3835 496 Orionis

2572 531 2622 580 et
2651 529 2901 595 Agnatii.

2144 615 2269 666 Dies
2313 616 2371 668 17
2430 614 2671 685 Martyre
2708 615 2992 669 sedecima
3019 616 3254 686 eﬂ'ulget
3300 617 3606 671 Mammete
3654 617 3833 671 beato.

2501 723 2571 773 Et
2595 726 2786 775 octava
2815 723 2870 777 S.
2905 723 3190 776 Laurentii
3221 725 3504 790 Martyris.

2329 810 2390 862 18
2430 807 2707 877 Agapitus
2733 809 2995 879 quintam
3025 809 3301 864 decimam
3326 810 3645 864 certamine
3673 809 3843 864 sancit

2427 896 2695 964 (Erigone
2727 896 2818 950 hic
2851 897 3060 951 thbo
3091 898 3268 951 sociat
3293 915 3393 951 sua
3419 899 3608 952 sidera
3644 897 3840 968 virgo.)

2330 986 2389 1037 l9
2430 984 2666 1054 Magnus
2739 988 2794 1038 et
2850 985 3103 1038 Andreas
3160 993 3366 1057 quarta
3415 987 3690 1056 denaque
3755 1002 3841 1037 co-

3562 1075 3839 1144 [ruscant,

2426 1157 2649 1228 Septem
2687 1159 2998 1229 nonaginta
3041 1163 3098 1213 et
3142 1159 3446 1231 quingenti
3493 1162 3845 1216 comitantur

2427 1245 2579 1310 Quos
2625 1247 2840 1316 pariter
2897 1248 3124 1302 sancti:
3177 1248 3343 1302 simul
3392 1249 3494 1302 hos
3539 1249 3630 1303 bis
3694 1249 3843 1304 mille

3470 1338 3840 1407 [sequuntur.

2499 1436 2568 1486 Et
2607 1439 2782 1487 sancti
2818 1436 3003 1502 Magni
3043 1439 3322 1502 martyris.
3371 1436 3676 1504 Apparitio
3731 1451 3844 1488 san-

2571 1527 2666 1576 cta
2728 1527 2922 1577 crucis.
2993 1525 3063 1576 Et
3125 1525 3308 1576 natale
3369 1524 3669 1593 Alpiniani
3727 1541 3844 1577 con-

2567 1612 2816 1677 fessoris.

2323 1709 2391 1761 20
2431 1709 2494 1762 Et
2536 1713 2760 1763 ternam
2807 1709 3013 1764 denam
3039 1720 3060 1745 α
3117 1710 3424 1765 Filibertus
3466 1713 3708 1764 sanctus
3762 1709 3847 1763 ad-

3633 1797 3840 1867 [ornat

2427 1885 2613 1939 Tertia
2644 1891 2774 1956 post
2799 1887 3006 1942 denam
3033 1889 3297 1944 Samuele
3319 1888 3575 1953 excellet,
3609 1887 3688 1940 ab
3718 1887 3847 1958 ipsis

2429 1973 2609 2038 Quem
2635 1975 2877 2029 Domino
2902 1975 3062 2030 cunis
3088 1976 3331 2045 genitrix
3355 1976 3558 2029 devota
3578 1976 3842 2029 sacravit.

2502 2082 2566 2133 1n
2611 2081 2976 2142 Alexandria,
3028 2084 3212 2136 natale.
3250 2086 3424 2135 sancti
3465 2085 3738 2135 Dioscori.
3783 2083 3846 2134 Et

2572 2173 2630 2221 in
2679 2171 2934 2223 Toronico
2982 2175 3178 2232 castro,
3217 2175 3394 2223 sancti
3437 2172 3674 2223 Maximi
3725 2186 3844 2222 con-

2571 2259 2816 2322 fesso-ris.

2324 2347 2383 2398 21
2432 2345 2691 2416 Martyris
2761 2345 2894 2399 hinc
2967 2345 3230 2400 duodena
3293 2345 3500 2400 Privati
3559 2345 3844 2415 sanguine

3599 2434 3840 2504 [vernat

2501 2531 2565 2584 In
2629 2531 2874 2584 Lucania
2928 2535 3214 2600 provincia
3286 2532 3470 2585 natale
3529 2536 3842 2585 sanctorum

2579 2617 2877 2682 Valentini,
2907 2619 3116 2683 Leonti,

2324 2713 2394 2766 22
2436 2712 2802 2768 Undecimam
2857 2715 3050 2768 Romae
3108 2714 3440 2769 Timotheus
3491 2731 3702 2786 passus
3752 2717 3842 2769 ho-

3605 2803 3800 2872 [norat
3829 2819 3841 2855 :

2431 2889 2828 2960 Eduatumque
2858 2906 3027 2944 suum
3078 2891 3326 2946 celebrat
3365 2891 3527 2962 plebs
3557 2892 3845 2963 Sympho-

3565 2979 3839 3049 [rianum,

2432 3066 2605 3119 Mater
2619 3082 2791 3135 quem
2813 3067 3035 3122 Christo
3065 3067 3282 3137 pariter
3307 3068 3588 3122 moritura
3610 3067 3840 3122 dicavit.

2323 3154 2390 3207 23
2433 3152 2633 3208 Lucius
2701 3158 2756 3206 et
2815 3154 3156 3208 Ptolomaeus
3211 3155 3419 3209 denam
3475 3154 3691 3208 virtute
3750 3171 3843 3207 co-

3574 3244 3796 3313 [corant
3825 3259 3838 3297 :

2429 3329 2722 3384 Ornantur
2767 3330 3002 3384 Rhemis
3055 3329 3407 3398 Timotheus,
3467 3331 3843 3402 Apollinaris-

3750 3435 3836 3472 ue.

3750 3435 3836 3472 ue.

2324 3507 2394 3560 24
2433 3505 2886 3561 Bartholomaius
2935 3522 3148 3561 nonam
3204 3512 3444 3562 exornat
3509 3421 3840 3579 retiniilque

3595 3595 3840 3666 [beatus

2432 3681 2594 3736 India
2623 3697 2736 3750 quo
2766 3681 2996 3737 doctore
3025 3682 3122 3737 Dei
3151 3683 3417 3753 cognovit
3445 3683 3750 3746 honorem,

2432 3769 2685 3823 Herculis
2729 3774 2784 3823 et
2816 3770 3014 3824 Bacchi
3042 3757 3261 3824 insanis
3299 3772 3392 3825 vix
3425 3776 3590 3826 eruta
3638 3771 3843 3837 sacris;

2429 3859 2590 3912 Nunc
2615 3857 2778 3910 illum
2806 3857 2959 3911 fama
2979 3863 3064 3912 est
3092 3859 3248 3913 varia
3267 3876 3372 3929 pro
3396 3865 3548 3914 sorte
3571 3861 3839 3930 sepulcri,

2429 3945 2666 3999 Eoliam
2697 3945 2962 4016 Liparen,
2986 3947 3295 4002 Beneventi
3316 3953 3372 4002 et
3389 3949 3602 4020 templa
3624 3955 3836 4003 tenere.

2425 4035 2566 4087 Tum
2626 4050 2856 4105 quoque
2916 4036 3154 4090 Genesio
3205 4037 3536 4108 resplendet
3592 4043 3839 4108 martyre

3597 4125 3798 4195 [Roma
3822 4143 3834 4178 :

2428 4209 2773 4264 Audoenum
2815 4215 3057 4281 tumque
3105 4209 3268 4280 pium
3301 4209 3696 4282 Rothomagus
3731 4212 3835 4265 ho-

3625 4301 3828 4370 [noraL

2499 4402 2568 4453 Et
2625 4405 2803 4454 sancti
2851 4400 3083 4455 Genesii.
3119 4402 3191 4454 Et
3236 4404 3414 4455 sancti
3452 4400 3685 4470 Apptati
3711 4417 3834 4470 prc-

2566 4489 2790 4542 sbuteri.

2566 4505 2626 4542 so
2671 4505 2790 4542 teri.

2319 4579 2387 4630 25
2428 4505 2793 4632 Octavayhinc
2811 4577 3008 4630 Arelas
3032 4576 3280 4630 celebrat
3299 4579 3374 4634 te.
3395 4580 3587 4628 sancte
3611 4575 3828 4629 Genesi.

2497 4675 2562 4727 In
2591 4674 2820 4742 Spania,
2864 4675 3048 4728 natale
3083 4679 3392 4728 sanctorum
3430 4676 3576 4727 Justi
3621 4679 3667 4726 et
3711 4675 3831 4726 Pas-

2573 4765 2727 4814 toris.

2321 4853 2390 4905 26
2430 4850 2694 4921 Martyrio
2752 4854 3050 4920 septenam
3115 4850 3369 4904 Irenaaus
3424 4853 3482 4904 et
3547 4846 3830 4905 Abundius

3585 4938 3821 5009 [ornant.

2505 5037 2698 5097 Romae,
2745 5038 2804 5088 in
2843 5036 3154 5096 cmmeterio,
3193 5037 3379 5089 natale
3406 5040 3709 5089 sanctorum
3733 5033 3830 5085 Ba-

2573 5126 2710 5178 sillse
2733 5127 2784 5177 et
2815 5124 3064 5176 Maximi.
3097 5122 3348 5187 Quintini
3371 5127 3650 5191 martyris.

2327 5221 2394 5271 27
2435 5217 2580 5271 Rufe
2611 5222 2736 5269 tuos
2760 5217 3016 5269 recolens
3042 5215 3294 5270 ostendit
3312 5220 3470 5270 sexta
3496 5214 3823 5285 triumphos.

413 5366 437 5390 ³
467 5359 722 5412 Rusticus
787 5372 868 5410 ac.
927 5357 1088 5410 Hunc
1128 5371 1352 5410 versum
1406 5355 1730 5411 addidimus
1761 5374 1790 5412 e
1847 5357 2041 5413 codice
2150 5360 2338 5415 codice
2370 5359 2572 5430 Regio,
2617 5362 2673 5412 et
2702 5357 2843 5430 quin
2875 5357 3218 5412 recentiores
3247 5357 3380 5430 sint,
3409 5356 3566 5411 haud
3595 5354 3828 5411 multum

347 5425 526 5492 Bigot.
2150 5432 2348 5487 dubito
2382 5447 2394 5483 :
2428 5425 2565 5483 sane
2586 5425 3054 5482 Wandalbertum
3088 5444 3202 5481 non
3235 5428 3487 5496 sapiunt.

415 5499 440 5540 ιι
469 5497 822 5570 Aindreloque
860 5512 1014 5552 suus.
1051 5498 1210 5570 Hunc
1240 5497 1411 5570 etiam
1441 5513 1666 5570 versum
1696 5513 1760 5570 ac
1790 5515 2041 5570 sequen-
2222 5512 2244 5538 ο
2269 5504 2341 5556 Et
2389 5507 2597 5555 ternam
2650 5500 2860 5554 denam.
2907 5499 3255 5570 Hicrversus.
3281 5499 3380 5569 qui
3420 5499 3478 5552 in
3513 5496 3674 5552 editis
3716 5507 3826 5545 non

349 5570 464 5620 tem
512 5569 576 5620 Β.
629 5568 708 5642 P._
742 5571 989 5642 Martene
1018 5568 1316 5637 exscripsit
1361 5587 1390 5621 e
1421 5568 1614 5622 codice
1650 5568 2043 5642 [BigotJUter-
2153 5578 2354 5638 exstat,
2389 5571 2702 5642 exscriptus
2727 5575 2811 5624 est
2843 5587 2872 5624 e
2901 5569 3089 5624 codice
3121 5568 3321 5639 Regio}

349 5652 461 5706 que
514 5653 644 5690 cum
696 5637 757 5690 in
807 5637 973 5691 editis
1016 5654 1130 5692 non
1183 5644 1384 5709 exstat,
1417 5645 1539 5695 tum
1587 5639 1760 5693 etiam
1809 5641 1970 5695 abest
2013 5659 2044 5694 a
