4044 6174
204 186 294 236 609

1631 179 2247 237 MARTYBOLOGIUM.

531 311 594 363 In
645 309 963 378 Campania,
1010 309 1217 378 Capua,
1267 312 1451 364 natale
1496 315 1672 364 sancti
1721 313 1864 381 Ruﬁ.
1905 316 1953 368 Α

603 400 667 451 In
724 397 951 458 Galliis,
1013 403 1231 452 civitate
1285 400 1536 460 Arelate,
1605 402 1869 470 depositio

603 491 780 540 sancti
811 488 1031 542 Caesarii
1060 491 1318 557 episcopi.

205 581 313 632 Dies
349 579 414 631 28
467 577 709 630 Hermen
748 575 950 646 quinta
978 577 1182 646 probat
1217 576 1368 631 felici
1401 583 1586 631 morte
1617 579 1873 632 beatum.

465 665 724 719 Ecclesiae
756 666 971 733 lumen,
1005 666 1234 736 populis
1265 683 1422 720 sacra
1444 683 1644 721 norma
1669 667 1872 732 ﬁdelis,

464 755 646 809 Africa
680 771 794 825 quo
825 760 1074 824 pastore,
1112 755 1267 809 orbis
1294 756 1522 810 doctore
1557 763 1836 822 coruscat,

465 842 783 913 Augustine
813 844 1003 911 Pater,
1034 843 1177 898 festo
1213 844 1517 898 celebraris
1549 845 1784 912 eodem;

466 937 647 986 Aurea
679 948 854 1002 quem
885 937 1116 986 servant
1156 933 1312 988 ltalis
1350 950 1502 990 nunc
1543 935 1762 1006 templa
1790 950 1876 990 se-
1914 953 1917 956 ·

467 1109 763 1164 Sanctonis
789 1110 903 1163 alta
931 1110 1021 1164 sui
1053 1110 1275 1165 Vibiani
1295 1111 1400 1166 hac
1430 1024 1876 1183 fulgefilblrildz:

472 1199 610 1252 Urbs
671 1199 1126 1253 Alamannorum
1183 1208 1208 1234 ⁸
1279 1200 1478 1256 recolit
1550 1201 1883 1256 Constantia

1603 1291 1883 1360 [sanctum

473 1378 584 1430 Hac
631 1392 862 1448 quoque
910 1377 1207 1448 Pelagium
1268 1377 1394 1433 fuso
1449 1395 1555 1450 pro
1603 1379 1884 1449 sanguine

1620 1467 1881 1540 [clarum.

546 1575 616 1626 Et
668 1576 853 1627 natale
909 1580 1084 1628 sancti
1139 1576 1443 1642 Augustini
1509 1579 1763 1644 episcopi.
1820 1577 1884 1628 In

619 1664 838 1729 Africa,
896 1665 1164 1718 Faustini.
1220 1665 1413 1724 Romae,
1472 1665 1658 1717 natale
1710 1668 1885 1717 sancti

615 1753 793 1804 Ermis
847 1756 1129 1819 martyr-is.
1189 1753 1415 1818 Averni,
1472 1753 1683 1806 Juliani
1737 1769 1884 1806 mar-

619 1845 772 1907 tyris.

475 1930 668 1983 Pramo
695 1930 814 1996 Dei,
847 1929 1014 1983 Verbi
1040 1945 1148 1983 vox
1181 1935 1239 1983 et
1269 1929 1518 2000 baptista
1546 1931 1814 1996 Joannes,

367 2020 432 2071 29
471 2017 653 2082 Quem
678 2017 850 2072 effera
873 2018 1102 2072 saltanti
1125 2018 1628 2088 tribueruntjussa
1648 2020 1886 2088 puellas;

477 2107 723 2178 lnsignit
752 2112 1015 2178 quartam
1050 2107 1388 2162 meritorum
1420 2107 1589 2161 laude
1625 2107 1886 2178 perenni.

474 2194 647 2265 Virgo
687 2195 898 2249 Sabina
945 2195 1116 2249 simul
1162 2196 1352 2249 Romae
1402 2211 1504 2249 sua
1551 2196 1763 2266 templa
1809 2211 1893 2250 re-

1711 2283 1888 2357 [visit.

372 2373 437 2425 3O
474 2371 666 2425 Tertia
697 2371 897 2426 Felicis
926 2373 1070 2427 nitet
1105 2373 1460 2443 Adauctique
1485 2375 1512 2416 β
1541 2388 1764 2426 cruore.

477 2460 752 2514 Paulinus
785 2460 968 2530 pridie
1010 2462 1384 2516 Treverorum
1422 2463 1635 2514 moenia
1669 2463 1890 2528 lustrat,

481 2549 693 2602 Exsilio
725 2549 961 2603 antistes
990 2565 1122 2604 vero
1154 2567 1257 2621 pro
1289 2551 1558 2620 dogmate
1588 2551 1790 2604 clarus.

553 2658 621 2708 Et
652 2656 916 2724 depositio
942 2661 1118 2709 sancti
1149 2657 1312 2710 Eladi
1343 2661 1597 2726 episcopi.

477 2763 724 2832 Augusti
753 2762 841 2816 his
870 2763 1103 2817 demum
1125 2763 1471 2817 clauduntur
1495 2762 1693 2817 limina
1715 2762 1890 2816 festis.

829 2907 1258 2961 SEPTEMBER.

482 3031 604 3086 Miti
634 3031 971 3102 September
999 3035 1356 3102 praegustans
1385 3030 1590 3101 pocula
1619 3029 1856 3092 Baccho,

477 3121 636 3185 Quos
674 3122 785 3175 aris
817 3121 1144 3175 venerando
1185 3121 1334 3174 colat
1376 3124 1774 3190 memoretque
1804 3135 1898 3173 ca-

1647 3208 1892 3276 [nemus.

223 3299 328 3350 Dies
403 3301 421 3351 l
479 3296 788 3352 Pontiﬁces
821 3297 1056 3352 Rbemis
1090 3297 1305 3368 insigni
1339 3296 1573 3350 nomine
1604 3297 1828 3366 fulgent

481 3387 693 3453 Sixtns,
726 3386 990 3452 Sinicius,
1025 3387 1270 3454 meritis,
1302 3386 1530 3456 vitaque
1565 3385 1860 3439 Nivardus.

486 3475 714 3546 Legifer
763 3475 1051 3529 heredem
1102 3474 1321 3546 proprii
1369 3490 1539 3545 quem
1591 3473 1761 3544 liquit
1806 3474 1903 3527 ho-

1673 3561 1850 3631 [noris
1884 3581 1897 3616 :

485 3652 836 3707 Promissam
891 3652 1107 3722 populo
1164 3655 1376 3705 terram
1431 3650 1530 3721 qui
1592 3649 1736 3704 forte
1801 3665 1906 3720 per

943 3734 952 3739 ’
1704 3735 1901 3809 [astra,

487 3832 596 3885 Per
620 3830 765 3894 loca,
791 3845 894 3900 per
915 3830 1092 3882 celsos
1115 3833 1334 3881 monles
1357 3827 1616 3881 distinxit
1635 3830 1693 3880 et
1715 3827 1904 3895 urbes,

486 3918 855 3990 Septembres
920 3919 1090 3972 losue
1159 3920 1316 3970 tenet
1383 3915 1722 3986 orditurque
1789 3916 1906 3968 Ka-

1664 4002 1902 4072 [lendas.

488 4095 717 4150 Priscus
770 4099 826 4148 et
872 4094 975 4148 bas
1025 4097 1244 4163 martyr
1290 4092 1581 4147 trabeatus
1625 4091 1908 4161 sanguine

1657 4181 1902 4251 [lustrat.
1945 4221 1990 4274 Β

491 4273 706 4327 Prassul
741 4275 798 4325 et
825 4271 916 4325 his
951 4269 1243 4325 Senonum
1278 4269 1469 4341 Lupus
1497 4269 1620 4324 aede
1647 4274 1908 4324 coruscat

1650 4358 1740 4427 [ab
1773 4359 1904 4412 alta.

498 4452 606 4505 Has
637 4455 696 4504 et
728 4450 959 4504 Verene:
987 4458 1006 4482 ε
1035 4447 1276 4502 rutilant
1302 4447 1578 4502 solemnia
1605 4453 1836 4502 sanctae.

569 4558 630 4610 In
679 4557 1004 4625 Campania,
1051 4556 1237 4609 natale
1273 4559 1449 4608 sancti
1496 4556 1668 4609 Prisci
1700 4558 1910 4621 marty-

636 4647 737 4698 ris.
782 4647 854 4698 Et
906 4644 1058 4705 alibi,
1102 4644 1286 4697 natale
1325 4648 1630 4697 sanctorum
1682 4643 1908 4703 Sisinni,

639 4739 690 4788 et
729 4735 964 4789 Victoris
993 4735 1249 4802 episcOpi.

426 4843 460 4894 2
497 4841 740 4906 Quartas
770 4841 908 4896 hinc
949 4840 1138 4895 Nonas
1185 4837 1528 4909 Lugdunum
1573 4839 1768 4894 Justus
1808 4837 1916 4892 bo-

1701 4927 1911 4997 [norat.

298 5109 485 5180 {Urbs
510 5111 964 5164 Alemannorum.
1001 5109 1102 5164 Hic
1127 5124 1324 5163 versus
1355 5113 1412 5164 et
1442 5124 1686 5180 sequens
1716 5124 1820 5162 nec
1854 5108 1914 5162 in

238 5176 412 5233 codice
442 5181 620 5252 Regio
645 5198 750 5235 nec
781 5182 841 5235 in
874 5182 1061 5252 Bigot.
1099 5184 1341 5234 exstant.

299 5257 321 5296 δ
350 5258 683 5328 Adautique.
725 5263 786 5316 1n
820 5266 1068 5333 utroque
1097 5259 1313 5325 codice,
1341 5259 1704 5324 Audaetique.

299 5342 321 5406 ἢ
345 5338 451 5391 Has
477 5346 525 5393 et
558 5343 794 5396 Verene.
829 5341 931 5396 Hic
959 5357 1156 5395 versus
1185 5341 1345 5393 abest
1372 5355 1405 5391 a
1433 5338 1628 5391 codice
1658 5339 1842 5406 Bigot.

297 5403 325 5482 ᾖ
367 5410 510 5482 Tunc
553 5418 716 5466 etiam
768 5412 1010 5467 Cabilon.
1055 5412 1122 5466 In
1168 5411 1362 5464 codice
1407 5409 1607 5482 Regio,
1658 5403 1912 5470 Ca‘balon,

243 5475 348 5530 scil.
374 5475 508 5535 urbs
536 5499 707 5554 quam
739 5484 951 5539 Gallice
975 5497 1246 5538 vocamus
1276 5475 1576 5537 Cavaillon.

1927 1624 1966 1676 Β

1841 2907 1852 2918 κ
1932 2920 1975 2974 C

3573 182 3678 236 610

2339 312 2404 364 1η
2459 309 2770 366 Nicomedia
2825 310 3010 363 natale
3060 313 3370 365 sanctorum
3424 314 3667 376 Zenonis,

2408 398 2668 465 Gargani,
2709 398 3012 452 Theodorae.

1981 493 2107 544 Dies
2179 491 2210 543 3
2261 487 2458 542 Ternis
2482 487 2765 541 Antonine
2789 503 2932 556 puer
2953 493 3284 558 martyrque
3309 489 3668 560 triumphas:

2264 579 2420 632 Tunc
2451 582 2507 630 et
2535 576 2789 629 Aristeas
2819 575 3057 630 antistes
3091 578 3160 630 de
3192 583 3374 631 morte
3408 579 3632 633 bentur.

2195 667 2229 718 4
2271 665 2432 735 Legis
2463 663 2672 718 divinae
2705 664 2849 718 lator
2878 670 3190 734 susceptor,
3223 674 3279 719 et
3310 674 3528 735 auctor,

2270 753 2589 824 Colloquio,
2625 753 2864 823 visuque
2896 752 2995 805 Dei
3027 753 3258 822 dignate
3291 754 3600 826 frequenti,

2273 842 2547 896 Praecelso
2573 840 2756 912 pridie
2786 841 3090 895 tumularis
3117 849 3312 897 monte
3344 845 3580 914 Moyses,

2276 931 2428 985 Nulli
2458 936 2583 1002 post
2612 931 2772 984 licuit
2797 931 2960 1000 cujus
2982 945 3320 999 cognoscere
3352 933 3602 989 bustum.

2269 1021 2427 1074 Tunc
2489 1019 2658 1074 etiam
2720 1019 2958 1073 Cabilon
3012 1019 3037 1060 d
3093 1019 3337 1073 Marcelli
3397 1022 3678 1092 sanguine

3441 1111 3677 1180 [νει-ηεῖ.

2345 1199 2415 1250 Et
2446 1197 2629 1250 natale
2659 1198 2848 1250 Aresti
2881 1201 3134 1265 episcopi.

2207 1289 2237 1338 5
2277 1285 2453 1340 Nonis
2486 1286 2782 1339 Ferreolus
2812 1301 2942 1339 cum
2975 1285 3321 1340 Ferrucione
3353 1287 3626 1358 refulget;

2283 1376 2531 1428 Donatus
2605 1374 2855 1444 Capuam
2890 1415 2904 1440 ,
2978 1375 3306 1446 pariterque
3378 1377 3686 1430 Arcontius

3432 1464 3682 1535 [ornant

2351 1554 2412 1606 In
2456 1555 2616 1606 Porto
2662 1554 2900 1605 Ronumo
2949 1555 3132 1605 natale
3173 1558 3482 1606 sanctorum
3540 1556 3680 1607 Tau-

2424 1646 2550 1698 rini.
2589 1642 2843 1694 Aristosi.

2207 1734 2238 1784 6
2279 1731 2440 1784 Vates
2470 1730 2764 1784 Zacharias
2795 1735 3026 1783 oclonas
3050 1730 3271 1784 obtinet
3304 1733 3456 1786 ldus.

2350 1821 2526 1873 Romae
2581 1823 2671 1871 via
2729 1820 3011 1873 Salutaria
3068 1821 3252 1873 natale
3297 1823 3472 1874 sancti
3523 1821 3684 1874 Eleu-

2424 1900 2583 1960 therii
2608 1911 2861 1976 episcopi.

2210 2002 2239 2051 7
2279 1997 2527 2052 Antistes
2559 2003 2820 2066 septenas
2851 2001 3032 2050 servat
3065 1998 3342 2065 Evortius,
3375 2003 3546 2070 atque

2283 2085 2480 2155 Regali
2512 2084 2755 2153 insignis
2787 2085 3128 2138 Clodoaldus
3160 2085 3335 2156 stirpe
3367 2087 3648 2141 sacerdos.

2357 2175 2423 2226 Et
2469 2173 2652 2226 natale
2697 2177 2896 2226 sanctae
2935 2174 3153 2239 Regina:
3197 2178 3478 2242 martyris,
3531 2175 3689 2242 cujus

2423 2266 2574 2328 gesta
2603 2260 2892 2312 habentur.

2213 2353 2245 2404 8
2283 2349 2405 2413 Qua
2446 2351 2595 2402 Deus
2639 2348 2951 2402 humanam
2997 2349 3248 2420 suscepit
3295 2349 3524 2420 Virgine
3577 2349 3691 2403 for-

3515 2439 3693 2508 [mam

2286 2528 2537 2580 Illustrat
2565 2543 2729 2580 senas
2759 2530 2918 2580 ortus
2945 2525 3016 2580 de
3048 2526 3173 2580 luce
3205 2526 3398 2581 Maria.

2288 2617 2495 2686 Martyr
2535 2620 2590 2668 et
2630 2615 2912 2668 Adrianus
2959 2615 3198 2669 Romam
3248 2622 3369 2670 tum
3415 2616 3694 2686 sanguine

3479 2705 3691 2774 [comit.

2216 2795 2248 2844 9
2288 2792 2608 2862 Gorgonius
2636 2791 2839 2862 quinas
2879 2791 3031 2844 fama
3061 2791 3396 2863 meritisque
3427 2797 3694 2858 retentat,

2289 2881 2486 2934 Romae
2515 2895 2684 2950 quem
2715 2895 2946 2949 passum
2978 2885 3002 2911 '
3049 2896 3324 2934 venerans
3375 2897 3529 2935 nunc
3575 2882 3696 2936 Gal-

3355 2969 3456 3041 [lia
3491 2972 3693 3042 poscit.

2184 3060 2249 3111 10
2287 3057 2579 3112 Sosthines
2645 3062 2702 3110 et
2758 3057 2944 3110 Victor
3000 3058 3220 3128 quartis
3278 3065 3695 3124 memorantur,

3416 3146 3699 3215 [eamdem

2289 3234 2497 3290 Christi
2533 3250 2636 3304 pro
2676 3250 2856 3305 regno
2895 3234 3078 3288 sortiti
3113 3239 3170 3288 et
3205 3235 3368 3289 laude
3401 3251 3695 3289 coronam.

2362 3325 2556 3383 Romae,
2613 3323 2878 3391 depositio
2933 3323 3074 3375 beati
3124 3324 3327 3376 Hilarii
3367 3339 3548 3392 papas,
3599 3340 3703 3393 per

2433 3429 2588 3478 quem
2635 3415 2905 3467 Victorius
2936 3414 3180 3467 ordinem
3217 3414 3525 3482 paschalem
3559 3430 3701 3468 com-

2428 3506 2635 3570 posuit.

2191 3595 2246 3646 H
2296 3593 2498 3645 Protus
2546 3595 2604 3644 et
2650 3591 2785 3645 hinc
2827 3595 3018 3646 ternas
3060 3591 3350 3663 fraterque
3399 3592 3704 3663 Hyacintus

3380 3678 3704 3750 [bonorant,

2295 3767 2405 3831 Qui
2452 3767 2769 3836 Eugeniam
2824 3768 3033 3839 pariter
3083 3767 3270 3838 legem
3319 3767 3564 3822 docuere
3617 3785 3703 3822 sa-

3441 3856 3702 3928 [cratam.
3759 3922 3768 3928 ρ

2299 3946 2408 3999 Has
2440 3944 2611 3998 simul
2643 3950 2701 3999 et
2741 3944 2760 3979 ί
2805 3944 2959 3999 Felix
3003 3959 3134 3999 cum
3184 3945 3335 3999 felici
3383 3949 3565 3999 morte
3613 3944 3707 3999 di-

3519 4031 3708 4101 [cavit,

2302 4119 2570 4190 Martyrio
2604 4120 2836 4190 Regulae
2869 4125 3062 4174 sancto
3092 4123 3420 4191 pariterque
3451 4120 3654 4174 beatas.

2201 4212 2266 4264 t2
2306 4211 2515 4280 Martyr
2552 4225 2683 4263 mox
2719 4209 2905 4280 pridie
2947 4209 3159 4263 celsum
3191 4209 3335 4280 petit
3361 4209 3575 4264 aethera
3607 4210 3708 4281 Sy-

3508 4299 3628 4369 [rus
3659 4311 3708 4354 ε.

2371 4387 2640 4455 Lugduno
2690 4391 2926 4448 civitate,
2987 4387 3251 4456 depositio
3309 4387 3452 4441 beati
3518 4390 3712 4443 Sacer-

2446 4475 2587 4529 dotis
2619 4480 2874 4545 episc0pi.

2201 4567 2264 4619 t3
2307 4564 2498 4619 Idibus
2559 4565 2704 4620 abba
2769 4565 2912 4618 nitet
2974 4566 3182 4620 merito
3246 4572 3303 4620 et
3366 4566 3711 4637 cognomine

3431 4656 3707 4724 [Amatus.

2376 4742 2690 4809 Andegavis
2734 4746 2970 4803 civitate,
3022 4743 3285 4812 depositio
3337 4747 3512 4796 sancti
3558 4745 3714 4797 Mau-

2447 4833 2661 4885 rilionis
2699 4835 2955 4900 episcopi.
3000 4832 3064 4885 In
3107 4831 3472 4892 Alexandria,
3519 4830 3714 4886 Natale

2448 4922 2624 4974 sancti.
2653 4920 2917 4974 Theodori
2946 4924 3201 4989 episcopi.

2095 5107 2116 5133 °
2147 5100 2324 5153 Roma
2357 5114 2510 5163 quem
2536 5114 2786 5168 passum.
2828 5097 3101 5154 Acherius
3149 5103 3344 5154 monet
3385 5099 3540 5153 hunc
3590 5115 3714 5153 ver-

2025 5185 2152 5223 sum
2184 5169 2264 5223 ita
2294 5171 2468 5223 etiam
2501 5186 2622 5224 esse
2653 5171 3004 5241 descriptum
3041 5186 3052 5223 :

2151 5258 2328 5306 Romae
2355 5271 2509 5320 quem
2536 5271 2748 5320 passum
2776 5271 2918 5306 nunc
2945 5255 3107 5305 Gallia
3137 5257 3306 5319 poscit
3333 5255 3580 5306 adorans.

2099 5336 2116 5371 τ
2145 5339 2257 5391 Has
2286 5339 2466 5398 simul,
2493 5343 2603 5410 etc.
2641 5339 2738 5392 Hic
2774 5354 2966 5410 versus
2997 5337 3157 5410 deest
3185 5338 3243 5390 iu
3291 5336 3486 5392 codice
3534 5339 3713 5410 Bigot.

2025 5407 2280 5480 Sequens
2313 5410 2372 5462 in
2398 5409 2599 5462 eodem
2631 5415 2688 5480 et
2713 5409 2772 5462 in
2803 5408 2991 5480 codice
3024 5407 3218 5480 Regio.

2098 5477 2134 5535 ξ
2158 5479 2380 5534 Ethera
2411 5481 2603 5547 Syrus.
2636 5478 2701 5532 In
2733 5477 2924 5532 codice
2958 5478 3160 5548 Regio,
3192 5479 3375 5537 Sinus.
