4044 6174
340 177 433 228 6H
1424 160 1932 217 WANDALBERTI
1975 159 2390 214 PRUMIENSIS
2431 159 2739 215 MONACHI
3724 173 3819 225 612

344 307 470 357 Dies
514 303 578 356 14
629 301 842 356 Octono
885 302 940 351 et
986 293 1209 350 decimo
1250 292 1597 347 Octimbrem
1631 291 1912 345 vocitante
1947 289 2033 343 fu-
2074 293 2120 344 A

1798 381 2037 450 [turum,

634 477 885 532 Exaltata
916 473 1095 527 crucis
1126 471 1344 542 fulgent
1373 470 1575 525 vexilla
1605 470 1816 533 relatae,

631 564 859 620 Perside
894 564 964 617 ab
995 562 1239 632 indigna
1277 560 1459 614 victor
1509 576 1681 630 quam
1729 557 1878 611 vexit
1929 557 2037 611 He-

1754 646 1992 713 [racleus
2024 662 2037 699 ε

631 742 1041 811 Corneliusque
1070 755 1233 793 suam
1269 738 1478 792 virtute
1512 742 1569 789 et
1607 734 1887 804 sanguine
1924 736 2039 786 ltu-

1866 823 2039 893 [mani

631 921 880 975 Antistes
912 917 1099 981 fulcit;
1133 915 1417 986 Cypriane
1451 915 1578 968 testa
1607 916 1868 967 coruscat

634 1008 914 1077 Carthago
950 1004 1167 1076 insigni
1202 1006 1434 1058 doctore
1471 1008 1528 1056 et
1558 1008 1827 1071 martyre,
1860 1004 2042 1053 totum

636 1097 893 1151 Ecclesiae
956 1094 1213 1149 scribunt
1278 1093 1440 1162 cujus
1506 1107 1663 1143 sacra
1726 1090 1874 1144 dicta
1942 1105 2045 1159 per

1772 1177 1990 1248 [orbem
2028 1194 2040 1232 :

634 1274 898 1328 Praesulis
975 1272 1068 1326 hic
1133 1271 1305 1325 etiam
1375 1269 1646 1323 meritum
1724 1267 2047 1321 celebratur

1803 1355 2042 1427 [EparcL

535 1456 598 1507 15
637 1453 946 1523 Septenum
1041 1449 1252 1503 denum
1338 1446 1668 1501 Nicomedes
1750 1446 2048 1515 presbyter

1836 1534 2043 1604 [ornat,

639 1632 828 1701 Virgo,
877 1634 1028 1696 tuus,
1075 1627 1405 1692 Petronilla,
1456 1641 1666 1693 comes,
1717 1597 2047 1694 martyrque
2087 1597 2129 1652 Β

1804 1714 2044 1783 [beatus.

640 1808 944 1863 Pontifices
976 1823 1093 1871 ara,
1122 1805 1359 1868 meritis,
1392 1804 1624 1874 vitaque
1651 1802 1873 1856 colendi

640 1897 914 1951 Carnutes
944 1894 1241 1959 Leobinus,
1266 1896 1417 1964 Aper
1442 1894 1767 1962 Leucosque
1793 1895 2047 1945 tuentur.

711 1988 782 2038 Et
814 1985 1076 2053 depositio
1122 1983 1317 2036 Albini
1354 1985 1591 2050 episcopi
1638 1984 1686 2034 et
1732 1984 1907 2034 sancti
1954 1981 2051 2035 Ni-

782 2074 1033 2128 comedis.

539 2167 602 2218 16
642 2163 783 2217 Hinc
809 2167 964 2216 sexto
992 2162 1140 2215 deno
1169 2159 1442 2214 Martinus
1467 2174 1617 2229 papa
1647 2157 1869 2212 beatur.

642 2251 1078 2320 Eufemiamque
1171 2249 1267 2319 pio
1367 2253 1619 2302 sanctam
1716 2260 2056 2300 veneramur

1813 2335 2051 2405 [amore

648 2426 850 2481 Lucius
880 2427 990 2480 hoc
1020 2425 1190 2479 simul
1222 2426 1460 2479 excellet
1489 2440 1617 2479 cum
1644 2424 2010 2489 Geminiano;

647 2514 1002 2568 Condecorat
1030 2512 1246 2583 pariter
1273 2529 1467 2584 passos
1498 2528 1644 2582 quos
1676 2513 1870 2565 laurea
1898 2508 2056 2565 Chri-

1940 2598 2053 2669 [sti.

716 2693 786 2744 Et
816 2693 999 2746 natale
1027 2696 1337 2745 sanctorum
1365 2692 1543 2744 Luciz
1575 2694 1625 2743 et
1655 2688 1980 2744 Geminiani.

547 2782 606 2833 17
653 2777 986 2833 Lambertus
1012 2778 1280 2846 quintum
1306 2778 1518 2832 denum
1550 2777 1757 2831 virtute
1788 2781 2053 2843 coronat;

654 2866 844 2921 Factio
902 2882 1076 2938 quem
1133 2882 1345 2921 caesum
1401 2882 1628 2937 semper
1679 2865 2057 2920 tremebunda
2099 2896 2140 2951 Ο

1765 2952 2055 3027 [pavescit.

720 3046 792 3098 Et
820 3049 995 3098 sancti
1022 3046 1245 3098 Paulini
1271 3048 1527 3114 episcopi.

547 3136 611 3189 18
649 3132 780 3201 Ore,
830 3133 943 3187 fide
1000 3133 1256 3198 antistes,
1314 3133 1611 3203 signisque
1668 3136 1726 3186 et
1778 3130 2061 3203 sanguine

1821 3219 2063 3293 [martyr

652 3310 971 3366 Methodins
1004 3315 1277 3381 quartum
1311 3309 1525 3364 denum
1554 3310 1930 3364 celebrandns
1958 3309 2062 3362 ho-

1850 3397 1866 3466 [
1876 3400 2059 3450 norat.

654 3488 965 3556 Equatura
998 3486 1148 3540 diem
1180 3485 1413 3539 solitum
1451 3501 1581 3538 mox
1611 3485 1756 3538 libra
1790 3486 2059 3540 cohaeret.

724 3576 788 3627 In
816 3574 1180 3635 Alexandria,
1214 3576 1398 3628 natale
1428 3575 1604 3627 sancti
1636 3573 1931 3641 Trophimi.

550 3667 613 3719 19
653 3664 889 3719 Virtutis
948 3665 1238 3735 specimen
1299 3663 1574 3734 patiendi,
1628 3668 1685 3717 et
1731 3663 1915 3716 forma
1966 3664 2063 3716 de-

1828 3751 2063 3822 [cusquc

655 3842 910 3914 Martyrii
950 3842 1288 3897 Eustachius
1336 3846 1500 3896 terno
1550 3841 1818 3912 denoque
1858 3840 2062 3893 trium-

1882 3928 2061 3998 [phat.

728 4022 793 4073 In
840 4019 1053 4077 Galliis,
1106 4022 1323 4071 civitate
1380 4020 1608 4077 Vienna,
1659 4017 1843 4069 natale
1891 4020 2066 4069 sancti

708 4102 711 4103 ν
798 4109 997 4160 Ferioli
1026 4108 1305 4173 martyris.

551 4198 620 4250 20
660 4197 941 4266 Virgoque
985 4195 1277 4248 bissenum
1330 4193 1533 4246 Fausta
1584 4197 1753 4263 atque
1798 4193 2068 4246 Evilasius

1816 4281 2065 4351 [ornant.

663 4372 850 4443 (Libra
904 4387 1072 4442 pares
1115 4379 1139 4404 ι
1193 4370 1335 4425 lucis
1390 4370 1690 4441 somnique
1747 4369 1840 4424 hic
1898 4370 2072 4424 efﬁcit

1833 4458 2069 4529 [horasJ

2108 4150 2151 4203 D

730 4551 803 4602 Et
832 4550 1023 4617 vigilia
1054 4548 1296 4603 Matthxi
1326 4550 1578 4618 apostoli.

556 4640 616 4691 21
666 4638 924 4692 Deseruit
953 4637 1177 4693 Christo
1216 4637 1417 4692 mundi
1463 4638 1563 4707 qui
1606 4637 1764 4691 lucra
1810 4641 2068 4705 vocante,

662 4726 1041 4781 Undecimum
1098 4727 1392 4781 Matthzeus
1449 4726 1775 4797 evangelico
1829 4742 1924 4779 ore
1980 4743 2073 4779 sa-

1852 4815 2068 4885 [cravit.

730 4907 919 4960 Passio
950 4910 1125 4960 sancti
1156 4905 1398 4961 Matthxi
1428 4907 1679 4975 apostoli.

556 4993 625 5047 22
663 4993 966 5049 Mauricius
996 4993 1209 5047 denum
1240 4996 1393 5048 socia
1422 4994 1650 5065 legione
1678 4996 1930 5047 coronat.

450 5142 476 5170 ⁸
524 5136 693 5190 Libra
739 5152 921 5204 pares.
978 5138 1135 5190 Hunc
1181 5152 1407 5190 versum
1457 5135 1782 5190 addidimus
1829 5152 1858 5191 e
1909 5136 2071 5191 codd.

381 5206 563 5276 Regio
595 5213 650 5259 et
680 5208 866 5273 Bigot.

449 5280 899 5331 bEmmeramus.
962 5278 1060 5332 Hic
1117 5294 1310 5332 versus
1369 5282 1425 5330 et
1482 5294 1725 5347 sequens
1782 5278 1990 5332 absunt
2044 5294 2078 5331 a

2435 292 2621 345 Eﬂ'uso
2657 296 2903 346 mortem
2947 294 3163 363 pariter
3200 312 3329 366 quae
3364 299 3637 368 sanguine
3674 303 3817 356 vicit.

2502 384 2575 434 Et
2623 387 2933 436 sanctorum
2985 383 3314 439 Thebeorum
3360 388 3606 441 Mauritii
3654 396 3702 444 et
3743 407 3823 445 so-

2575 475 2777 525 ciorum
2819 487 2935 539 ejus
2973 490 3195 527 numero
3227 490 3322 528 sea:
3350 478 3577 530 millium
3616 494 3820 533 sexcen-

2577 564 2752 613 tarum
2778 566 3066 629 semaginta
3094 579 3206 617 sea).

2439 649 2833 703 Emmeramus
2886 653 2910 693 b
2969 666 3100 705 cum
3159 652 3309 706 socio
3374 653 3681 709 comitatur
3733 656 3828 711 bo-

3654 744 3823 814 [nore,

2435 825 2614 890 Quem
2645 842 2789 897 gens
2817 828 3059 899 insignis
3092 829 3381 884 Britannia
3407 846 3539 885 voce
3571 833 3822 903 reposcit.

2151 916 2275 968 Dies
2314 917 2380 969 23
2432 916 2655 969 Nonum
2681 917 2845 970 Tecla
2878 923 3031 973 tenet
3060 934 3226 972 roseo
3256 920 3487 989 perfusa
3518 937 3747 989 cruore;

2440 1002 2810 1074 Libet-iusque
2852 1004 3001 1059 dicat
3048 1006 3368 1061 Romanam
3408 1025 3556 1079 papa
3602 1024 3704 1078 per
3739 1025 3829 1063 ur-

3688 1098 3828 1168 [bern

2442 1180 2630 1234 Levita
2661 1186 2717 1236 et
2759 1182 2953 1237 Socius
2984 1184 3187 1239 merito
3218 1186 3564 1256 splendescit
3604 1187 3827 1241 honore.

2512 1271 2679 1324 Tecla
2735 1276 2965 1339 virginis
3025 1276 3078 1325 et
3130 1275 3386 1328 Januarii
3452 1280 3721 1345 episcopi,
3787 1281 3831 1329 et

2580 1360 2722 1414 Socii
2752 1361 2986 1415 diaconi.

2332 1448 2401 1500 2’1:
2441 1448 2715 1502 Octavum
2739 1450 2918 1503 sterili
2950 1456 3258 1521 conceptus
3284 1459 3482 1506 ventre
3509 1454 3770 1520 Joannes,

2442 1536 2884 1609 Andochiusqne
2925 1545 3107 1593 sacrat
3150 1545 3479 1612 martyrqne
3524 1548 3581 1595 et
3619 1542 3835 1613 presby-

3493 1630 3604 1701 [ter
3636 1632 3834 1701 almus;

2443 1713 2622 1778 Quem
2691 1716 2899 1787 Tyrsus
2976 1717 3244 1790 Felixque
3313 1719 3435 1790 pari
3504 1720 3839 1773 comitantur

3617 1809 3833 1879 [amore.

2336 1893 2403 1945 25
2443 1891 2688 1962 Septeno
2726 1894 2914 1964 Lupus
2945 1895 3178 1948 antistes
3210 1895 3488 1965 Lugduna
3520 1896 3712 1950 revisit

2445 1980 2667 2047 Moenia,
2702 1981 2919 2035 devotae
2947 1987 3140 2053 pastor
3167 1984 3564 2037 memorabilis
3595 1985 3739 2039 urbi.

2444 2068 2732 2124 Ambiana
2762 2070 2937 2124 micat
2968 2072 3221 2125 Firmino
3253 2077 3505 2142 martyre
3535 2073 3741 2143 plebes.

2517 2159 2582 2211 In
2629 2158 2785 2220 Asia,
2829 2164 3004 2212 sancti
3040 2161 3299 2229 Eucarpi.
3346 2162 3416 2213 Et
3445 2162 3602 2221 alibi,
3643 2161 3835 2230 deposi-

2591 2251 2663 2300 tio
2695 2252 2870 2300 sancti
2903 2250 3094 2301 Marci.

2342 2337 2409 2389 26
2448 2335 2615 2389 Sexto
2647 2341 2868 2404 martyr
2896 2342 3029 2391 ovat
3056 2336 3395 2407 Cyprianus,
3430 2337 3593 2410 virgo
3625 2338 3780 2393 beata

2447 2423 2625 2487 Quem
2665 2424 2891 2478 Justina
2922 2424 3023 2478 Dei
3049 2425 3183 2479 fecit
3210 2441 3560 2495 cognoscere
3591 2440 3835 2496 regnum,

2447 2512 2678 2566 Artibus
2711 2512 2929 2566 insanis
2959 2513 3191 2567 tandem
3217 2514 3489 2584 feriisque
3518 2513 3742 2568 relictis.

2517 2603 2589 2655 Et
2614 2602 2877 2671 depositio
2906 2606 3083 2656 sancti
3112 2603 3335 2656 Eusebii
3362 2607 3623 2672 episcopi.

2344 2692 2409 2744 27
2448 2690 2657 2754 Quinto
2725 2707 2855 2745 cum
2922 2692 3092 2746 fratre
3157 2692 3393 2746 excellet
3457 2692 3689 2745 Cosmas
3753 2691 3841 2744 Da-

3594 2779 3797 2850 [miano
3824 2793 3837 2831 :

2452 2868 2717 2922 Antimus
2776 2868 2877 2923 hos
2930 2868 3228 2939 sequitur,
3285 2868 3587 2933 Leontius,
3650 2869 3841 2937 Eupre-

3594 2954 3839 3029 [piusque

3032 3054 3070 3114 ε,
3120 3045 3224 3100 tibi
3269 3050 3483 3100 sertum
3532 3046 3630 3117 qui
3676 3053 3838 3098 morte

3557 3135 3837 3206 [dicarunt.

2451 3044 2723 3109 Quinum,
2774 3034 2992 3101 Christe

2525 3226 2594 3277 Et
2620 3228 2795 3277 sancti
2826 3225 3123 3277 Eleutheri.

2346 3312 2414 3365 28
2456 3312 2691 3365 Faustus
2732 3310 2779 3378 ἀ,
2826 3312 3097 3366 Martialis
3140 3316 3408 3382 quartum
3460 3317 3520 3367 et
3562 3310 3841 3367 Ianuarius

3638 3400 3843 3471 [ornant

2458 3488 2710 3559 Martyrii
2739 3488 2934 3543 trabea
2965 3489 3132 3543 simul
3163 3493 3219 3543 et
3248 3489 3562 3544 certamine
3592 3489 3743 3543 clari.

2350 3579 2417 3630 29
2457 3579 2722 3632 Aitherea
2776 3577 2986 3633 virtute
3038 3583 3263 3650 potens,
3329 3579 3709 3649 princepsque
3759 3591 3843 3629 su-

3651 3666 3845 3736 [pernae

2457 3754 2665 3808 Militiae
2693 3754 2927 3809 Michael
2959 3760 3124 3809 terno
3155 3755 3262 3809 sibi
3293 3756 3509 3826 templa
3537 3754 3784 3810 sacravit.

2528 3846 2799 3912 Depositio
2832 3848 3004 3898 sancti
3036 3845 3223 3899 Saloni
3255 3848 3511 3913 episcopi.

2353 3933 2420 3985 30
2460 3932 2747 4003 Interpres
2790 3932 2936 4002 legis
2977 3933 3296 4003 veterisque
3339 3949 3624 4004 novaeque
3672 3928 3846 4002 proba-

3728 4020 3842 4089 [tus,

2464 4110 2775 4164 Instructor
2817 4108 3115 4177 doctrinae,
3148 4110 3380 4165 haeresis
3422 4111 3719 4164 damnator
3752 4104 3846 4160 ini-

3749 4209 3825 4247 1ιᾶ

3749 4209 3843 4256 uae,

2464 4286 2842 4356 Hieronymus
2892 4287 3104 4358 ‘pridie
3181 4286 3579 4357 Septembrem
3658 4196 3848 4339 cigudit

3564 4376 3841 4446 [ovantem

2853 4569 3029 4625 OCTO
3040 4571 3193 4624 BER.

2466 4730 2767 4802 Spumanti
2808 4736 2997 4785 musto
3038 4730 3341 4801 pomisque
3391 4727 3679 4784 Octimber
3716 4738 3847 4778 onu—

3722 4817 3841 4874 stus,

3722 4817 3841 4874 stus,

2466 4906 2601 4972 Quis
2632 4912 2859 4979 pateras
2897 4907 3263 4978 calathosque
3311 4906 3457 4960 ferat
3501 4814 3717 4958 sanctos[
3744 4916 3845 4953 me-

3532 4992 3844 5064 [moremus.

2255 5146 2275 5171 ο
2321 5137 2577 5202 Quinum,
2626 5136 2848 5191 Christe.
2894 5136 2983 5190 Sic
3022 5136 3083 5190 in
3130 5128 3321 5190 codice
3371 5136 3510 5204 Reg.
3565 5136 3624 5187 et
3669 5132 3724 5185 in
3780 5125 3849 5181 Bi-

2184 5214 2323 5279 got.,
2354 5213 2532 5273 recte;
2566 5209 2625 5260 in
2657 5209 2834 5277 priori
2865 5208 3135 5274 editione,
3168 5223 3357 5268 unum,
3394 5206 3560 5259 male.

2253 5277 2280 5314 ά
2321 5280 2575 5332 Faustus.
2624 5274 2685 5333 In
2732 5278 2922 5332 codice
2970 5279 3173 5348 Regio,
3224 5280 3490 5344 faustum,
3542 5274 3615 5348 sit
3663 5275 3720 5324 ut
3763 5280 3846 5320 vox

381 5347 543 5401 codd.
579 5348 754 5417 Regio
782 5355 837 5402 et
870 5351 1053 5419 Bigot.
1088 5351 1242 5402 Infra
1271 5347 1373 5402 ubi
1396 5345 1768 5413 Liberiusque,
1802 5350 1861 5402 in
1886 5349 2076 5404 codice
2183 5350 2282 5403 illa
2328 5352 2606 5403 referatur
2643 5350 2714 5403 ad
2757 5366 2948 5403 vocem
2983 5345 3260 5414 quartum,
3297 5349 3506 5402 scilicet
3533 5345 3705 5407 diem,
3736 5352 3845 5411 quin

383 5418 525 5487 Reg.
560 5419 789 5488 legitur,
833 5418 1209 5485 Viberiusque.

2185 5421 2464 5492 sequitur,
2494 5426 2663 5491 atque
2692 5420 2860 5474 unius
2890 5421 3068 5474 sancti
3096 5436 3308 5474 nomen
3338 5419 3706 5472 oblitteretur.
