4044 6174
161 200 236 299 613
1550 243 1596 297 Μ
1607 242 1758 297 ART‘

1550 243 1596 297 Μ
1607 241 1882 297 ARTYRO
1891 240 2164 297 LOGIUM.

161 385 254 436 Dies
317 383 336 433 1
392 379 636 432 Francos
656 375 994 448 quiprimus
1015 376 1208 430 docuit
1228 375 1563 448 domuitque
1583 377 1797 433 feroces
1834 381 1882 433 A

395 466 708 536 Remigius,
778 464 1012 536 proprio
1075 464 1423 519 Octimbrem
1490 468 1805 537 praesignat

1536 555 1800 626 [honorez

399 644 829 714 Germanusque
899 642 1071 698 simul
1127 643 1388 697 doctrina
1451 644 1693 714 insignis
1749 649 1808 698 et

1633 730 1802 804 [actu,

399 820 541 873 Tum
599 818 895 891 propriam
959 819 1149 874 munit
1204 819 1427 874 meritis
1477 819 1805 874 Antisiodo-

1465 912 1698 979 [rum‘g

400 997 505 1062 Qui
538 997 761 1053 Oceano
800 997 936 1053 fidei
976 997 1226 1069 refugas,
1275 1002 1331 1053 et
1357 998 1565 1069 dogma
1606 999 1808 1052 nefan-

1639 1085 1810 1159 [dum

400 1176 692 1246 Reppulit,
725 1181 781 1230 et
810 1176 989 1246 signis
1017 1181 1073 1231 te
1117 1176 1272 1231 Picta
1317 1175 1612 1232 Britannia
1650 1176 1807 1230 texit.

404 1265 513 1318 Hos
551 1265 762 1320 virtute
814 1267 960 1319 Bavo
1009 1271 1066 1320 et
1112 1271 1306 1319 sancto
1358 1266 1668 1320 comitatur
1713 1264 1813 1318 ho-

1631 1351 1809 1426 [nore.

471 1445 543 1496 Et
571 1447 747 1496 sancti
779 1443 1021 1496 Vedasti.

332 1529 367 1582 2
403 1530 520 1584 Mox
560 1536 784 1585 sextum
847 1531 1130 1584 Nouatum
1189 1529 1574 1600 Leodegarius
1623 1534 1810 1598 ornat,

407 1619 698 1673 Seditione
728 1624 931 1689 potens
960 1634 1132 1690 quem
1163 1619 1275 1673 dux
1317 1619 1682 1690 populusque
1715 1636 1812 1690 pe-

1595 1680 1811 1780 tremit.
1855 1680 1895 1735 Β

475 1797 539 1849 1η
603 1796 816 1857 Galliis,
884 1800 1101 1849 civitate
1164 1796 1568 1860 Atraventinse,
1629 1801 1816 1866 passio

555 1890 731 1938 sancti
756 1886 1075 1952 Leodegarii
1105 1889 1388 1952 martyris.

335 1976 367 2026 3
407 1973 642 2028 Euvaldi
690 1974 935 2040 meritis,
987 1978 1206 2044 gentes,
1257 1979 1314 2028 et
1353 1973 1718 2044 cognomine,
1764 1979 1822 2028 et

1675 2061 1816 2134 [ara,

408 2150 792 2222 Doctrinaque
836 2167 1024 2221 pares,
1074 2151 1341 2222 quintum
1372 2151 1478 2206 sibi
1511 2157 1694 2206 morte
1728 2152 1822 2206 di-

1578 2238 1817 2312 (carum.

487 2329 558 2380 Et
612 2329 796 2381 natale
865 2332 1175 2382 sanctorum
1261 2330 1502 2391 Eusebii,
1571 2332 1730 2385 Ponti
1773 2334 1823 2384 et

554 2419 766 2471 Leonis.

345 2505 376 2557 4
417 2505 656 2572 Marcus,
707 2505 1136 2576 Marcianusque
1175 2522 1278 2560 suo
1311 2505 1555 2577 implent
1585 2522 1822 2560 munere

1508 2592 1822 2666 [quartum,

413 2680 704 2748 Germine,
749 2681 1048 2753 martyrio,
1097 2686 1320 2748 natura,
1362 2685 1418 2736 et
1464 2682 1666 2736 funere
1707 2683 1821 2736 fra-

1668 2769 1819 2842 [ιι-ες.

347 2861 376 2910 5
412 2859 627 2912 Ternas
657 2865 777 2913 tum
805 2860 994 2914 Nonas
1024 2860 1370 2930 Apollinaris
1399 2860 1647 2914 honorat

413 2948 646 3015 Praisul,
700 2949 916 3020 templa
978 2949 1264 3020 frmquens
1320 2951 1483 3020 cujus
1554 2951 1821 3004 Ravenna
1859 2959 1900 3014 C

1543 3037 1817 3111 [coronat.

481 3127 546 3180 In
592 3129 828 3196 Egypto
879 3129 1063 3181 natale
1117 3132 1429 3182 sanctorum
1485 3129 1637 3182 Forti
1701 3129 1820 3182 dia-

552 3217 691 3273 coni,
727 3219 776 3268 et
805 3215 1080 3268 Flauiana»D
1108 3219 1358 3282 virginis.

347 3303 376 3352 6
415 3301 584 3372 Virgo
616 3302 779 3356 Fides
809 3303 996 3372 pridie
1034 3302 1170 3358 hinc
1217 3303 1370 3357 felici
1398 3308 1580 3358 morte
1614 3304 1821 3358 trium-

1639 3389 1820 3462 [phat.

483 3479 548 3531 In
593 3477 792 3544 Africa
856 3481 1094 3546 Rogata},
1146 3481 1480 3542 Saturnium,
1548 3483 1818 3545 Faustini,

557 3571 606 3620 et
633 3569 809 3620 sancti
837 3568 1084 3638 Pardulﬁ.
1112 3571 1455 3635 confessoris.

353 3656 380 3704 7
418 3652 719 3706 Pontifices
768 3654 954 3708 Nonas
1006 3655 1312 3725 Linusque,
1362 3655 1692 3727 Marcusque
1726 3671 1822 3710 re-

1582 3742 1825 3815 [tentant

485 3831 681 3887 Natale
748 3836 1056 3885 sanctorum
1105 3833 1348 3886 Marcelli
1409 3837 1460 3885 ct
1500 3831 1722 3901 Apulei,
1772 3837 1824 3886 et

554 3921 740 3972 natale
763 3925 939 3973 sancti
971 3923 1142 3974 Marci
1173 3926 1429 3990 epismpi.

350 4006 379 4059 8
416 4005 629 4060 Octono
661 4012 791 4061 ante
823 4008 954 4062 Idus
985 4009 1234 4062 Demetri
1255 4014 1448 4062 sancte
1473 4008 1678 4076 bearis,

416 4094 658 4150 Nomine
711 4111 816 4166 pro
882 4097 1090 4152 Christi
1161 4102 1406 4151 tortores
1465 4113 1665 4167 passus
1711 4097 1820 4152 ini-

1635 4183 1821 4257 [quos.

349 4271 378 4322 9
417 4271 752 4341 Exemplum
784 4271 940 4338 ﬁdei,
973 4273 1213 4342 parendi
1248 4278 1303 4327 et
1327 4289 1529 4328 norma
1555 4274 1822 4340 salubris,
1865 4261 1908 4314 D

420 4360 632 4414 Excelsi
689 4360 870 4414 Patris
925 4360 1178 4431 primum
1231 4362 1572 4432 cognomine
1617 4362 1823 4432 dictus,

417 4449 694 4502 Gentibus
722 4448 856 4503 inde
903 4450 1070 4503 Pater
1113 4450 1326 4504 cmlesti
1375 4456 1528 4504 sorte
1568 4456 1820 4517 vocatus,

415 4535 688 4605 Septenas
741 4536 1029 4591 Abraham
1094 4536 1274 4591 sancit
1316 4537 1639 4609 retinetque
1689 4539 1822 4593 bea-

1711 4633 1818 4683 tus.

1711 4633 1818 4683 tus.

415 4712 509 4766 His
539 4729 771 4785 quoque
803 4713 1077 4785 martyrio
1116 4713 1328 4786 insigni
1360 4714 1626 4786 trinoqne
1665 4627 1826 4770 c[oru-

1644 4805 1826 4874 [scant

206 4931 227 4955 ε·
251 4922 823 5000 Αηιὶεἰοίίοινυηῖτῌία
857 4943 1090 5000 monere
1133 4927 1296 4998 juvat
1323 4928 1380 4982 in
1409 4928 1601 4983 codice
1645 4929 1822 5000 Regio

144 5005 409 5064 nusquam
444 5013 559 5050 non
593 4998 760 5051 scribi
788 4998 1227 5053 Autisioderum.

206 5064 429 5141 lfrPaulo
476 5073 816 5141 instituente.
868 5071 966 5124 Hic
1022 5071 1314 5139 vulgarem
1361 5069 1692 5140 opinionem
1740 5087 1820 5124 se-

143 5139 818 5210 quiturrWandalbertus;
879 5141 1094 5194 scilicet
1161 5139 1412 5210 primum
1475 5143 1822 5196 Parisiorum

141 5209 450 5285 apostolum
486 5210 980 5285 baud‘diver‘sum
1033 5209 1204 5285 fuisse
1253 5212 1322 5265 ab
1378 5212 1478 5285 illo
1530 5212 1820 5283 Dionysio,

139 5280 291 5342 cujus
322 5280 538 5335 mentio
569 5281 634 5334 tit
665 5281 721 5334 in
750 5281 901 5336 Actis
939 5283 1352 5352 apostolorum.
1387 5283 1566 5346 Quam
1600 5280 1825 5352 opinio-

139 5359 264 5426 Item
311 5365 440 5404 cum
493 5367 558 5404 ex
598 5353 822 5426 animis
848 5353 1150 5426 hominum
1183 5355 1440 5426 evellere
1480 5361 1824 5408 conarentur

139 5423 236 5494 Viri
313 5429 509 5475 nostra
573 5429 735 5476 aitate
794 5423 1124 5486 doctissimi,
1177 5425 1512 5494 Dionysium
1562 5430 1818 5479 nostrum

138 5493 447 5546 statuerent
471 5494 639 5547 Decio
670 5494 1005 5565 imperatori
1035 5493 1387 5549 coaetaneum
1420 5496 1615 5550 fuisse.
1647 5497 1823 5567 Atqui

3504 246 3610 299 614

2192 377 2399 433 Orbem
2445 378 2657 449 templa
2708 393 2810 432 suo
2848 379 3152 434 lustrantia
3195 380 3414 435 lumine
3457 399 3597 436 cun-

3430 471 3606 540 [ctum

2201 555 2528 625 Dionysius,
2586 556 2837 610 aethereo
2887 557 2986 627 qui
3033 557 3296 627 splendet
3360 558 3604 613 honore:

2199 645 2382 699 Gallia
2421 644 2736 709 doctorem,
2793 646 2964 698 Paulo
3005 645 3347 699 institueute
3382 648 3425 712 ι),
3474 646 3608 699 bea-

3459 733 3609 806 [tum

2197 821 2376 886 Quem
2413 821 2642 887 meruit,
2668 820 2899 892 gemino
2920 827 3207 893 comptum
3226 823 3608 894 junctumque

3300 911 3605 982 [ministro.

2202 998 2603 1070 Domninoque
2653 999 2776 1052 Itali
2816 999 2969 1052 claro
3019 1013 3146 1052 cum
3203 1005 3450 1070 martyre
3499 1000 3609 1054 ful-

3426 1087 3608 1160 [gent.

1919 1179 2045 1231 Dies
2122 1178 2187 1230 10
2224 1174 2653 1244 Senasjustitiaa
2693 1175 2873 1228 titulis
2925 1177 3027 1228 Lot
3065 1179 3294 1229 sanctus
3350 1176 3608 1230 adornat.

2238 1265 2466 1320 Cassius
2517 1268 2573 1318 et
2615 1265 2858 1331 Gereon,
2913 1265 3119 1328 Victor,
3173 1265 3490 1318 Florentius
3529 1269 3612 1318 at-

3459 1352 3612 1423 tque,

2206 1441 2459 1512 Martyrii
2485 1441 2722 1494 comites
2751 1440 2911 1510 plebs
2941 1446 3060 1494 tum
3085 1444 3391 1511 conjuncta
3412 1441 3615 1494 trium-

3426 1530 3607 1599 [phat.

2285 1638 2343 1689 In
2372 1637 2590 1702 Africa,
2639 1635 2880 1695 Eusebii,
2933 1636 3170 1694 Hc-racli,
3210 1640 3260 1688 et
3307 1636 3462 1692 alibi.
3517 1637 3619 1690 Se—

2349 1729 2487 1784 reni,
2533 1727 2582 1776 et
2627 1724 2911 1782 Crescenti,
2959 1727 3008 1775 et
3057 1724 3344 1775 translatio
3378 1727 3620 1792 corporis

2354 1813 2651 1866 beatissimi
2683 1813 2976 1865 Martialis.

2107 1904 2162 1954 1Ι
2210 1899 2424 1964 Quinas
2473 1916 2599 1953 mox
2638 1901 2900 1966 Taracus,
2955 1899 3193 1964 Probus,
3234 1899 3620 1954 Andronicus-

3162 1985 3290 2058 [que
3321 1993 3618 2057 coronant,

2213 2077 2472 2145 Virtutis,
2516 2076 2831 2146 mortisque
2883 2092 3048 2146 pares
3089 2091 3234 2145 quos
3273 2075 3456 2146 gloria
3491 2075 3621 2130 red-

3494 2162 3617 2236 [dit

2255 2273 2318 2325 In
2369 2271 2580 2325 Acerno
2632 2272 2848 2332 Sicilia,
2894 2272 3076 2324 natale
3119 2275 3430 2325 sanctorum
3477 2272 3620 2324 Fau-

2356 2365 2446 2421 sti,
2475 2362 2749 2413 Januarii.

2109 2453 2172 2503 1'2
2215 2449 2345 2502 ldus
2385 2455 2499 2501 tam
2534 2453 2764 2518 quartas
2797 2447 3015 2502 meritis
3046 2447 3291 2501 Edistius
3320 2451 3514 2519 auget,

2213 2538 2358 2592 Urbs
2419 2539 2686 2592 Ravenna
2743 2553 2845 2590 suo
2916 2536 3121 2590 celebri
3198 2554 3311 2608 quo
3373 2542 3624 2608 martyre

3427 2624 3624 2697 [pollet

2284 2734 2349 2786 1n
2408 2731 2706 2800 Campania
2770 2734 3006 2793 civitate,
3075 2732 3259 2785 natale
3313 2736 3624 2786 sanctorum

2355 2823 2646 2874 Fortunati
2678 2824 2727 2873 et
2756 2822 3039 2880 Prisciani,

2112 2912 2175 2964 l3
2213 2911 2424 2964 Ternas
2471 2909 2784 2970 Marcellus,
2851 2909 3106 2975 Faustus,
3163 2909 3466 2962 Ianuarius
3515 2910 3626 2963 im-

3425 2996 3621 3068 [plent

2211 3087 2353 3140 Tum
2393 3101 2622 3157 quoque
2667 3087 2831 3140 Petro
2875 3085 2999 3154 tibi,
3051 3085 3396 3156 Dionysique
3447 3101 3628 3139 sacra-

3475 3172 3625 3246 [tum

2213 3261 2514 3332 Templum
2542 3281 2556 3329 ;
2584 3266 2640 3316 et
2683 3260 3061 3332 Chrysantho,
3113 3260 3414 3331 Dariaeque
3457 3277 3624 3315 coru-

3248 3348 3386 3421 [scat
3414 3354 3470 3403 et
3507 3365 3626 3418 ara,

2222 3438 2414 3510 Tulpia
2442 3455 2572 3493 cum
2610 3439 2781 3510 plano
2813 3455 2928 3511 quo
2953 3439 3260 3510 praeminet
3290 3455 3524 3510 aequore
3547 3455 3630 3492 ca-

3403 3527 3624 3600 lstrum.

2285 3637 2350 3689 In
2393 3637 2635 3704 Spaniis,
2700 3635 2968 3697 Corduba,
3021 3637 3255 3696 civitate,
3318 3640 3630 3689 sanctorum

2357 3725 2548 3777 Fausti
2594 3727 2646 3777 et
2696 3725 2932 3778 Marcia.
2992 3725 3300 3777 Lemovicas
3361 3723 3629 3776 dedicatio

2355 3815 2531 3864 sancti
2569 3812 2892 3873 Saluatoris,
2944 3816 2996 3864 et
3036 3816 3212 3865 sancti
3258 3811 3482 3866 Geraldi
3511 3827 3631 3864 con-

2357 3901 2600 3966 fessoris.

2148 3989 2214 4044 14
2253 3988 2516 4043 Callistus
2561 3986 2745 4057 pridie
2782 3987 3018 4042 antistes
3047 3991 3376 4058 martyrque
3408 3991 3627 4058 tropaeo

2219 4077 2579 4146 Praecellens,
2610 4076 2792 4130 multo
2826 4080 2882 4130 et
2912 4075 3215 4130 comitatus
3246 4080 3494 4145 martyre
3524 4075 3630 4129 ful-

3487 4163 3623 4236 lget.

2291 4274 2488 4334 Romae,
2548 4273 2640 4326 uia
2694 4271 2948 4332 Aurelia,
3021 4275 3078 4323 in
3147 4274 3383 4333 civitate,
3443 4271 3628 4324 natale

2359 4365 2536 4416 sancti
2567 4361 2770 4416 Calimti
2801 4365 3058 4430 episcopi.

2112 4453 2176 4504 15
2215 4449 2410 4504 Idibus
2455 4450 2591 4504 inde
2633 4449 2738 4503 tibi
2795 4451 3120 4504 Maurorum
3163 4448 3330 4502 turba
3377 4453 3626 4518 vocatur,

2215 4538 2533 4608 Agrippina
2579 4538 2786 4591 animis
2825 4538 3038 4606 pariter
3093 4553 3222 4607 qua;
3271 4538 3402 4591 laeta
3447 4537 3629 4590 beatis

2215 4626 2471 4680 Militiam
2513 4626 2738 4680 Christo
2797 4626 3005 4680 virtute
3050 4632 3104 4678 et
3160 4632 3346 4680 morte
3397 4626 3626 4681 dicavit.

2283 4716 2348 4768 In
2378 4715 2586 4783 Capua,
2631 4717 2722 4767 via
2761 4714 3014 4776 Aurelia,
3053 4716 3238 4768 natale
3279 4719 3455 4769 sancti
3501 4717 3629 4770 For-

2359 4807 2561 4858 tunati.

1932 4928 2267 4999 Dionysium
2298 4930 2697 5000 Areopagitam
2727 4929 2786 4983 in
2834 4929 3044 4984 Gallias
3073 4927 3622 5000 nunquamvenisse

1929 5000 2094 5054 facile
2125 5000 2330 5072 credo;
2365 5015 2496 5053 cum
2529 4999 2584 5052 S.
2619 5001 2945 5072 Dionysius,
2993 4999 3253 5055 Corinthi
3298 4999 3621 5072 episcopus,

1929 5070 2291 5142 Areopagitae
2313 5086 2460 5140 pene
2485 5087 2721 5141 suppar,
2743 5070 2987 5126 testetur
3015 5088 3145 5125 eum
3172 5072 3345 5124 fuisse
3371 5071 3621 5142 primum

1929 5140 2282 5197 Athenarum
2363 5140 2715 5212 episcopum,
2792 5143 2943 5213 apud
3001 5143 3200 5196 Euseb.
3279 5141 3414 5194 Hist.
3477 5140 3618 5213 Eccl.

1933 5213 2028 5266 lib.
2068 5229 2153 5276 ιιι,
2214 5228 2337 5281 cap.
2371 5215 2422 5266 4.
2484 5211 2592 5266 Sed
2644 5214 2796 5282 quod
2830 5211 3195 5268 Fortunatus
3251 5211 3620 5277 Pictavensis,

1930 5284 2081 5354 quod
2128 5283 2333 5336 deinde
2373 5300 2524 5336 anno
2575 5281 2677 5338 823
2725 5285 3034 5337 Galliarum
3083 5281 3624 5354 episcopiscripse-

1930 5352 2084 5419 runt,
2123 5355 2454 5424 Dionysium
2499 5355 2556 5407 in
2588 5355 2795 5409 Gallias
2825 5371 2858 5408 a
2891 5356 3197 5417 Clemente,
3239 5352 3396 5405 urbis
3427 5353 3624 5406 Romae

1929 5426 2220 5495 episcopo,
2289 5425 2522 5478 missum
2581 5442 2724 5493 esse,
2804 5428 2924 5478 sola
2975 5424 3230 5493 Gregorii
3277 5424 3624 5477 Turonensis

1931 5498 2268 5551 auctoritate
2298 5496 2540 5550 convelli
2567 5512 2680 5550 non
2711 5512 2879 5566 posse
2924 5495 3065 5548 mihi
3096 5495 3328 5566 quidem
3372 5496 3616 5552 videtur.
