4044 6174
343 169 446 220 615

1435 159 1946 214 WANDAIBERTI
1988 157 2406 214 PRUMIENSIS
2447 157 2763 216 MONACHI
3735 163 3795 213 (il
3812 165 3843 213 6

343 301 468 352 Dies
545 299 608 351 l6
647 296 894 365 Septeno
940 293 1203 362 donoque
1243 291 1622 346 Novembrem
1662 290 1765 361 qui
1797 290 2030 344 venien-
2072 308 2114 360 Α

1903 378 2038 450 [tem

630 470 962 540 Praesignat,
996 470 1186 524 Gallus
1234 470 1438 523 colitur
1465 469 1798 535 confessor;
1829 475 1885 522 et
1926 483 2040 520 una

628 559 720 613 Bis
751 564 981 613 centum
1027 563 1083 612 et
1126 558 1313 613 decies
1362 561 1580 630 septem
1615 561 2034 623 memorantur,

1780 647 2036 716 [iniquus

627 737 778 802 Quos
808 737 970 791 [uror
1008 737 1081 791 ob
1113 736 1399 791 Christum
1440 735 1615 788 simili
1647 737 1914 789 mactavit
1943 742 2037 788 liu-

1851 824 2034 892 [nore.

699 916 762 968 In
809 915 1024 980 Africa,
1070 915 1253 967 natale
1290 917 1599 967 sanctorum
1641 915 1797 968 Nerei.
1837 917 1885 965 et
1937 913 2036 967 Sa-

773 1008 1005 1057 tur-nini.

528 1097 588 1146 l7
627 1091 987 1148 Sedecimum
1019 1107 1174 1145 sacer
1223 1091 1458 1145 antistes
1503 1089 1820 1144 Florentius
1851 1093 2032 1144 ornat.

468 1174 480 1184 ’
701 1183 764 1234 In
809 1181 1426 1247 Mauritania,-natale,
1473 1185 1781 1233 sanctorum
1838 1181 2039 1232 Donati

771 1275 821 1322 et
849 1272 1019 1322 Des...

529 1364 591 1414 l8
633 1360 806 1415 Lucas
833 1365 916 1412 ter
963 1357 1205 1428 quinum
1242 1357 1384 1410 festo
1428 1356 1734 1427 ofﬁcioque
1761 1355 2036 1420 dicatum,

628 1449 920 1516 Monstrat,
952 1447 1146 1511 Paule,
1187 1452 1284 1499 tuo
1317 1445 1601 1499 Christum
1645 1460 1908 1497 sermone
1951 1445 2030 1497 lo-

1830 1534 2034 1602 [cutus.

628 1625 809 1694 Regni
853 1623 1118 1677 calcatrix
1163 1623 1327 1692 juxta
1375 1627 1432 1676 et
1472 1622 1782 1692 'l‘riphonia
1840 1622 2033 1676 claret.

627 1713 919 1783 (Scorpius
951 1712 1214 1766 autumni
1245 1712 1380 1764 hinc
1411 1711 1744 1765 moderatur
1775 1715 2036 1780 tempora

1839 1797 2034 1870 Uecta.)

695 1893 758 1944 In
790 1891 1022 1950 Oriente,
1073 1889 1361 1942 translatio
1397 1892 1638 1956 corporis
1669 1891 1846 1941 sancti
1881 1889 2037 1942 Lucae

767 1980 1127 2045 evangelista.

522 2071 584 2122 19
629 2068 932 2122 Beronicus
962 2067 1050 2120 bis
1075 2069 1314 2135 septeno
1350 2069 1521 2135 atque
1555 2064 1786 2136 Pelagia
1817 2065 2032 2137 fulget;

623 2157 772 2221 Quos
804 2156 1017 2228 pariter
1063 2153 1445 2226 quadraginta
1495 2158 1666 2224 atque
1700 2171 1905 2208 novem
1937 2171 2037 2208 co-

1705 2241 2028 2314 [mitantur.

697 2336 760 2388 In
829 2332 1121 2388 Antiochia
1207 2333 1380 2400 Syriae
1460 2333 1644 2384 natale
1718 2337 2034 2385 sanctorum

765 2425 1014 2490 Pelagiae,
1067 2426 1116 2474 et
1159 2422 1392 2474 aliorum
1456 2421 1832 2487 quadra—ginta
1896 2425 2030 2475 octo.

518 2513 586 2565 20
624 2513 1033 2582 Ternum|cum
1064 2511 1212 2563 deno
1245 2509 1476 2579 Caprasi
1517 2514 1732 2579 martyr
1762 2508 2032 2564 honoras.

517 2605 578 2657 21
626 2601 924 2671 Presbyter
969 2599 1223 2652 Asterius
1278 2598 1546 2652 duodeno
1596 2598 1721 2652 luce
1777 2603 2037 2652 coruscat

627 2689 886 2760 Egregia,
929 2691 1139 2742 multos
1183 2687 1376 2742 docuit
1405 2687 1503 2758 qui
1532 2687 1758 2741 vincere
1789 2692 2035 2756 sanctos,

626 2779 888 2848 Undique
918 2776 1069 2831 bella
1099 2776 1206 2848 piis
1249 2777 1452 2831 duram
1495 2775 1824 2830 minitantia
1866 2792 2036 2846 Imor-

1855 2863 1992 2935 [tem
2019 2881 2032 2918 :

624 2957 783 3010 Hunc
815 2961 871 3010 et
902 2955 1153 3022 Hilarion
1187 2954 1365 3008 eremi
1397 2954 1586 3008 bonus
1615 2955 1808 3008 accola
1835 2955 2032 3008 comit.

623 3047 779 3100 Tunc
806 3061 1115 3100 numerosa
1143 3044 1314 3099 simul
1349 3043 1537 3099 Rheni
1567 3060 1669 3115 per
1697 3044 1891 3098 littora
1931 3042 2038 3097 ful-

1867 3130 2035 3205 [gent

625 3222 847 3278 Christo
881 3221 1158 3290 virgineis
1190 3226 1380 3276 erecta
1412 3225 1630 3292 tropaea
1659 3220 1930 3290 maniplis

623 3311 958 3383 Agrippina:
989 3311 1142 3379 urbi,
1173 3327 1419 3382 quarum
1464 3309 1625 3363 furor
1653 3310 1870 3380 impius
1896 3309 2036 3363 olim

622 3399 796 3452 Millia
844 3399 1109 3452 mactavit
1153 3399 1505 3452 ductricibus
1545 3399 1740 3452 inclita
1799 3398 2028 3453 sanctis.

546 3488 619 3543 ‘22
660 3485 1037 3540 Undecimum
1082 3487 1225 3540 festo
1267 3486 1565 3557 Philippus
1596 3486 1898 3557 episcopus
1933 3502 2032 3539 au-

1880 3577 2030 3641 [getz

627 3664 861 3719 Hermes
899 3663 1007 3717 hoc
1053 3663 1177 3734 ipso
1207 3672 1232 3697 ι
1284 3663 1450 3730 nitet,
1483 3662 1872 3734 Eusebiusque
1901 3663 2057 3717 bea-'

1903 3753 2031 3818 [tus.

693 3843 757 3895 In
813 3841 1044 3896 Thracia
1086 3845 1322 3903 civitate,
1381 3845 1565 3910 passio
1608 3845 1783 3894 sancti
1833 3840 2032 3894 Leodc-

762 3932 895 3997 gali,
925 3935 976 3983 et
1007 3935 1182 3984 sancti
1214 3931 1457 3998 Philippi
1486 3934 1756 3998 episcopi.

517 4023 584 4075 23
624 4019 913 4082 Severine,
969 4025 1098 4072 tuos
1141 4019 1360 4072 decimo
1409 4033 1570 4071 sacer
1617 4018 1748 4071 inde
1802 4017 2036 4070 colonos

623 4111 930 4178 lnspectas,
964 4106 1138 4178 primi
1171 4107 1395 4159 radians
1431 4106 1499 4159 de
1529 4105 1779 4159 culmine
1811 4105 2031 4176 templi.

693 4199 758 4250 In
791 4196 1147 4263 Trajanopoli
1173 4197 1354 4249 Severi
1380 4199 1430 4248 et
1458 4197 1676 4251 Donati.

513 4285 586 4339 24
615 4285 776 4339 Νοηο
807 4283 1162 4355 quadrageni
1193 4284 1469 4354 effulgent
1493 4299 1704 4354 sexque
1734 4285 2033 4354 triumpho

624 4373 836 4439 Romm,
869 4371 1074 4425 militia
1103 4375 1159 4426 et
1185 4378 1378 4426 sancto
1427 4372 1739 4426 certamine
1768 4372 1925 4426 clari.

627 4462 1050 4532 Martinumque
1105 4463 1130 4503 b
1187 4477 1353 4515 suum
1402 4461 1696 4516 celebrans
1758 4463 2036 4515 Vertanus

1753 4549 2033 4622 [adornat.

696 4640 759 4692 In
805 4639 1116 4695 Nicomedia
1185 4644 1361 4694 sancti
1435 4640 1650 4701 Vitatis,
1735 4640 1925 4692 Felicis
1987 4643 2037 4692 et

775 4729 1030 4784 Victoris.

519 4819 587 4870 25
636 4816 910 4872 Octavum
986 4816 1286 4888 Crispinus
1355 4816 1531 4872 habet
1605 4832 1737 4871 cum
1824 4815 2036 4887 Crispi-

1817 4905 2038 4973 [niano,

628 4996 910 5050 Flammas
950 4995 1050 5066 qui
1079 4995 1226 5066 passi
1257 5011 1469 5049 savum
1492 4995 1678 5050 vicere
1706 4999 2035 5066 tyrannum.

2427 292 2830 361 Chrysantum,
2884 291 3248 363 Dariamque,
3311 307 3459 346 novo
3506 308 3652 363 quos
3702 309 3839 347 mu-

3447 379 3601 452 lnere
3629 381 3845 436 Christi

2429 471 2610 524 Roma
2635 485 2787 523 nunc
2816 474 3026 533 vectos,
3061 470 3298 523 tumulis
3351 471 3503 524 Nova
3539 470 3695 524 Cella
3744 488 3846 523 ve-

3599 555 3844 628 [uustat.

2431 647 2550 710 Qua
2593 647 2776 702 Rheni
2823 648 2987 701 celsis
3036 649 3342 702 succedunt
3392 664 3627 718 arquora
3659 648 3843 700 silvis.

2432 736 2656 790 Hilarus
2699 737 2790 790 hic
2837 737 3010 791 etiam
3051 737 3196 791 nitet
3239 737 3431 808 amplo
3478 738 3686 806 prmsul
3741 737 3849 790 ho-

3655 824 3845 896 [θοι-θ.

2499 914 2698 968 Eodem
2749 915 2837 967 die
2886 915 3069 968 natale
3119 917 3296 968 sancti
3340 915 3601 967 Frontoni
3641 918 3853 983 episco-

2583 1007 2648 1072 pi
2677 1008 2728 1055 et
2753 1004 3095 1069 confessoris.

2147 1092 2269 1143 Dies
2343 1092 2410 1144 26
2469 1090 2768 1146 Pontiﬁces
2857 1092 3027 1159 fama,
3087 1091 3286 1162 signis,
3335 1092 3695 1164 tumulisque
3750 1109 3851 1147 co-

3649 1198 3853 1236 l‘llSCOS

3649 1198 3849 1236 ruscos

2429 1268 2716 1339 Septimus
2745 1268 3014 1336 ostendit,
3057 1285 3190 1323 vero
3235 1269 3306 1323 de
3355 1268 3587 1322 nomine
3620 1181 3849 1322 liman-

3650 1356 3847 1430 [dum,

2430 1445 2870 1516 V'edastumque,
2945 1445 3112 1500 simul
3175 1447 3394 1501 meritis
3451 1452 3508 1500 et
3573 1453 3850 1516 tempore

3567 1536 3850 1605 [junctos.

2499 1623 2562 1675 In
2612 1623 2920 1678 Nicomedia
2977 1625 3161 1678 natale
3216 1629 3527 1678 sanctorum
3583 1626 3850 1682 Luciani.

2569 1713 2852 1766 Marciani.
2932 1715 3243 1767 Translatio
3325 1718 3565 1782 corporis
3658 1718 3848 1766 sancti

2569 1801 2833 1854 Amandi.

2353 1890 2420 1942 27
2462 1889 2602 1943 Hinc
2661 1894 2883 1944 sextum
2934 1895 3152 1959 martyr
3206 1905 3469 1960 pugnans
3510 1889 3856 1944 Vincentius

3619 1978 3820 2049 [ornat
3837 1997 3849 2032 :

2427 2067 2710 2122 Christete
2791 2068 2900 2121 hoc
2983 2068 3215 2138 pariter,
3291 2067 3616 2138 Sabinaque
3677 2068 3852 2139 virgo

3473 2157 3849 2228 [triumphaL

2499 2249 2566 2300 Et
2612 2248 2804 2314 vigilia
2849 2248 3214 2314 apostolorum
3274 2247 3506 2300 Simonis
3559 2251 3611 2298 et
3659 2246 3847 2300 Julia.

2318 2337 2386 2389 28
2426 2333 2678 2389 Simonis
2705 2339 2761 2388 et
2787 2335 2948 2388 Juda‘e
2993 2335 3284 2404 praecellet
3321 2334 3556 2405 quintus
3591 2334 3850 2400 honore,

2425 2424 2578 2487 Quos
2607 2423 2880 2494 opulenta
2912 2425 3027 2477 Deo
3059 2423 3242 2477 Persis
3264 2423 3526 2476 mittente
3555 2432 3848 2493 receptos,

2427 2513 2466 2566 F
2471 2513 2594 2567 idos
2620 2513 2894 2583 martyrio
2945 2518 3002 2566 et
3035 2512 3214 2583 signis
3245 2513 3531 2566 tumulare
3561 2515 3851 2582 patronos

2427 2601 2772 2667 Promeruit,
2807 2601 2941 2657 ﬁdei
2987 2602 3192 2655 cultrix
3251 2601 3297 2654 si
3351 2601 3559 2655 deinde
3615 2601 3846 2654 fuisset.

2428 2691 2598 2761 Virgo
2650 2690 2880 2756 animis,
2931 2695 2989 2746 et
3042 2691 3135 2745 cui
3199 2690 3399 2744 Decius
3454 2689 3605 2743 haud
3653 2689 3853 2742 editor

3647 2777 3663 2846 [
3669 2781 3850 2832 esset.

2427 2865 2527 2920 Hic
2557 2866 2730 2920 etiam
2760 2867 3032 2921 Matronae
3062 2867 3266 2921 colitur
3306 2883 3410 2937 per
3443 2867 3638 2920 littora
3665 2866 3843 2922 Fato.

2322 2958 2389 3011 29
2429 2955 2731 3026 Presbyter
2776 2955 2910 3010 hinc
2947 2956 3202 3010 retinens
3246 2960 3514 3027 quartum
3557 2955 3852 3008 Zenobius

3628 3043 3846 3112 [ornat.

2499 3135 2560 3188 In
2591 3136 2855 3195 Luciana,
2908 3135 3093 3188 natale
3131 3138 3307 3187 sancti
3355 3133 3604 3198 Quintim’
3649 3137 3699 3185 et
3751 3134 3851 3186 Fe—

2573 3224 2780 3276 liciani.

2323 3313 2390 3365 30
2428 3311 2614 3364 Terno
2644 3311 2936 3365 Marcellus
2967 3309 3176 3365 Christi
3222 3310 3481 3380 galeatus
3511 3324 3736 3373 amore,

2393 3399 2719 3454 Centuriam
2777 3399 2918 3453 ccelo
2972 3399 3206 3469 dignam
3251 3399 3594 3470 geminaque
3650 3413 3850 3451 sacra-

3713 3484 3846 3557 [vit,

2427 3576 2766 3648 Martyribus
2811 3575 2898 3631 bis
2937 3579 3168 3630 centum
3211 3579 3267 3630 et
3309 3575 3397 3630 bis
3449 3574 3608 3630 denis
3653 3575 3853 3628 comi-

3644 3662 3848 3732 [tatus

2495 3756 2568 3808 Et
2629 3755 2918 3809 translatio
2989 3758 3230 3824 corporis
3306 3757 3483 3807 sancti
3549 3753 3854 3807 Saturnini

2570 3847 2825 3912 episcopi.

2357 3935 2416 3987 3i
2463 3931 2803 3996 Quintinum
2836 3933 3022 4004 pridie
3049 3932 3341 3987 celebrant
3383 3947 3486 3986 sua
3518 3935 3682 4002 gesta
3708 3930 3850 3986 bea-

3661 4020 3809 4088 [tum
3833 4036 3847 4082 ;

2426 4109 2534 4174 Qui
2559 4109 2773 4182 insigni
2797 4115 2856 4166 et
2882 4109 3040 4164 vario
3082 4109 3153 4164 ob
3202 4109 3492 4165 Christum
3521 4108 3845 4162 certamine

3618 4193 3842 4267 [victor,

2427 4285 2778 4341 Octimbrem
2816 4285 3009 4340 clauso
3048 4285 3343 4356 componit
3386 4285 3442 4338 in
3493 4285 3633 4338 orbe
3663 4300 3845 4338 ruen-

3690 4371 3848 4443 [tem.

2568 4465 2638 4517 Et
2662 4468 2839 4518 sancti
2866 4466 3117 4519 Foilnani
3137 4467 3419 4532 martyris.

2802 4605 3194 4660 NOVEMBER.

2433 4729 2592 4783 Nunc
2620 4744 2861 4801 quoque
2909 4729 3041 4800 quis
3086 4729 3260 4799 longa
3307 4727 3504 4798 vigilet
3543 4728 3652 4782 sub
3689 4730 3848 4782 nocte

3475 4813 3845 4885 [November,

2430 4906 2584 4971 Quos
2652 4905 2906 4976 igilando
2987 4911 3153 4960 canat
3203 4920 3540 4976 promemus
3586 4905 3850 4959 carmine

3581 4993 3847 5065 [sanctos.

628 5085 893 5140 Gemmas
969 5084 1227 5156 martyrii
1332 5083 1592 5155 geminas
1701 5099 2043 5138 veneramur
2149 5086 2275 5138 Dies
2351 5083 2694 5140 lCesarius
2761 5083 2948 5154 prima
3024 5082 3290 5154 designat
3352 5081 3540 5137 fronte
3611 5083 3852 5136 Novem-

1791 5171 2038 5245 [eodem,

343 5371 684 5495 E‘Hermes
737 5368 833 5423 hoc
877 5373 1014 5438 ipso.
1074 5369 1135 5423 lu
1195 5367 1386 5422 codice
1438 5368 1577 5439 Reg.
1635 5373 1687 5423 et
1744 5369 1803 5424 in
1853 5370 2039 5440 Bigot,

392 5455 559 5494 rmas.

392 5455 559 5494 rmas.

3643 5171 3846 5240 threan.

2155 5373 2248 5496 ὀρ
2281 5373 2701 5497 λὶῖἑιντξηωηᾳυε.
2760 5371 2917 5426 Hunc
2967 5385 3192 5424 versum
3255 5367 3624 5439 ascripsimus
3673 5384 3704 5422 ρ
3780 5382 3848 5420 o-
3895 5423 3904 5431 ,

2197 5459 2278 5496 ιρθ
2359 5458 2509 5497 emo.

2197 5459 2278 5496 Ice
2313 5458 2509 5513 uegio.
