4044 6174
176 224 257 273 617
1561 209 2179 268 MARTYROLOGIUM.
3510 213 3614 266 618

408 348 623 405 Eximio
655 350 820 420 cujus
846 348 1074 403 laetatur
1102 348 1281 403 Roma
1312 346 1628 419 triumpho.

408 439 608 495 Mensis
642 442 699 492 et
727 438 818 492 hic
867 437 1121 507 reliquos
1169 437 1394 491 stellato
1438 437 1645 490 vertice
1680 435 1813 489 vin-

1658 541 1789 578 cens

1632 524 1810 596 [cens,

411 617 526 671 Uno
558 631 763 670 omnes
795 621 1017 670 sanctos
1054 615 1346 669 celebrans
1384 614 1684 684 conjungit
1711 613 1812 667 ho-

1626 702 1810 774 [nore,

445 792 623 861 Regia
672 809 818 864 quos
864 792 990 846 cmli
1033 791 1249 863 pariter
1295 791 1617 862 retinetque
1646 791 1816 845 fovet-

1719 894 1811 931 U6.

1653 876 1811 951 [que.

407 969 654 1034 Quartis,
708 968 1017 1034 Victorino,
1076 985 1232 1023 sacer
1294 972 1622 1039 martyrque
1682 967 1815 1021 bea-

1671 1070 1745 1107 l‘lS
1770 1065 1811 1107 ⁸.

1671 1070 1745 1107 l‘lS
1770 1065 1811 1107 α.

168 1150 268 1202 Dies
334 1149 362 1200 2
401 1146 610 1201 Nonis:
662 1146 755 1201 hic
800 1146 971 1227 etiam
1017 1146 1243 1216 fulgent
1287 1145 1565 1210 Julianus,
1614 1053 1815 1214 h[isque

1498 1232 1814 1304 [Bemgnus

406 1322 729 1393 Presbyteri
802 1323 1024 1393 fulgent
1109 1323 1314 1377 virtute
1394 1327 1451 1375 et
1536 1321 1815 1391 sanguine

1631 1409 1811 1482 [clari.

341 1504 369 1553 3
404 1500 602 1553 Ternis
630 1502 967 1563 Germanus,
1006 1500 1223 1564 Vilalis,
1255 1498 1671 1570 Czesariusque,

404 1588 868 1658 Theophilusqne
913 1589 1036 1658 pari
1093 1590 1380 1641 collucent
1418 1588 1636 1641 lumine
1664 1587 1811 1640 festi.

475 1686 537 1739 In
563 1649 580 1658 -
638 1649 929 1753 Trajecto;
978 1685 1242 1753 (lepositio
1349 1688 1525 1737 sancti
1608 1686 1816 1737 Huccu-
1854 1649 1895 1701 Β

548 1775 685 1826 berti
723 1774 978 1842 episcopi.
1582 1768 1585 1775 “

336 1863 367 1916 4
404 1863 616 1917 Ρινξῐιδυι
694 1862 827 1916 hinc
902 1862 1089 1931 pridie
1165 1860 1460 1916 Rullienos
1513 1860 1816 1916 Amantius

1624 1947 1816 2021 [ornat

548 2049 609 2100 In
682 2049 899 2114 Africa,
978 2049 1162 2101 natale
1230 2051 1537 2101 sanctorum
1623 2049 1813 2114 Primi,

582 2138 859 2204 Perpetua
880 2140 931 2189 et
965 2138 1216 2191 Victoris.

338 2226 364 2275 ὅ
403 2223 583 2277 Nonis
634 2224 928 2277 Zacharias
980 2228 1150 2290 vates,
1205 2225 1519 2295 templique
1559 2223 1817 2278 sacerdos

403 2311 652 2378 Eminet,
686 2311 937 2365 ablatum
962 2315 985 2355 ἱ)
1033 2312 1150 2366 nati
1186 2313 1284 2383 qui
1316 2328 1555 2366 munere
1595 2327 1815 2379 vocem,

404 2400 560 2454 Vatis
609 2404 665 2453 et
718 2399 972 2454 ofﬁcium
1027 2400 1214 2471 prisco
1274 2400 1344 2455 de
1387 2417 1547 2455 more
1581 2401 1811 2470 recepit.

405 2492 633 2561 Hasque
665 2506 823 2544 sacer
868 2490 1045 2555 Felix,
1078 2491 1510 2561 monachusque
1544 2489 1817 2544 Eusebius

1557 2576 1812 2650 [augent

586 2669 653 2720 Et
677 2671 877 2721 sanctae
904 2669 1090 2722 Mariae
1115 2672 1167 2721 et
1186 2668 1494 2739 Secundae.)

333 2757 363 2805 6
402 2754 603 2809 Idibus
663 2756 884 2810 octonis
953 2760 1172 2826 martyr
1247 2756 1399 2810 Felix
1472 2756 1812 2810 celebratur.

435 2854 505 2906 In
552 2856 773 2907 civitate
814 2853 1048 2907 Redonis
1089 2852 1296 2913 Galliae,
1338 2854 1602 2921 depositio
1641 2857 1817 2906 sancti

548 2942 751 2995 Melani
823 2942 1076 3010 episc0pi,
1171 2944 1221 2991 et
1294 2945 1469 2995 sancti
1547 2941 1816 2995 Leonardi
1854 2946 1894 3002 C

582 3030 928 3095 confessoris.

330 3120 358 3169 ’1
400 3116 682 3187 Septenas
757 3121 1066 3170 Amarante
1147 3116 1243 3186 pia
1329 3118 1394 3171 de
1484 3123 1669 3171 morte
1729 3133 1816 3170 sa-

1584 3204 1777 3277 [crasti
1801 3220 1813 3257 :

401 3294 514 3348 Has
545 3309 776 3366 quoque
807 3294 1213 3349 Willebrordus
1264 3294 1453 3360 habet,
1503 3309 1616 3363 quo
1661 3293 1819 3364 prin-

1454 3380 1604 3453 [cipe
1638 3381 1820 3451 plebis

404 3471 725 3525 Fresonum
772 3470 939 3524 multi
988 3471 1275 3525 Christum
1326 3485 1556 3524 sensere
1606 3485 1821 3523 vocan-

1656 3557 1816 3630 [tem.

477 3657 541 3709 In
632 3657 967 3731 Nicomedia,
1048 3657 1263 3723 Rogati,
1367 3657 1567 3709 Donati
1652 3656 1823 3709 Primi

552 3750 602 3799 et
631 3747 810 3799 Juliaz.

333 3834 364 3885 8
406 3833 590 3889 Senas
641 3837 911 3887 ornantes
960 3833 1089 3887 Idus
1135 3831 1341 3886 merito
1391 3834 1564 3901 atque
1600 3846 1821 3896 cruore,

405 3921 629 3989 Claudi,
686 3922 925 3988 Castori,
972 3920 1253 3991 Simplici,
1311 3919 1730 3991 Symphoriane
1780 3929 1820 3986 ε,

408 4011 478 4063 Et
523 4011 859 4076 Nicostrate,
922 4010 1048 4081 pari
1109 4008 1338 4079 fulgetis
1405 4009 1528 4062 luce
1575 4024 1819 4062 coronae.

486 4106 551 4158 In
608 4106 943 4173 Nicomedia,
984 4108 1168 4160 natale
1240 4109 1550 4159 sanctorum
1628 4106 1825 4159 Eusebi

559 4199 611 4247 et
632 4196 884 4248 Eustasii
1295 4194 1300 4199 ’

337 4285 369 4335 9
410 4282 619 4347 Quinte
680 4299 812 4338 mox
859 4283 990 4337 ldus
1047 4282 1349 4337 Theodoro
1400 4285 1650 4353 martyre
1696 4296 1826 4335 ver-

1642 4369 1824 4443 [nant.

308 4461 374 4512 10
413 4460 650 4524 Quartis
704 4461 1010 4526 Modestus,
1089 4459 1399 4527 Florentia,
1455 4460 1827 4529 Tiberiusque

410 4549 590 4604 Trino
624 4549 900 4620 martyrio
930 4549 1084 4603 trino
1114 4564 1220 4620 pro
1251 4548 1488 4602 nomine
1514 4548 1755 4619 fulgent.

490 4648 555 4699 In
593 4646 909 4707 Antiochia,
982 4647 1166 4700 natale
1250 4648 1560 4699 sanctorum
1647 4647 1833 4697 Deme-

567 4735 641 4789 tri
714 4737 968 4804 episcopi.
1034 4736 1234 4797 Romae,
1315 4733 1577 4803 depositio
1658 4736 1831 4785 sancti

564 4825 760 4878 Leonis
785 4827 1045 4892 episcopi.
1350 4838 1353 4839 '

146 5050 172 5102 ὸ
206 4984 596 5102 ‘tMartyrque
641 4984 838 5037 bearis.
906 4983 969 5036 In
1016 4981 1210 5036 codice
1259 4979 1458 5052 Regio,
1522 4983 1837 5046 meritisque

176 5067 233 5102 ea
261 5069 342 5102 HS.

176 5057 342 5108 catus.

207 5125 471 5179 bEminet
548 5125 811 5179 ablatam.
895 5122 987 5178 Sic
1061 5121 1493 5177 emendavimus
1566 5138 1596 5176 e
1646 5121 1836 5175 codice

146 5192 343 5264 Bigot.,
376 5211 518 5249 cum
556 5201 725 5249 antea
753 5200 1019 5265 corrupte
1040 5194 1346 5265 legeretur,
1380 5193 1620 5246 oblitam.

205 5272 227 5299 ⁸
254 5266 682 5321 Sumnhoriane.
710 5267 773 5321 In
806 5265 998 5320 codice
1038 5265 1216 5321 Regio
1247 5276 1303 5319 et
1347 5264 1409 5317 in
1458 5264 1640 5321 Bieot.
1692 5261 1837 5321 legi-

205 5277 227 5299 ‘
254 5277 682 5335 Symp/coriam.
711 5277 773 5321 1n
806 5277 998 5320 codice
1038 5277 1216 5336 Βαθειο
1247 5277 1303 5319 et
1347 5279 1409 5317 1n
1458 5277 1640 5332 uiget.
1692 5277 1782 5331 leg

144 5337 233 5389 tur
263 5337 722 5414 S_emproniane._
857 5406 887 5414 Δ
942 5406 953 5414 _
1052 5406 1063 5414 _
1261 5405 1293 5414 Α·
1524 5402 1537 5414 ¹
1606 5402 1638 5414 υ
1691 5403 1703 5414 ⁸

204 5418 229 5459 ιι
269 5402 520 5461 Ρεεεῖυοε
546 5408 802 5477 populos.
851 5406 999 5471 Quin
1049 5405 1335 5477 ignoratio
1388 5402 1841 5477 vocabuli‘haud

142 5473 215 5530 ita
239 5478 507 5550 vulgaris
535 5473 729 5532 loc—um
776 5478 931 5532 hunc
976 5473 1401 5543 deformaverit,
1455 5476 1542 5528 vix
1579 5473 1841 5528 dubitare

467 5575 762 5637 Parnon.
809 5574 1036 5637 CXXI.

1847 350 1893 402 A
1920 349 2045 401 Dies
2124 349 2178 400 ll
2227 347 2416 400 Menas
2444 351 2672 401 sanctus
2708 351 2837 401 ovat
2882 345 3060 400 ternis
3103 345 3313 400 virtute
3358 345 3605 417 ﬁdeque.

2207 434 2506 489 Confessor
2550 436 2776 500 merito,
2826 435 3034 502 ofﬁcio,
3088 439 3145 489 et
3193 450 3457 489 sermone
3502 435 3610 489 Sa-

3364 522 3611 597 [cerdos,

2207 614 2394 683 Atque
2441 610 2552 666 ﬁde
2604 612 2832 681 Martyr,
2882 613 2993 666 lato
3040 612 3290 666 famosus
3353 613 3415 666 in
3477 612 3612 667 orbe

2210 701 2503 766 Martinus,
2527 699 2693 765 votis,
2726 701 2985 771 festoque
3017 705 3249 754 vocatur
3278 701 3502 754 eodem.

2209 788 2506 855 Exsilium,
2542 786 2789 859 ﬂagella,
2835 788 3038 853 minas,
3073 793 3358 842 tormenta
3391 804 3613 842 necem-

3481 875 3573 949 [qu
3583 895 3611 930 e

2206 966 2313 1019 Pro
2345 964 2567 1020 Christo
2598 980 2867 1037 perpessa
2896 964 3064 1018 simul
3098 964 3386 1018 Domitilla
3414 965 3614 1018 trium-

3429 1052 3610 1122 [pliaL

2282 1150 2341 1202 In
2391 1148 2585 1202 Galliis
2638 1154 2874 1211 civitate,
2926 1150 3178 1202 dormitio
3236 1153 3411 1202 sancti
3467 1151 3612 1202 Mar-

2354 1239 2456 1289 tini
2488 1241 2741 1306 episcopi.
2772 1240 2839 1290 Et
2859 1241 3033 1290 sancti
3060 1239 3284 1291 Mennw.

2109 1327 2169 1379 l2
2208 1325 2523 1396 Agrippina
2563 1330 2696 1379 tuus
2736 1325 2919 1396 pridie
2951 1326 3177 1379 excellit
3235 1324 3612 1379 Cunibertus:

2213 1414 2490 1468 Leonium
2535 1414 2815 1485 Sequanae
2857 1414 3112 1467 recolunt
3158 1429 3391 1485 quoque
3424 1413 3618 1467 littora

3310 1502 3613 1574 [sanctum

2280 1602 2337 1653 In
2395 1600 2639 1653 Caesarea
2706 1600 3082 1668 Cappadocia,
3148 1600 3330 1652 natale
3402 1604 3615 1653 sancto-

2352 1703 2475 1740 rum
2504 1688 2757 1741 Germani
2784 1692 2833 1740 et
2862 1688 3100 1740 Eusebii.

2106 1776 2168 1827 13
2209 1773 2341 1828 Idus
2365 1779 2502 1827 tunc
2532 1774 2711 1827 haeres
2740 1778 2887 1836 tuus,
2925 1790 2956 1826 ο
2978 1774 3234 1835 Martine,
3271 1778 3513 1828 retentat

2210 1862 2427 1917 Bricius
2486 1862 2706 1929 exsilio,
2764 1862 3047 1933 lacrymis,
3123 1862 3415 1933 signisque
3479 1878 3612 1932 pro-

3406 1950 3613 2019 [batus.

2283 2050 2350 2101 Et
2394 2052 2451 2101 in
2506 2050 2768 2110 Malbod.,
2833 2051 3119 2103 translatio
3194 2053 3432 2116 corporis
3495 2064 3617 2102 san-

2350 2140 2446 2190 ctae
2474 2137 2838 2204 Aldegundis.

2112 2224 2172 2278 14
2214 2224 2480 2279 Octavam
2514 2225 2912 2297 decimamque
2954 2225 3294 2281 Decembres
3349 2229 3478 2279 ante
3515 2227 3617 2279 Ka-

3404 2311 3617 2385 Uendas

2176 2400 2523 2455 Clementius
2616 2400 2809 2463 habet,
2892 2401 3252 2467 Theodotus,
3340 2400 3619 2455 Philomi-

3344 2488 3614 2561 [nusque,

2132 2652 2135 2655 _
2211 2576 2325 2631 Hac
2353 2576 2570 2648 pariter
2602 2578 2752 2647 passi
2782 2577 3014 2633 tortoris
3047 2579 3207 2649 jussa
3237 2578 3478 2632 cruenti.

2280 2677 2343 2729 In
2406 2678 2667 2731 I-leraelea
2733 2681 2971 2740 civitate,
3046 2680 3230 2731 natale
3306 2682 3615 2732 sanctorum

2354 2765 2687 2827 Clementini,
2752 2767 2991 2821 Heracli.
3085 2767 3209 2835 Ipso
3282 2766 3370 2819 die
3422 2770 3612 2834 passio

2351 2857 2527 2906 sancti
2549 2855 2713 2907 Justi.
2900 2881 2908 2889 -
3022 2866 3029 2871 '

2105 2942 2167 2993 15
2208 2939 2455 3010 Septena
2482 2941 2787 3010 Eugenius,
2823 2944 3037 3011 martyr
3085 2939 3346 3011 denaque
3368 2940 3611 2997 nitescit.

2280 3037 2344 3088 In
2378 3036 2582 3102 Africa
2632 3039 2869 3103 civitate,
2911 3037 3095 3090 natale
3141 3042 3451 3092 sanctorum
3513 3040 3611 3095 Sa-

2356 3129 2567 3178 turnini
2591 3128 2642 3177 et
2668 3128 2923 3187 Demetri,
2953 3130 3004 3178 et
3023 3130 3198 3179 sancti
3229 3127 3465 3182 Cesarii.

2101 3212 2171 3265 16
2212 3212 2519 3266 Eucherius
2545 3216 2759 3267 sextam
2804 3229 2935 3268 cum
2981 3213 3148 3281 dena,
3194 3214 3615 3287 Gregoriusque

2210 3300 2476 3371 Implent,
2528 3301 2790 3373 Lugduni
2828 3302 2943 3371 hic,
2976 3302 3356 3358 Neocaesareee
3383 3304 3495 3359 'ille
3526 3321 3614 3358 sa-

3397 3392 3614 3448 cerdos.
3674 3406 3683 3412 ‘

3397 3392 3614 3448 cerdos.

2283 3488 2346 3541 In
2412 3488 2619 3557 Capua,
2690 3490 2873 3543 natale
2943 3493 3254 3544 sanctorum
3319 3391 3513 3545 Vitatis
3568 3495 3619 3544 et

2350 3579 2629 3631 Januarii.

2112 3668 2171 3718 l7
2214 3664 2590 3728 Quindecima
2648 3666 2884 3721 antistes
2936 3667 3153 3738 Ligeris
3230 3684 3334 3738 per
3406 3669 3617 3737 littora,

3383 3758 3620 3829 [perque

2216 3841 2460 3895 Festivos
2492 3843 2736 3912 populos
2766 3855 2815 3913 d,
2852 3842 3107 3898 Aniauus
3145 3844 3314 3900 laude
3364 3852 3621 3901 coruscat

2215 3931 2464 3996 Eterna,
2516 3930 2740 3998 merito,
2780 3930 2976 4002 signis,
3027 3948 3216 4002 prece,
3266 3935 3620 4005 consilioque

2185 4018 2391 4072 Urbem
2465 4018 2565 4090 qui
2613 4019 2910 4090 propriam
2963 4019 3157 4074 hostili
3198 4021 3269 4076 de
3324 4022 3485 4077 clade
3538 4038 3622 4077 re-

3401 4111 3619 4181 [demit.

2219 4194 2572 4261 (Arcitenens
2631 4196 2819 4267 gelido
2880 4195 3012 4251 hinc
3082 4198 3379 4253 contristat
3437 4198 3624 4253 sidere

3348 4286 3623 4359 [cmlum.)

2290 4374 2353 4426 In
2407 4377 2625 4428 civitate
2697 4376 2998 4443 Hierapoli,
3067 4377 3252 4430 natale
3318 4382 3627 4432 sanctorum

2369 4463 2622 4523 Victoris,
2659 4463 2859 4531 Alphei
2884 4468 2934 4517 et
2962 4465 3212 4519 Romolz.

2120 4551 2183 4603 18
2223 4548 2536 4620 Hesychius
2573 4555 2790 4621 martyr
2846 4556 3110 4621 quartam
3163 4553 3486 4626 donumque
3536 4570 3630 4609 co-

3444 4648 3609 4697 ronat

2912 4658 2921 4661 '
3444 4648 3609 4697 ronat

2222 4727 2648 4797 Romanusque,
2697 4726 2831 4780 urbs
2878 4728 3145 4783 Antiochi
3205 4730 3335 4800 quis
3374 4642 3499 4785 lte[ta
3538 4683 3629 4785 re:

3417 4817 3630 4889 [currit.

1943 4994 2180 5050 possum
2206 4995 2220 5045 ;
2252 4993 2384 5050 nam
2410 4993 2537 5031 cum
2562 4994 2723 5050 voces
2746 4979 2858 5033 illae
2884 4983 3107 5047 festivos
3126 4981 3359 5049 populos
3406 4980 3499 5033 hic
3521 4996 3636 5034 non

1946 5049 2082 5103 Satis
2137 5049 2496 5122 conveniant,
2560 5049 2854 5119 probabile
2934 5058 3033 5122 est,
3084 5051 3293 5122 populi
3339 5051 3634 5121 cujusdam

1947 5135 2161 5173 nomen
2192 5119 2297 5172 sub
2326 5135 2461 5172 voce
2493 5122 2714 5185 festivos
2751 5122 2948 5175 latere.
2985 5121 3045 5175 ld
3086 5119 3222 5174 vero
3274 5119 3445 5175 fuerit
3473 5123 3639 5175 Belsi-

1945 5206 2155 5249 uorum,
2189 5195 2287 5263 aut
2334 5195 2485 5263 certe
2520 5191 2879 5263 Belsinorum,
2912 5193 3019 5246 hoc
3048 5198 3131 5245 est
3156 5208 3357 5245 eorum
3388 5192 3487 5263 qui
3515 5193 3644 5247 Bel-

1947 5266 2105 5323 siam,
2135 5261 2308 5328 vulgo
2340 5261 2563 5333 Beauce,
2596 5262 2888 5333 incolunt:
2932 5263 3100 5333 hujus
3135 5262 3285 5315 enim
3330 5261 3640 5333 provinciae

1949 5347 2161 5385 nomen
2189 5338 2321 5384 ante
2358 5332 2745 5386 Waudalberti
2793 5338 3017 5386 aetatem
3068 5332 3126 5385 in
3175 5332 3401 5401 scriptis
3439 5334 3643 5387 Fortu-

1949 5402 2068 5456 nati
2098 5403 2420 5475 reperi‘tur;
2454 5402 2832 5473 quamobrem
2878 5404 2969 5457 hic
3008 5403 3250 5457 libenter
3295 5404 3487 5475 legero
3521 5406 3641 5459 Bel-

1951 5477 2096 5527 sinos
2119 5473 2372 5541 populos.

3251 5575 3331 5633 2O
