4022 6178
409 237 511 286 (illi

838 468 999 506 czam.

403 542 527 594 Dies
607 543 669 593 i9
708 540 1096 593 Tredecimam
1134 539 1450 594 Felicianus
1475 556 1604 594 cum
1636 539 1926 595 Severino.

691 628 947 699 Cumque
999 629 1299 699 Exuperio,
1350 628 1484 682 ﬁdei
1523 629 1834 683 certamine
1893 631 2092 683 sancit.

755 717 819 769 In
861 715 1119 774 Czrsarea,
1178 718 1454 782 Januarii,
1519 718 1736 778 Vitatis,
1798 719 2090 772 Marciani.

827 805 1228 871 Augustoduno
1249 813 1292 865 ⁸,
1313 805 1558 872 Simplici
1586 809 1845 874 episcopi.

577 896 644 948 20
685 895 962 947 Pontiane
996 893 1096 945 tibi
1129 893 1446 946 duodenam
1485 894 1665 946 Roma
1695 893 1881 947 dicato

686 982 969 1051 Obsequio
1001 987 1200 1047 sacrat,
1247 981 1487 1034 antistes
1538 987 1867 1053 martyrque
1907 982 2091 1036 beate.

753 1072 817 1123 In
857 1072 1098 1139 Spaniis,
1151 1071 1334 1123 natale
1372 1072 1549 1124 sancti
1598 1072 1827 1124 Mamimi
1863 1071 2093 1140 presby-

837 1163 956 1212 teri.

579 1250 639 1300 2t
686 1247 844 1300 Abba
875 1246 1261 1300 Columbanus
1297 1248 1590 1300 undenam
1633 1249 1743 1301 sibi
1775 1253 1982 1314 servat,
2023 1246 2093 1300 ab

1946 1336 2092 1405 [ipso

687 1425 909 1478 Oceano
976 1425 1170 1478 multis
1218 1425 1343 1477 vita:
1406 1425 1505 1495 qui
1553 1426 1819 1494 dogmata
1879 1431 2089 1478 sancta:

687 1514 982 1583 Religione
1029 1514 1124 1583 pia
1175 1513 1399 1582 sparsit,
1462 1531 1748 1580 sermone,
1801 1530 2092 1584 manuque

753 1604 823 1655 Et
853 1604 1044 1670 vigilia
1070 1608 1265 1657 sancta:
1303 1604 1546 1657 Caeciliae.

577 1693 643 1743 22
686 1689 911 1743 (ἱωειΙίίι
948 1690 1194 1742 illustrat
1244 1692 1451 1744 denam
1506 1707 1634 1742 mox
1682 1695 1877 1744 sancta
1907 1691 2092 1744 nitore

685 1781 986 1848 Perpetuo,
1028 1780 1193 1832 claris
1233 1796 1460 1850 semper
1506 1779 1790 1848 vulganda
1836 1781 2090 1850 tropaeis,

683 1868 852 1936 Virgo
900 1868 1035 1921 hinc
1092 1874 1356 1937 cognato,
1413 1874 1724 1938 sanctoque
1768 1868 1903 1922 hinc
1951 1869 2094 1922 fulta

1842 1955 2088 2027 [marito.

2133 1667 2172 1720 Β

754 2047 950 2108 Rom,
977 2051 1160 2115 passio
1184 2052 1384 2101 sancta
1411 2051 1663 2115 virginis.

574 2136 643 2189 23
687 2136 905 2188 Nonam
939 2136 1092 2205 Papa
1138 2140 1294 2190 tenet
1344 2136 1605 2189 Clemens
1657 2135 1986 2202 certamine,
2039 2141 2094 2188 et

1942 2225 2092 2294 [altis

683 2312 966 2366 Virtutum
1020 2313 1222 2381 titulis,
1290 2319 1533 2367 mortem
1594 2312 1694 2383 qui
1749 2329 1950 2382 passus
2032 2312 2091 2365 in

1874 2401 2085 2470 [undis,

683 2489 954 2558 Repperit
982 2493 1335 2542 exstructum
1382 2489 1575 2542 divino
1627 2503 1866 2542 munere
1896 2491 1920 2529 ι)
1950 2493 2089 2540 tem-

1877 2574 2084 2646 [plum.

681 2666 822 2717 'l‘um
875 2681 1105 2735 quoque
1152 2670 1388 2734 septena
1435 2665 1684 2736 genitrix
1725 2681 1854 2718 cum
1907 2665 2083 2734 prole,

1905 2751 2088 2823 [beato

682 2839 1018 2892 Praecellens
1068 2839 1252 2892 radiat
1305 2839 1558 2892 Felicitas
1588 2840 1737 2891 alma
1770 2839 2084 2907 triumpho.

682 2928 896 2998 Ilioque
957 2945 1088 2980 suos
1133 2937 1153 2962 θ
1200 2927 1430 2982 'l‘rudon
1490 2928 1691 2981 mundi
1730 2933 2088 2997 contemptor

1801 3015 1998 3088 [adorn
2009 3021 2080 3069 at.

571 3106 641 3158 24
680 3104 1079 3174 Chrysogonus
1154 3106 1376 3158 meritis
1442 3110 1694 3158 octavam
1756 3111 1811 3158 et
1864 3105 2083 3158 funere.

1861 3190 2084 3262 [sancit.

747 3282 810 3334 In
842 3282 1050 3347 Blavia,
1081 3283 1517 3336 sanctiRomani.

606 3371 674 3421 25
714 3369 1016 3438 Septenam
1071 3371 1269 3422 Petrus
1333 3371 1566 3423 antistes
1623 3374 1952 3439 martyrque
2003 3386 2088 3423 ve-

1847 3457 2085 3525 [nustat,

682 3541 843 3595 Urbis
873 3541 1178 3594 Alexandri
1227 3543 1475 3612 populus
1525 3558 1638 3612 quo
1676 3542 1940 3610 praeduce
1983 3542 2086 3594 ful-

1974 3628 2082 3701 [tus

673 3719 939 3772 Errorum
973 3734 1173 3772 curvos
1223 3718 1444 3790 spernit
1494 3735 1788 3789 caecosque
1836 3726 2077 3772 meatus.

565 3809 632 3858 26
671 3805 892 3861 Sextam
965 3809 1118 3861 Lina:
1196 3824 1380 3861 sacras
1433 3825 1595 3862 roseo
1661 3807 1730 3862 de
1801 3811 2080 3877 sanguine

1912 3894 2079 3967 [ρθρα

743 3986 811 4037 Et
837 3986 1019 4040 Siricii
1041 3990 1092 4039 et
1123 3986 1388 4040 Cassiani.

559 4074 624 4124 27
668 4072 934 4141 Martyrio
963 4073 1222 4144 quintam
1271 4075 1532 4143 Agricola
1581 4078 1638 4127 et
1672 4072 1867 4126 Vitalis
1897 4073 2080 4126 hono-

1902 4159 2074 4232 [rant.

737 4249 919 4302 Severi
958 4253 1008 4302 et
1036 4250 1190 4302 Beati
1222 4253 1476 4318 episcopi.

557 4337 626 4389 28
665 4335 828 4402 Silas,
864 4337 1056 4405 Paule,
1099 4309 1525 4407 tuus-quartam
1567 4353 1758 4391 comes
1805 4343 1978 4408 auget
2017 4343 2073 4392 et
2112 4309 2156 4362 D

719 4469 736 4479 .
1855 4426 2067 4499 [ornat.

737 4512 1035 4582 Theophini
1063 4517 1115 4567 et
1141 4515 1295 4569 Julii.

553 4603 622 4653 29
660 4601 922 4668 Ternam,
947 4602 1270 4670 Saturnine,
1303 4603 1427 4673 tibi,
1453 4604 1760 4674 Mauroque
1789 4603 2065 4658 dicamus.

445 4776 470 4805 ι
497 4765 918 4833 Augustoduno.
949 4767 1047 4820 Hic
1079 4768 1352 4820 nonnulla
1394 4766 1774 4828 manebimus,
1828 4783 1956 4837 qua:
1988 4768 2068 4820 le-

376 4837 519 4890 ctori
551 4853 654 4890 nec
680 4837 905 4906 ingrata
931 4839 1164 4891 fortasse
1188 4855 1289 4890 nec
1311 4838 1537 4890 inutilia
1561 4839 1920 4891 videbuntur.
1952 4839 2068 4890 Pri-

376 4923 533 4960 mum
549 4908 608 4959 in
629 4909 816 4960 codice
834 4909 1010 4978 Regio
1029 4926 1308 4979 nusquam
1331 4925 1446 4962 non
1478 4909 1648 4962 scribi
1691 4909 2061 4976 Agustiduno,

374 4995 616 5049 eamque
647 4979 930 5032 scribendi
967 4980 1268 5046 rationem,
1316 4987 1375 5031 ut
1405 4997 1638 5049 pravam
1683 4996 1824 5043 esse,
1860 4979 1938 5032 ita
1967 4981 2061 5032 diu

373 5049 544 5102 fuisse
561 5056 886 5118 usurpatam
907 5066 918 5103 :
939 5052 1087 5119 quod
1108 5067 1236 5103 eum
1256 5050 1509 5117 aliunde,
1527 5057 1646 5104 tum
1667 5050 1840 5103 etiam
1855 5068 1883 5102 e
1903 5066 2066 5102 num-

372 5121 482 5173 mis
512 5126 752 5186 constat,
789 5121 843 5172 in
869 5122 1078 5190 quibus
1106 5122 1481 5184 Justiuianus‘,
1502 5122 1779 5184 Justinus,
1807 5121 2063 5174 Tiberius

369 5193 714 5260 plerumque
746 5192 978 5260 quidem
1014 5196 1277 5258 Augusti.
1317 5208 1428 5244 non
1465 5208 1594 5244 raro
1639 5199 1828 5244 tamen
1863 5195 2062 5258 Agusti

372 5263 657 5314 dicuntur.
684 5264 940 5314 Alterum
973 5263 1028 5314 in
1075 5264 1272 5314 eodem
1324 5264 1516 5314 codice
1565 5262 1661 5314 ubi
1710 5262 2062 5315 Autisiodori

373 5333 586 5384 mentio
618 5333 696 5392 ﬁt,
730 5350 852 5384 eam
889 5334 1086 5385 urbem
1119 5333 1527 5385 Autisioderum
1570 5348 1795 5401 semper
1823 5333 2011 5386 vocari
2045 5349 2057 5386 :

371 5403 525 5469 quod
555 5420 621 5455 eo
655 5403 845 5455 minus
892 5405 1374 5456 contemnendum
1409 5409 1511 5467 est,
1544 5419 1656 5471 quo
1703 5404 1883 5472 magis
1931 5419 2061 5456 con-

371 5476 500 5540 stat.
536 5472 668 5525 inde
710 5474 1052 5527 hodiernum
1085 5491 1293 5526 nomen
1324 5476 1595 5540 Auwerre,
1639 5489 1754 5526 non
1795 5489 1859 5526 ex
1889 5474 2060 5527 Auti-

371 5539 620 5606 siodoro,
653 5558 776 5595 esse
805 5544 1192 5614 desumptum.
1229 5539 1608 5608 Postremum,
1638 5544 1732 5597 ubi
1753 5548 2062 5598 occurrunt

1487 234 2001 290 WANDAIBERTI
2043 237 2466 293 PRUMIENSIS
2505 239 2815 295 MONACHI

759 364 823 417 In
891 364 1150 428 Casarea,
1225 364 1477 424 Victoris,
1545 365 1774 418 Maximi
1837 370 1888 418 et
1946 368 2093 419 Mar-
2135 369 2182 420 Α

3786 251 3875 298 621)

2564 353 2697 423 Item
2744 371 3053 431 Saturnini,
3095 376 3145 424 ct
3187 375 3438 433 Sisinnii,
3466 380 3518 426 et
3549 375 3870 443 Chrysa-nim.

2637 464 2687 512 et
2711 460 2908 512 Dariz.

2207 547 2331 598 Dies
2406 547 2474 600 30
2504 546 2757 599 Andreas
2788 546 2969 616 pridie
3010 549 3301 616 praecellet
3341 551 3654 619 apostolus,
3691 554 3874 622 amplis

2491 635 2778 688 Virtutum
2829 636 3055 705 fulgens
3087 636 3282 702 radiis,
3333 637 3631 708 titulisque
3675 657 3772 709 per
3797 659 3876 695 or-

3736 729 3854 783 bern

3736 729 3854 783 bern

2487 809 2595 872 Qui
2659 809 2972 864 indomitos
3053 810 3224 864 verbo
3308 811 3606 883 signisque
3675 727 3878 886 siEbegii

3649 900 3877 973 [Achaeos

2487 985 2812 1040 Brumalem
2871 987 2992 1041 haec
3041 987 3314 1041 claudunt
3366 989 3714 1060 populorum
3766 999 3876 1045 vota

3464 1077 3872 1150 [NovembrenL

2855 1209 3244 1264 DBCEMBER.

2484 1331 2638 1385 Anni
2667 1347 3001 1402 supremum
3032 1333 3289 1386 dicemus
3318 1337 3579 1403 tempore
3611 1349 3869 1399 mensem,

2487 1420 2744 1484 Quorum
2808 1421 2949 1474 festa
3004 1422 3154 1475 colat
3221 1421 3488 1476 brevibus
3572 1423 3872 1493 referetque

3651 1509 3869 1583 [diebus

2203 1599 2326 1650 Dies
2403 1599 2421 1650 1
2472 1597 2685 1667 Eligius
2729 1598 2999 1651 Noviome
3054 1599 3155 1652 tibi
3204 1599 3309 1652 sub
3339 1599 3464 1652 luce
3519 1601 3870 1653 Decembrem

2487 1686 2674 1739 Prima
2705 1685 2967 1756 designat
2997 1687 3283 1757 condigne
3315 1690 3525 1757 prmsul
3559 1688 3790 1742 honore.

2415 1778 2448 1827 2
2489 1775 2638 1842 Veri,
2679 1773 2988 1845 Securique
3044 1776 3217 1828 micat
3266 1777 3562 1830 Nonarum
3621 1778 3874 1846 sanguine

3616 1868 3870 1937 [quartus

2555 1953 2618 2006 In
2676 1954 3034 2017 .llIau-ritania,
3084 1957 3259 2006 sancti
3297 1954 3614 2019 Saturnini,
3669 1959 3718 2006 ct
3770 1955 3876 2006 For-

2628 2046 2827 2102 tunati,
2857 2047 2907 2095 et
2938 2043 3184 2095 Mamimi.

2417 2131 2447 2183 3
2487 2129 2673 2183 Africa
2723 2130 2987 2184 Cassiano
3027 2131 3171 2184 libat
3217 2131 3320 2184 sub
3378 2137 3634 2201 martyre
3696 2132 3869 2185 ternis.

2553 2220 2618 2271 In
2643 2221 2861 2284 Africa,
2903 2220 3086 2272 natale
3115 2224 3290 2272 sancti
3329 2222 3591 2282 Joannis,
3635 2219 3871 2288 Stephani

2627 2313 2677 2360 et
2715 2309 2962 2362 Victoris.

2411 2396 2446 2448 4
2483 2397 2624 2450 Tum
2668 2397 2850 2466 pridie
2893 2413 3024 2450 cum
3071 2397 3316 2450 Victorio
3376 2398 3672 2468 praecellet
3717 2397 3870 2450 Hera-

3693 2483 3865 2557 [cleus

2553 2573 2620 2626 Id
2660 2574 2926 2628 Laodicea
2966 2576 3268 2643 metropoli,
3315 2576 3510 2628 Felicis
3555 2579 3606 2628 ct
3648 2573 3867 2632 Metrobi,

2625 2668 2674 2716 et
2701 2664 2989 2717 translatio
3016 2665 3191 2716 sancti
3219 2663 3500 2716 Benedicti
3525 2663 3752 2716 abbatis.

2483 2751 2798 2804 Dalmatius
2842 2759 3058 2821 martyr
3105 2753 3312 2820 Nonas,
3364 2752 3738 2822 Crispinaque
3779 2766 3870 2802 ser-

3737 2841 3863 2890 vant.

3737 2841 3863 2890 vant.

2551 2920 2614 2972 In
2662 2921 2898 2985 Africa,
2962 2921 3144 2973 natale
3208 2925 3522 2973 sanctorum
3599 2837 3865 2980 (longioris,

2623 3009 2850 3067 Privati,
2881 3010 3152 3075 Fulgenti,
3177 3014 3226 3062 et
3256 3013 3431 3062 sancti
3459 3010 3710 3062 Amanti.

2413 3099 2443 3150 6
2484 3095 2728 3149 Octonas
2763 3097 2892 3150 Idus
2920 3097 3182 3150 Nicolaus
3208 3097 3512 3167 episcopus
3545 3104 3726 3161 ornat,

2549 3185 2611 3236 In
2660 3185 2887 3251 Africa,
2957 3187 3141 3238 natale
3222 3190 3540 3238 sanctorum
3600 3187 3860 3238 Fortunati

2622 3273 2990 3340 Hermogenis,
3021 3278 3071 3325 et
3095 3275 3310 3339 Rogati.

2406 3365 2436 3412 7
2479 3361 2751 3430 Septenas
2821 3361 3031 3415 retinet
3095 3363 3438 3432 Polycarpus
3511 3379 3642 3415 cum
3713 3362 3861 3414 Theo-

3692 3448 3853 3520 [doro.

2546 3540 2740 3599 Rom-2,
2808 3542 2990 3594 natale
3045 3545 3220 3593 sancti
3282 3542 3578 3608 Eutyciani
3629 3543 3854 3608 episcopi.

2615 3629 2686 3681 Et
2716 3634 2904 3683 octava
2929 3633 3105 3682 sancti
3130 3629 3366 3683 Andr-ea
3389 3631 3645 3699 apostoli,

2403 3716 2434 3768 8
2469 3715 2796 3784 Eutyciane,
2831 3718 2979 3770 nites
3032 3717 3181 3770 senis
3239 3717 3392 3771 felici
3442 3734 3597 3788 papa
3629 3732 3810 3770 cruore
3842 3730 3852 3764 :

2475 3803 2585 3856 Has
2620 3820 2850 3876 quoque
2875 3807 3066 3859 Zenon
3121 3805 3295 3860 habet
3333 3806 3639 3875 conjuncta
3669 3810 3855 3872 martyr

3642 3894 3855 3964 [honore

2545 3991 2765 4044 Eusebii
2813 3995 3068 4061 episcopi,
3117 3994 3286 4046 Urani
3339 3996 3600 4062 episcopi,
3649 3997 3696 4045 et
3740 3991 3850 4044 Suc—

2613 4084 2746 4132 cessi
2771 4083 3024 4149 episcopi.

2399 4170 2430 4219 9
2469 4167 2866 4222 Sebastianum
2901 4169 3094 4239 quinis
3123 4169 3481 4223 celebramus
3514 4169 3583 4222 ab
3617 4167 3752 4222 Urbe

2468 4257 2852 4324 Translatum,
2907 4259 3139 4328 proprio
3184 4275 3299 4329 quo
3356 4258 3570 4311 Gallica
3611 4273 3735 4309 rura
3774 4270 3852 4323 pa-

3690 4342 3848 4415 [trono

2466 4434 2779 4500 Exsultaut,
2813 4433 3019 4504 ingens
3044 4435 3324 4504 templum
3351 4434 3443 4489 cui
3465 4433 3646 4506 surgit
3667 4435 3718 4486 et
3739 4445 3844 4484 ara:

2462 4521 2861 4594 Antiquosque
2910 4524 3094 4577 nitent
3140 4524 3434 4594 aequantia
3489 4521 3736 4576 culmina
3777 4517 3846 4570 fa-

3704 4609 3840 4679 [stus

2176 4767 2441 4833 Eufemia.»
2478 4771 2534 4820 et
2562 4769 2710 4822 Focz
2753 4769 3012 4835 nomina,
3055 4770 3175 4824 haec
3221 4769 3280 4823 in
3319 4770 3522 4823 eodem
3566 4768 3746 4823 codice
3779 4764 3843 4816 ita

2177 4839 2620 4908 esserdescripta
2661 4845 2723 4892 ut
2761 4840 2939 4904 vides,
2981 4855 3118 4905 non,
3150 4846 3213 4894 ut
3244 4857 3369 4894 mos
3407 4848 3514 4906 est,
3555 4838 3839 4908 Euphemia:

2175 4914 2232 4961 et
2258 4907 2482 4970 Phocae;
2525 4904 2703 4979 atque
2757 4926 2884 4964 eam
2945 4904 3231 4964 scribendi
3285 4904 3565 4964 rationem
3615 4904 3653 4963 εἰ
3697 4904 3840 4983 nobis

2175 4994 2406 5048 quoque
2438 4997 2559 5033 esse
2606 4978 2906 5048 Servatum,
2939 4983 3093 5050 quod
3146 4983 3440 5050 vulgarem
3499 4979 3713 5035 nummi
3745 4978 3837 5050 ipsi

2175 5049 2381 5121 optimi
2409 5050 2780 5120 antiquitates
2807 5048 3000 5117 testes,
3028 5048 3413 5121 aspernantur
3436 5069 3450 5115 ;
3473 5058 3534 5106 ut
3564 5048 3837 5121 videreest

2172 5119 2232 5192 in
2263 5137 2436 5188 opere
2468 5119 2557 5173 cui
2599 5122 2802 5174 titulus
2839 5119 3186 5177 Numismata
3224 5125 3398 5192 Impp.
3429 5125 3632 5177 Romm.
3661 5137 3693 5174 a
3721 5119 3834 5172 Tra-

2163 5190 2300 5264 jano
2327 5193 2502 5252 Decio,
2519 5198 2638 5244 ,etc.
2829 5263 2837 5264 ί
2992 5263 2997 5264 ν
3301 5190 3317 5192 7
3338 5190 3354 5191 ί
3731 5258 3762 5264 ,.
3799 5255 3808 5264 .

2243 5263 2483 5314 ΙιΒὶυἰηο
2529 5277 2767 5315 munere.
2817 5263 3004 5316 Secuti
3045 5280 3243 5317 sumus
3286 5264 3593 5318 lectionem
3650 5258 3834 5314 codicis

2172 5330 2356 5407 Regii,
2393 5333 2450 5384 in
2484 5335 2662 5400 priori
2695 5333 2965 5407 editione,
2995 5335 3178 5389 divino
3204 5341 3444 5388 numine.
3743 5398 3774 5407 η

2240 5403 2494 5467 cHicque
2564 5419 2708 5457 suos.
2787 5405 2883 5457 Hic
2943 5422 3136 5460 versus
3184 5407 3344 5460 abest
3397 5421 3528 5459 cum
3585 5421 3616 5457 a
3665 5401 3830 5455 codice

2169 5471 2374 5542 Regio,
2407 5480 2527 5526 tum
2561 5476 2732 5528 etiam
2763 5491 2797 5528 a
2829 5476 3008 5544 Bigot.
