4044 6174
432 457 537 510 Has
596 471 828 527 quoque
889 454 1045 525 virgo
1107 453 1218 508 sibi
1284 452 1503 506 meritis
1563 450 1843 506 Leucadia
1879 451 1926 503 Α

1614 538 1837 612 [sancit.

497 644 560 695 In
599 640 966 707 Alexandria,
1012 640 1194 694 natale
1241 640 1418 692 sancti
1465 639 1683 703 Donati,
1730 638 1840 691 Va-

575 731 810 783 lentinz.

197 825 292 877 Dies
327 823 382 874 10
434 818 706 872 Eulaliam
739 821 931 870 sancto
964 815 1184 886 quartis
1213 831 1558 869 veneramur
1589 829 1802 880 amore,

433 905 764 976 Hispaniam
813 904 1118 958 Emeritam
1168 903 1331 974 cujus
1374 919 1544 957 cruor
1601 917 1842 972 ossaque

1571 992 1839 1061 [servant.

503 1085 572 1137 Et
601 1082 785 1136 natale
814 1082 991 1135 sancti
1019 1081 1243 1134 Damasi
1269 1095 1447 1149 papae.

342 1176 388 1227 ll
432 1171 755 1226 Romulidae
785 1169 1013 1223 Damasi
1039 1178 1063 1203 ⁸
1092 1168 1271 1221 ternis
1302 1167 1579 1222 solemnia
1608 1182 1772 1238 papas

434 1260 785 1324 Occurrunt,
845 1257 1203 1327 parilemque
1265 1256 1434 1308 simul
1493 1254 1839 1318 Victorious,

1649 1341 1842 1411 [atque

434 1435 743 1488 Fuscianus
773 1436 796 1476 b
825 1433 1037 1488 habent
1066 1432 1192 1486 festi
1221 1432 1456 1502 votique
1488 1430 1735 1483 nitorem

432 1522 711 1577 Ambiaua
743 1521 927 1573 virent
965 1535 1207 1590 quorum
1251 1535 1402 1570 nunc
1441 1534 1578 1570 rura
1617 1532 1837 1570 cruore.

500 1623 697 1683 Romae,
753 1618 936 1670 natale
983 1618 1161 1669 sancti
1207 1615 1531 1682 Capitulini,
1595 1619 1645 1667 et
1703 1616 1843 1667 Prae-

572 1710 787 1761 textati.
822 1707 888 1760 In
919 1706 1160 1773 Spaniis,
1194 1705 1371 1756 sancti
1399 1703 1615 1756 Eurici.

334 1801 392 1851 12
435 1798 840 1865 Hermogenes,
900 1795 1176 1858 Donatus,
1229 1792 1316 1845 bis
1365 1790 1613 1860 denique
1669 1804 1836 1842 coru-

1666 1877 1848 1948 [scant

431 1975 576 2028 Tum
632 1972 812 2043 pridie
872 1976 927 2024 et
978 1969 1121 2036 bini,
1182 1969 1486 2039 conjuncto
1545 1966 1843 2037 sanguine,

1619 2053 1842 2126 [sancti.

1664 2151 1848 2205 natale

1883 1768 1921 1820 Β

507 2161 570 2212 In
656 2159 882 2226 Spaniis
966 2159 1188 2210 civitate
1266 2155 1528 2234 Almerita
1563 2195 1577 2219 ,

575 2250 754 2301 sancti
784 2248 1151 2312 Hermogenis.

338 2339 396 2390 l3
434 2335 569 2389 Idus
599 2336 868 2404 Syracuse
899 2335 1018 2398 tibi,
1056 2333 1246 2398 Lucia,
1281 2330 1506 2396 dicavit,

435 2425 804 2478 Paschasium
853 2423 1063 2477 Christi
1110 2438 1214 2491 pro
1262 2421 1496 2474 nomine
1542 2434 1710 2488 passa
1763 2424 1846 2488 ty-

1556 2507 1846 2577 [rannum,

435 2600 684 2671 Spiritus
751 2599 1106 2654 immobilem
1177 2613 1353 2669 quam
1421 2601 1649 2649 sanctus
1716 2595 1851 2648 fecit

1609 2682 1850 2754 [iniquis

434 2779 565 2832 Esse
611 2777 748 2831 viris
799 2793 811 2830 :
862 2776 1081 2845 .ludoch
1130 2775 1345 2846 pariter
1393 2773 1711 2842 colorisque
1759 2789 1849 2824 sa-

1631 2861 1850 2932 [cerdos

441 2954 701 3025 Egregie,
734 2953 942 3008 Oceani
972 2954 1186 3007 cedunt
1215 2952 1307 3006 cui
1337 2967 1486 3022 saepe
1513 2951 1802 3021 procellae.

337 3044 398 3095 t-i
438 3045 667 3097 Nonum
697 3058 826 3095 cum
860 3042 1080 3094 decimo
1114 3041 1241 3095 Jani
1277 3042 1342 3094 de
1377 3056 1534 3093 more
1570 3039 1851 3092 Kalendas
1891 3067 1930 3121 ο

439 3130 550 3194 Qui
579 3135 760 3198 vocat,
793 3131 1026 3182 antistes
1057 3129 1310 3182 Nicasius
1343 3133 1516 3198 auget
1545 3129 1766 3181 honore
1799 3143 1811 3179 :

435 3218 848 3288 Spiridionque
891 3218 983 3271 die
1026 3219 1231 3288 praesul
1272 3219 1592 3270 celebratur
1624 3215 1847 3269 eodem.

510 3315 769 3381 Lugduni
825 3315 1150 3381 Galliarum,
1200 3317 1382 3370 sancti
1443 3315 1682 3368 Viatoris
1737 3314 1849 3382 epi-

583 3406 749 3472 scopi.

341 3494 400 3545 15
440 3492 715 3546 Octavum
749 3508 880 3546 cum
910 3491 1056 3546 deuo
1085 3491 1384 3545 Maximine
1412 3496 1681 3556 retentas,

444 3580 753 3638 Aureliana
784 3580 941 3633 ferax
969 3581 1231 3649 praebent
1263 3580 1354 3632 cui
1387 3595 1520 3632 rura
1548 3579 1777 3649 lyaeum.

341 3671 402 3721 16
440 3669 613 3724 Terni
664 3672 897 3738 septeno
947 3673 1005 3722 et
1047 3666 1266 3722 decimo
1307 3667 1478 3739 pueri
1526 3682 1850 3720 memoran-

1714 3755 1850 3826 [tur,

439 3846 626 3917 Impia
653 3845 753 3916 qui
783 3845 998 3915 Assyrii
1028 3849 1343 3899 temserunt
1362 3844 1524 3914 jussa
1548 3843 1796 3914 tyranni,

439 3936 700 3999 Quorum
745 3950 847 3987 nec
891 3935 1178 4003 crepitans
1217 3933 1398 3986 valuit
1444 3937 1659 3986 terrere
1708 3929 1850 3984 tide-

1716 4019 1853 4090 [lem

439 4114 934 4183 Constantemque
998 4111 1258 4165 animum
1313 4109 1559 4165 fornacis
1619 4109 1853 4162 flamma

1567 4198 1848 4269 [furentis.

515 4300 832 4353 Aurelianis
895 4301 1114 4353 civitate
1140 4339 1155 4368 ,
1214 4301 1390 4352 sancti
1443 4299 1678 4353 Maximi
1733 4298 1853 4365 epi-

585 4389 754 4456 scopi.

335 4477 397 4528 l7
442 4475 703 4546 Ignatius
734 4480 962 4530 sanctus
991 4476 1141 4530 deno
1175 4479 1446 4546 sextoque
1477 4473 1818 4543 triumphat,

440 4564 814 4618 Antiocheam
855 4565 1012 4619 urbis
1056 4569 1268 4634 pastor,
1313 4569 1664 4634 martyrque,
1704 4562 1854 4615 fera—

1697 4649 1854 4722 [rum

439 4741 624 4805 Quem
683 4740 884 4795 dentes
940 4756 1150 4811 panem
1202 4740 1396 4794 vivum
1451 4740 1636 4794 fecere
1697 4755 1709 4792 :

1581 4829 1859 4898 [quuntur

442 4917 628 4982 Quem
682 4919 808 4972 fuso
857 4917 930 4973 ob
981 4917 1268 4973 Christum
1318 4917 1518 4983 Rufus,
1567 4917 1855 4970 Zosimus-

1465 5006 1599 5076 [que
1629 5021 1852 5059 cruore.

1895 4367 1936 4420 Ι)

1767 4755 1855 4792 se-

517 5099 588 5150 Et
615 5098 795 5151 sancti
831 5097 1124 5150 Valentini.

225 5254 867 5330 {RomulidziDamasi
921 5254 1011 5330 Sic
1053 5254 1278 5330 codices
1321 5255 1432 5309 duo
1466 5255 1604 5325 Reg.
1639 5263 1696 5310 et
1737 5255 1855 5324 Big.

165 5321 314 5376 Prior
346 5326 552 5387 editio,
585 5329 755 5381 Roma
787 5327 912 5379 litat
939 5328 1181 5380 Damasi.

226 5394 251 5433 δ
274 5396 599 5449 Fuscianus.
636 5398 700 5449 ln
728 5397 924 5449 codice
962 5398 1156 5466 Regio,
1188 5397 1537 5451 Faustianus.

226 5472 247 5497 ε
291 5466 683 5530 Quindecimus
732 5467 962 5521 demum.
1015 5469 1156 5522 Cum
1207 5469 1265 5521 in
1316 5469 1506 5521 codice
1567 5468 1743 5537 Regio
1800 5469 1860 5521 iu

163 5531 347 5608 locum
383 5538 545 5590 vocis
575 5539 826 5604 demum,
864 5555 990 5607 quae
1015 5540 1106 5591 hic
1128 5539 1362 5592 omnino
1387 5546 1472 5591 est
1489 5531 1858 5608 super'vacua,

163 5601 386 5674 legatur
413 5608 648 5676 decimo,
683 5601 909 5663 versum
941 5610 1020 5662 sic
1059 5610 1355 5664 emendari
1377 5601 1857 5678 posse-arbitror;

1596 311 2210 368 MARTYROLOCIUM.

3541 316 3644 366 622

1959 451 2184 507 Πὶοε,18
2236 446 2642 512 Quindecimus
2697 448 2930 502 demum
2977 457 2998 481 θ
3055 449 3317 520 Moysetis
3364 451 3644 520 sanguine

3405 539 3644 609 [vernat.

2238 624 2378 679 Hinc
2435 623 2711 678 Phoebum
2763 624 2975 696 duplici
3029 625 3409 695 Capricornus
3461 626 3644 681 sidere

3414 714 3642 784 [gestat.

2306 811 2368 863 In
2433 811 2670 876 Africa,
2736 811 2919 863 natale
2983 817 3290 865 sanctorum
3375 811 3605 866 Victoris
3629 851 3644 878 ,

2376 900 2644 952 Honorati
2671 903 2720 952 et
2761 898 3032 952 Vincenti.

2131 989 2195 1040 19
2235 986 2514 1051 Quartum
2563 1003 2691 1040 cum
2743 987 2890 1041 deuo
2942 987 3217 1054 Zosimus,
3272 988 3589 1059 Dariusque
3619 987 3646 1024 ἀ

3369 1077 3641 1147 [coronat.

2304 1177 2370 1230 In
2435 1177 2598 1230 Nicen
2663 1176 2883 1229 civitate
2947 1175 3238 1243 Bithynia,
3309 1177 3529 1242 Zosimi,
3597 1181 3648 1230 et

2377 1265 2554 1318 Pauli.

2127 1352 2197 1406 20
2234 1353 2417 1406 Terno
2466 1368 2596 1406 cum
2649 1353 2796 1405 deno
2843 1351 3100 1419 antistes,
3150 1352 3423 1417 Zeferine,
3475 1369 3648 1406 coru-

3476 1441 3640 1511 [δοες.

2309 1530 2505 1586 Natale
2532 1535 2732 1584 sanctae
2763 1530 2987 1583 Thcclaz.

2128 1621 2190 1673 21
2235 1619 2515 1672 Translati
2561 1619 2793 1672 Thomas
2836 1619 3088 1671 celebrat
3129 1617 3430 1671 duodenus
3461 1617 3642 1670 hono-

3471 1703 3641 1776 [rem,

2236 1799 2425 1849 Aurea
2461 1811 2574 1866 quo
2613 1799 2889 1848 structore
2931 1793 3031 1847 Dei
3074 1809 3415 1864 cognoscere
3464 1794 3645 1848 hono-

3503 1880 3643 1954 [rem

2235 1973 2399 2028 India
2426 1971 2768 2043 promeruit,
2803 1971 2982 2041 signis
3021 1975 3308 2025 commota
3337 1983 3358 2007 ο
3392 1976 3646 2025 tremen-

3513 2059 3642 2129 [dis.

2240 2148 2514 2218 (Solstitio
2569 2148 2664 2202 hic
2723 2148 2966 2202 thbus
3007 2149 3182 2202 celsos
3232 2164 3490 2202 remeare
3544 2164 3648 2218 per

3497 2236 3648 2306 [axes

2239 2326 2458 2397 Incipit,
2495 2325 2627 2379 hinc
2657 2325 2906 2396 gelidam
2940 2325 3193 2395 primum
3238 2341 3545 2379 conversus
3577 2326 3645 2379 ad

3377 2413 3648 2484 lArcton.)

2129 2506 2199 2557 2‘2
2241 2502 2615 2556 Undecimum
2647 2503 2894 2557 celebrat
2924 2503 3141 2556 triceno
3166 2508 3416 2573 martyre
3446 2502 3644 2556 Roma.

2308 2603 2372 2656 In
2401 2603 2711 2668 Antiochia,
2745 2601 2930 2654 natale
2957 2602 3135 2654 sancti
3161 2601 3383 2654 Basilei.

2132 2693 2199 2744 23
2238 2690 2486 2743 Victoria
2516 2689 2722 2744 Christi
2756 2689 3013 2743 decimus
3046 2689 3114 2742 de
3151 2688 3383 2758 Virgine
3411 2689 3610 2758 fulget.

2311 2788 2509 2853 Romae,
2550 2788 2734 2841 natale
2779 2791 3089 2841 sanctorum
3140 2786 3366 2852 Urbani,
3417 2787 3652 2842 Cornelii

2383 2881 2433 2929 et
2471 2878 2723 2932 Victoris.

2134 2964 2202 3018 24
2244 2964 2406 3017 Nono
2438 2968 2691 3016 ventura:
2722 2961 3081 3016 cumulantes
3111 2976 3351 3015 munera
3381 2961 3515 3031 luci,

2241 3051 2504 3119 Lumina,
2539 3051 2960 3121 pervigilesque
2991 3065 3118 3103 aras
3146 3054 3202 3102 et
3235 3051 3452 3119 templa
3483 3066 3651 3120 para-

3444 3140 3598 3209 «(mus
3635 3157 3646 3193 :

2243 3227 2577 3299 Virginibus
2629 3225 3008 3298 quadraginta
3061 3224 3155 3280 hic
3201 3225 3463 3295 splendet
3506 3243 3650 3297 quo-

3297 3315 3452 3385 [que,
3485 3317 3645 3370 caelo.

2245 3407 2382 3470 Quae
2411 3405 2645 3475 dignam
2678 3403 2853 3458 vitam
2878 3411 3008 3459 voto
3037 3411 3094 3458 et
3127 3403 3335 3457 virtute
3364 3403 3649 3460 dicarunt.

2136 3498 2206 3549 25
2244 3495 2450 3549 Octavo
2480 3495 2625 3548 servi
2653 3493 2920 3564 dignatus
2946 3510 3173 3548 sumere
3197 3493 3462 3562 formam,

2246 3585 2654 3654 Errantemque
2721 3583 3018 3638 hominem
3089 3583 3324 3637 veniens
3389 3599 3653 3637 revocare

3374 3670 3652 3744 [Creator,

2244 3763 2413 3814 Partu
2445 3759 2701 3830 virgineo
2729 3761 2996 3814 mortales
3027 3759 3218 3814 induit
3248 3764 3423 3828 artus,

2248 3849 2563 3918 Eugeniam
2611 3863 2842 3918 quoque
2889 3852 3013 3901 tum
3059 3863 3468 3916 memoramus,
3502 3852 3654 3902 Ana-

3263 3934 3649 4008 [stasiamque.

2313 4036 2377 4088 In
2407 4033 2735 4098 Bethlehem,
2765 4035 3028 4088 nativitas
3063 4036 3285 4089 Domini
3303 4035 3477 4088 nostri
3492 4035 3653 4088 Jesu-

2387 4123 2622 4176 Christi.

2244 4211 2543 4267 Consimili
2600 4210 2886 4266 Christum
2943 4211 3249 4266 comitatus
3303 4215 3516 4277 mente,
3578 4212 3653 4266 ﬁ-

3424 4297 3652 4371 [deque,

2141 4390 2206 4442 26
2247 4388 2534 4460 Septimus
2587 4387 2722 4442 hinc
2780 4386 3068 4457 Stephano
3133 4387 3322 4442 Levita
3381 4393 3437 4442 et
3501 4405 3652 4442 mar-

3291 4474 3436 4548 [tyre
3463 4477 3652 4546 primo

2248 4565 2510 4632 Excellet,
2547 4569 2743 4618 natum
2775 4564 2984 4633 Regem
3019 4581 3386 4635 pessumque,
3420 4566 3585 4620 beata
3659 4608 3670 4623 .

2247 4654 2355 4718 Qui
2388 4653 2504 4707 vita
2535 4652 2841 4707 Dominum
2876 4669 3070 4722 pugna
3110 4657 3194 4705 est
3238 4657 3294 4706 et
3342 4641 3522 4708 morte
3561 4671 3652 4708 se-

3451 4741 3651 4814 (cutus.

2141 4833 2204 4886 27
2253 4831 2498 4885 Dilectus
2566 4828 2814 4896 Domini,
2871 4829 3038 4883 Verbi
3099 4829 3496 4902 inspectorque
3563 4831 3655 4882 di-

3439 4917 3582 4990 [vini
3614 4915 3653 4984 ί,

2249 5009 2478 5062 Pectore
2521 5007 2589 5060 de
2629 5007 2835 5062 Christi
2879 5007 3096 5073 fontem
3148 5007 3246 5079 qui
3293 5006 3523 5061 haurire
3555 5021 3652 5077 pe-

3395 5096 3655 5165 [rennem

1965 5257 2168 5322 Quinus
2203 5271 2322 5308 cum
2368 5253 2592 5321 decimo,
2645 5253 2729 5306 vel
2778 5268 2896 5306 cum
2943 5253 3096 5306 deno.
3145 5253 3492 5322 Sequentem
3532 5271 3656 5309 ver-

1966 5343 2091 5381 sum
2119 5324 2484 5394 ascripsimus
2515 5345 2544 5378 e
2575 5325 2740 5378 codd.
2775 5324 2951 5392 Regio
2984 5329 3041 5376 et
3067 5323 3246 5391 Bigot.

2037 5399 2064 5440 ἀ
2095 5401 2418 5464 Duriusque.
2451 5397 2510 5448 ln
2542 5397 2733 5449 codice
2770 5395 2972 5463 Regio,
3009 5395 3340 5460 Clariasqne.

2037 5469 2273 5534 “Signis
2317 5463 2613 5520 commota.
2680 5467 2769 5519 Sic
2839 5465 3028 5537 codd._
3072 5463 3282 5533 Regius
3346 5468 3402 5516 et
3473 5466 3656 5537 Bigot,

1966 5539 2112 5594 bene
2147 5555 2158 5592 :
2196 5538 2354 5608 prior
2384 5539 2581 5603 editio,
2613 5538 2887 5608 comitata,
2921 5535 3087 5586 inale.

2039 5609 2058 5644 τ
2090 5605 2296 5664 Divini.
2331 5610 2390 5662 lu
2421 5613 2665 5677 utroque
2695 5605 2907 5670 codice,
2934 5606 3176 5673 superni.
