4044 6174
399 254 502 305 6‘23

394 740 516 791 Dies
556 738 622 789 28

571 1093 637 1142 29

570 1621 636 1672 30

569 1886 627 1937 31

597 3377 621 3417 b
649 3377 774 3428 Haec
809 3388 979 3437 nunc,
1011 3373 1247 3433 Christe,
1280 3378 1377 3425 tuo
1412 3374 1579 3438 Deus,

457 3460 773 3531 Conscripsi
803 3460 1048 3513 breviter
1081 3474 1320 3511 munere
1350 3460 1623 3525 carmina,

386 3552 658 3603 Constans
688 3548 921 3617 expetiit
952 3563 1080 3617 quae
1113 3548 1301 3601 studio
1334 3549 1597 3618 pervigili
1630 3548 1788 3601 ﬁdes.

598 3637 691 3691 His
717 3637 935 3706 digesta
968 3637 1179 3689 micant
1209 3637 1378 3690 simul

454 3726 707 3780 Caelestis
739 3726 938 3796 patria:
966 3730 1023 3779 et
1053 3726 1271 3779 militiae
1304 3728 1551 3796 agmina,

380 3815 615 3869 Summo
646 3814 909 3884 perpetui
943 3830 1069 3885 quae
1102 3814 1323 3868 radiant
1348 3816 1559 3869 aethere
1585 3814 1839 3868 luminis.

592 3904 844 3968 Quorum
882 3909 933 3957 te
967 3905 1189 3958 veniam
1224 3920 1391 3974 prece

448 3992 722 4062 Indignus
755 3992 1009 4062 rogitans
1037 3994 1270 4046 obsecro
1295 3992 1601 4047 criminum
1638 4010 1650 4047 :

379 4079 553 4133 Multo
584 4082 851 4150 supplicii
888 4097 1136 4151 namque
1168 4097 1399 4150 premor
1426 4081 1689 4151 perpetui
1721 4085 1897 4134 metu.

586 4168 770 4221 Trinis
803 4185 927 4221 ecca
960 4169 1252 4222 decenniis

450 4256 633 4309 Vitam
668 4258 810 4326 dego
842 4258 1040 4323 miser;
1074 4258 1307 4327 quintus
1341 4263 1393 4311 et
1424 4260 1659 4328 insuper

376 4343 494 4396 Evi
527 4344 822 4397 curriculis
853 4345 1007 4398 orbis
1036 4346 1194 4398 adest
1223 4352 1392 4415 atque
1424 4347 1723 4401 meatibus.

587 4432 669 4485 Me
696 4448 848 4485 nunc
879 4433 959 4486 nil
995 4434 1249 4487 recolens
1280 4435 1415 4488 boni

442 4582 466 4646 ξ
495 4574 724 4646 anant.
760 4576 1007 4646 Uterque
1033 4577 1231 4642 codex,
1265 4584 1485 4632 aurant.

441 4645 466 4686 ι)
494 4644 731 4698 Metrum
803 4644 1253 4702 choriambicum
1280 4691 1292 4715 ,

1477 244 1988 299 WANDALBERTI
2031 242 2452 299 PRUMIENSIS
2493 240 2803 297 MONACHI
3771 243 3855 295 ﬁ2i

684 385 1022 449 Promeruit,
1064 386 1288 436 sextum
1327 380 1507 434 sancit
1557 381 1876 450 lnstratque
1922 381 2088 433 Joan-
2129 383 2167 434 A
2271 378 2462 449 Egisse
2493 382 2663 449 atque
2695 378 2792 448 pii,
2829 376 3127 431 concutior
3156 376 3357 441 nimis;

1940 465 2083 539 [nes.
2198 465 2359 519 Carae
2392 481 2524 519 nam
2555 466 2851 518 stimulant
2885 464 3184 517 horribiles
3216 462 3425 516 mentis
3455 462 3524 515 ad
3556 461 3767 515 intima.

746 560 807 612 In
842 558 1079 626 Epheso,
1122 556 1419 624 assumptio
1457 557 1633 610 sancti
1660 557 1884 609 Joannis
1918 570 2087 608 evan—
2412 556 2653 625 Lapsum
2679 554 2798 622 jam
2832 554 3037 618 releva,
3070 554 3250 619 Pater,

818 646 1038 713 gelistzc.
2267 642 2519 696 Tandem
2552 649 2608 695 et
2638 642 2940 712 praeteritis
2971 657 3112 694 exue
3144 640 3426 706 sordibus,

679 734 955 787 Uberibus
989 738 1234 785 matrum
1268 732 1458 801 rapuit
1489 747 1632 800 quos
1663 731 1784 785 dira
1818 730 2048 799 cupido,
2196 730 2429 801 Squalet
2491 731 2717 784 conscia
2779 729 2906 799 quis
2972 745 3152 796 mens,
3210 728 3520 798 nimiisque
3576 727 3862 797 angoribus

680 822 1090 891 Regnandique
1134 820 1273 887 sitis,
1327 820 1609 873 Christum
1662 820 1798 873 dum
1847 817 2086 888 perdere
3650 814 3861 883 [tremit

1864 908 2083 977 [natum

678 1000 929 1053 Herodes
960 999 1134 1068 cupit,
1166 998 1411 1051 infantes
1438 998 1640 1067 quinto
1672 1012 2029 1050 veneramur.

680 1090 843 1141 Vates
877 1104 1087 1157 rexque
1117 1088 1267 1157 pius,
1301 1086 1504 1139 divinae
1530 1090 1586 1139 et
1612 1086 1802 1156 stirpis
1831 1085 2011 1153 origo,

680 1177 921 1248 Insignit
952 1181 1218 1245 quartum
1257 1174 1429 1227 David
1463 1191 1723 1227 sermone
1756 1174 1982 1244 ﬁdeque
2017 1189 2029 1226 :

682 1265 933 1335 Urbsque
973 1265 1168 1317 Arelas
1212 1263 1527 1333 Trophimo
1567 1263 1823 1332 gaudens
1861 1266 2085 1332 pastore

2407 906 2743 960 Sanctorum
2775 905 2944 959 retuli
2978 921 3185 958 canens

2265 995 2376 1048 Hic
2405 997 2735 1060 certamina,
2768 995 3153 1064 prmelaraque
3189 995 3505 1062 martyrum

2197 1083 2408 1137 Vexilla
2440 1088 2571 1137 ante
2603 1084 2796 1137 oculos
2828 1080 3119 1145 constitui,
3152 1081 3428 1150 signaque
3458 1079 3769 1133 ovantium.

2410 1173 2618 1225 Horum
2650 1172 2949 1240 gloriﬁcat,
2986 1172 3167 1232 Pater,

2266 1259 2506 1330 Sanguis
2536 1264 2609 1325 te,
2640 1260 2858 1329 jugiter
2889 1275 3043 1312 mors
3070 1257 3323 1327 loquitur
3352 1257 3447 1326 pia
3483 1273 3495 1309 :

1786 1351 2080 1421 [coruscat.
2196 1347 2401 1402 Vivnnt
2431 1365 2678 1420 namque
2709 1356 2809 1402 tuo
2837 1347 3098 1417 prmsidio
3126 1352 3181 1400 et
3215 1348 3335 1400 luce
3364 1346 3715 1416 perenniter.

750 1444 808 1496 In
867 1443 1100 1507 Africa,
1160 1442 1342 1493 natale
1397 1445 1703 1493 sanctorum
1762 1441 2080 1505 Saturnini,

818 1532 1098 1583 Honorati
1128 1535 1179 1582 et
1211 1530 1431 1581 Felicis.

676 1619 999 1672 Mansuetus
1045 1622 1269 1670 ternum
1322 1617 1491 1669 simul
1542 1620 1597 1670 et
1636 1616 1948 1670 Florentius
1990 1632 2110 1669 or-~

1870 1705 2032 1773 [nant
2060 1714 2081 1738 ⁸
2125 1675 2162 1727 Β

2932 1477 3140 1485 --

2495 1580 2516 1603 ο
2560 1567 2836 1622 HYMNUS
2874 1568 2941 1620 IN
2986 1564 3215 1621 OMNES
3254 1562 3577 1619 SANCTOS.

2338 1691 2575 1754 Christe,
2607 1692 2879 1745 caelorum
2913 1690 3211 1744 modulans
3245 1692 3463 1740 caterva

2339 1780 2519 1844 Quem
2549 1780 2719 1843 canit,
2756 1780 2947 1833 laudat
2981 1779 3200 1842 sitiens,
3233 1777 3530 1845 cupitque,

2338 1867 2625 1922 Consonas
2651 1867 2865 1931 laudes,
2899 1867 3147 1936 petimus
3176 1865 3444 1918 clientum

2549 1958 2727 2010 Cerne
2758 1956 3023 2008 favendo.

2334 2046 2405 2098 Te
2431 2044 2589 2098 chori
2620 2045 2832 2114 Regem
2866 2044 3156 2096 celebrant
3188 2041 3437 2112 superni.

746 1796 815 1848 Et
843 1795 1024 1847 natale
1053 1796 1260 1849 Serani.

675 1883 957 1951 Sylvester
994 1883 1176 1952 pridie
1217 1883 1535 1936 Romanam
1567 1898 1717 1951 papa
1751 1897 1852 1950 per
1883 1881 2081 1936 urbem

676 1972 954 2024 Laztantes
984 1971 1230 2040 populos
1263 1970 1409 2021 votis
1439 1969 1543 2022 sibi
1575 1969 1764 2022 subdit
1793 1970 2010 2036 amicis,

674 2060 1009 2113 Pontiﬁcum
1044 2061 1265 2128 primus
1297 2057 1664 2127 tranquillam
1714 2072 1944 2109 cernere
1983 2072 2083 2126 pa-

1939 2146 2082 2214 [cem
2336 2134 2554 2187 Civium
2586 2139 2789 2186 turmae
2822 2138 2879 2185 et
2909 2133 3174 2185 recinunt
3207 2132 3463 2200 piorum;

674 2237 779 2300 Qui
817 2236 1044 2301 meruit,
1093 2234 1472 2304 dominosque
1523 2233 1679 2287 orbis
1722 2249 1967 2303 purgare
2002 2234 2081 2285 la-
2336 2223 2494 2277 Celsa
2522 2239 2664 2293 quos
2695 2222 2819 2275 coeli
2849 2222 3100 2274 retinens
3133 2225 3393 2273 coruscat

1874 2322 2078 2391 [vacro.
2547 2311 2712 2373 Aula,
2742 2310 3029 2379 fovetque.

673 2415 844 2481 Virgo
894 2412 1170 2467 Columba
1217 2412 1385 2464 simul
1436 2411 1683 2480 palmam
1731 2411 1933 2463 virtute
1981 2426 2080 2479 pe-
2336 2399 2795 2452 Patriarcharum
2824 2397 3143 2451 veneranda
3176 2402 3342 2467 teque

1818 2500 2079 2567 [rcnnem
2332 2489 2520 2541 Turba
2549 2488 2877 2540 collaudans
2902 2487 3122 2556 jugiter
3150 2486 3333 2551 beata,

2336 2577 2580 2646 Percipit
2611 2578 2737 2629 vitae
2770 2576 2967 2629 sitiens
2994 2576 3265 2645 perennis

2547 2666 2782 2719 Munera
2812 2681 3055 2735 semper.

2331 2756 2405 2807 Te
2438 2754 2848 2824 prophetarum
2880 2758 3150 2806 resonant
3182 2752 3521 2821 loquentum

2331 2842 2599 2912 Spiritus;
2633 2841 2787 2894 missi
2820 2857 3049 2912 quoque
3079 2846 3133 2894 te
3163 2856 3267 2910 per
3296 2839 3492 2893 orbem

2333 2931 2643 2984 Praedicant
2672 2930 2825 2984 verbi
2860 2931 3075 3000 pariter
3106 2928 3353 2982 ministri

2546 3020 2689 3072 Voce
2723 3035 3030 3088 manuque.

2329 3109 2639 3179 Martyrum
2670 3108 2900 3177 sanguis
2931 3107 3097 3160 simul
3126 3111 3181 3159 et
3211 3105 3577 3174 triumphans

2330 3198 2471 3251 Cum
2503 3198 2856 3251 sacerdotum
2886 3202 3045 3250 tonat
3074 3211 3199 3261 ore;
3235 3199 3387 3248 casta

2328 3286 2588 3356 Virgines
2608 3286 2863 3355 jungunt
2895 3285 3076 3338 viduae
3107 3289 3161 3337 et
3192 3282 3412 3336 canoris

2541 3377 2828 3445 Tympanr
2866 3373 3065 3427 sistris.

2326 3462 2523 3517 Omnis
2555 3463 2803 3517 ostendit
2840 3461 3143 3515 Dominum
3173 3460 3452 3530 docetque

2326 3552 2399 3604 Te
2427 3552 2545 3622 poli
2571 3567 2796 3605 summo
2829 3552 3056 3604 radians
3090 3551 3145 3603 in
3180 3565 3283 3603 axe

2325 3640 2492 3703 Ordo,
2525 3646 2578 3694 te
2610 3640 2759 3693 servi
2790 3639 3047 3693 canimus
3077 3637 3233 3692 fideli

2539 3730 2735 3784 Cordis
2766 3729 3003 3782 honore.

2323 3818 2405 3870 Tu
2434 3816 2618 3870 libens
2650 3823 2909 3870 nostrum
2944 3816 3192 3887 petimus
3223 3819 3449 3867 reatum

2326 3904 2508 3972 Solve,
2539 3909 2598 3958 tu
2631 3910 2841 3959 castam
2877 3904 3104 3959 famulis
3136 3904 3409 3973 piamque

2322 3993 2523 4046 Mentis
2553 3997 2812 4063 aspirans
2843 3994 3075 4047 cumula
3104 3992 3352 4060 benigno

2533 4083 2762 4137 Munere
2797 4083 3043 4136 laudem.

2323 4170 2573 4224 Gloriam
2606 4170 2732 4224 coeli
2762 4171 2863 4225 tibi
2892 4187 2995 4224 vox
3028 4184 3341 4241 perennem

2321 4258 2539 4312 Reddat
2569 4258 2875 4327 exsultans,
2906 4260 3092 4323 Pater,
3121 4263 3291 4329 atque
3320 4258 3481 4322 Nate,

2318 4345 2581 4417 Spiritus,
2616 4364 2794 4418 regno
2826 4347 3033 4418 quibus
3059 4347 3209 4401 alme
3239 4361 3474 4416 compar

2531 4435 2679 4488 Vivis
2710 4436 2932 4490 eodem.

672 2589 938 2658 Percipis,
981 2587 1159 2641 effuso
1202 2587 1489 2641 Christum
1534 2586 1801 2639 comitata
1833 2603 2030 2639 cruore
2065 2603 2077 2641 :

676 2679 930 2745 Cumque
963 2675 1319 2739 Potentiano,
1352 2674 1690 2727 Sabinianus
1720 2674 1917 2728 eodem

673 2763 929 2818 Occurrit
985 2763 1148 2828 festo,
1200 2764 1447 2833 mqiiales
1497 2779 1593 2815 ara
1653 2768 1822 2833 atque
1872 2762 2078 2816 trium-

1916 2850 2074 2921 lpho;

674 2940 879 2994 Urbem
913 2940 1009 3010 qui
1043 2940 1335 2994 Senonum
1372 2939 1543 3010 primi
1578 2940 1823 2993 docuere
1854 2940 2080 3009 patroni
2120 2931 2159 2985 (ἶ

672 3031 799 3083 ΠΗΞΟ
838 3030 1066 3083 tandem
1108 3028 1382 3082 claudunt
1421 3036 1737 3083 extremum
1781 3029 1921 3081 festa
1971 3029 2079 3081 De-

1747 3115 2072 3188 [cembrern

1124 3206 1247 3214 —.-—_.
1258 3206 1331 3215 μ’,

1032 3268 1435 3322 CONCLUSIO.

2243 4585 2262 4610 °
2292 4576 2530 4631 Metrum
2561 4576 2918 4647 dactylicum,
2954 4576 3314 4647 sapphicum,
3348 4578 3780 4644 pentametrum.

1365 4649 1678 4718 gliconium
1706 4691 1718 4716 ,
1789 4650 2065 4721 asclepia-

371 4713 563 4781 deum,
597 4716 892 4771 alcaicum.
