4022 6178
162 335 255 385 6‘25
1154 334 1243 389 DE
1284 336 1375 389 Xll
1421 335 1729 393 MENSIUM
1771 338 2161 403 NOMINIBUS,
2202 338 2441 404 SIGNIS,
2487 340 2633 393 ETC.
3542 348 3643 399 6'25

1692 604 2102 689 INCIPIT

600 784 742 886 DE
804 784 1381 888 DUOCECIM
1438 784 1965 888 MENSIUM
2038 785 2707 909 NOMINIBUS,
2792 784 3165 896 SIGNIS

1333 959 1759 1035 AERISQUE
1806 958 2449 1033 QUALITATIBUS.

140 1209 473 1263 Nominibus
507 1225 770 1263 mensum
801 1226 930 1279 quae
962 1208 1034 1263 sit
1066 1209 1303 1263 rationis
1337 1210 1518 1279 origo,

135 1301 351 1352 Annum
387 1299 472 1350 bis
502 1315 640 1351 seno
667 1299 901 1351 volvunt
928 1301 1026 1369 qui
1055 1298 1240 1351 sidere
1274 1314 1569 1367 magnum,

138 1388 262 1450 Quae
296 1386 587 1439 illustrent
622 1386 835 1456 pariter
865 1387 1152 1440 duodenas
1182 1386 1343 1455 signa
1380 1386 1679 1449 Kalendas,

136 1476 266 1537 Quid
298 1492 559 1529 connexa
596 1476 738 1529 ferat
772 1492 1023 1528 mensum
1057 1476 1319 1527 discretio
1351 1477 1538 1539 terris,

136 1564 276 1626 Quos
306 1579 440 1615 usus
481 1569 717 1633 generet
748 1565 949 1629 cultus,
984 1580 1127 1633 quos
1155 1563 1361 1615 formet
1396 1562 1662 1627 habendi,

135 1651 351 1704 Servate
387 1652 636 1705 breviter
662 1652 971 1705 referemus
994 1652 1051 1704 in
1077 1652 1297 1717 ordine,
1338 1652 1533 1705 lector.

730 1846 816 1898 DE
854 1847 921 1899 JA
937 1846 1217 1900 NUARIO.

136 1996 298 2059 Quem
333 1996 589 2065 primum
626 2012 878 2049 mensem
908 1996 1118 2048 servari
1147 1996 1329 2049 Julius
1361 1996 1494 2050 anni

138 2084 392 2147 Decrevit,
429 2085 559 2138 Jani
591 2085 825 2138 etfertur
845 2085 1190 2153 cognomine
1222 2085 1393 2155 regis,

137 2172 348 2225 Saturni
376 2177 614 2239 gentem
652 2173 807 2226 Latio
842 2173 939 2242 qui
982 2174 1145 2238 rexit,
1177 2180 1232 2225 et
1265 2175 1462 2226 urbem

138 2262 468 2315 Laurentum
500 2262 734 2331 sceptris
768 2264 1094 2333 populoque
1125 2268 1181 2315 et
1208 2263 1432 2329 legibus
1464 2262 1637 2317 auxit.

140 2350 260 2403 Huic
298 2350 535 2420 gemino
571 2356 821 2419 praesunt
845 2352 1175 2420 Capricorni
1218 2352 1403 2404 sidera
1436 2357 1709 2419 monstro,

140 2436 215 2489 Bis
239 2438 505 2491 duodena
538 2454 652 2491 uno
684 2439 897 2508 pariter
928 2439 1288 2508 splendentia
1318 2440 1501 2509 signo.

136 2526 257 2578 Tum
293 2532 523 2595 tempus
554 2527 769 2595 campis
804 2528 1021 2596 lepores
1049 2529 1289 2580 lustrare
1317 2528 1562 2594 nivosis;

135 2614 344 2666 Artibus
384 2620 442 2667 et
478 2614 645 2666 variis
680 2616 857 2684 pictas
889 2620 1115 2685 captare
1147 2617 1422 2683 volucres,

137 2701 227 2752 Per
249 2718 480 2771 campos
510 2703 751 2755 volitant
782 2704 1069 2773 collesque
1101 2711 1154 2757 et
1186 2704 1422 2757 flumina
1462 2707 1690 2759 circum.

139 2790 261 2841 Dum
295 2806 490 2860 capus,
527 2791 908 2860 accipiterque
940 2793 1143 2861 placet,
1177 2794 1441 2863 curisque
1469 2796 1664 2848 solutis

138 2877 230 2930 Per
256 2878 521 2931 brumam
555 2879 723 2947 genio
761 2886 918 2932 vacat
950 2881 1267 2951 indulgere,
1302 2883 1575 2954 domique

139 2965 374 3019 Diversus
408 2984 551 3020 usus
581 2968 696 3020 veri
731 2969 985 3037 proferre
1020 2970 1230 3023 futuro.

138 3054 257 3108 Nam
278 3071 466 3126 neque
497 3060 620 3108 tum
654 3072 847 3109 cervos
879 3073 1139 3110 cervasve
1170 3059 1387 3129 agitare
1420 3060 1667 3130 fugaces,

136 3142 232 3194 Nec
266 3144 589 3212 spumantis
620 3144 743 3213 apri
776 3146 887 3198 lato
920 3148 1204 3217 contigere
1238 3149 1385 3202 ferro

135 3232 332 3297 Armes,
364 3247 429 3286 ex
466 3248 567 3284 usu
593 3238 675 3285 est
716 3249 728 3285 :
764 3234 935 3287 borea
963 3235 1319 3299 cohibentur,
1356 3241 1410 3289 et
1442 3243 1598 3291 artus

136 3318 315 3372 Exesos
336 3320 551 3373 macies
581 3320 811 3391 stringit
842 3328 1151 3393 tenuatque
1181 3324 1445 3378 ferarum.

135 3404 339 3461 Semina
369 3425 479 3462 nec
499 3409 665 3461 cultis
698 3409 862 3463 facile
895 3417 979 3463 est
1010 3412 1369 3466 committere
1400 3414 1594 3475 terris;

136 3494 239 3548 Urit
265 3503 469 3550 cuncta
500 3497 653 3566 gelu,
689 3502 742 3549 et
768 3498 975 3567 glacies
1004 3500 1146 3566 riget
1180 3501 1411 3563 horrida
1432 3504 1665 3573 campis.

132 3580 336 3636 Robora
364 3589 495 3638 tum
525 3584 681 3638 silvis
710 3586 1011 3656 prodestet
1040 3588 1211 3641 ﬁssile
1238 3589 1457 3657 lignum

132 3669 369 3739 Caedere;
395 3679 523 3726 tum
550 3673 815 3727 domibus
846 3676 1126 3745 classique
1159 3682 1354 3747 aptare
1388 3696 1631 3734 secures.

700 3870 781 3923 DE
826 3871 1239 3927 FEBRL’ARIO.

132 4019 264 4071 Anni
292 4036 405 4091 quo
454 4036 762 4073 numerum
793 4036 1039 4091 regnans
1076 4024 1392 4093 Pompilius
1422 4026 1594 4093 auxit,

133 4104 238 4168 Quo
266 4124 424 4161 sacra
456 4108 583 4161 dira
613 4108 813 4161 urbem
837 4110 1071 4163 solitum
1104 4112 1347 4165 lustrare
1382 4120 1655 4184 togatam,

134 4194 325 4249 lnferni
357 4196 543 4251 Febru
582 4197 893 4251 retinemus
920 4200 1153 4254 nomine
1184 4200 1417 4254 dictum.

136 4281 210 4335 Bis
241 4300 333 4337 sex
355 4285 513 4338 hunc
542 4285 719 4338 stellis
749 4291 963 4340 astrum
996 4288 1305 4358 praesignat
1334 4291 1545 4361 Aquari
1582 4308 1594 4345 :

135 4370 258 4425 Cum
290 4377 483 4426 tamen
506 4374 741 4426 australi
772 4375 915 4428 caelo
947 4377 1247 4430 demittere
1282 4378 1494 4432 nimbis

133 4458 395 4526 Cernitur,
440 4461 563 4514 haec
586 4461 766 4531 fulget
793 4462 1024 4516 tricenis
1055 4464 1285 4534 ignibus
1320 4467 1489 4521 unda.

134 4546 279 4601 llunc
311 4549 518 4603 hiemis
549 4550 807 4619 verisque
839 4556 1037 4605 tenent
1061 4554 1308 4607 confinia
1343 4571 1627 4623 mensem;

133 4634 345 4706 Frigore
373 4654 642 4707 nuncque
676 4639 840 4707 riget,
875 4656 1026 4694 nunc
1053 4658 1181 4694 vere
1216 4644 1425 4697 mulcet
1462 4646 1663 4699 amico.

130 4722 258 4777 Tum
291 4731 517 4796 tempus
550 4728 740 4780 tractis
762 4733 970 4782 terram
1012 4732 1375 4799 proscindere
1409 4735 1630 4801 aratris,

131 4811 342 4866 Semina
372 4820 428 4867 et
454 4815 589 4868 hinc
621 4816 791 4869 sulcis
811 4818 1040 4885 prodest
1070 4820 1343 4873 mandare
1380 4822 1667 4888 secundis;

131 4897 335 4955 Hordea
364 4909 485 4957 tum
517 4904 733 4974 campis
760 4906 1003 4959 serimus
1033 4908 1339 4978 peregrina
1364 4925 1468 4979 per
1497 4926 1698 4981 agros;

130 4988 417 5060 Postquam
448 4994 651 5047 candet
672 4994 789 5046 avis
818 4995 1045 5065 pietatis
1074 4997 1306 5050 nomine
1338 5005 1614 5067 praestans
1650 5017 1663 5054 :

132 5076 328 5132 Vitibus
359 5081 490 5134 hinc
522 5084 742 5135 cultum
766 5100 888 5137 mos
914 5090 999 5138 est
1030 5085 1301 5140 adhibere
1334 5088 1624 5156 putandis,

130 5164 537 5239 Sarmentisque
571 5186 743 5224 novas
773 5188 1029 5242 gemmas
1057 5174 1311 5242 proferre
1339 5175 1553 5228 recisis.

130 5252 397 5325 Incipiunt
423 5258 620 5312 salices
647 5260 813 5313 nodis
844 5277 1143 5317 canescere
1169 5264 1411 5332 glaucis;

189 5418 212 5442 ⁸
245 5414 538 5491 Venantum
569 5415 635 5491 de
663 5432 825 5491 more.
850 5416 938 5470 Sic
967 5418 1255 5472 edidimus
1290 5424 1353 5471 ut
1378 5434 1575 5472 sensus
1608 5428 1799 5491 postu-

134 5477 295 5548 labat;
328 5485 383 5537 in
410 5487 584 5551 priori
620 5487 891 5547 editione,
922 5494 1194 5542 venatum.

276 5555 547 5629 seriisque.
604 5560 783 5629 Antea
829 5560 1146 5625 legebatur,
1193 5564 1473 5629 semisque.
1532 5563 1677 5615 Infra
1734 5579 1799 5616 ex

138 5622 301 5676 codice
335 5622 509 5696 BigOt.
551 5628 836 5682 edidimus
874 5622 1193 5697 diffundier,
1228 5632 1325 5684 ubi
1356 5622 1477 5685 erat
1505 5633 1793 5700 cii/fundis.

1862 1210 1907 1262 A
1936 1211 2080 1263 Tum
2112 1210 2364 1279 primum
2397 1215 2451 1265 et
2472 1207 2655 1281 coryli
2686 1214 2927 1266 nucibus
2958 1213 3222 1267 frondere
3253 1214 3478 1283 futuris,

1935 1295 2089 1349 Tunc
2121 1296 2354 1351 canibus
2384 1314 2577 1351 cervas
2610 1299 2957 1371 spiculisque
2991 1302 3208 1371 agitare
3238 1309 3510 1373 repertas,

1934 1386 2011 1437 Ac
2044 1386 2226 1438 valido
2258 1404 2528 1455 aprorum
2562 1389 2857 1457 praeﬁgere
2881 1406 3121 1459 corpora
3152 1391 3322 1456 ferro,

1934 1474 2323 1544 Informesque
2354 1477 2508 1529 canis
2539 1494 2697 1530 ursos
2730 1479 2972 1531 lustrare
3006 1480 3112 1532 sub
3147 1481 3328 1532 antris

1936 1564 2251 1617 Venantum
2282 1565 2350 1617 de
2376 1581 2533 1619 more
2559 1576 2583 1599 ³
2611 1568 2795 1636 placet
2826 1585 2836 1621 ε
2872 1573 3008 1621 tunc
3049 1569 3295 1637 piscibus
3323 1571 3463 1623 altas

1936 1652 2278 1707 Prmstruere
2306 1656 2611 1724 aggeribus
2642 1655 2861 1725 piscoso
2900 1657 2961 1710 in
2983 1657 3219 1711 ﬂumine
3250 1675 3430 1728 sepes.

2586 1847 2671 1899 DE
2712 1848 2988 1902 MARTIO.

1930 1995 2161 2049 Martius
2190 2000 2451 2049 exortum
2483 1997 2679 2050 statuit
2701 1997 2792 2050 cui
2826 1998 3099 2051 Romulus
3128 1999 3285 2065 anni,

1929 2084 2102 2138 Marte
2123 2088 2280 2138 tenet
2302 2085 2559 2150 ductum,
2589 2085 2871 2139 bellorum
2898 2087 3175 2156 principe,
3212 2104 3418 2142 nomen
3450 2106 3461 2141 :

1929 2173 2107 2236 Quem
2140 2179 2431 2227 auctorem
2463 2175 2689 2243 generis
2722 2175 2898 2229 Remo
2925 2191 3053 2228 cum
3082 2176 3255 2229 fratre
3282 2177 3553 2240 Quirinus

1928 2260 2177 2313 Credidit
2203 2276 2324 2313 esse
2350 2260 2475 2326 sui;
2512 2261 2753 2329 duplicis
2783 2262 2873 2314 cui
2907 2262 3092 2315 sidera
3124 2263 3296 2316 Piscis

1928 2348 2205 2412 Praesunt,
2239 2348 2467 2401 tricenis
2497 2350 2763 2419 senisque
2796 2353 2819 2392 b
2842 2350 3111 2403 micantia
3141 2353 3410 2407 flammis.

1928 2438 2087 2490 Hunc
2110 2453 2362 2490 mensem
2387 2438 2644 2507 jucunda
2665 2438 2856 2491 fovent
2888 2439 3120 2492 exordia
3151 2440 3327 2505 veris;

1857 2504 1894 2556 Β
1925 2525 2033 2587 Qui
2065 2541 2236 2588 mare,
2267 2528 2364 2596 qui
2390 2532 2567 2578 terras
2597 2528 2782 2596 specie
2816 2528 3149 2597 tranquillat
3174 2544 3402 2583 amoena
3435 2546 3446 2582 :

1923 2616 2109 2667 zEstus
2141 2614 2345 2668 Oceani
2385 2614 2489 2667 hoc
2517 2615 2768 2683 primum
2812 2632 3154 2687 consurgere
3186 2633 3447 2686 magnos,

1924 2703 2169 2755 Navibus
2200 2708 2256 2755 et
2279 2704 2463 2773 pelagi
2496 2703 2804 2757 difl'undier
2830 2721 3065 2775 aequora
3094 2705 3258 2775 pictis

1921 2791 2241 2851 Cernimus,
2279 2797 2447 2861 atque
2483 2808 2657 2845 novos
2688 2793 3067 2847 conscendere
3109 2794 3351 2848 flumina
3394 2795 3613 2865 pisces:

1922 2882 2159 2933 Garrula
2187 2896 2290 2949 per
2321 2880 2528 2933 sudum
2561 2882 2803 2935 volitans
2835 2887 2958 2935 tum
2998 2882 3199 2936 stridet
3233 2884 3504 2948 hirundo,

1920 2971 2241 3038 Aereasque
2273 2986 2441 3039 grues
2463 2970 2677 3038 campis
2707 2970 2977 3035 residere,
3011 2971 3263 3041 satisque

1920 3058 2146 3111 Anseris
2176 3058 2422 3111 invisum
2454 3058 2725 3112 decedere
2756 3059 3043 3112 cernimus
3068 3076 3294 3129 agmen.

1919 3145 2158 3215 Sepibus
2182 3146 2313 3199 hinc
2346 3147 2543 3199 hrrtos
2574 3147 2826 3215 primum
2854 3147 3079 3201 munire
3118 3149 3433 3201 novandas.

1919 3235 2335 3305 Immundoque
2364 3236 2501 3288 timo
2529 3238 2584 3288 et
2614 3236 2807 3288 rastris
2840 3245 2858 3269 ε
2888 3251 3231 3305 componere
3262 3241 3505 3306 tempus,

1922 3325 2149 3377 Diversa
2182 3329 2236 3377 et
2266 3324 2515 3393 propriis
2538 3325 2899 3378 committere
2929 3325 3147 3378 semina
3172 3325 3359 3378 sulcis.

1916 3413 2057 3466 Tum
2089 3428 2299 3477 cervas,
2334 3428 2585 3482 capreas,
2608 3413 2831 3482 lepores
2865 3414 3106 3465 lustrare
3140 3412 3399 3482 voluptas

1918 3500 2201 3569 Imperat:
2235 3500 2369 3553 hinc
2401 3501 2603 3569 apibus
2631 3503 2791 3554 sedes
2822 3502 3064 3554 statione
3096 3502 3362 3569 parandas

1923 3590 2060 3642 Vere
2092 3605 2215 3655 suo,
2241 3605 2368 3642 cum
2394 3590 2515 3658 jam
2545 3590 2780 3642 stabulis
2808 3591 2957 3642 exire
2990 3590 3223 3642 reclusis

1919 3678 2125 3731 Invitat
2154 3678 2454 3731 stimulans
2488 3678 2665 3747 prolis
2697 3679 2995 3747 mellisque
3026 3679 3257 3747 cupido.

1848 3798 1889 3853 Β
1921 3766 2113 3836 Deque
2146 3767 2283 3820 locis
2314 3766 2535 3819 steriles
2567 3766 2765 3837 primis
2798 3772 2918 3819 tum
2949 3767 3096 3821 ferre
3130 3768 3344 3821 radices

1916 3854 2223 3916 Arborum,
2263 3860 2319 3907 et
2344 3854 2556 3925 ignotis
2584 3854 2874 3908 scrobibus
2904 3856 3188 3924 deponere
3219 3862 3467 3911 suetum.

1920 3943 2146 3996 Plantas
2168 3942 2306 4013 quin
2340 3943 2514 3996 etiam
2546 3942 2784 4000 fecunda
2817 3960 2881 3995 ex
2912 3944 3112 3997 arbore
3146 3944 3319 3998 lectas

1918 4032 2150 4085 Arboris
2173 4033 2405 4086 alterius
2446 4036 2612 4086 natus
2656 4032 2725 4085 de
2765 4032 3020 4101 germine
3052 4038 3240 4086 cortex

1919 4120 2152 4187 Accipit,
2189 4120 2363 4192 inque
2394 4121 2521 4174 sinu
2553 4121 2703 4174 ferro
2733 4120 3049 4190 patefactus
3083 4122 3152 4175 ad
3190 4138 3440 4193 unguem

1921 4208 2182 4262 Continet
2205 4230 2219 4275 ;
2248 4210 2353 4263 hoc
2384 4209 2495 4263 laeti
2520 4215 2762 4279 surgunt
2784 4210 2851 4263 de
2878 4211 3094 4265 semine
3121 4211 3356 4266 fructus.

2574 4404 2662 4457 DE
2700 4404 2951 4459 APRILI.

1990 4555 2167 4617 Quem
2206 4553 2409 4607 Veneri
2437 4570 2658 4607 sacrum
2690 4561 2747 4607 et
2770 4554 3066 4624 proprium
3096 4557 3287 4611 dixere
3321 4558 3538 4627 priores

1919 4644 2187 4709 Mensem,
2236 4643 2344 4695 hoc
2392 4643 2545 4712 quod
2587 4642 2771 4712 vigeat
2820 4643 3151 4699 demulcens
3198 4651 3396 4700 cuncta
3449 4648 3609 4701 volu-

3504 4739 3587 4787 tas

3504 4739 3587 4787 tas

1920 4820 2159 4875 Nomine
2188 4819 2256 4873 de
2279 4818 2445 4873 Graio
2477 4818 2711 4871 ductum
2744 4818 3056 4873 vocitamus
3091 4822 3344 4890 Aprilem
3382 4838 3393 4875 :
3440 4732 3496 4804 [Ρ
3594 4774 3608 4800 ’

1918 4909 2013 4961 Vel
2047 4924 2211 4976 mage
2231 4908 2381 4978 quod
2405 4913 2583 4960 terras
2602 4906 2853 4961 brumali
2869 4906 3079 4977 frigore
3110 4909 3327 4962 clausas

1920 4998 1981 5050 In
2012 4997 2198 5050 varios
2228 4997 2409 5065 aperit
2437 4997 2600 5061 fetus,
2636 4996 2903 5066 cogitque
2934 4997 3197 5063 fovendo,

1848 5097 1889 5150 D
1918 5088 2175 5140 Romano
2207 5090 2430 5139 tantum
2471 5086 2705 5139 excellet
2737 5102 3000 5139 sermone
3028 5092 3277 5140 vocatus.

1916 5174 2110 5228 Stellet
2140 5174 2273 5227 huic
2305 5173 2463 5228 Aries
2494 5174 2671 5227 ternis
2701 5174 2976 5244 denisque
3008 5182 3285 5241 coruscat,

1915 5263 2221 5333 Signorum
2256 5262 2490 5333 obliquo
2520 5263 2616 5333 qui
2654 5263 2837 5334 fulget
2864 5263 2925 5317 in
2955 5264 3150 5318 ordine
3176 5264 3417 5335 primus.

1911 5429 2198 5491 corrupte.

1982 5504 2002 5528 ο
2037 5496 2187 5547 Ρὶηιο
2244 5500 2295 5548 et
2349 5498 2569 5549 rastris.
2622 5495 2712 5549 Sic
2756 5496 2926 5549 codex
2982 5495 3157 5561 Bigot.
3198 5498 3258 5550 In
3289 5496 3473 5562 editis,
3511 5513 3605 5550 ro-

1907 5567 2037 5637 stris
2072 5581 2183 5637 :rex
2207 5566 2409 5619 eodem
2433 5566 2622 5619 codice
2656 5566 2982 5636 scripsimus
3008 5568 3228 5635 plantas
3257 5570 3390 5637 quin
3418 5571 3602 5633 etiam,

1907 5636 2004 5689 ubi
2028 5636 2242 5689 editum
2275 5642 2395 5690 erat
2418 5638 2648 5705 plantis,
2682 5642 2788 5690 etc.
