4022 6178
389 292 491 343 627
1423 280 2004 339 WANDALBERTUS
2042 279 2469 337 PRUMIENSIS
2508 277 2835 333 MONACHI.
3767 282 3857 334 628

388 418 530 472 Huic
562 418 719 472 laetos
739 416 923 470 crines
954 412 1324 483 jucundaque
1354 416 1618 481 tempora
1646 412 1890 465 Phoebus
2121 416 2167 467 Α
2196 411 2312 464 Alis
2345 426 2495 480 saepe
2525 409 2697 463 etiam
2729 408 2947 462 bellum
2976 408 3336 479 stimulisque
3380 410 3674 469 lacessunt.

399 507 660 563 Floribus
688 520 751 557 ac
773 501 940 556 viridi
968 500 1223 571 primum
1254 501 1323 554 de
1361 500 1563 554 fronde
1593 504 1877 555 venustat.
2199 500 2262 553 In
2291 499 2708 569 pulchramque
2736 501 2911 550 ruunt
2938 496 3198 550 animoso
3226 502 3451 567 pectore
3485 501 3737 552 mortem.

391 598 508 651 Hoc
537 610 669 648 nam
700 596 902 645 cuncta
934 606 1065 644 suos
1093 596 1408 660 erumpunt
1440 589 1702 658 germina
1734 593 1967 658 partus;

391 638 508 738 ἓξΞὲ
532 638 1863 751 ἔξῶρῐέᾗξνξέέιῖἑέἷιζῖεἶῖἆῖὲοέξλὶὲέῌεὲξὲξ
1875 638 1929 641 “
1954 638 1967 654 ⁷
2879 639 2964 691 DE
3001 638 3224 692 JUNI0.

389 769 674 836 Gramine,
708 768 935 833 fronde,
976 767 1132 834 satis,
1166 767 1339 819 variis
1378 772 1736 837 vernantque
1767 766 2013 829 frutetis,
2198 769 2245 820 Α
2273 767 2413 819 Jano
2442 768 2659 817 sextum
2690 763 2889 815 statuit
2916 778 3085 831 quam
3119 760 3303 815 Julius
3336 760 3472 814 anni

390 859 473 913 Ad
502 862 854 929 pastumque
882 872 1086 928 greges
1121 856 1359 910 mittunt
1381 856 1663 925 prmsepia
1692 859 1947 909 cunctos.
2202 855 2471 916 Mensem,
2501 851 2740 905 Junonis
2775 850 3090 903 retinemus
3132 850 3368 902 nomine
3400 849 3649 913 dictum;

387 950 530 1002 Tum
564 947 872 1017 philomela
902 962 1006 998 suo
1040 945 1311 997 exercitat
1338 945 1587 1014 impigra
1616 948 1837 1008 cantus,
2200 946 2313 999 Aut
2341 942 2594 1012 populus
2618 940 2813 1011 junior
2847 939 3104 1009 patribus
3139 939 3208 991 de
3239 955 3398 992 more
3430 939 3728 1003 secundus,

391 1040 607 1106 Arguta
639 1040 694 1089 et
714 1035 881 1088 tectis
917 1034 1114 1087 nidum
1149 1033 1445 1103 suspendit
1476 1033 1724 1085 hirundo
1761 1049 1772 1085 :
2205 1036 2321 1087 Hoc
2350 1030 2535 1084 mensi
2560 1030 2834 1099 imposuit
2869 1033 3091 1081 servato
3125 1044 3189 1081 ex
3222 1027 3424 1081 ordine
3456 1044 3684 1080 nomen.

390 1127 532 1180 Tum
559 1124 762 1187 sturni,
792 1124 1049 1188 merulae,
1086 1122 1257 1187 turdi,
1300 1120 1569 1191 silvisque
1601 1121 1855 1173 volucres
2202 1120 2344 1176 Huic
2376 1118 2598 1173 Gemini
2632 1122 2856 1187 aequata
2895 1116 3248 1186 praesignant
3269 1115 3533 1184 lampade
3574 1176 3575 1179 η
3603 1114 3868 1168 Phoebum.

392 1216 597 1279 Suetzr,
620 1214 931 1267 multisono
962 1213 1315 1282 permulcent
1345 1227 1477 1264 aera
1507 1216 1697 1263 cantu.
2203 1210 2397 1263 Sidere
2428 1212 2515 1260 ter
2536 1206 2710 1275 quino
2739 1205 2921 1258 celsus
2947 1219 3090 1274 quos
3123 1202 3361 1273 signifer
3401 1207 3586 1255 aurat.

393 1305 605 1358 Turtur
637 1308 758 1356 tum
791 1301 1005 1371 gemitu
1052 1300 1285 1370 pariter,
1321 1313 1619 1367 raucaeque
1650 1296 1954 1367 palumbes
2204 1294 2456 1350 Solstitio
2484 1293 2574 1346 hic
2606 1292 2857 1362 reliquos
2876 1296 3106 1359 superat
3133 1289 3433 1359 longisque
3471 1289 3671 1342 diebus

396 1392 598 1446 Rurali
628 1391 915 1444 oblectant
936 1389 1111 1442 fessos
1142 1389 1328 1441 studio
1359 1392 1529 1457 atque
1556 1386 1775 1451 labore;
2207 1385 2444 1445 Menses,
2468 1382 2535 1435 ad
2568 1396 2823 1433 summos
2854 1378 2980 1432 coeli
3010 1378 3107 1448 qui
3140 1378 3405 1447 pervenit
3436 1379 3621 1431 orbes.

395 1480 651 1534 Venandi
678 1480 782 1532 hoc
814 1478 1015 1531 eadem
1050 1482 1132 1530 est
1174 1476 1362 1530 Martis
1410 1492 1537 1546 qua:
1571 1490 1766 1528 mense
1815 1474 2095 1544 voluptas.
2206 1470 2444 1525 Torrida
2469 1474 2526 1522 et
2558 1470 2666 1522 hoc
2699 1472 2861 1521 aestas
2893 1474 3115 1537 segetes
3145 1467 3315 1528 fovet.
3374 1483 3624 1536 arvaque
3654 1466 3877 1537 primum

396 1571 620 1623 Interea
651 1567 919 1637 agricolas
943 1566 1237 1633 insistunt,
1268 1565 1574 1635 frugesque
1603 1564 1825 1617 futuras
2209 1559 2486 1614 Fluminis
2518 1559 2579 1611 in
2610 1557 2856 1627 speciem
2881 1556 3083 1609 culmis
3118 1556 3334 1610 undare
3374 1556 3600 1609 refertis

396 1657 637 1726 Sepibus
668 1660 765 1708 aut
797 1655 961 1708 fossis
991 1658 1301 1725 properant
1344 1653 1572 1706 munire
1612 1650 1816 1705 caratis
1844 1665 1869 1693 ει
2144 1715 2180 1726 “
2209 1648 2393 1702 Efﬁcit
2423 1663 2436 1701 :
2466 1648 2575 1700 hoc
2603 1647 2800 1699 hortos
2828 1645 3000 1699 etiam
3027 1661 3127 1697 sua
3159 1661 3297 1697 cura
3336 1645 3554 1711 revisit,

399 1715 565 1799 Prata
593 1746 681 1797 vel
711 1743 935 1798 emissis
966 1715 1219 1795 celerant
1250 1747 1448 1812 potare
1480 1740 1740 1806 ﬂuentis;
2144 1715 2181 1767 Β
2210 1741 2395 1807 Atque
2426 1737 2647 1789 olerum
2664 1734 2783 1804 jam
2818 1738 2954 1787 tunc
2984 1733 3215 1803 prodest
3244 1737 3626 1801 transponere
3664 1733 3875 1803 plantas.

401 1834 619 1887 Vitibus
651 1837 749 1886 aut
775 1833 951 1885 vallos
983 1832 1198 1884 addunt
1228 1832 1529 1900 furcasque
1560 1829 1846 1893 bicornes,
2213 1827 2356 1879 Dum
2386 1830 2597 1877 tenerae
2629 1823 2687 1875 in
2710 1822 2957 1875 fructum
2984 1826 3222 1892 possunt
3248 1821 3571 1874 adolescere
3602 1820 3876 1890 pinguem;

402 1922 833 1991 Corticibusque
863 1921 1062 1990 ligant,
1089 1924 1284 1972 ventos
1310 1923 1372 1971 ut
1399 1924 1651 1972 temnere
1688 1918 1891 1971 ﬂantes
2150 1976 2159 1985 .
2210 1915 2332 1967 Mox
2362 1912 2556 1976 violas,
2587 1916 2759 1981 atque
2792 1910 2923 1963 inde
2955 1926 3132 1976 rosas,
3164 1912 3219 1961 et
3247 1909 3367 1961 lilia
3399 1914 3630 1978 tempus

402 2011 722 2065 Pendentes
750 2009 911 2062 facile
942 2013 997 2062 et
1026 2009 1249 2078 possint
1281 2012 1508 2077 portare
1538 2023 1817 2070 racemos,
2212 2002 2476 2069 Carpere,
2510 2004 2565 2051 et
2596 1997 2653 2050 in
2685 1997 2921 2050 calathis
2951 1995 3503 2067 hyacinthijungere
3531 1996 3743 2048 ﬂorem.

404 2101 632 2152 Gratam
669 2112 780 2150 neu
811 2096 1058 2166 speciem
1088 2095 1277 2148 vineta
1300 2094 1550 2165 jacentia
1581 2097 1834 2163 turpent,
2213 2088 2353 2141 Hinc
2382 2103 2507 2140 mos
2534 2087 2751 2138 lactuca
2779 2101 2966 2138 coenas
3000 2100 3342 2153 componere
3366 2084 3585 2151 dulces,

402 2190 517 2241 Aut
546 2185 798 2239 validum
830 2185 1067 2254 indigno
1100 2189 1323 2237 mutent
1354 2184 1709 2253 perdantque
1735 2181 2036 2253 saporem.f
2210 2176 2488 2231 Suavibus
2511 2179 2681 2245 atque
2703 2173 2897 2227 herbis
2926 2173 3143 2226 validos
3177 2174 3431 2226 relevare
3466 2188 3697 2242 sapores

2212 2264 2376 2329 Allia,
2410 2280 2567 2333 cepe,
2602 2263 2717 2316 suis
2738 2266 2874 2315 tunc
2905 2267 3038 2314 sunt
3066 2261 3390 2331 gratissima
3420 2261 3626 2326 succis,

1092 2326 1182 2378 DE
1221 2324 1411 2378 ΜΑῘΟ·
2210 2324 2612 2423 Τοωέιιιδᾳιλθ
2640 2355 2834 2404 menta
2862 2324 3332 2419 placet,vtumque
3370 2355 3456 2402 est
3500 2324 3742 2402 satureia
3760 2349 3879 2401 salu-

411 2450 672 2505 Mercurii
704 2454 908 2512 mater,
940 2448 1081 2501 falso
1113 2446 1311 2502 delusa
1337 2446 1595 2518 priorum
3750 2435 3877 2509 [bi-is,

410 2541 556 2592 Etas
582 2554 753 2608 quam
784 2537 978 2601 coluit,
1015 2536 1246 2603 Maium,
1275 2536 1616 2605 cognomine
1646 2535 1785 2589 Maia
2213 2530 2354 2583 Cum
2380 2529 2623 2582 necdum
2656 2527 2868 2581 validas
2898 2527 3183 2580 concrevit
3219 2543 3417 2580 succus
3447 2527 3509 2580 in
3544 2527 3761 2580 herbas.

414 2626 682 2695 Insignit;
712 2625 799 2677 vel
833 2624 1116 2693 majorum
1151 2624 1219 2677 de
1250 2624 1481 2677 nomine
1520 2628 1748 2693 patrum
2211 2619 2368 2672 Tunc
2397 2622 2453 2669 et
2482 2615 2663 2669 dulcis
2690 2631 2852 2686 aqum
2883 2615 3180 2668 salientem
3205 2631 3464 2685 quaerere
3498 2631 3699 2668 venam

412 2716 622 2771 Dictus.
656 2731 788 2783 pars
820 2713 1016 2784 populi
1046 2730 1172 2783 qua:
1201 2714 1430 2781 dignior
1460 2714 1600 2768 urbe
1629 2718 1825 2784 togata
2210 2705 2426 2775 Jejunis
2454 2706 2659 2775 placet,
2692 2711 2864 2774 atque
2899 2705 3106 2756 haustu
3139 2703 3314 2756 vitare
3349 2704 3589 2757 calores.

412 2805 635 2859 Exstitit
665 2821 678 2856 :
714 2803 842 2856 huic
871 2804 1088 2856 Taurus
1117 2807 1203 2855 ter
1230 2802 1408 2872 quino
1441 2802 1630 2855 sidere
1661 2802 1888 2871 fulgens
2214 2796 2352 2848 Hinc
2384 2796 2557 2848 etiam
2596 2810 2790 2847 cerasa
2815 2792 3117 2845 arboribus
3150 2793 3455 2862 decerpere
3485 2799 3730 2862 tempus.

411 2893 778 2947 Auricomum
814 2891 1043 2960 praefert
1065 2891 1259 2943 mstiva
1291 2891 1556 2960 lampade
1590 2890 1890 2957 Phoebum,
2214 2882 2475 2935 Puniceis
2505 2882 2710 2935 ceraSiS
2732 2881 3043 2934 succedunt
3067 2898 3231 2934 cerea
3261 2897 3467 2951 pruna.

412 2983 740 3051 Inﬂexoque
769 2996 921 3049 genu
950 2980 1270 3032 scandentis
1297 2979 1353 3031 in
1385 2981 1597 3032 aethera
1618 2979 1788 3033 Tauri
2144 3007 2184 3060 Ο
2215 2972 2453 3041 Moxque
2488 2971 2641 3039 pyris
2671 2971 2876 3060 primis
2901 2970 3193 3023 adduntur
3226 2970 3384 3060 mitia
3406 2972 3580 3037 mala,

416 3071 682 3124 Frontem
714 3068 957 3123 Maiades
984 3067 1235 3137 septenis
1261 3067 1493 3137 ignibus
1524 3072 1748 3121 aurant.
2159 3059 2166 3060 ί
2216 3062 2519 3130 Postquam
2550 3060 2771 3112 desecto
2795 3059 3101 3111 viduantur
3132 3062 3295 3129 prata
3324 3059 3535 3123 virore,

414 3160 517 3214 Hic
544 3157 692 3212 veris
722 3156 990 3211 claudens
1014 3156 1235 3209 aestivos
1264 3154 1466 3225 incipit
1496 3155 1680 3221 orbes,
2216 3148 2492 3218 Agricola:
2523 3153 2580 3200 et
2609 3147 2797 3199 clauso
2827 3151 3200 3199 contemnunt
3219 3146 3436 3216 frigora
3454 3147 3631 3201 fmno.

411 3244 769 3312 Tellurisque
801 3257 975 3294 novas
1007 3240 1199 3310 fruges
1221 3240 1559 3292 mortalibus
1586 3238 1754 3309 aegris
2220 3236 2542 3291 Glandifera
2579 3235 2713 3289 hinc
2733 3237 2937 3288 ﬂorem
2966 3251 3070 3304 per
3095 3235 3261 3288 silvas
3292 3234 3486 3288 induit
3516 3236 3699 3289 arbos.

416 3332 753 3396 Ostendens,
799 3330 1031 3383 calathis
1060 3329 1283 3398 primus
1313 3345 1415 3381 sua
1447 3329 1653 3398 pocula
1684 3328 1903 3395 miscet,
2221 3325 2365 3394 Ipsae
2398 3329 2454 3377 et
2476 3323 2660 3377 vicino
2694 3323 2831 3377 vites
2859 3338 2990 3376 cum
3019 3322 3160 3376 ﬂore
3192 3329 3523 3377 tumescunt

419 3422 712 3489 Fragaque
744 3418 813 3471 de
843 3416 1081 3470 modicis
1113 3416 1422 3486 praedulcia
1437 3416 1655 3485 colligit
1681 3415 1896 3469 herbis.

416 3465 819 3576 ἱτζῖςῖἶὲᾼέὶυὲἔι
846 3465 1895 3574 ᾗᾎέπῖ’ἑὲιῖίόέιᾷὶῖἐέέέέιἑιέέιῖιᾷέυέζιᾘῖξ⁷
2905 3466 2995 3518 DE
3024 3465 3238 3519 ’UL'O-

417 3595 759 3663 Auritosque
788 3596 990 3661 tegunt
1020 3593 1246 3663 lepores
1278 3592 1545 3646 lactentia
1586 3592 1755 3646 farra.
2223 3589 2412 3643 Martis
2436 3588 2597 3659 origo
2630 3588 2737 3642 sibi
2768 3588 3035 3660 quintum
3067 3606 3240 3660 quem
3270 3589 3459 3659 signat
3479 3591 3543 3646 in
3575 3608 3742 3658 anno,

420 3686 536 3737 Hoc
566 3682 758 3736 herbis
788 3682 997 3735 durum
1033 3680 1264 3753 prodest
1292 3681 1518 3735 mollire
1550 3682 1774 3750 lyaeum,
2222 3679 2648 3749 Quintilemque
2678 3679 2997 3748 suosjussit
3030 3679 3274 3733 vocitare
3306 3680 3605 3742 Quirinus.

417 3772 901 3843 Prassumptisque
933 3788 1309 3825 novercarum
1338 3773 1516 3824 vitare
1541 3786 1760 3823 venena
2221 3767 2509 3837 Septimus
2534 3784 2563 3819 a
2600 3768 2741 3820 Jano
2775 3767 3029 3820 medium
3061 3784 3214 3821 nunc
3248 3768 3465 3821 obtinet
3496 3785 3712 3823 annum

419 3863 667 3925 Potibus,
700 3862 759 3915 in
785 3862 1000 3914 variam
1029 3877 1173 3931 quos
1205 3862 1449 3931 gignunt
1479 3877 1611 3913 arva
1633 3859 1935 3913 medelam.
2223 3856 2426 3922 Julius,
2459 3873 2489 3908 a
2520 3871 2849 3925 magnoque
2871 3856 3108 3909 excellet
3133 3856 3353 3910 Caesare
3389 3856 3597 3911 dictus.

417 3952 565 4016 Quin
597 3956 652 4005 et
682 3955 899 4005 mutato
923 3956 1215 4020 serpentes
1248 3966 1373 4002 aere
1398 3949 1648 4013 morbos,
2226 3944 2474 3999 Solstitio
2507 3944 2758 3998 ardentis
2790 3944 3010 4009 Cancri,
3039 3945 3131 3997 cui
3163 3944 3355 3997 sidera
3384 3944 3611 4015 fulgent

413 4042 555 4094 Tum
589 4039 808 4093 medica
838 4055 903 4091 ex
938 4053 1045 4090 usu
1076 4037 1238 4090 facile
1271 4041 1355 4089 est
1385 4036 1672 4105 depellere
1704 4050 1858 4087 cura.
2227 4033 2480 4096 Quatuor
2509 4037 2563 4085 et
2592 4032 2754 4086 denis
2780 4032 2994 4101 pariter
3025 4032 3306 4085 radiantia
3334 4032 3609 4098 ﬂammis,

419 4127 535 4179 Hoc
567 4125 738 4178 etiam
775 4140 969 4177 mense
1002 4128 1278 4175 autumno
1313 4138 1441 4191 quae
1473 4121 1578 4173 rite
1609 4126 1901 4184 seruntur,
2227 4122 2387 4173 Hunc
2415 4119 2648 4189 paribus
2674 4120 2872 4189 spatiis
2903 4121 3079 4173 centri
3107 4121 3356 4174 demissa
3384 4137 3489 4191 per
3520 4137 3678 4175 axem

421 4213 695 4282 Agricolae
728 4212 911 4265 ductis
940 4211 1231 4264 invertunt
1255 4214 1416 4277 terga
1437 4208 1716 4277 juvencis.
2228 4207 2527 4263 Consociat
2545 4211 2702 4260 sexto
2732 4207 2865 4260 solis
2890 4209 2989 4261 lux
3015 4224 3190 4261 aurea
3221 4209 3427 4262 mensi.

422 4301 556 4362 Hoc,
587 4299 794 4368 quibus
825 4297 1098 4349 armentis
1128 4312 1292 4349 amor
1322 4301 1405 4348 est
1431 4302 1482 4349 et
1505 4298 1690 4349 cultus
1720 4295 1987 4350 habendi.
2155 4299 2198 4351 D
2231 4296 2505 4350 Fecunda:
2532 4296 2639 4349 hoc
2664 4301 2885 4365 segetes
2915 4296 3116 4349 culmis
3141 4296 3443 4350 ﬂavescere
3478 4296 3715 4351 summis

424 4388 684 4441 Fecundo
719 4388 909 4457 pecori
931 4386 1142 4438 lectum
1163 4385 1232 4438 de
1262 4401 1419 4438 more
1450 4386 1721 4438 maritum
2230 4384 2543 4453 Incipiunt,
2574 4388 2629 4437 et
2649 4400 2809 4453 spem
2844 4385 3042 4437 messis
3067 4391 3293 4438 matura
3324 4386 3539 4439 referre

424 4476 719 4539 Emittunt,
750 4478 983 4545 gentem
1013 4473 1263 4527 dominis
1296 4474 1394 4544 qui
1425 4478 1610 4528 servet
1639 4473 1933 4544 equinam.
2232 4474 2455 4527 Hordea
2486 4473 2589 4526 sub
2621 4472 2824 4541 primis
2856 4473 3117 4526 autumni
3143 4473 3297 4542 jacta
3324 4474 3572 4543 pruinis.

424 4566 539 4619 Hoc
569 4579 797 4635 quoque
828 4564 1110 4617 delectum
1141 4562 1339 4616 castris
1369 4563 1601 4632 acieque
1631 4563 1875 4633 probare
2230 4564 2346 4617 Hoc
2375 4578 2603 4632 quoque
2634 4561 3102 4633 quandoquidem
3127 4562 3296 4630 justis
3338 4563 3490 4616 fovet
3519 4562 3743 4634 ignibus
3781 4573 3888 4612 arva

420 4653 689 4706 Tironem
720 4656 878 4705 vetus
909 4651 1160 4705 instituit
1200 4652 1480 4718 doctrina,
1514 4651 1802 4722 simulque
2227 4651 2495 4717 Phoebus,
2531 4651 2811 4704 triticeam
2843 4651 3104 4720 praebent
3130 4650 3283 4703 bona
3316 4651 3555 4705 ﬂamina
3586 4664 3828 4704 messem.

420 4740 645 4795 Turmis
665 4745 721 4793 et
750 4739 974 4810 legione
1004 4739 1181 4792 hostis
1210 4756 1471 4809 premere
1502 4756 1662 4792 arma
1694 4739 1927 4809 superbi
1960 4755 1973 4793 :
2231 4741 2371 4796 Hinc
2401 4740 2574 4793 etiam
2607 4738 2707 4792 lini
2731 4744 2983 4810 segetem
3010 4755 3213 4793 manus
3245 4745 3376 4809 apta
3406 4741 3681 4810 requirit;

420 4830 531 4884 Seu
561 4829 796 4882 classem
825 4827 1160 4882 instructam
1187 4828 1368 4881 ventis
1390 4832 1597 4902 ‘aptare
1624 4828 1903 4881 secundis.
2232 4830 2374 4882 Nam
2404 4832 2525 4880 sata
2563 4843 2691 4898 quas
2722 4827 2894 4881 fuerit
2924 4827 3111 4881 Martis
3143 4827 3247 4880 sub
3277 4844 3495 4893 mense,
3528 4826 3743 4882 refertis

419 4918 679 4988 Tumque
710 4916 850 4971 favis
883 4922 1024 4969 testu
1057 4916 1266 4970 croceis
1295 4916 1504 4969 emissa
1535 4918 1804 4984 juventus
2233 4916 2520 4971 Folliculis
2550 4917 2736 4970 reddit
2755 4921 3041 4969 maturum
3080 4916 3296 4983 Julius;
3331 4922 3503 4987 atque

422 5011 570 5060 Aere
601 5006 704 5059 sub
735 5006 888 5059 nudo
929 5005 1091 5071 ludit,
1126 5005 1475 5075 stabulisque
1510 5004 1721 5057 relictis
2230 5008 2338 5060 Per
2369 5021 2621 5059 mensem
2642 5008 2668 5048 Β
2696 5005 2928 5059 Veneris
2960 5005 3129 5057 sulcis
3151 5021 3280 5074 qua:
3310 5006 3521 5059 credita
3552 5006 3709 5067 raris,

426 5095 662 5165 lgnotas
685 5098 956 5164 quaerunt
983 5094 1324 5164 vagabunda
1354 5092 1616 5146 examina
1645 5092 1804 5147 sedes
1839 5109 1852 5146 :
2228 5098 2487 5165 Augusto
2517 5110 2774 5148 mensem
2802 5110 3004 5165 campo
3029 5093 3188 5147 dabit
3214 5094 3338 5163 ipsa
3364 5098 3615 5164 perusto.

496 5256 765 5309 ‘Mum’re
812 5256 1035 5309 curatis.
1097 5255 1160 5307 In
1194 5252 1385 5305 codice
1444 5251 1643 5322 Bigot.,
1697 5254 1911 5319 calatis,
1945 5253 2118 5307 male.
2221 5251 2487 5322 jacentia,
2544 5252 2645 5306 ubi
2706 5257 2828 5307 erat
2881 5255 3066 5307 vincta
3115 5255 3392 5322 jacentia;
3440 5257 3498 5306 et
3552 5252 3697 5305 favet
3746 5246 3883 5301 codex

428 5325 693 5378 Caratum
750 5325 810 5378 in
869 5325 1058 5378 media
1110 5324 1412 5378 Latinitate
1464 5340 1570 5393 pro
1621 5323 1767 5393 vallo
1812 5340 1914 5377 seu
1969 5325 2123 5377 fossa
2232 5324 2422 5393 Bigot.

426 5402 765 5465 usurpatum
794 5412 915 5449 esse
953 5395 1120 5466 pauci
1166 5389 1701 5464 ignoranthtatim
1748 5400 1914 5460 prata
1942 5394 2120 5449 edidi-
2298 5389 2326 5436 5
2359 5397 2460 5448 Per
2502 5410 2749 5449 mensem.
2811 5394 2900 5449 Sic
2933 5394 3113 5448 codex
3166 5394 3348 5464 Bigot.
3399 5395 3582 5448 Antea
3626 5389 3884 5466 legebat-9f

432 5457 587 5531 mus;
633 5466 733 5519 ubi
762 5457 1063 5536 legebatur
1118 5457 1283 5532 grata
1314 5466 1470 5518 nullo
1517 5479 1714 5530 sensu;
1752 5457 1888 5519 mox
1941 5467 2125 5520 vineta
2225 5480 2326 5535 per
2373 5468 2570 5519 mensis
2613 5465 2720 5520 :in
2775 5466 2981 5519 eodem
3032 5482 3202 5520 versu
3234 5457 3502 5520 voculam
3554 5457 3881 5534 quae'addidi-

2231 5551 2379 5590 mus.
