4022 6178
185 324 269 377 6‘29
1144 316 1233 371 DE
1276 317 1371 372 XII
1410 317 1715 373 MENSIUM
1758 313 2150 379 NOMINIBUS,
2188 311 2426 378 SIGNIS,
2470 311 2620 367 ETC.

183 456 274 507 Hoc
297 465 503 521 quoque
536 463 729 501 mense
758 446 918 518 pyris
950 463 1173 500 mensas
1200 463 1403 500 ornare
1436 447 1713 501 secudans

179 539 521 608 Praadulcique
549 536 679 589 licet
709 535 1013 605 decerpere
1045 536 1263 603 persica
1293 538 1465 605 gustu

180 633 327 685 Parva
350 644 443 698 per
472 625 693 680 aestivos
724 626 976 695 primum
1009 630 1235 678 matura
1265 627 1479 679 calores

177 720 285 783 Quae
331 718 579 781 existunt,
632 715 858 785 reliqua
914 726 1192 767 autumno
1247 730 1380 768 nam
1434 716 1634 768 cedere
1692 730 1815 768 cer-

1528 804 1673 873 [tum
1705 808 1812 857 est.

180 898 317 951 Farre
345 896 504 947 etiam
527 892 713 963 primo
745 892 991 946 imbutas
1018 893 1200 946 libare
1231 909 1334 963 per
1355 909 1481 946 aras

173 988 289 1039 Tum
319 988 479 1048 vacat,
514 999 575 1036 ac
608 984 767 1035 laetos
799 983 934 1035 anni
965 982 1270 1051 deposcere
1296 984 1534 1047 fructus,

175 1074 290 1127 Cum
338 1072 567 1125 necdum
616 1072 847 1141 plenam
902 1070 1154 1124 fundunt
1200 1087 1304 1125 sua
1361 1077 1626 1141 tempora
1673 1086 1819 1124 mes-

1678 1158 1820 1228 [sem

175 1249 436 1318 Frugibus,
465 1253 521 1302 et
548 1248 673 1302 coeli
702 1247 873 1301 facies
905 1248 1117 1301 oranda
1147 1248 1331 1300 sereni
1362 1251 1463 1300 est.

175 1339 453 1389 Venantum
483 1337 633 1390 hunc
665 1336 855 1389 studio
888 1337 1133 1406 pingues
1169 1336 1383 1403 agitare
1422 1338 1714 1405 repertum

170 1427 362 1489 Cervos,
398 1427 523 1479 hinc
552 1426 786 1479 canibus
814 1427 966 1479 silvis
1002 1427 1243 1478 lustrare
1276 1426 1381 1477 sub
1412 1426 1562 1488 altis,

171 1516 381 1584 Corpora
414 1522 545 1567 tunc
573 1515 810 1567 maciem
835 1513 1090 1584 primum
1125 1514 1364 1567 vitantia
1396 1514 1648 1583 longam,

169 1604 320 1666 Quam
351 1605 525 1657 Venus
561 1609 615 1656 et
643 1603 824 1656 sterili
854 1607 1203 1672 pepererunt
1231 1602 1445 1672 frigora
1476 1606 1661 1671 pastu,

172 1693 303 1745 Flore
336 1709 471 1745 novo
499 1697 683 1745 certos
711 1697 1018 1762 postquam
1053 1694 1240 1744 vineta
1264 1706 1519 1744 racemos

171 1781 407 1850 Gignunt.
445 1782 565 1835 haee
606 1797 859 1835 mensem
907 1780 1060 1833 hunc
1101 1780 1293 1850 potior
1323 1796 1457 1833 nam
1496 1779 1681 1849 gratia
1724 1794 1816 1832 co-

1670 1867 1816 1938 [mit.

741 1995 829 2046 DE
867 1992 1206 2047 AUGUSTO.

166 2131 363 2186 Sextum
416 2150 587 2204 quem
657 2149 899 2187 numero
948 2138 1005 2185 et
1064 2132 1322 2185 sextilem
1376 2131 1653 2186 Romulus
1709 2147 1817 2185 au-

1671 2220 1819 2293 [ctor

168 2308 373 2361 Nomine
392 2310 660 2371 decrevit,
686 2311 869 2364 Caesar
899 2314 1028 2379 post
1050 2309 1232 2363 Julius
1261 2309 1398 2362 anni

166 2397 363 2449 Censuit
398 2404 678 2463 octavum,
706 2399 950 2468 Augusti
980 2398 1321 2467 cognomine
1355 2398 1535 2451 Roma

165 2485 368 2549 Mutans,
401 2487 708 2541 Octaviano
738 2487 1025 2556 insignem
1059 2486 1318 2555 principe
1358 2486 1521 2540 dixit.

164 2572 355 2642 xEquali
388 2576 473 2628 hic
497 2577 683 2645 spatio
711 2576 851 2629 Maio
885 2592 1014 2629 cum
1047 2591 1239 2628 mense
1274 2579 1512 2638 rotatur,

167 2663 529 2735 Devexumque
564 2665 666 2717 tibi
693 2665 991 2717 moderans
1022 2672 1369 2733 auctumque
1398 2662 1641 2715 remittit

160 2753 375 2805 Antehac
404 2754 824 2823 tlammigeram
861 2755 1177 2806 volventem
1212 2751 1477 2819 lampada
1510 2750 1742 2817 solem;]

162 2837 317 2904 Denis,
348 2844 680 2911 octonisque
704 2842 915 2894 micant
944 2841 1033 2893 cui
1060 2841 1223 2909 signa
1252 2839 1456 2892 Leonis

160 2927 375 2994 Ignibus,
416 2931 644 2983 aestivos
675 2931 914 2983 fundunt
948 2946 1075 2999 quas
1105 2934 1360 2981 extrema
1389 2935 1638 2995 tepores,

159 3017 221 3065 Ac
246 3016 488 3071 Cererem
522 3018 734 3071 ﬂavam
767 3023 1015 3071 maturas
1046 3018 1326 3085 stringere
1351 3016 1549 3068 aristas

161 3098 393 3173 Cogunt,
439 3107 694 3178 agricola
751 3107 821 3159 ad
872 3123 1115 3160 messem
1192 3121 1321 3158 cum
1391 3104 1643 3174 cingitur
1700 3120 1818 3156 om-

1686 3193 1814 3263 [nis,

159 3280 450 3354 Cunctaque
478 3285 752 3338 sudantes
784 3284 1112 3355 producunt
1141 3300 1273 3336 arva
1302 3283 1555 3336 colonos.

159 3368 251 3421 Hoc
278 3377 459 3425 tamen
498 3374 816 3426 immensos
843 3374 1023 3425 aether
1054 3373 1184 3425 licet
1213 3388 1422 3425 aureus
1452 3371 1615 3441 ignes

158 3456 413 3513 Interdum
441 3466 703 3530 generet,
731 3462 915 3513 valido
946 3461 1268 3529 coelumque
1303 3462 1605 3512 tremescat

158 3544 429 3614 Murmure,
460 3555 518 3603 et
549 3550 713 3602 effusi
744 3551 1065 3602 convellant
1089 3566 1220 3602 aera
1248 3548 1445 3610 nimbi,

154 3634 392 3691 .Estatem
418 3638 683 3693 autumni
715 3644 1066 3708 componunt
1096 3644 1354 3705 tempora
1386 3636 1536 3701 laeti;

154 3720 286 3776 Unde
314 3726 441 3779 viris
472 3743 707 3781 summo
740 3730 796 3780 et
820 3727 989 3779 celeri
1018 3727 1268 3779 curanda
1298 3726 1493 3779 labore
1521 3730 1605 3777 est

149 3809 332 3879 Messis,
365 3821 419 3868 et
449 3816 507 3868 in
541 3820 795 3884 segetem
829 3821 1032 3869 cuncta
1063 3815 1377 3868 exercenda
1402 3815 1696 3884 juventus,

151 3898 361 3954 Maturas
392 3903 585 3957 imber
614 3903 836 3957 subitus
865 3919 936 3955 ne
970 3903 1325 3972 prehendere
1355 3902 1549 3970 fruges

147 3986 319 4055 Possit,
354 3991 660 4045 incautum
691 3992 924 4045 deludat
955 3995 1108 4044 terra
1138 3991 1416 4045 laborem.

149 4075 241 4129 Nec
264 4079 421 4133 farris
443 4082 636 4134 solum
659 4081 915 4134 stimulat
938 4084 1076 4133 tunc
1105 4095 1242 4132 cura
1268 4077 1519 4131 metendi

146 4165 390 4234 Agricolae
420 4170 701 4235 studium,
734 4169 973 4239 parilem
1000 4169 1097 4222 sed
1123 4174 1324 4222 cuncta
1353 4168 1661 4237 reposcunt

147 4256 269 4308 Arva
295 4257 479 4327 simul,
514 4259 675 4312 vario
708 4259 923 4312 dudum
959 4274 1087 4328 quae
1116 4258 1334 4311 semine
1365 4257 1538 4322 culta,

148 4339 260 4394 Post
276 4344 484 4398 variam
519 4345 805 4410 tribuunt,
838 4344 1059 4397 diverso
1086 4348 1349 4412 tempore
1384 4356 1648 4395 messem.

148 4426 229 4481 Hic
258 4430 431 4485 linum
460 4450 722 4503 campus,
761 4434 953 4487 laetum
976 4433 1125 4502 gerit
1156 4432 1252 4485 ille
1276 4433 1565 4501 legumen,

151 4514 250 4569 Huc
275 4518 468 4575 invitat
498 4538 701 4585 avena,
732 4526 937 4575 vocant
967 4522 1077 4574 huc
1103 4520 1317 4574 hordea
1342 4520 1562 4572 falcem.

150 4603 242 4658 Nec
262 4610 444 4663 tenuis
466 4610 627 4663 vicia:
659 4610 803 4663 fetus
834 4609 1074 4663 lentisve
1105 4608 1342 4662 minutae

150 4692 421 4751 Temnitur
448 4699 627 4768 inque
659 4716 789 4752 suos
820 4699 1161 4762 rediguntur
1186 4699 1411 4767 singula
1441 4712 1690 4750 acervos.

152 4782 289 4837 Hunc
316 4803 547 4858 quoque
576 4804 678 4859 per
708 4804 961 4841 mensem
990 4792 1243 4841 maturos
1275 4802 1505 4856 carpere
1533 4786 1711 4839 ramis

154 4870 381 4939 Fructus,
414 4882 585 4947 atque
616 4877 801 4947 epulis
830 4877 912 4930 fas
939 4881 1021 4929 est
1047 4876 1426 4946 superaddere
1458 4874 1721 4945 sumptis.

149 4961 214 5012 Ac
240 4962 383 5017 dulci
414 4966 549 5028 ﬁcu,
576 4966 913 5035 prunisque,
944 4965 1215 5036 pyrisque
1236 4966 1493 5018 volemus
1522 4974 1567 5031 ⁸,

152 5047 391 5107 Pluribus
424 5060 482 5108 et
513 5056 731 5109 nucleis
762 5060 953 5126 gratos
977 5056 1212 5109 miscere
1244 5070 1496 5125 sapores,

151 5134 557 5216 Sacrandosque
590 5146 702 5199 aris
728 5145 977 5199 modicos
1007 5146 1075 5200 de
1103 5146 1215 5199 vite
1246 5160 1501 5198 racemos

212 5328 234 5353 ³
283 5322 547 5391 Pyrisque
585 5324 838 5377 volemus.
914 5322 1231 5386 Legebatur
1283 5323 1521 5383 volemis,
1587 5321 1817 5375 mallem

154 5391 402 5470 voluptas.
444 5393 601 5447 Infra
645 5411 708 5447 ex
758 5393 950 5447 codice
992 5394 1175 5470 Bigot.
1224 5392 1555 5470 scripsimus
1588 5408 1813 5470 sumere,

159 5460 242 5512 ubi
270 5462 482 5516 editum
509 5471 628 5517 erat
660 5471 879 5529 tumere,
908 5471 964 5517 et
990 5481 1053 5518 ex
1068 5460 1320 5532 'ingenio
1344 5460 1347 5461 ⁷
1368 5465 1573 5517 mellita
1606 5463 1701 5514 ubi
1724 5480 1818 5517 re-

160 5548 468 5598 pereramus
500 5538 597 5589 mel
622 5538 721 5589 ita.

221 5628 243 5662 ι»
276 5605 526 5661 Sollicita
554 5622 801 5661 uvarum.
844 5606 933 5662 Sic
972 5606 1303 5672 maluimus,
1354 5621 1526 5676 quam
1558 5609 1622 5659 ut
1650 5611 1822 5660 antea

3522 318 3623 368 630

1851 454 1897 504 Α
1926 446 2185 511 Sumere,
2219 447 2274 497 et
2297 444 2561 496 autumni
2593 442 2901 496 fecundum
2934 459 3167 513 poscere
3193 445 3500 511 Bacchum,

1927 534 2132 588 Mcllita
2156 538 2327 603 atque
2354 532 2539 602 epulis
2570 536 2799 601 gustare
2830 532 3133 601 absynthia
3166 534 3426 603 sumptis,

1931 622 2201 676 Dulcibus
2232 627 2402 692 atque
2434 620 2575 674 favis
2600 619 2791 672 latices
2816 620 2976 689 juvat
3004 621 3211 673 addere
3238 638 3430 691 puros.

2512 765 2599 818 DE
2635 763 3045 818 SEPTEMBRI.

1929 902 2156 955 Nonum
2188 914 2340 953 nunc
2372 898 2509 950 anni
2538 912 2833 950 censemus
2865 896 2925 949 in
2959 895 3159 950 ordine
3184 913 3477 952 mensem:

1928 990 2213 1060 Septimus
2241 1005 2273 1040 a
2294 988 2485 1051 Marte,
2515 986 2724 1055 primo,
2759 989 3044 1037 statuente
3074 985 3337 1053 Quirino,

1928 1079 2035 1143 Qui
2068 1078 2195 1144 fuit,
2228 1076 2462 1145 antiquo
2495 1090 2801 1127 numerum
2830 1073 2898 1127 de
2929 1074 3161 1127 nomine
3184 1074 3433 1144 priscum

1931 1168 2090 1221 Nunc
2122 1179 2376 1236 quoque,
2419 1168 2475 1216 et
2513 1162 2775 1216 autumni
2824 1162 3047 1231 pluvias
3094 1178 3224 1215 cum
3264 1167 3525 1231 tempore
3555 1164 3624 1215 si-

3398 1250 3621 1321 [gnans,

1929 1345 2118 1413 Virgo,
2150 1342 2240 1395 cui
2262 1342 2422 1394 denis
2452 1340 2621 1393 simul
2652 1340 2987 1408 octonisque
3023 1354 3327 1392 coruscans

1929 1433 2134 1495 Stellis,
2168 1431 2494 1484 flectentem
2520 1429 2755 1498 praefert
2779 1428 2897 1497 jam
2932 1427 3150 1480 lumina
3176 1428 3479 1481 Phoebum.

1932 1523 2045 1575 Hoc
2076 1536 2267 1572 mense
2298 1522 2553 1588 Augusto
2577 1524 2807 1586 superat
2828 1516 2925 1585 qui
2951 1518 3089 1569 forte
3122 1517 3375 1569 laborem

1927 1609 2205 1678 Agricolae
2236 1608 2454 1671 messis,
2487 1606 2690 1658 clausis
2719 1620 2952 1674 quoque
2984 1604 3244 1674 frugibus
3278 1605 3538 1674 implent.

1930 1700 2045 1751 Hoc
2073 1712 2304 1767 quoque
2334 1694 2537 1747 vinetis
2569 1693 2832 1746 custodes
2866 1708 3081 1762 ponere
3111 1698 3358 1763 tempus,

1927 1786 2033 1850 Qui
2058 1800 2283 1837 accessu
2314 1783 2467 1836 fures
2487 1782 2713 1834 valeant
2744 1781 3048 1851 prohibere
3091 1787 3380 1851 vagantes,

1927 1878 2005 1928 Ac
2028 1874 2235 1943 laqueo
2265 1876 2321 1925 et
2350 1871 2518 1925 nodis
2544 1871 2741 1939 vulpes
2772 1886 3040 1939 prensare
3072 1870 3315 1922 dolosas.

1928 1966 2073 2017 Tum
2137 1962 2335 2026 funda,
2402 1960 2706 2013 horrisono
2765 1964 2822 2012 et
2877 1959 3115 2029 crepitu,
3187 1962 3402 2011 terrere
3466 1959 3622 2011 volu-

3481 2048 3624 2116 [cres

1929 2140 2178 2196 Sollicita
2206 2155 2447 2192 uvarum
2478 2141 2503 2181 Ι)
2531 2137 2746 2190 variam
2777 2135 3065 2188 vindemia
3096 2138 3337 2203 pestem,

1927 2230 2247 2283 Prasdulces
2276 2230 2422 2281 celso
2463 2227 2726 2279 redolent
2756 2226 2893 2278 dum
2920 2224 3060 2276 colle
3090 2222 3323 2289 racemi,

1928 2320 2191 2388 Dumque
2228 2320 2422 2385 legens
2452 2316 2634 2384 carpit
2663 2319 2912 2366 maturas
2942 2312 3152 2364 vinitor
3179 2328 3335 2377 uvas,

1927 2408 2119 2461 Donec
2149 2404 2438 2476 spumanti
2471 2405 2634 2456 sudet
2665 2400 2953 2455 vindemia
2985 2405 3195 2466 musto,

1924 2497 2000 2548 Ac
2030 2497 2265 2565 plenum
2296 2492 2501 2546 fundat
2533 2491 2708 2561 praelo
2737 2493 3044 2559 torquente
3078 2489 3314 2557 lyaeum,

1925 2584 2194 2648 Quamvis
2218 2599 2369 2651 saepe
2403 2596 2505 2651 per
2534 2579 2857 2633 imbriferos
2879 2576 3159 2646 tepefacta
3193 2578 3409 2629 calores

1931 2675 2072 2726 Luce
2102 2672 2207 2725 sub
2240 2670 2519 2741 aequanda
2562 2684 2877 2721 messuram
2912 2667 3075 2718 vinea
3106 2666 3311 2718 falcem

1924 2758 2169 2821 Qurerat,
2204 2762 2259 2811 et
2290 2757 2507 2825 abjecto
2532 2756 2708 2807 nudet
2734 2771 2833 2806 sua
2859 2768 3025 2805 crura
3056 2753 3336 2805 cothurno

1926 2847 2148 2899 Vinitor
2178 2850 2438 2915 aggestas
2460 2844 2698 2912 pedibus
2726 2842 2821 2911 qui
2855 2845 3112 2894 conterat
3141 2856 3303 2894 uvas.

1924 2935 2214 2988 Servanda
2239 2933 2371 2986 hinc
2400 2931 2574 2985 etiam
2603 2932 2822 2984 brumae
2854 2930 2959 2981 sub
2993 2928 3205 2997 frigore
3238 2944 3409 2996 poma

1925 3025 2189 3091 Carpere,
2223 3025 2280 3074 et
2309 3020 2517 3090 apricis
2550 3035 2673 3071 mos
2701 3024 2787 3071 est
2816 3032 3160 3084 componere
3186 3016 3366 3068 tectis.

1928 3110 2066 3164 Hinc
2130 3124 2357 3178 quoque
2421 3108 2571 3161 farra
2626 3106 2741 3158 suis
2802 3104 3030 3174 prodest
3085 3103 3442 3156 committere
3499 3105 3618 3155 sul-

3497 3190 3617 3260 [cis,

1928 3286 2242 3355 Pinguibus
2264 3290 2432 3354 atque
2446 3284 2592 3336 arvis
2617 3293 2637 3317 ε
2665 3283 2858 3351 fruges
2888 3280 3159 3332 mandare
3191 3278 3433 3331 futuras.

1927 3375 2066 3429 Hinc
2098 3390 2293 3427 cervos
2321 3374 2599 3425 Venerem
2629 3369 2834 3440 pingui
2864 3368 3083 3421 fervore
3123 3372 3382 3436 petentes

1926 3466 2032 3519 Per
2062 3479 2301 3516 nemora
2330 3466 2385 3514 et
2409 3462 2615 3514 densas
2645 3458 2878 3528 spiculis
2909 3456 3198 3525 configere
3227 3456 3415 3519 silvas,

1926 3553 2065 3607 Cum
2097 3552 2332 3605 canibus
2355 3554 2490 3603 noto
2513 3550 2743 3617 delapsa
2776 3552 2859 3600 est
2888 3562 3026 3598 aura
3060 3546 3271 3607 favore,

1924 3640 2180 3693 Venandi
2211 3641 2457 3693 Francos
2491 3637 2684 3691 docuit
2706 3635 2962 3689 studiosa
2995 3635 3275 3702 voluptas.

1926 3730 2085 3782 Hunc
2156 3743 2409 3780 mensem
2459 3727 2580 3795 jam
2636 3730 2775 3777 tunc
2834 3723 2999 3777 Libra
3059 3722 3391 3774 moderante
3448 3736 3619 3773 ruen-

3454 3808 3616 3879 [tem,

1922 3907 2162 3974 Equato
2194 3902 2377 3974 spatio
2401 3902 2726 3971 junguntur
2752 3914 2977 3969 noxque
3004 3898 3261 3968 diesque,

1924 3993 2193 4048 Cursibus
2250 3992 2502 4061 hincque
2567 3990 2719 4043 diem
2771 3993 3002 4057 superat
3062 4002 3173 4040 nox
3216 3984 3446 4038 horrida
3492 3983 3617 4036 lon-

3510 4070 3617 4141 [gis

1923 4171 2146 4224 Vernali
2182 4170 2286 4223 sub
2317 4170 2436 4222 sole
2470 4167 2593 4238 pari
2621 4167 2926 4237 conjuncta
2956 4180 3209 4229 recursu,

1925 4260 2039 4314 Lux
2069 4261 2277 4313 iterum
2305 4259 2488 4311 donec
2519 4256 2773 4310 tenebris
2803 4255 3030 4325 potiora
3059 4259 3255 4307 tenere

1856 4344 1896 4396 Ι)
1928 4348 2164 4419 Incipiat
2195 4347 2397 4417 spatia,
2431 4351 2487 4399 et
2501 4345 2817 4415 fugientem
2851 4342 3136 4412 deprimat
3163 4341 3446 4395 umbram.

2551 4495 2639 4548 DE
2677 4492 3001 4548 OCTOBRI.

1924 4614 2074 4669 Anni
2123 4629 2273 4667 nunc
2304 4611 2590 4666 decimum
2639 4608 2986 4663 Octimbrem
3029 4610 3182 4660 rotat
3218 4605 3405 4659 orbita
3451 4620 3616 4658 men-

3453 4693 3613 4763 [sem,

1927 4795 2198 4849 Octavum
2232 4795 2390 4843 vetus
2421 4786 2669 4841 instituit
2700 4801 2870 4856 quem
2901 4783 3126 4854 sphaera
3151 4782 3352 4835 vocari.

1926 4884 1976 4937 Is
2008 4897 2236 4951 quoque
2268 4880 2337 4933 de
2367 4893 2607 4930 numero
2631 4875 2881 4946 priscum
2915 4871 3161 4925 retinere
3192 4884 3463 4922 vocamen

1926 4970 2212 5035 Noscitur,
2279 4973 2449 5039 atque
2508 4966 2721 5019 imbres
2790 4963 3007 5032 pariter
3061 4961 3287 5030 signare
3344 4958 3604 5026 frequen-

3489 5042 3612 5114 [tes,

1928 5148 2096 5203 Libra
2124 5145 2217 5200 cui
2248 5161 2411 5217 pares
2432 5145 2573 5199 coelo
2604 5158 2734 5197 cum
2766 5140 2963 5195 fecerit
2992 5139 3181 5203 horas,

1926 5323 2195 5381 sollicitet.
2249 5334 2520 5387 quorum:
2579 5334 2680 5370 nec
2728 5320 2922 5368 tamen
2955 5313 3317 5387 affirmamus
3364 5309 3441 5363 ita
3479 5308 3615 5361 scri-

1926 5392 2106 5462 psisse
2138 5385 2621 5462 Wandalbertum,
2656 5394 2722 5462 ut
2750 5385 3116 5455 conjecimus.

1999 5471 2019 5497 ο
2058 5466 2243 5531 Atque
2284 5463 2454 5514 arvis.
2508 5452 2889 5531 Posteriorem
2940 5469 3136 5531 vocem
3185 5452 3466 5515 addimus,
3504 5466 3614 5531 .nec

1928 5534 2112 5586 ullum
2150 5521 2285 5585 'fore
2337 5532 2643 5602 opinamur
2676 5529 2777 5598 qui
2826 5543 2951 5580 eam
3001 5524 3192 5577 minus
3235 5521 3612 5577 necessariam

1926 5620 2048 5657 esse
2071 5604 2312 5674 judicet.
