  <div class='ocr_page' id='page_1' title='image "/cluster/home/n/w/nwhite01/storage/ocr_20150623/121/hvd.32044054759832/321.png"; bbox 0 0 4044 6174; ppageno 0'>
   <div class='ocr_carea' id='block_1_1' title="bbox 413 334 3888 401">
    <p class='ocr_par' dir='ltr' id='par_1_1' title="bbox 413 334 3888 401">
     <span class='ocr_line' id='line_1_1' title="bbox 413 334 3888 401; baseline -0.007 0"><span class='ocrx_word' id='word_1_1' title='bbox 413 350 506 401; x_wconf 79' lang='grc'>631</span> <span class='ocrx_word' id='word_1_2' title='bbox 1496 338 2003 392; x_wconf 75' lang='lat' dir='ltr'>WANDALBERTI</span> <span class='ocrx_word' id='word_1_3' title='bbox 2048 336 2475 393; x_wconf 77' lang='lat' dir='ltr'>PRUMIENSIS</span> <span class='ocrx_word' id='word_1_4' title='bbox 2512 334 2825 389; x_wconf 68' lang='lat' dir='ltr'>MONACHI</span> <span class='ocrx_word' id='word_1_5' title='bbox 3794 338 3888 389; x_wconf 71' lang='lat'>632</span> 
     </span>
    </p>
   </div>
   <div class='ocr_carea' id='block_1_2' title="bbox 417 467 1813 536">
    <p class='ocr_par' dir='ltr' id='par_1_2' title="bbox 417 467 1813 536">
     <span class='ocr_line' id='line_1_2' title="bbox 417 467 1813 536; baseline -0.009 -3"><span class='ocrx_word' id='word_1_6' title='bbox 417 481 758 534; x_wconf 85' lang='lat' dir='ltr'>Humentem</span> <span class='ocrx_word' id='word_1_7' title='bbox 784 474 957 526; x_wconf 80' lang='lat' dir='ltr'>volvit</span> <span class='ocrx_word' id='word_1_8' title='bbox 986 469 1229 525; x_wconf 90' lang='lat' dir='ltr'>breviori</span> <span class='ocrx_word' id='word_1_9' title='bbox 1255 468 1483 522; x_wconf 83' lang='lat' dir='ltr'>tramite</span> <span class='ocrx_word' id='word_1_10' title='bbox 1515 467 1813 536; x_wconf 68' lang='lat' dir='ltr'>Phoebum,</span> 
     </span>
    </p>
   </div>
   <div class='ocr_carea' id='block_1_3' title="bbox 415 555 2101 631">
    <p class='ocr_par' dir='ltr' id='par_1_3' title="bbox 415 555 2101 631">
     <span class='ocr_line' id='line_1_3' title="bbox 415 555 2101 631; baseline -0.007 -11"><span class='ocrx_word' id='word_1_11' title='bbox 415 567 671 631; x_wconf 84' lang='lat' dir='ltr'>Quatuor</span> <span class='ocrx_word' id='word_1_12' title='bbox 725 560 978 615; x_wconf 76' lang='lat' dir='ltr'>extendit</span> <span class='ocrx_word' id='word_1_13' title='bbox 1047 559 1345 611; x_wconf 85' lang='lat' dir='ltr'>retrahens</span> <span class='ocrx_word' id='word_1_14' title='bbox 1413 573 1587 628; x_wconf 89' lang='lat' dir='ltr'>quam</span> <span class='ocrx_word' id='word_1_15' title='bbox 1648 556 1880 609; x_wconf 87' lang='lat' dir='ltr'>brachia</span> <span class='ocrx_word' id='word_1_16' title='bbox 1936 555 2101 609; x_wconf 88' lang='lat' dir='ltr'>ﬂam-</span> 
     </span>
    </p>
   </div>
   <div class='ocr_carea' id='block_1_4' title="bbox 1973 643 2102 714">
    <p class='ocr_par' dir='ltr' id='par_1_4' title="bbox 1973 643 2102 714">
     <span class='ocr_line' id='line_1_4' title="bbox 1973 643 2102 714; baseline 0 -18"><span class='ocrx_word' id='word_1_17' title='bbox 1973 643 2102 714; x_wconf 90' lang='lat' dir='ltr'>[mis</span> 
     </span>
    </p>
   </div>
   <div class='ocr_carea' id='block_1_5' title="bbox 412 732 1987 811">
    <p class='ocr_par' dir='ltr' id='par_1_5' title="bbox 412 732 1987 811">
     <span class='ocr_line' id='line_1_5' title="bbox 412 732 1987 811; baseline -0.005 -16"><span class='ocrx_word' id='word_1_18' title='bbox 412 741 676 811; x_wconf 80' lang='lat' dir='ltr'>Scorpius</span> <span class='ocrx_word' id='word_1_19' title='bbox 702 740 1022 802; x_wconf 77' lang='lat' dir='ltr'>ardentem,</span> <span class='ocrx_word' id='word_1_20' title='bbox 1050 738 1212 806; x_wconf 80' lang='lat' dir='ltr'>juxta</span> <span class='ocrx_word' id='word_1_21' title='bbox 1241 736 1659 805; x_wconf 87' lang='lat' dir='ltr'>Erigonemque</span> <span class='ocrx_word' id='word_1_22' title='bbox 1692 732 1987 803; x_wconf 83' lang='lat' dir='ltr'>relinquit.</span> 
     </span>
    </p>
   </div>
   <div class='ocr_carea' id='block_1_6' title="bbox 414 824 1887 897">
    <p class='ocr_par' dir='ltr' id='par_1_6' title="bbox 414 824 1887 897">
     <span class='ocr_line' id='line_1_6' title="bbox 414 824 1887 897; baseline -0.006 -13"><span class='ocrx_word' id='word_1_23' title='bbox 414 832 571 885; x_wconf 87' lang='lat' dir='ltr'>Hunc</span> <span class='ocrx_word' id='word_1_24' title='bbox 600 844 858 883; x_wconf 84' lang='lat' dir='ltr'>mensem</span> <span class='ocrx_word' id='word_1_25' title='bbox 882 827 1068 897; x_wconf 83' lang='lat' dir='ltr'>plenis</span> <span class='ocrx_word' id='word_1_26' title='bbox 1102 827 1341 894; x_wconf 85' lang='lat' dir='ltr'>supplex</span> <span class='ocrx_word' id='word_1_27' title='bbox 1372 824 1663 877; x_wconf 78' lang='lat' dir='ltr'>vindemia</span> <span class='ocrx_word' id='word_1_28' title='bbox 1698 824 1887 888; x_wconf 80' lang='lat' dir='ltr'>labris,</span> 
     </span>
    </p>
   </div>
   <div class='ocr_carea' id='block_1_7' title="bbox 412 912 2100 987">
    <p class='ocr_par' dir='ltr' id='par_1_7' title="bbox 412 912 2100 987">
     <span class='ocr_line' id='line_1_7' title="bbox 412 912 2100 987; baseline -0.005 -14"><span class='ocrx_word' id='word_1_29' title='bbox 412 919 688 974; x_wconf 91' lang='lat' dir='ltr'>Omnibus</span> <span class='ocrx_word' id='word_1_30' title='bbox 762 923 933 987; x_wconf 91' lang='lat' dir='ltr'>atque</span> <span class='ocrx_word' id='word_1_31' title='bbox 1000 914 1145 967; x_wconf 83' lang='lat' dir='ltr'>arvis</span> <span class='ocrx_word' id='word_1_32' title='bbox 1211 913 1363 967; x_wconf 88' lang='lat' dir='ltr'>mitis</span> <span class='ocrx_word' id='word_1_33' title='bbox 1426 930 1553 983; x_wconf 76' lang='lat' dir='ltr'>quae</span> <span class='ocrx_word' id='word_1_34' title='bbox 1620 912 1930 982; x_wconf 82' lang='lat' dir='ltr'>pampinus</span> <span class='ocrx_word' id='word_1_35' title='bbox 2009 926 2100 963; x_wconf 92' lang='lat' dir='ltr'>or-</span> 
     </span>
    </p>
   </div>
   <div class='ocr_carea' id='block_1_8' title="bbox 1959 998 2101 1071">
    <p class='ocr_par' dir='ltr' id='par_1_8' title="bbox 1959 998 2101 1071">
     <span class='ocr_line' id='line_1_8' title="bbox 1959 998 2101 1071; baseline 0 -19"><span class='ocrx_word' id='word_1_36' title='bbox 1959 998 2101 1071; x_wconf 80' lang='lat' dir='ltr'>[nat,</span> 
     </span>
    </p>
   </div>
   <div class='ocr_carea' id='block_1_9' title="bbox 415 1091 1756 1167">
    <p class='ocr_par' dir='ltr' id='par_1_9' title="bbox 415 1091 1756 1167">
     <span class='ocr_line' id='line_1_9' title="bbox 415 1091 1756 1167; baseline -0.007 -16"><span class='ocrx_word' id='word_1_37' title='bbox 415 1096 675 1167; x_wconf 87' lang='lat' dir='ltr'>Undique</span> <span class='ocrx_word' id='word_1_38' title='bbox 707 1094 1004 1148; x_wconf 88' lang='lat' dir='ltr'>conductis</span> <span class='ocrx_word' id='word_1_39' title='bbox 1036 1094 1253 1146; x_wconf 76' lang='lat' dir='ltr'>fervent</span> <span class='ocrx_word' id='word_1_40' title='bbox 1281 1093 1465 1145; x_wconf 81' lang='lat' dir='ltr'>vineta</span> <span class='ocrx_word' id='word_1_41' title='bbox 1498 1091 1719 1144; x_wconf 76' lang='lat' dir='ltr'>Colonis</span> <span class='ocrx_word' id='word_1_42' title='bbox 1746 1109 1756 1143; x_wconf 91' lang='lat'>:</span> 
     </span>
    </p>
   </div>
   <div class='ocr_carea' id='block_1_10' title="bbox 414 1181 1745 1250">
    <p class='ocr_par' dir='ltr' id='par_1_10' title="bbox 414 1181 1745 1250">
     <span class='ocr_line' id='line_1_10' title="bbox 414 1181 1745 1250; baseline -0.008 -10"><span class='ocrx_word' id='word_1_43' title='bbox 414 1187 480 1242; x_wconf 85' lang='lat' dir='ltr'>lli</span> <span class='ocrx_word' id='word_1_44' title='bbox 510 1187 657 1239; x_wconf 88' lang='lat' dir='ltr'>ferro</span> <span class='ocrx_word' id='word_1_45' title='bbox 688 1184 854 1237; x_wconf 89' lang='lat' dir='ltr'>mites</span> <span class='ocrx_word' id='word_1_46' title='bbox 889 1183 1119 1236; x_wconf 65' lang='lat' dir='ltr'>caedunt</span> <span class='ocrx_word' id='word_1_47' title='bbox 1144 1182 1211 1234; x_wconf 90' lang='lat' dir='ltr'>dc</span> <span class='ocrx_word' id='word_1_48' title='bbox 1243 1181 1477 1250; x_wconf 85' lang='lat' dir='ltr'>palmite</span> <span class='ocrx_word' id='word_1_49' title='bbox 1514 1181 1745 1241; x_wconf 85' lang='lat' dir='ltr'>fructus,</span> 
     </span>
    </p>
   </div>
   <div class='ocr_carea' id='block_1_11' title="bbox 412 1268 1868 1342">
    <p class='ocr_par' dir='ltr' id='par_1_11' title="bbox 412 1268 1868 1342">
     <span class='ocr_line' id='line_1_11' title="bbox 412 1268 1868 1342; baseline -0.007 -14"><span class='ocrx_word' id='word_1_50' title='bbox 412 1276 725 1342; x_wconf 88' lang='lat' dir='ltr'>Congestos</span> <span class='ocrx_word' id='word_1_51' title='bbox 755 1271 1010 1325; x_wconf 83' lang='lat' dir='ltr'>humeris</span> <span class='ocrx_word' id='word_1_52' title='bbox 1041 1270 1099 1323; x_wconf 91' lang='lat' dir='ltr'>hi</span> <span class='ocrx_word' id='word_1_53' title='bbox 1133 1269 1385 1339; x_wconf 86' lang='lat' dir='ltr'>gaudent</span> <span class='ocrx_word' id='word_1_54' title='bbox 1415 1268 1563 1321; x_wconf 87' lang='lat' dir='ltr'>ferre</span> <span class='ocrx_word' id='word_1_55' title='bbox 1593 1282 1868 1327; x_wconf 82' lang='lat' dir='ltr'>racemos,</span> 
     </span>
    </p>
   </div>
   <div class='ocr_carea' id='block_1_12' title="bbox 416 1356 1768 1430">
    <p class='ocr_par' dir='ltr' id='par_1_12' title="bbox 416 1356 1768 1430">
     <span class='ocr_line' id='line_1_12' title="bbox 416 1356 1768 1430; baseline -0.006 -15"><span class='ocrx_word' id='word_1_56' title='bbox 416 1362 662 1430; x_wconf 81' lang='lat' dir='ltr'>Longius</span> <span class='ocrx_word' id='word_1_57' title='bbox 684 1360 740 1413; x_wconf 90' lang='lat' dir='ltr'>hi</span> <span class='ocrx_word' id='word_1_58' title='bbox 769 1359 950 1413; x_wconf 88' lang='lat' dir='ltr'>ductis</span> <span class='ocrx_word' id='word_1_59' title='bbox 982 1362 1285 1428; x_wconf 83' lang='lat' dir='ltr'>exportant</span> <span class='ocrx_word' id='word_1_60' title='bbox 1316 1357 1461 1409; x_wconf 83' lang='lat' dir='ltr'>vitea</span> <span class='ocrx_word' id='word_1_61' title='bbox 1491 1356 1768 1425; x_wconf 81' lang='lat' dir='ltr'>plaustris</span> 
     </span>
    </p>
   </div>
   <div class='ocr_carea' id='block_1_13' title="bbox 412 1443 1895 1514">
    <p class='ocr_par' dir='ltr' id='par_1_13' title="bbox 412 1443 1895 1514">
     <span class='ocr_line' id='line_1_13' title="bbox 412 1443 1895 1514; baseline -0.005 -12"><span class='ocrx_word' id='word_1_62' title='bbox 412 1450 663 1513; x_wconf 84' lang='lat' dir='ltr'>Munera,</span> <span class='ocrx_word' id='word_1_63' title='bbox 693 1452 747 1499; x_wconf 89' lang='lat' dir='ltr'>at</span> <span class='ocrx_word' id='word_1_64' title='bbox 775 1447 833 1500; x_wconf 91' lang='lat' dir='ltr'>hi</span> <span class='ocrx_word' id='word_1_65' title='bbox 865 1445 1063 1499; x_wconf 90' lang='lat' dir='ltr'>validis</span> <span class='ocrx_word' id='word_1_66' title='bbox 1094 1446 1335 1514; x_wconf 69' lang='lat' dir='ltr'>prmlum</span> <span class='ocrx_word' id='word_1_67' title='bbox 1369 1450 1636 1514; x_wconf 86' lang='lat' dir='ltr'>torquere</span> <span class='ocrx_word' id='word_1_68' title='bbox 1671 1443 1895 1496; x_wconf 79' lang='lat' dir='ltr'>lacertis</span> 
     </span>
    </p>
   </div>
   <div class='ocr_carea' id='block_1_14' title="bbox 418 1533 1767 1602">
    <p class='ocr_par' dir='ltr' id='par_1_14' title="bbox 418 1533 1767 1602">
     <span class='ocr_line' id='line_1_14' title="bbox 418 1533 1767 1602; baseline -0.005 -12"><span class='ocrx_word' id='word_1_69' title='bbox 418 1539 652 1602; x_wconf 86' lang='lat' dir='ltr'>Instant,</span> <span class='ocrx_word' id='word_1_70' title='bbox 689 1553 752 1589; x_wconf 87' lang='lat' dir='ltr'>ac</span> <span class='ocrx_word' id='word_1_71' title='bbox 784 1535 934 1589; x_wconf 89' lang='lat' dir='ltr'>dulci</span> <span class='ocrx_word' id='word_1_72' title='bbox 958 1535 1293 1588; x_wconf 90' lang='lat' dir='ltr'>distendunt</span> <span class='ocrx_word' id='word_1_73' title='bbox 1325 1533 1527 1585; x_wconf 84' lang='lat' dir='ltr'>robora</span> <span class='ocrx_word' id='word_1_74' title='bbox 1562 1536 1767 1584; x_wconf 86' lang='lat' dir='ltr'>musto.</span> 
     </span>
    </p>
   </div>
   <div class='ocr_carea' id='block_1_15' title="bbox 418 1620 1959 1695">
    <p class='ocr_par' dir='ltr' id='par_1_15' title="bbox 418 1620 1959 1695">
     <span class='ocr_line' id='line_1_15' title="bbox 418 1620 1959 1695; baseline -0.005 -16"><span class='ocrx_word' id='word_1_75' title='bbox 418 1627 482 1679; x_wconf 89' lang='lat' dir='ltr'>Hi</span> <span class='ocrx_word' id='word_1_76' title='bbox 508 1640 733 1695; x_wconf 89' lang='lat' dir='ltr'>quoque</span> <span class='ocrx_word' id='word_1_77' title='bbox 756 1624 841 1677; x_wconf 93' lang='lat' dir='ltr'>vel</span> <span class='ocrx_word' id='word_1_78' title='bbox 873 1628 1091 1676; x_wconf 78' lang='lat' dir='ltr'>veteres</span> <span class='ocrx_word' id='word_1_79' title='bbox 1122 1623 1442 1675; x_wconf 88' lang='lat' dir='ltr'>instaurant</span> <span class='ocrx_word' id='word_1_80' title='bbox 1474 1620 1725 1690; x_wconf 87' lang='lat' dir='ltr'>undique</span> <span class='ocrx_word' id='word_1_81' title='bbox 1757 1635 1959 1689; x_wconf 90' lang='lat' dir='ltr'>cupas,</span> 
     </span>
    </p>
   </div>
   <div class='ocr_carea' id='block_1_16' title="bbox 417 1709 1859 1771">
    <p class='ocr_par' dir='ltr' id='par_1_16' title="bbox 417 1709 1859 1771">
     <span class='ocr_line' id='line_1_16' title="bbox 417 1709 1859 1771; baseline -0.006 -3"><span class='ocrx_word' id='word_1_82' title='bbox 417 1713 785 1769; x_wconf 83' lang='lat' dir='ltr'>Sufﬁciuntve</span> <span class='ocrx_word' id='word_1_83' title='bbox 819 1729 990 1765; x_wconf 89' lang='lat' dir='ltr'>novas</span> <span class='ocrx_word' id='word_1_84' title='bbox 1022 1711 1201 1764; x_wconf 87' lang='lat' dir='ltr'>solido</span> <span class='ocrx_word' id='word_1_85' title='bbox 1230 1710 1298 1763; x_wconf 91' lang='lat' dir='ltr'>de</span> <span class='ocrx_word' id='word_1_86' title='bbox 1330 1709 1555 1771; x_wconf 88' lang='lat' dir='ltr'>robore,</span> <span class='ocrx_word' id='word_1_87' title='bbox 1588 1714 1859 1764; x_wconf 85' lang='lat' dir='ltr'>cunctum</span> 
     </span>
    </p>
   </div>
   <div class='ocr_carea' id='block_1_17' title="bbox 422 1798 1790 1871">
    <p class='ocr_par' dir='ltr' id='par_1_17' title="bbox 422 1798 1790 1871">
     <span class='ocr_line' id='line_1_17' title="bbox 422 1798 1790 1871; baseline -0.006 -14"><span class='ocrx_word' id='word_1_88' title='bbox 422 1802 656 1857; x_wconf 85' lang='lat' dir='ltr'>Provida</span> <span class='ocrx_word' id='word_1_89' title='bbox 688 1801 815 1871; x_wconf 87' lang='lat' dir='ltr'>quis</span> <span class='ocrx_word' id='word_1_90' title='bbox 849 1800 982 1853; x_wconf 89' lang='lat' dir='ltr'>anni</span> <span class='ocrx_word' id='word_1_91' title='bbox 1016 1800 1285 1853; x_wconf 84' lang='lat' dir='ltr'>claudant</span> <span class='ocrx_word' id='word_1_92' title='bbox 1314 1798 1545 1851; x_wconf 91' lang='lat' dir='ltr'>cellaria</span> <span class='ocrx_word' id='word_1_93' title='bbox 1574 1798 1790 1851; x_wconf 89' lang='lat' dir='ltr'>vinum.</span> 
     </span>
    </p>
   </div>
   <div class='ocr_carea' id='block_1_18' title="bbox 422 1886 2108 1956">
    <p class='ocr_par' dir='ltr' id='par_1_18' title="bbox 422 1886 2108 1956">
     <span class='ocr_line' id='line_1_18' title="bbox 422 1886 2108 1956; baseline -0.003 -13"><span class='ocrx_word' id='word_1_94' title='bbox 422 1892 571 1944; x_wconf 93' lang='lat' dir='ltr'>Idem</span> <span class='ocrx_word' id='word_1_95' title='bbox 624 1906 785 1942; x_wconf 89' lang='lat' dir='ltr'>amor</span> <span class='ocrx_word' id='word_1_96' title='bbox 840 1888 1094 1942; x_wconf 85' lang='lat' dir='ltr'>ascendit</span> <span class='ocrx_word' id='word_1_97' title='bbox 1150 1891 1401 1951; x_wconf 84' lang='lat' dir='ltr'>cunctos,</span> <span class='ocrx_word' id='word_1_98' title='bbox 1464 1886 1780 1956; x_wconf 88' lang='lat' dir='ltr'>eademque</span> <span class='ocrx_word' id='word_1_99' title='bbox 1839 1901 1943 1955; x_wconf 80' lang='lat' dir='ltr'>per</span> <span class='ocrx_word' id='word_1_100' title='bbox 1989 1901 2108 1938; x_wconf 92' lang='lat' dir='ltr'>om-</span> 
     </span>
    </p>
   </div>
   <div class='ocr_carea' id='block_1_19' title="bbox 1992 1972 2111 2044">
    <p class='ocr_par' dir='ltr' id='par_1_19' title="bbox 1992 1972 2111 2044">
     <span class='ocr_line' id='line_1_19' title="bbox 1992 1972 2111 2044; baseline 0 -17"><span class='ocrx_word' id='word_1_101' title='bbox 1992 1972 2111 2044; x_wconf 88' lang='lat' dir='ltr'>[nes</span> 
     </span>
    </p>
   </div>
   <div class='ocr_carea' id='block_1_20' title="bbox 424 2063 1720 2135">
    <p class='ocr_par' dir='ltr' id='par_1_20' title="bbox 424 2063 1720 2135">
     <span class='ocr_line' id='line_1_20' title="bbox 424 2063 1720 2135; baseline -0.005 -16"><span class='ocrx_word' id='word_1_102' title='bbox 424 2069 470 2120; x_wconf 92' lang='lat' dir='ltr'>lt</span> <span class='ocrx_word' id='word_1_103' title='bbox 500 2082 655 2129; x_wconf 90' lang='lat' dir='ltr'>cura,</span> <span class='ocrx_word' id='word_1_104' title='bbox 691 2070 747 2118; x_wconf 93' lang='lat' dir='ltr'>et</span> <span class='ocrx_word' id='word_1_105' title='bbox 773 2065 1032 2135; x_wconf 87' lang='lat' dir='ltr'>requiem</span> <span class='ocrx_word' id='word_1_106' title='bbox 1063 2063 1221 2117; x_wconf 81' lang='lat' dir='ltr'>fessis</span> <span class='ocrx_word' id='word_1_107' title='bbox 1252 2064 1334 2115; x_wconf 85' lang='lat' dir='ltr'>vis</span> <span class='ocrx_word' id='word_1_108' title='bbox 1364 2063 1487 2133; x_wconf 87' lang='lat' dir='ltr'>ipsa</span> <span class='ocrx_word' id='word_1_109' title='bbox 1509 2063 1720 2115; x_wconf 83' lang='lat' dir='ltr'>referre</span> 
     </span>
    </p>
   </div>
   <div class='ocr_carea' id='block_1_21' title="bbox 421 2148 2002 2223">
    <p class='ocr_par' dir='ltr' id='par_1_21' title="bbox 421 2148 2002 2223">
     <span class='ocr_line' id='line_1_21' title="bbox 421 2148 2002 2223; baseline -0.003 -15"><span class='ocrx_word' id='word_1_110' title='bbox 421 2157 537 2209; x_wconf 85' lang='lat' dir='ltr'>Nox</span> <span class='ocrx_word' id='word_1_111' title='bbox 568 2155 731 2219; x_wconf 88' lang='lat' dir='ltr'>valet,</span> <span class='ocrx_word' id='word_1_112' title='bbox 767 2158 1100 2223; x_wconf 83' lang='lat' dir='ltr'>exercetque</span> <span class='ocrx_word' id='word_1_113' title='bbox 1142 2168 1341 2205; x_wconf 89' lang='lat' dir='ltr'>omnes</span> <span class='ocrx_word' id='word_1_114' title='bbox 1376 2152 1532 2204; x_wconf 88' lang='lat' dir='ltr'>labor</span> <span class='ocrx_word' id='word_1_115' title='bbox 1564 2167 1711 2202; x_wconf 87' lang='lat' dir='ltr'>unus</span> <span class='ocrx_word' id='word_1_116' title='bbox 1733 2148 2002 2203; x_wconf 87' lang='lat' dir='ltr'>habendi.</span> 
     </span>
    </p>
   </div>
   <div class='ocr_carea' id='block_1_22' title="bbox 415 2242 1759 2308">
    <p class='ocr_par' dir='ltr' id='par_1_22' title="bbox 415 2242 1759 2308">
     <span class='ocr_line' id='line_1_22' title="bbox 415 2242 1759 2308; baseline -0.004 -12"><span class='ocrx_word' id='word_1_117' title='bbox 415 2246 568 2297; x_wconf 90' lang='lat' dir='ltr'>Tunc</span> <span class='ocrx_word' id='word_1_118' title='bbox 589 2242 761 2295; x_wconf 90' lang='lat' dir='ltr'>etiam</span> <span class='ocrx_word' id='word_1_119' title='bbox 792 2242 946 2295; x_wconf 86' lang='lat' dir='ltr'>lento</span> <span class='ocrx_word' id='word_1_120' title='bbox 977 2245 1228 2293; x_wconf 83' lang='lat' dir='ltr'>mustum</span> <span class='ocrx_word' id='word_1_121' title='bbox 1261 2246 1527 2308; x_wconf 78' lang='lat' dir='ltr'>congesta</span> <span class='ocrx_word' id='word_1_122' title='bbox 1550 2254 1759 2308; x_wconf 82' lang='lat' dir='ltr'>vapore</span> 
     </span>
    </p>
   </div>
   <div class='ocr_carea' id='block_1_23' title="bbox 420 2328 2108 2401">
    <p class='ocr_par' dir='ltr' id='par_1_23' title="bbox 420 2328 2108 2401">
     <span class='ocr_line' id='line_1_23' title="bbox 420 2328 2108 2401; baseline -0.004 -15"><span class='ocrx_word' id='word_1_123' title='bbox 420 2334 675 2386; x_wconf 85' lang='lat' dir='ltr'>Flamma</span> <span class='ocrx_word' id='word_1_124' title='bbox 710 2330 925 2401; x_wconf 89' lang='lat' dir='ltr'>coquit,</span> <span class='ocrx_word' id='word_1_125' title='bbox 965 2344 1310 2400; x_wconf 86' lang='lat' dir='ltr'>spumasque</span> <span class='ocrx_word' id='word_1_126' title='bbox 1349 2328 1589 2382; x_wconf 86' lang='lat' dir='ltr'>undanti</span> <span class='ocrx_word' id='word_1_127' title='bbox 1624 2328 1867 2381; x_wconf 81' lang='lat' dir='ltr'>effundit</span> <span class='ocrx_word' id='word_1_128' title='bbox 1902 2328 2108 2391; x_wconf 88' lang='lat' dir='ltr'>aheno,</span> 
     </span>
    </p>
   </div>
   <div class='ocr_carea' id='block_1_24' title="bbox 420 2418 1908 2490">
    <p class='ocr_par' dir='ltr' id='par_1_24' title="bbox 420 2418 1908 2490">
     <span class='ocr_line' id='line_1_24' title="bbox 420 2418 1908 2490; baseline -0.003 -16"><span class='ocrx_word' id='word_1_129' title='bbox 420 2422 695 2490; x_wconf 88' lang='lat' dir='ltr'>Claraque</span> <span class='ocrx_word' id='word_1_130' title='bbox 719 2419 1069 2488; x_wconf 68' lang='lat' dir='ltr'>praedulcem</span> <span class='ocrx_word' id='word_1_131' title='bbox 1101 2423 1326 2471; x_wconf 85' lang='lat' dir='ltr'>servant</span> <span class='ocrx_word' id='word_1_132' title='bbox 1357 2418 1433 2470; x_wconf 89' lang='lat' dir='ltr'>sic</span> <span class='ocrx_word' id='word_1_133' title='bbox 1463 2418 1590 2469; x_wconf 90' lang='lat' dir='ltr'>vina</span> <span class='ocrx_word' id='word_1_134' title='bbox 1622 2432 1908 2486; x_wconf 89' lang='lat' dir='ltr'>saporem,</span> 
     </span>
    </p>
   </div>
   <div class='ocr_carea' id='block_1_25' title="bbox 419 2506 1882 2577">
    <p class='ocr_par' dir='ltr' id='par_1_25' title="bbox 419 2506 1882 2577">
     <span class='ocr_line' id='line_1_25' title="bbox 419 2506 1882 2577; baseline -0.001 -16"><span class='ocrx_word' id='word_1_135' title='bbox 419 2509 637 2577; x_wconf 83' lang='lat' dir='ltr'>Jejunis</span> <span class='ocrx_word' id='word_1_136' title='bbox 663 2509 895 2560; x_wconf 90' lang='lat' dir='ltr'>demum</span> <span class='ocrx_word' id='word_1_137' title='bbox 925 2506 1148 2560; x_wconf 87' lang='lat' dir='ltr'>facilem</span> <span class='ocrx_word' id='word_1_138' title='bbox 1174 2507 1545 2576; x_wconf 77' lang='lat' dir='ltr'>praebentque</span> <span class='ocrx_word' id='word_1_139' title='bbox 1576 2506 1882 2559; x_wconf 91' lang='lat' dir='ltr'>medelam.</span> 
     </span>
    </p>
   </div>
   <div class='ocr_carea' id='block_1_26' title="bbox 419 2593 1857 2667">
    <p class='ocr_par' dir='ltr' id='par_1_26' title="bbox 419 2593 1857 2667">
     <span class='ocr_line' id='line_1_26' title="bbox 419 2593 1857 2667; baseline -0.003 -17"><span class='ocrx_word' id='word_1_140' title='bbox 419 2601 576 2651; x_wconf 90' lang='lat' dir='ltr'>Tunc</span> <span class='ocrx_word' id='word_1_141' title='bbox 608 2613 835 2667; x_wconf 90' lang='lat' dir='ltr'>quoque</span> <span class='ocrx_word' id='word_1_142' title='bbox 867 2596 1173 2649; x_wconf 89' lang='lat' dir='ltr'>contritum</span> <span class='ocrx_word' id='word_1_143' title='bbox 1210 2596 1359 2647; x_wconf 90' lang='lat' dir='ltr'>mola</span> <span class='ocrx_word' id='word_1_144' title='bbox 1387 2599 1637 2647; x_wconf 81' lang='lat' dir='ltr'>vertente</span> <span class='ocrx_word' id='word_1_145' title='bbox 1673 2593 1857 2663; x_wconf 83' lang='lat' dir='ltr'>sinapi</span> 
     </span>
    </p>
   </div>
   <div class='ocr_carea' id='block_1_27' title="bbox 423 2681 1677 2753">
    <p class='ocr_par' dir='ltr' id='par_1_27' title="bbox 423 2681 1677 2753">
     <span class='ocr_line' id='line_1_27' title="bbox 423 2681 1677 2753; baseline -0.006 -13"><span class='ocrx_word' id='word_1_146' title='bbox 423 2686 663 2740; x_wconf 87' lang='lat' dir='ltr'>Prodest</span> <span class='ocrx_word' id='word_1_147' title='bbox 699 2701 934 2737; x_wconf 87' lang='lat' dir='ltr'>uvarum</span> <span class='ocrx_word' id='word_1_148' title='bbox 962 2683 1146 2753; x_wconf 88' lang='lat' dir='ltr'>primo</span> <span class='ocrx_word' id='word_1_149' title='bbox 1179 2683 1413 2735; x_wconf 86' lang='lat' dir='ltr'>miscere</span> <span class='ocrx_word' id='word_1_150' title='bbox 1446 2681 1677 2751; x_wconf 89' lang='lat' dir='ltr'>liquori,</span> 
     </span>
    </p>
   </div>
   <div class='ocr_carea' id='block_1_28' title="bbox 427 2769 1856 2841">
    <p class='ocr_par' dir='ltr' id='par_1_28' title="bbox 427 2769 1856 2841">
     <span class='ocr_line' id='line_1_28' title="bbox 427 2769 1856 2841; baseline -0.003 -15"><span class='ocrx_word' id='word_1_151' title='bbox 427 2775 567 2826; x_wconf 86' lang='lat' dir='ltr'>Hinc</span> <span class='ocrx_word' id='word_1_152' title='bbox 598 2773 794 2841; x_wconf 86' lang='lat' dir='ltr'>epulas</span> <span class='ocrx_word' id='word_1_153' title='bbox 824 2772 969 2841; x_wconf 81' lang='lat' dir='ltr'>grati</span> <span class='ocrx_word' id='word_1_154' title='bbox 1002 2771 1257 2824; x_wconf 88' lang='lat' dir='ltr'>relevent</span> <span class='ocrx_word' id='word_1_155' title='bbox 1279 2775 1340 2823; x_wconf 91' lang='lat' dir='ltr'>ut</span> <span class='ocrx_word' id='word_1_156' title='bbox 1366 2769 1569 2823; x_wconf 89' lang='lat' dir='ltr'>deinde</span> <span class='ocrx_word' id='word_1_157' title='bbox 1606 2785 1856 2839; x_wconf 86' lang='lat' dir='ltr'>sapores.</span> 
     </span>
    </p>
   </div>
   <div class='ocr_carea' id='block_1_29' title="bbox 424 2860 1758 2928">
    <p class='ocr_par' dir='ltr' id='par_1_29' title="bbox 424 2860 1758 2928">
     <span class='ocr_line' id='line_1_29' title="bbox 424 2860 1758 2928; baseline -0.004 -12"><span class='ocrx_word' id='word_1_158' title='bbox 424 2865 539 2916; x_wconf 87' lang='lat' dir='ltr'>Hoc</span> <span class='ocrx_word' id='word_1_159' title='bbox 571 2868 626 2915; x_wconf 92' lang='lat' dir='ltr'>et</span> <span class='ocrx_word' id='word_1_160' title='bbox 664 2878 856 2914; x_wconf 88' lang='lat' dir='ltr'>mense</span> <span class='ocrx_word' id='word_1_161' title='bbox 888 2877 1015 2913; x_wconf 90' lang='lat' dir='ltr'>sues</span> <span class='ocrx_word' id='word_1_162' title='bbox 1046 2861 1184 2913; x_wconf 89' lang='lat' dir='ltr'>lucis</span> <span class='ocrx_word' id='word_1_163' title='bbox 1216 2860 1483 2912; x_wconf 78' lang='lat' dir='ltr'>inducere</span> <span class='ocrx_word' id='word_1_164' title='bbox 1512 2865 1758 2928; x_wconf 83' lang='lat' dir='ltr'>tempus,</span> 
     </span>
    </p>
   </div>
   <div class='ocr_carea' id='block_1_30' title="bbox 423 2943 1969 3015">
    <p class='ocr_par' dir='ltr' id='par_1_30' title="bbox 423 2943 1969 3015">
     <span class='ocr_line' id='line_1_30' title="bbox 423 2943 1969 3015; baseline -0.005 -14"><span class='ocrx_word' id='word_1_165' title='bbox 423 2949 637 3001; x_wconf 83' lang='lat' dir='ltr'>Maturo</span> <span class='ocrx_word' id='word_1_166' title='bbox 669 2947 967 3000; x_wconf 84' lang='lat' dir='ltr'>hibernam</span> <span class='ocrx_word' id='word_1_167' title='bbox 1002 2946 1267 3015; x_wconf 80' lang='lat' dir='ltr'>frangant</span> <span class='ocrx_word' id='word_1_168' title='bbox 1301 2950 1362 2997; x_wconf 92' lang='lat' dir='ltr'>ut</span> <span class='ocrx_word' id='word_1_169' title='bbox 1392 2950 1647 3013; x_wconf 83' lang='lat' dir='ltr'>tempore</span> <span class='ocrx_word' id='word_1_170' title='bbox 1679 2943 1969 3013; x_wconf 88' lang='lat' dir='ltr'>glandem.</span> 
     </span>
    </p>
   </div>
   <div class='ocr_carea' id='block_1_31' title="bbox 1016 3087 1522 3141">
    <p class='ocr_par' dir='ltr' id='par_1_31' title="bbox 1016 3087 1522 3141">
     <span class='ocr_line' id='line_1_31' title="bbox 1016 3087 1522 3141; baseline -0.002 -1"><span class='ocrx_word' id='word_1_171' title='bbox 1016 3088 1102 3140; x_wconf 87' lang='lat' dir='ltr'>DE</span> <span class='ocrx_word' id='word_1_172' title='bbox 1147 3087 1522 3141; x_wconf 76' lang='lat' dir='ltr'>NOVEMBHI.</span> 
     </span>
    </p>
   </div>
   <div class='ocr_carea' id='block_1_32' title="bbox 420 3208 1993 3283">
    <p class='ocr_par' dir='ltr' id='par_1_32' title="bbox 420 3208 1993 3283">
     <span class='ocr_line' id='line_1_32' title="bbox 420 3208 1993 3283; baseline -0.004 -16"><span class='ocrx_word' id='word_1_173' title='bbox 420 3215 767 3269; x_wconf 88' lang='lat' dir='ltr'>Undecimus</span> <span class='ocrx_word' id='word_1_174' title='bbox 799 3229 1005 3283; x_wconf 86' lang='lat' dir='ltr'>magno</span> <span class='ocrx_word' id='word_1_175' title='bbox 1038 3212 1449 3265; x_wconf 84' lang='lat' dir='ltr'>nuncvolvitur</span> <span class='ocrx_word' id='word_1_176' title='bbox 1484 3211 1620 3264; x_wconf 90' lang='lat' dir='ltr'>orbe</span> <span class='ocrx_word' id='word_1_177' title='bbox 1658 3208 1993 3275; x_wconf 76' lang='lat' dir='ltr'>November,</span> 
     </span>
    </p>
   </div>
   <div class='ocr_carea' id='block_1_33' title="bbox 424 3300 1830 3373">
    <p class='ocr_par' dir='ltr' id='par_1_33' title="bbox 424 3300 1830 3373">
     <span class='ocr_line' id='line_1_33' title="bbox 424 3300 1830 3373; baseline -0.005 -15"><span class='ocrx_word' id='word_1_178' title='bbox 424 3307 584 3358; x_wconf 86' lang='lat' dir='ltr'>Anno</span> <span class='ocrx_word' id='word_1_179' title='bbox 615 3320 787 3373; x_wconf 89' lang='lat' dir='ltr'>quem</span> <span class='ocrx_word' id='word_1_180' title='bbox 811 3318 1029 3355; x_wconf 88' lang='lat' dir='ltr'>nonum</span> <span class='ocrx_word' id='word_1_181' title='bbox 1062 3302 1297 3370; x_wconf 91' lang='lat' dir='ltr'>antiquo</span> <span class='ocrx_word' id='word_1_182' title='bbox 1323 3300 1511 3353; x_wconf 85' lang='lat' dir='ltr'>dixere</span> <span class='ocrx_word' id='word_1_183' title='bbox 1545 3303 1830 3369; x_wconf 91' lang='lat' dir='ltr'>parentes,</span> 
     </span>
    </p>
   </div>
   <div class='ocr_carea' id='block_1_34' title="bbox 426 3389 2112 3460">
    <p class='ocr_par' dir='ltr' id='par_1_34' title="bbox 426 3389 2112 3460">
     <span class='ocr_line' id='line_1_34' title="bbox 426 3389 2112 3460; baseline -0.004 -15"><span class='ocrx_word' id='word_1_184' title='bbox 426 3394 496 3445; x_wconf 87' lang='lat' dir='ltr'>Ex</span> <span class='ocrx_word' id='word_1_185' title='bbox 520 3408 759 3445; x_wconf 89' lang='lat' dir='ltr'>numero</span> <span class='ocrx_word' id='word_1_186' title='bbox 782 3395 952 3460; x_wconf 89' lang='lat' dir='ltr'>atque</span> <span class='ocrx_word' id='word_1_187' title='bbox 974 3390 1144 3442; x_wconf 88' lang='lat' dir='ltr'>imbri</span> <span class='ocrx_word' id='word_1_188' title='bbox 1169 3389 1420 3458; x_wconf 89' lang='lat' dir='ltr'>primum</span> <span class='ocrx_word' id='word_1_189' title='bbox 1452 3403 1779 3456; x_wconf 89' lang='lat' dir='ltr'>nomenque</span> <span class='ocrx_word' id='word_1_190' title='bbox 1801 3390 2112 3440; x_wconf 89' lang='lat' dir='ltr'>retentans.</span> 
     </span>
    </p>
   </div>
   <div class='ocr_carea' id='block_1_35' title="bbox 425 3474 1952 3549">
    <p class='ocr_par' dir='ltr' id='par_1_35' title="bbox 425 3474 1952 3549">
     <span class='ocr_line' id='line_1_35' title="bbox 425 3474 1952 3549; baseline -0.005 -16"><span class='ocrx_word' id='word_1_191' title='bbox 425 3481 691 3549; x_wconf 86' lang='lat' dir='ltr'>Scorpius</span> <span class='ocrx_word' id='word_1_192' title='bbox 719 3479 851 3531; x_wconf 91' lang='lat' dir='ltr'>huic</span> <span class='ocrx_word' id='word_1_193' title='bbox 878 3478 1039 3531; x_wconf 90' lang='lat' dir='ltr'>denis</span> <span class='ocrx_word' id='word_1_194' title='bbox 1065 3478 1280 3546; x_wconf 87' lang='lat' dir='ltr'>pariter</span> <span class='ocrx_word' id='word_1_195' title='bbox 1312 3477 1483 3529; x_wconf 89' lang='lat' dir='ltr'>micat</span> <span class='ocrx_word' id='word_1_196' title='bbox 1511 3482 1682 3545; x_wconf 89' lang='lat' dir='ltr'>atque</span> <span class='ocrx_word' id='word_1_197' title='bbox 1712 3474 1952 3528; x_wconf 88' lang='lat' dir='ltr'>novenis</span> 
     </span>
    </p>
   </div>
   <div class='ocr_carea' id='block_1_36' title="bbox 426 3563 2114 3633">
    <p class='ocr_par' dir='ltr' id='par_1_36' title="bbox 426 3563 2114 3633">
     <span class='ocr_line' id='line_1_36' title="bbox 426 3563 2114 3633; baseline -0.003 -12"><span class='ocrx_word' id='word_1_198' title='bbox 426 3568 636 3630; x_wconf 87' lang='lat' dir='ltr'>Stellis,</span> <span class='ocrx_word' id='word_1_199' title='bbox 685 3567 779 3619; x_wconf 87' lang='lat' dir='ltr'>sed</span> <span class='ocrx_word' id='word_1_200' title='bbox 812 3566 1060 3619; x_wconf 78' lang='lat' dir='ltr'>flammae</span> <span class='ocrx_word' id='word_1_201' title='bbox 1102 3581 1253 3617; x_wconf 90' lang='lat' dir='ltr'>nunc</span> <span class='ocrx_word' id='word_1_202' title='bbox 1300 3565 1524 3617; x_wconf 88' lang='lat' dir='ltr'>Libram</span> <span class='ocrx_word' id='word_1_203' title='bbox 1569 3572 1815 3633; x_wconf 88' lang='lat' dir='ltr'>quatuor</span> <span class='ocrx_word' id='word_1_204' title='bbox 1853 3563 2114 3633; x_wconf 88' lang='lat' dir='ltr'>implent,</span> 
     </span>
    </p>
   </div>
   <div class='ocr_carea' id='block_1_37' title="bbox 426 3650 1812 3721">
    <p class='ocr_par' dir='ltr' id='par_1_37' title="bbox 426 3650 1812 3721">
     <span class='ocr_line' id='line_1_37' title="bbox 426 3650 1812 3721; baseline -0.003 -15"><span class='ocrx_word' id='word_1_205' title='bbox 426 3657 718 3707; x_wconf 81' lang='lat' dir='ltr'>Astrorum</span> <span class='ocrx_word' id='word_1_206' title='bbox 743 3652 948 3706; x_wconf 85' lang='lat' dir='ltr'>cultrix</span> <span class='ocrx_word' id='word_1_207' title='bbox 977 3652 1174 3706; x_wconf 82' lang='lat' dir='ltr'>Chelas</span> <span class='ocrx_word' id='word_1_208' title='bbox 1206 3668 1346 3721; x_wconf 91' lang='lat' dir='ltr'>quas</span> <span class='ocrx_word' id='word_1_209' title='bbox 1370 3650 1621 3720; x_wconf 87' lang='lat' dir='ltr'>repperit</span> <span class='ocrx_word' id='word_1_210' title='bbox 1654 3656 1812 3717; x_wconf 68' lang='lat' dir='ltr'>tetas,</span> 
     </span>
    </p>
   </div>
   <div class='ocr_carea' id='block_1_38' title="bbox 427 3739 1943 3812">
    <p class='ocr_par' dir='ltr' id='par_1_38' title="bbox 427 3739 1943 3812">
     <span class='ocr_line' id='line_1_38' title="bbox 427 3739 1943 3812; baseline -0.003 -17"><span class='ocrx_word' id='word_1_211' title='bbox 427 3744 534 3795; x_wconf 87' lang='lat' dir='ltr'>Ter</span> <span class='ocrx_word' id='word_1_212' title='bbox 554 3741 846 3812; x_wconf 87' lang='lat' dir='ltr'>quinoque</span> <span class='ocrx_word' id='word_1_213' title='bbox 877 3741 1035 3793; x_wconf 86' lang='lat' dir='ltr'>ardet</span> <span class='ocrx_word' id='word_1_214' title='bbox 1070 3756 1217 3793; x_wconf 89' lang='lat' dir='ltr'>nunc</span> <span class='ocrx_word' id='word_1_215' title='bbox 1244 3744 1466 3793; x_wconf 90' lang='lat' dir='ltr'>tantum</span> <span class='ocrx_word' id='word_1_216' title='bbox 1497 3740 1760 3809; x_wconf 90' lang='lat' dir='ltr'>Scorpius</span> <span class='ocrx_word' id='word_1_217' title='bbox 1790 3739 1943 3810; x_wconf 83' lang='lat' dir='ltr'>igne.</span> 
     </span>
    </p>
   </div>
   <div class='ocr_carea' id='block_1_39' title="bbox 429 3829 1798 3883">
    <p class='ocr_par' dir='ltr' id='par_1_39' title="bbox 429 3829 1798 3883">
     <span class='ocr_line' id='line_1_39' title="bbox 429 3829 1798 3883; baseline -0.002 0"><span class='ocrx_word' id='word_1_218' title='bbox 429 3832 541 3883; x_wconf 83' lang='lat' dir='ltr'>Hoc</span> <span class='ocrx_word' id='word_1_219' title='bbox 565 3846 757 3883; x_wconf 90' lang='lat' dir='ltr'>mense</span> <span class='ocrx_word' id='word_1_220' title='bbox 785 3834 1094 3883; x_wconf 85' lang='lat' dir='ltr'>autumnus</span> <span class='ocrx_word' id='word_1_221' title='bbox 1124 3829 1298 3882; x_wconf 88' lang='lat' dir='ltr'>hiemi</span> <span class='ocrx_word' id='word_1_222' title='bbox 1336 3829 1609 3881; x_wconf 82' lang='lat' dir='ltr'>decedere</span> <span class='ocrx_word' id='word_1_223' title='bbox 1640 3829 1798 3881; x_wconf 65' lang='lat' dir='ltr'>durae</span> 
     </span>
    </p>
   </div>
   <div class='ocr_carea' id='block_1_40' title="bbox 431 3916 1804 3988">
    <p class='ocr_par' dir='ltr' id='par_1_40' title="bbox 431 3916 1804 3988">
     <span class='ocr_line' id='line_1_40' title="bbox 431 3916 1804 3988; baseline -0.001 -17"><span class='ocrx_word' id='word_1_224' title='bbox 431 3918 656 3988; x_wconf 89' lang='lat' dir='ltr'>Incipit,</span> <span class='ocrx_word' id='word_1_225' title='bbox 688 3922 743 3971; x_wconf 87' lang='lat' dir='ltr'>et</span> <span class='ocrx_word' id='word_1_226' title='bbox 767 3918 968 3988; x_wconf 89' lang='lat' dir='ltr'>gelidis</span> <span class='ocrx_word' id='word_1_227' title='bbox 1002 3918 1325 3970; x_wconf 89' lang='lat' dir='ltr'>conflantur</span> <span class='ocrx_word' id='word_1_228' title='bbox 1354 3917 1571 3986; x_wconf 86' lang='lat' dir='ltr'>frigora</span> <span class='ocrx_word' id='word_1_229' title='bbox 1598 3916 1804 3983; x_wconf 85' lang='lat' dir='ltr'>ventis,</span> 
     </span>
    </p>
   </div>
   <div class='ocr_carea' id='block_1_41' title="bbox 428 4004 1681 4074">
    <p class='ocr_par' dir='ltr' id='par_1_41' title="bbox 428 4004 1681 4074">
     <span class='ocr_line' id='line_1_41' title="bbox 428 4004 1681 4074; baseline -0.002 -15"><span class='ocrx_word' id='word_1_230' title='bbox 428 4010 571 4060; x_wconf 84' lang='lat' dir='ltr'>Aere</span> <span class='ocrx_word' id='word_1_231' title='bbox 606 4007 703 4059; x_wconf 89' lang='lat' dir='ltr'>sed</span> <span class='ocrx_word' id='word_1_232' title='bbox 736 4005 911 4060; x_wconf 92' lang='lat' dir='ltr'>dubio</span> <span class='ocrx_word' id='word_1_233' title='bbox 947 4005 1227 4059; x_wconf 88' lang='lat' dir='ltr'>diversam</span> <span class='ocrx_word' id='word_1_234' title='bbox 1254 4010 1405 4057; x_wconf 89' lang='lat' dir='ltr'>terra</span> <span class='ocrx_word' id='word_1_235' title='bbox 1434 4004 1681 4074; x_wconf 86' lang='lat' dir='ltr'>figuram</span> 
     </span>
    </p>
   </div>
   <div class='ocr_carea' id='block_1_42' title="bbox 428 4093 1950 4164">
    <p class='ocr_par' dir='ltr' id='par_1_42' title="bbox 428 4093 1950 4164">
     <span class='ocr_line' id='line_1_42' title="bbox 428 4093 1950 4164; baseline -0.002 -16"><span class='ocrx_word' id='word_1_236' title='bbox 428 4095 708 4164; x_wconf 80' lang='lat' dir='ltr'>Concipit,</span> <span class='ocrx_word' id='word_1_237' title='bbox 743 4096 801 4147; x_wconf 91' lang='lat' dir='ltr'>in</span> <span class='ocrx_word' id='word_1_238' title='bbox 838 4094 1056 4163; x_wconf 89' lang='lat' dir='ltr'>pluvias</span> <span class='ocrx_word' id='word_1_239' title='bbox 1088 4094 1333 4163; x_wconf 80' lang='lat' dir='ltr'>zephyro</span> <span class='ocrx_word' id='word_1_240' title='bbox 1361 4109 1512 4145; x_wconf 90' lang='lat' dir='ltr'>nunc</span> <span class='ocrx_word' id='word_1_241' title='bbox 1542 4094 1713 4145; x_wconf 83' lang='lat' dir='ltr'>flante</span> <span class='ocrx_word' id='word_1_242' title='bbox 1743 4093 1950 4159; x_wconf 89' lang='lat' dir='ltr'>soluta,</span> 
     </span>
    </p>
   </div>
   <div class='ocr_carea' id='block_1_43' title="bbox 429 4181 2007 4252">
    <p class='ocr_par' dir='ltr' id='par_1_43' title="bbox 429 4181 2007 4252">
     <span class='ocr_line' id='line_1_43' title="bbox 429 4181 2007 4252; baseline -0.003 -15"><span class='ocrx_word' id='word_1_243' title='bbox 429 4186 587 4237; x_wconf 79' lang='lat' dir='ltr'>Nunc</span> <span class='ocrx_word' id='word_1_244' title='bbox 619 4185 794 4237; x_wconf 89' lang='lat' dir='ltr'>borea</span> <span class='ocrx_word' id='word_1_245' title='bbox 824 4183 883 4234; x_wconf 94' lang='lat' dir='ltr'>in</span> <span class='ocrx_word' id='word_1_246' title='bbox 915 4182 1162 4252; x_wconf 86' lang='lat' dir='ltr'>rigidam</span> <span class='ocrx_word' id='word_1_247' title='bbox 1197 4181 1440 4251; x_wconf 85' lang='lat' dir='ltr'>speciem</span> <span class='ocrx_word' id='word_1_248' title='bbox 1474 4187 1735 4233; x_wconf 88' lang='lat' dir='ltr'>concreta</span> <span class='ocrx_word' id='word_1_249' title='bbox 1761 4181 2007 4235; x_wconf 86' lang='lat' dir='ltr'>furente.</span> 
     </span>
    </p>
   </div>
   <div class='ocr_carea' id='block_1_44' title="bbox 433 4269 1835 4324">
    <p class='ocr_par' dir='ltr' id='par_1_44' title="bbox 433 4269 1835 4324">
     <span class='ocr_line' id='line_1_44' title="bbox 433 4269 1835 4324; baseline -0.001 -1"><span class='ocrx_word' id='word_1_250' title='bbox 433 4271 571 4324; x_wconf 85' lang='lat' dir='ltr'>Hinc</span> <span class='ocrx_word' id='word_1_251' title='bbox 603 4286 730 4323; x_wconf 90' lang='lat' dir='ltr'>cum</span> <span class='ocrx_word' id='word_1_252' title='bbox 762 4270 903 4323; x_wconf 90' lang='lat' dir='ltr'>forte</span> <span class='ocrx_word' id='word_1_253' title='bbox 934 4269 1077 4322; x_wconf 89' lang='lat' dir='ltr'>datis</span> <span class='ocrx_word' id='word_1_254' title='bbox 1098 4269 1231 4321; x_wconf 89' lang='lat' dir='ltr'>licet</span> <span class='ocrx_word' id='word_1_255' title='bbox 1262 4284 1517 4321; x_wconf 86' lang='lat' dir='ltr'>exercere</span> <span class='ocrx_word' id='word_1_256' title='bbox 1549 4269 1651 4321; x_wconf 91' lang='lat' dir='ltr'>sub</span> <span class='ocrx_word' id='word_1_257' title='bbox 1683 4269 1835 4321; x_wconf 90' lang='lat' dir='ltr'>auris</span> 
     </span>
    </p>
   </div>
   <div class='ocr_carea' id='block_1_45' title="bbox 430 4356 1897 4427">
    <p class='ocr_par' dir='ltr' id='par_1_45' title="bbox 430 4356 1897 4427">
     <span class='ocr_line' id='line_1_45' title="bbox 430 4356 1897 4427; baseline -0.001 -16"><span class='ocrx_word' id='word_1_258' title='bbox 430 4359 683 4423; x_wconf 86' lang='lat' dir='ltr'>Terram,</span> <span class='ocrx_word' id='word_1_259' title='bbox 721 4356 1012 4427; x_wconf 88' lang='lat' dir='ltr'>proscissis</span> <span class='ocrx_word' id='word_1_260' title='bbox 1044 4356 1401 4409; x_wconf 88' lang='lat' dir='ltr'>committere</span> <span class='ocrx_word' id='word_1_261' title='bbox 1434 4356 1650 4408; x_wconf 83' lang='lat' dir='ltr'>semina</span> <span class='ocrx_word' id='word_1_262' title='bbox 1682 4356 1897 4425; x_wconf 89' lang='lat' dir='ltr'>campis</span> 
     </span>
    </p>
   </div>
   <div class='ocr_carea' id='block_1_46' title="bbox 434 4446 1904 4515">
    <p class='ocr_par' dir='ltr' id='par_1_46' title="bbox 434 4446 1904 4515">
     <span class='ocr_line' id='line_1_46' title="bbox 434 4446 1904 4515; baseline -0.001 -16"><span class='ocrx_word' id='word_1_263' title='bbox 434 4447 682 4511; x_wconf 87' lang='lat' dir='ltr'>Prodest,</span> <span class='ocrx_word' id='word_1_264' title='bbox 717 4450 996 4498; x_wconf 85' lang='lat' dir='ltr'>autumno</span> <span class='ocrx_word' id='word_1_265' title='bbox 1024 4451 1297 4514; x_wconf 88' lang='lat' dir='ltr'>superant</span> <span class='ocrx_word' id='word_1_266' title='bbox 1327 4461 1454 4515; x_wconf 74' lang='lat' dir='ltr'>quae</span> <span class='ocrx_word' id='word_1_267' title='bbox 1477 4446 1621 4497; x_wconf 91' lang='lat' dir='ltr'>forte</span> <span class='ocrx_word' id='word_1_268' title='bbox 1655 4449 1904 4514; x_wconf 88' lang='lat' dir='ltr'>peracto,</span> 
     </span>
    </p>
   </div>
   <div class='ocr_carea' id='block_1_47' title="bbox 431 4532 1857 4604">
    <p class='ocr_par' dir='ltr' id='par_1_47' title="bbox 431 4532 1857 4604">
     <span class='ocr_line' id='line_1_47' title="bbox 431 4532 1857 4604; baseline -0.004 -16"><span class='ocrx_word' id='word_1_269' title='bbox 431 4537 858 4603; x_wconf 89' lang='lat' dir='ltr'>Porcorumque</span> <span class='ocrx_word' id='word_1_270' title='bbox 888 4549 1092 4604; x_wconf 86' lang='lat' dir='ltr'>greges</span> <span class='ocrx_word' id='word_1_271' title='bbox 1111 4532 1263 4586; x_wconf 89' lang='lat' dir='ltr'>silvis</span> <span class='ocrx_word' id='word_1_272' title='bbox 1295 4548 1662 4586; x_wconf 86' lang='lat' dir='ltr'>consuescere</span> <span class='ocrx_word' id='word_1_273' title='bbox 1692 4532 1857 4599; x_wconf 86' lang='lat' dir='ltr'>foetis,</span> 
     </span>
    </p>
   </div>
   <div class='ocr_carea' id='block_1_48' title="bbox 432 4621 1890 4693">
    <p class='ocr_par' dir='ltr' id='par_1_48' title="bbox 432 4621 1890 4693">
     <span class='ocr_line' id='line_1_48' title="bbox 432 4621 1890 4693; baseline -0.002 -17"><span class='ocrx_word' id='word_1_274' title='bbox 432 4624 573 4676; x_wconf 91' lang='lat' dir='ltr'>Dum</span> <span class='ocrx_word' id='word_1_275' title='bbox 603 4623 878 4693; x_wconf 86' lang='lat' dir='ltr'>pinguem</span> <span class='ocrx_word' id='word_1_276' title='bbox 903 4627 1069 4675; x_wconf 93' lang='lat' dir='ltr'>vento</span> <span class='ocrx_word' id='word_1_277' title='bbox 1101 4621 1303 4675; x_wconf 88' lang='lat' dir='ltr'>tribuit</span> <span class='ocrx_word' id='word_1_278' title='bbox 1334 4626 1635 4691; x_wconf 87' lang='lat' dir='ltr'>quassante</span> <span class='ocrx_word' id='word_1_279' title='bbox 1665 4621 1890 4673; x_wconf 90' lang='lat' dir='ltr'>ruinam</span> 
     </span>
    </p>
   </div>
   <div class='ocr_carea' id='block_1_49' title="bbox 429 4709 1862 4780">
    <p class='ocr_par' dir='ltr' id='par_1_49' title="bbox 429 4709 1862 4780">
     <span class='ocr_line' id='line_1_49' title="bbox 429 4709 1862 4780; baseline -0.002 -15"><span class='ocrx_word' id='word_1_280' title='bbox 429 4712 701 4779; x_wconf 88' lang='lat' dir='ltr'>Quercus,</span> <span class='ocrx_word' id='word_1_281' title='bbox 730 4716 783 4763; x_wconf 90' lang='lat' dir='ltr'>et</span> <span class='ocrx_word' id='word_1_282' title='bbox 806 4710 985 4764; x_wconf 82' lang='lat' dir='ltr'>effusa</span> <span class='ocrx_word' id='word_1_283' title='bbox 1010 4714 1343 4763; x_wconf 88' lang='lat' dir='ltr'>sternuntur</span> <span class='ocrx_word' id='word_1_284' title='bbox 1368 4726 1603 4763; x_wconf 88' lang='lat' dir='ltr'>nemora</span> <span class='ocrx_word' id='word_1_285' title='bbox 1631 4709 1862 4780; x_wconf 89' lang='lat' dir='ltr'>glande.</span> 
     </span>
    </p>
   </div>
   <div class='ocr_carea' id='block_1_50' title="bbox 429 4798 1977 4869">
    <p class='ocr_par' dir='ltr' id='par_1_50' title="bbox 429 4798 1977 4869">
     <span class='ocr_line' id='line_1_50' title="bbox 429 4798 1977 4869; baseline -0.003 -14"><span class='ocrx_word' id='word_1_286' title='bbox 429 4802 584 4855; x_wconf 90' lang='lat' dir='ltr'>Tunc</span> <span class='ocrx_word' id='word_1_287' title='bbox 609 4805 665 4853; x_wconf 89' lang='lat' dir='ltr'>et</span> <span class='ocrx_word' id='word_1_288' title='bbox 696 4816 834 4869; x_wconf 90' lang='lat' dir='ltr'>apro</span> <span class='ocrx_word' id='word_1_289' title='bbox 866 4799 1020 4852; x_wconf 90' lang='lat' dir='ltr'>silvis</span> <span class='ocrx_word' id='word_1_290' title='bbox 1047 4815 1183 4852; x_wconf 92' lang='lat' dir='ltr'>cura</span> <span class='ocrx_word' id='word_1_291' title='bbox 1204 4803 1286 4852; x_wconf 90' lang='lat' dir='ltr'>est</span> <span class='ocrx_word' id='word_1_292' title='bbox 1317 4815 1490 4868; x_wconf 89' lang='lat' dir='ltr'>quam</span> <span class='ocrx_word' id='word_1_293' title='bbox 1526 4802 1775 4851; x_wconf 82' lang='lat' dir='ltr'>maxima</span> <span class='ocrx_word' id='word_1_294' title='bbox 1806 4798 1977 4851; x_wconf 87' lang='lat' dir='ltr'>duros</span> 
     </span>
    </p>
   </div>
   <div class='ocr_carea' id='block_1_51' title="bbox 430 4887 1867 4958">
    <p class='ocr_par' dir='ltr' id='par_1_51' title="bbox 430 4887 1867 4958">
     <span class='ocr_line' id='line_1_51' title="bbox 430 4887 1867 4958; baseline -0.003 -15"><span class='ocrx_word' id='word_1_295' title='bbox 430 4890 717 4956; x_wconf 82' lang='lat' dir='ltr'>Quaerere,</span> <span class='ocrx_word' id='word_1_296' title='bbox 750 4893 806 4941; x_wconf 82' lang='lat' dir='ltr'>et</span> <span class='ocrx_word' id='word_1_297' title='bbox 823 4905 888 4941; x_wconf 87' lang='lat' dir='ltr'>ex</span> <span class='ocrx_word' id='word_1_298' title='bbox 923 4888 1051 4941; x_wconf 91' lang='lat' dir='ltr'>luco</span> <span class='ocrx_word' id='word_1_299' title='bbox 1079 4887 1315 4941; x_wconf 84' lang='lat' dir='ltr'>canibus</span> <span class='ocrx_word' id='word_1_300' title='bbox 1336 4888 1650 4958; x_wconf 89' lang='lat' dir='ltr'>producere</span> <span class='ocrx_word' id='word_1_301' title='bbox 1683 4887 1867 4957; x_wconf 89' lang='lat' dir='ltr'>nigro,</span> 
     </span>
    </p>
   </div>
   <div class='ocr_carea' id='block_1_52' title="bbox 433 4975 1885 5046">
    <p class='ocr_par' dir='ltr' id='par_1_52' title="bbox 433 4975 1885 5046">
     <span class='ocr_line' id='line_1_52' title="bbox 433 4975 1885 5046; baseline -0.002 -16"><span class='ocrx_word' id='word_1_302' title='bbox 433 4977 578 5030; x_wconf 92' lang='lat' dir='ltr'>Dum</span> <span class='ocrx_word' id='word_1_303' title='bbox 600 4976 816 5029; x_wconf 89' lang='lat' dir='ltr'>validos</span> <span class='ocrx_word' id='word_1_304' title='bbox 843 4976 1055 5030; x_wconf 90' lang='lat' dir='ltr'>crebris</span> <span class='ocrx_word' id='word_1_305' title='bbox 1087 4976 1417 5046; x_wconf 68' lang='lat' dir='ltr'>prmdurant</span> <span class='ocrx_word' id='word_1_306' title='bbox 1440 4975 1645 5029; x_wconf 90' lang='lat' dir='ltr'>ictibus</span> <span class='ocrx_word' id='word_1_307' title='bbox 1673 4991 1885 5039; x_wconf 90' lang='lat' dir='ltr'>armos,</span> 
     </span>
    </p>
   </div>
   <div class='ocr_carea' id='block_1_53' title="bbox 2138 464 3622 537">
    <p class='ocr_par' dir='ltr' id='par_1_53' title="bbox 2138 464 3622 537">
     <span class='ocr_line' id='line_1_53' title="bbox 2138 464 3622 537; baseline -0.001 -18"><span class='ocrx_word' id='word_1_308' title='bbox 2138 468 2181 519; x_wconf 86' lang='lat' dir='ltr'><strong>A</strong></span> <span class='ocrx_word' id='word_1_309' title='bbox 2212 466 2575 537; x_wconf 87' lang='lat' dir='ltr'>Antiquaque</span> <span class='ocrx_word' id='word_1_310' title='bbox 2607 466 2811 518; x_wconf 87' lang='lat' dir='ltr'>fricant</span> <span class='ocrx_word' id='word_1_311' title='bbox 2837 464 3159 518; x_wconf 90' lang='lat' dir='ltr'>solidandas</span> <span class='ocrx_word' id='word_1_312' title='bbox 3190 464 3389 517; x_wconf 88' lang='lat' dir='ltr'>arbore</span> <span class='ocrx_word' id='word_1_313' title='bbox 3421 468 3622 529; x_wconf 87' lang='lat' dir='ltr'>costas,</span> 
     </span>
    </p>
   </div>
   <div class='ocr_carea' id='block_1_54' title="bbox 2211 554 3391 611">
    <p class='ocr_par' dir='ltr' id='par_1_54' title="bbox 2211 554 3391 611">
     <span class='ocr_line' id='line_1_54' title="bbox 2211 554 3391 611; baseline -0.003 -1"><span class='ocrx_word' id='word_1_314' title='bbox 2211 557 2330 611; x_wconf 89' lang='lat' dir='ltr'>Ceti</span> <span class='ocrx_word' id='word_1_315' title='bbox 2356 571 2459 608; x_wconf 89' lang='lat' dir='ltr'>nec</span> <span class='ocrx_word' id='word_1_316' title='bbox 2489 556 2601 608; x_wconf 88' lang='lat' dir='ltr'>lato</span> <span class='ocrx_word' id='word_1_317' title='bbox 2635 558 2899 608; x_wconf 91' lang='lat' dir='ltr'>metuunt</span> <span class='ocrx_word' id='word_1_318' title='bbox 2918 554 3198 607; x_wconf 89' lang='lat' dir='ltr'>venabula</span> <span class='ocrx_word' id='word_1_319' title='bbox 3220 554 3391 607; x_wconf 89' lang='lat' dir='ltr'>ferro.</span> 
     </span>
    </p>
   </div>
   <div class='ocr_carea' id='block_1_55' title="bbox 2211 642 3620 714">
    <p class='ocr_par' dir='ltr' id='par_1_55' title="bbox 2211 642 3620 714">
     <span class='ocr_line' id='line_1_55' title="bbox 2211 642 3620 714; baseline -0.002 -16"><span class='ocrx_word' id='word_1_320' title='bbox 2211 645 2374 709; x_wconf 91' lang='lat' dir='ltr'>Quod</span> <span class='ocrx_word' id='word_1_321' title='bbox 2399 648 2673 714; x_wconf 88' lang='lat' dir='ltr'>superest,</span> <span class='ocrx_word' id='word_1_322' title='bbox 2705 659 2870 697; x_wconf 89' lang='lat' dir='ltr'>curas</span> <span class='ocrx_word' id='word_1_323' title='bbox 2891 644 3130 713; x_wconf 88' lang='lat' dir='ltr'>genialis</span> <span class='ocrx_word' id='word_1_324' title='bbox 3162 658 3298 696; x_wconf 90' lang='lat' dir='ltr'>cura</span> <span class='ocrx_word' id='word_1_325' title='bbox 3330 642 3620 695; x_wconf 88' lang='lat' dir='ltr'>resolvens</span> 
     </span>
    </p>
   </div>
   <div class='ocr_carea' id='block_1_56' title="bbox 2214 730 3885 803">
    <p class='ocr_par' dir='ltr' id='par_1_56' title="bbox 2214 730 3885 803">
     <span class='ocr_line' id='line_1_56' title="bbox 2214 730 3885 803; baseline -0.002 -16"><span class='ocrx_word' id='word_1_326' title='bbox 2214 734 2477 787; x_wconf 89' lang='lat' dir='ltr'>Dulcibus</span> <span class='ocrx_word' id='word_1_327' title='bbox 2505 734 2574 786; x_wconf 90' lang='lat' dir='ltr'>ad</span> <span class='ocrx_word' id='word_1_328' title='bbox 2606 733 2859 803; x_wconf 80' lang='lat' dir='ltr'>requiem</span> <span class='ocrx_word' id='word_1_329' title='bbox 2900 731 3178 785; x_wconf 78' lang='lat' dir='ltr'>illecebris</span> <span class='ocrx_word' id='word_1_330' title='bbox 3226 736 3404 798; x_wconf 86' lang='lat' dir='ltr'>vocat,</span> <span class='ocrx_word' id='word_1_331' title='bbox 3453 730 3685 784; x_wconf 89' lang='lat' dir='ltr'>horrida</span> <span class='ocrx_word' id='word_1_332' title='bbox 3732 736 3885 800; x_wconf 88' lang='lat' dir='ltr'>post-</span> 
     </span>
    </p>
   </div>
   <div class='ocr_carea' id='block_1_57' title="bbox 3707 817 3885 890">
    <p class='ocr_par' dir='ltr' id='par_1_57' title="bbox 3707 817 3885 890">
     <span class='ocr_line' id='line_1_57' title="bbox 3707 817 3885 890; baseline 0.006 -19"><span class='ocrx_word' id='word_1_333' title='bbox 3707 817 3885 890; x_wconf 85' lang='lat' dir='ltr'>[quam</span> 
     </span>
    </p>
   </div>
   <div class='ocr_carea' id='block_1_58' title="bbox 2214 906 3617 964">
    <p class='ocr_par' dir='ltr' id='par_1_58' title="bbox 2214 906 3617 964">
     <span class='ocr_line' id='line_1_58' title="bbox 2214 906 3617 964; baseline -0.004 0"><span class='ocrx_word' id='word_1_334' title='bbox 2214 912 2478 964; x_wconf 83' lang='lat' dir='ltr'>Huralem</span> <span class='ocrx_word' id='word_1_335' title='bbox 2509 910 2779 963; x_wconf 88' lang='lat' dir='ltr'>cohibent</span> <span class='ocrx_word' id='word_1_336' title='bbox 2799 912 3102 961; x_wconf 84' lang='lat' dir='ltr'>ventorum</span> <span class='ocrx_word' id='word_1_337' title='bbox 3135 906 3314 960; x_wconf 77' lang='lat' dir='ltr'>flabra</span> <span class='ocrx_word' id='word_1_338' title='bbox 3341 907 3617 960; x_wconf 88' lang='lat' dir='ltr'>laborem.</span> 
     </span>
    </p>
   </div>
   <div class='ocr_carea' id='block_1_59' title="bbox 2211 995 3707 1067">
    <p class='ocr_par' dir='ltr' id='par_1_59' title="bbox 2211 995 3707 1067">
     <span class='ocr_line' id='line_1_59' title="bbox 2211 995 3707 1067; baseline -0.003 -16"><span class='ocrx_word' id='word_1_339' title='bbox 2211 1000 2353 1052; x_wconf 90' lang='lat' dir='ltr'>Tum</span> <span class='ocrx_word' id='word_1_340' title='bbox 2387 999 2577 1053; x_wconf 90' lang='lat' dir='ltr'>dulces</span> <span class='ocrx_word' id='word_1_341' title='bbox 2610 999 2749 1063; x_wconf 91' lang='lat' dir='ltr'>ludi,</span> <span class='ocrx_word' id='word_1_342' title='bbox 2784 1002 3021 1067; x_wconf 89' lang='lat' dir='ltr'>tumque</span> <span class='ocrx_word' id='word_1_343' title='bbox 3053 1001 3137 1050; x_wconf 90' lang='lat' dir='ltr'>est</span> <span class='ocrx_word' id='word_1_344' title='bbox 3157 996 3515 1064; x_wconf 88' lang='lat' dir='ltr'>gratissimus</span> <span class='ocrx_word' id='word_1_345' title='bbox 3540 995 3707 1064; x_wconf 86' lang='lat' dir='ltr'>ignis,</span> 
     </span>
    </p>
   </div>
   <div class='ocr_carea' id='block_1_60' title="bbox 2216 1084 3605 1158">
    <p class='ocr_par' dir='ltr' id='par_1_60' title="bbox 2216 1084 3605 1158">
     <span class='ocr_line' id='line_1_60' title="bbox 2216 1084 3605 1158; baseline -0.003 -18"><span class='ocrx_word' id='word_1_346' title='bbox 2216 1092 2397 1158; x_wconf 82' lang='lat' dir='ltr'>Atque</span> <span class='ocrx_word' id='word_1_347' title='bbox 2430 1104 2577 1141; x_wconf 85' lang='lat' dir='ltr'>novo</span> <span class='ocrx_word' id='word_1_348' title='bbox 2610 1088 2858 1140; x_wconf 84' lang='lat' dir='ltr'>oblectat</span> <span class='ocrx_word' id='word_1_349' title='bbox 2880 1102 3144 1139; x_wconf 92' lang='lat' dir='ltr'>somnum</span> <span class='ocrx_word' id='word_1_350' title='bbox 3171 1085 3411 1137; x_wconf 90' lang='lat' dir='ltr'>invitare</span> <span class='ocrx_word' id='word_1_351' title='bbox 3442 1084 3605 1154; x_wconf 77' lang='lat' dir='ltr'>lyaeo.</span> 
     </span>
    </p>
   </div>
   <div class='ocr_carea' id='block_1_61' title="bbox 2819 1226 3311 1280">
    <p class='ocr_par' dir='ltr' id='par_1_61' title="bbox 2819 1226 3311 1280">
     <span class='ocr_line' id='line_1_61' title="bbox 2819 1226 3311 1280; baseline -0.004 -1"><span class='ocrx_word' id='word_1_352' title='bbox 2819 1227 2905 1279; x_wconf 84' lang='lat' dir='ltr'>DE</span> <span class='ocrx_word' id='word_1_353' title='bbox 2946 1226 3311 1280; x_wconf 77' lang='lat' dir='ltr'>DECEMBRI.</span> 
     </span>
    </p>
   </div>
   <div class='ocr_carea' id='block_1_62' title="bbox 2219 1346 3636 1416">
    <p class='ocr_par' dir='ltr' id='par_1_62' title="bbox 2219 1346 3636 1416">
     <span class='ocr_line' id='line_1_62' title="bbox 2219 1346 3636 1416; baseline -0.003 -14"><span class='ocrx_word' id='word_1_354' title='bbox 2219 1351 2541 1402; x_wconf 81' lang='lat' dir='ltr'>Extremum</span> <span class='ocrx_word' id='word_1_355' title='bbox 2568 1347 2795 1401; x_wconf 90' lang='lat' dir='ltr'>bissena</span> <span class='ocrx_word' id='word_1_356' title='bbox 2822 1348 2973 1416; x_wconf 88' lang='lat' dir='ltr'>regit</span> <span class='ocrx_word' id='word_1_357' title='bbox 3004 1363 3153 1399; x_wconf 90' lang='lat' dir='ltr'>nunc</span> <span class='ocrx_word' id='word_1_358' title='bbox 3187 1346 3333 1399; x_wconf 89' lang='lat' dir='ltr'>linea</span> <span class='ocrx_word' id='word_1_359' title='bbox 3354 1361 3636 1410; x_wconf 89' lang='lat' dir='ltr'>mensem,</span> 
     </span>
    </p>
   </div>
   <div class='ocr_carea' id='block_1_63' title="bbox 2215 1434 3892 1504">
    <p class='ocr_par' dir='ltr' id='par_1_63' title="bbox 2215 1434 3892 1504">
     <span class='ocr_line' id='line_1_63' title="bbox 2215 1434 3892 1504; baseline -0.001 -15"><span class='ocrx_word' id='word_1_360' title='bbox 2215 1439 2393 1501; x_wconf 85' lang='lat' dir='ltr'>Quem</span> <span class='ocrx_word' id='word_1_361' title='bbox 2424 1437 2707 1490; x_wconf 87' lang='lat' dir='ltr'>decimum</span> <span class='ocrx_word' id='word_1_362' title='bbox 2742 1441 2971 1488; x_wconf 88' lang='lat' dir='ltr'>auctore</span> <span class='ocrx_word' id='word_1_363' title='bbox 2998 1434 3221 1504; x_wconf 88' lang='lat' dir='ltr'>scripsit</span> <span class='ocrx_word' id='word_1_364' title='bbox 3252 1450 3396 1487; x_wconf 84' lang='lat' dir='ltr'>nova</span> <span class='ocrx_word' id='word_1_365' title='bbox 3434 1436 3612 1488; x_wconf 84' lang='lat' dir='ltr'>Roma</span> <span class='ocrx_word' id='word_1_366' title='bbox 3643 1434 3892 1498; x_wconf 88' lang='lat' dir='ltr'>Quirino,</span> 
     </span>
    </p>
   </div>
   <div class='ocr_carea' id='block_1_64' title="bbox 2219 1524 3800 1596">
    <p class='ocr_par' dir='ltr' id='par_1_64' title="bbox 2219 1524 3800 1596">
     <span class='ocr_line' id='line_1_64' title="bbox 2219 1524 3800 1596; baseline -0.001 -16"><span class='ocrx_word' id='word_1_367' title='bbox 2219 1527 2456 1581; x_wconf 84' lang='lat' dir='ltr'>Nomine</span> <span class='ocrx_word' id='word_1_368' title='bbox 2486 1527 2583 1596; x_wconf 92' lang='lat' dir='ltr'>qui</span> <span class='ocrx_word' id='word_1_369' title='bbox 2617 1541 2919 1578; x_wconf 88' lang='lat' dir='ltr'>numerum</span> <span class='ocrx_word' id='word_1_370' title='bbox 2954 1530 3008 1577; x_wconf 92' lang='lat' dir='ltr'>et</span> <span class='ocrx_word' id='word_1_371' title='bbox 3035 1524 3261 1577; x_wconf 88' lang='lat' dir='ltr'>nimbos</span> <span class='ocrx_word' id='word_1_372' title='bbox 3290 1525 3546 1593; x_wconf 84' lang='lat' dir='ltr'>designat</span> <span class='ocrx_word' id='word_1_373' title='bbox 3578 1525 3800 1589; x_wconf 86' lang='lat' dir='ltr'>eodem,</span> 
     </span>
    </p>
   </div>
   <div class='ocr_carea' id='block_1_65' title="bbox 2217 1614 3722 1678">
    <p class='ocr_par' dir='ltr' id='par_1_65' title="bbox 2217 1614 3722 1678">
     <span class='ocr_line' id='line_1_65' title="bbox 2217 1614 3722 1678; baseline -0.002 -9"><span class='ocrx_word' id='word_1_374' title='bbox 2217 1617 2374 1669; x_wconf 89' lang='lat' dir='ltr'>Nunc</span> <span class='ocrx_word' id='word_1_375' title='bbox 2405 1616 2574 1668; x_wconf 89' lang='lat' dir='ltr'>etiam</span> <span class='ocrx_word' id='word_1_376' title='bbox 2611 1614 2798 1668; x_wconf 84' lang='lat' dir='ltr'>Martis</span> <span class='ocrx_word' id='word_1_377' title='bbox 2829 1614 3013 1667; x_wconf 89' lang='lat' dir='ltr'>dictus</span> <span class='ocrx_word' id='word_1_378' title='bbox 3041 1614 3110 1666; x_wconf 90' lang='lat' dir='ltr'>de</span> <span class='ocrx_word' id='word_1_379' title='bbox 3145 1629 3336 1665; x_wconf 90' lang='lat' dir='ltr'>mense</span> <span class='ocrx_word' id='word_1_380' title='bbox 3368 1614 3722 1678; x_wconf 84' lang='lat' dir='ltr'>December;</span> 
     </span>
    </p>
   </div>
   <div class='ocr_carea' id='block_1_66' title="bbox 2216 1701 3759 1772">
    <p class='ocr_par' dir='ltr' id='par_1_66' title="bbox 2216 1701 3759 1772">
     <span class='ocr_line' id='line_1_66' title="bbox 2216 1701 3759 1772; baseline -0.001 -15"><span class='ocrx_word' id='word_1_381' title='bbox 2216 1704 2545 1757; x_wconf 73' lang='lat' dir='ltr'>Arcitenens</span> <span class='ocrx_word' id='word_1_382' title='bbox 2567 1702 2843 1757; x_wconf 83' lang='lat' dir='ltr'>Phoebum</span> <span class='ocrx_word' id='word_1_383' title='bbox 2876 1702 3129 1772; x_wconf 86' lang='lat' dir='ltr'>angustis</span> <span class='ocrx_word' id='word_1_384' title='bbox 3163 1702 3256 1753; x_wconf 90' lang='lat' dir='ltr'>cui</span> <span class='ocrx_word' id='word_1_385' title='bbox 3286 1701 3545 1754; x_wconf 85' lang='lat' dir='ltr'>cursibus</span> <span class='ocrx_word' id='word_1_386' title='bbox 3574 1702 3759 1769; x_wconf 81' lang='lat' dir='ltr'>effert,</span> 
     </span>
    </p>
   </div>
   <div class='ocr_carea' id='block_1_67' title="bbox 2152 1769 3484 1861">
    <p class='ocr_par' dir='ltr' id='par_1_67' title="bbox 2152 1769 3484 1861">
     <span class='ocr_line' id='line_1_67' title="bbox 2152 1769 3484 1861; baseline -0.002 -16"><span class='ocrx_word' id='word_1_387' title='bbox 2152 1769 2188 1820; x_wconf 75' lang='grc' dir='ltr'>Β</span> <span class='ocrx_word' id='word_1_388' title='bbox 2219 1793 2417 1846; x_wconf 90' lang='lat' dir='ltr'>Ternis</span> <span class='ocrx_word' id='word_1_389' title='bbox 2448 1808 2511 1845; x_wconf 90' lang='lat' dir='ltr'>ac</span> <span class='ocrx_word' id='word_1_390' title='bbox 2538 1791 2696 1845; x_wconf 90' lang='lat' dir='ltr'>denis</span> <span class='ocrx_word' id='word_1_391' title='bbox 2726 1769 3073 1861; x_wconf 62' lang='lat' dir='ltr'>praefulgens</span> <span class='ocrx_word' id='word_1_392' title='bbox 3095 1789 3324 1859; x_wconf 90' lang='lat' dir='ltr'>ignibus</span> <span class='ocrx_word' id='word_1_393' title='bbox 3354 1806 3484 1843; x_wconf 90' lang='lat' dir='ltr'>una.</span> 
     </span>
    </p>
   </div>
   <div class='ocr_carea' id='block_1_68' title="bbox 2220 1878 3664 1943">
    <p class='ocr_par' dir='ltr' id='par_1_68' title="bbox 2220 1878 3664 1943">
     <span class='ocr_line' id='line_1_68' title="bbox 2220 1878 3664 1943; baseline -0.002 -9"><span class='ocrx_word' id='word_1_394' title='bbox 2220 1883 2335 1935; x_wconf 89' lang='lat' dir='ltr'>Hoc</span> <span class='ocrx_word' id='word_1_395' title='bbox 2374 1897 2569 1933; x_wconf 89' lang='lat' dir='ltr'>mense</span> <span class='ocrx_word' id='word_1_396' title='bbox 2598 1881 2908 1933; x_wconf 86' lang='lat' dir='ltr'>australem</span> <span class='ocrx_word' id='word_1_397' title='bbox 2928 1878 3053 1932; x_wconf 72' lang='grc' dir='ltr'>εωιὶ</span> <span class='ocrx_word' id='word_1_398' title='bbox 3079 1878 3359 1931; x_wconf 90' lang='lat' dir='ltr'>demissus</span> <span class='ocrx_word' id='word_1_399' title='bbox 3390 1878 3447 1931; x_wconf 92' lang='lat' dir='ltr'>in</span> <span class='ocrx_word' id='word_1_400' title='bbox 3482 1895 3664 1943; x_wconf 87' lang='lat' dir='ltr'>axem,</span> 
     </span>
    </p>
   </div>
   <div class='ocr_carea' id='block_1_69' title="bbox 2220 1967 3728 2039">
    <p class='ocr_par' dir='ltr' id='par_1_69' title="bbox 2220 1967 3728 2039">
     <span class='ocr_line' id='line_1_69' title="bbox 2220 1967 3728 2039; baseline -0.001 -17"><span class='ocrx_word' id='word_1_401' title='bbox 2220 1970 2551 2039; x_wconf 83' lang='lat' dir='ltr'>Exiguoque</span> <span class='ocrx_word' id='word_1_402' title='bbox 2580 1970 2781 2021; x_wconf 90' lang='lat' dir='ltr'>orbem</span> <span class='ocrx_word' id='word_1_403' title='bbox 2812 1968 3170 2037; x_wconf 88' lang='lat' dir='ltr'>perlustrans</span> <span class='ocrx_word' id='word_1_404' title='bbox 3200 1967 3429 2019; x_wconf 82' lang='lat' dir='ltr'>tramite</span> <span class='ocrx_word' id='word_1_405' title='bbox 3464 1973 3728 2020; x_wconf 89' lang='lat' dir='ltr'>nostrum</span> 
     </span>
    </p>
   </div>
   <div class='ocr_carea' id='block_1_70' title="bbox 2220 2055 3758 2122">
    <p class='ocr_par' dir='ltr' id='par_1_70' title="bbox 2220 2055 3758 2122">
     <span class='ocr_line' id='line_1_70' title="bbox 2220 2055 3758 2122; baseline -0.001 -11"><span class='ocrx_word' id='word_1_406' title='bbox 2220 2059 2336 2122; x_wconf 86' lang='lat' dir='ltr'>Sol,</span> <span class='ocrx_word' id='word_1_407' title='bbox 2368 2058 2575 2112; x_wconf 90' lang='lat' dir='ltr'>iterum</span> <span class='ocrx_word' id='word_1_408' title='bbox 2609 2057 2677 2110; x_wconf 88' lang='lat' dir='ltr'>ad</span> <span class='ocrx_word' id='word_1_409' title='bbox 2714 2058 2943 2109; x_wconf 90' lang='lat' dir='ltr'>boream</span> <span class='ocrx_word' id='word_1_410' title='bbox 2971 2056 3250 2109; x_wconf 91' lang='lat' dir='ltr'>convertit</span> <span class='ocrx_word' id='word_1_411' title='bbox 3280 2055 3499 2108; x_wconf 91' lang='lat' dir='ltr'>lumina</span> <span class='ocrx_word' id='word_1_412' title='bbox 3520 2056 3758 2109; x_wconf 91' lang='lat' dir='ltr'>celsum.</span> 
     </span>
    </p>
   </div>
   <div class='ocr_carea' id='block_1_71' title="bbox 2222 2144 3485 2216">
    <p class='ocr_par' dir='ltr' id='par_1_71' title="bbox 2222 2144 3485 2216">
     <span class='ocr_line' id='line_1_71' title="bbox 2222 2144 3485 2216; baseline -0.002 -17"><span class='ocrx_word' id='word_1_413' title='bbox 2222 2148 2334 2200; x_wconf 86' lang='lat' dir='ltr'>Hoc</span> <span class='ocrx_word' id='word_1_414' title='bbox 2365 2147 2537 2199; x_wconf 90' lang='lat' dir='ltr'>etiam</span> <span class='ocrx_word' id='word_1_415' title='bbox 2557 2146 2797 2199; x_wconf 90' lang='lat' dir='ltr'>hiberno</span> <span class='ocrx_word' id='word_1_416' title='bbox 2830 2152 3010 2198; x_wconf 90' lang='lat' dir='ltr'>terras</span> <span class='ocrx_word' id='word_1_417' title='bbox 3042 2150 3242 2197; x_wconf 89' lang='lat' dir='ltr'>urente</span> <span class='ocrx_word' id='word_1_418' title='bbox 3274 2144 3485 2216; x_wconf 87' lang='lat' dir='ltr'>rigore,</span> 
     </span>
    </p>
   </div>
   <div class='ocr_carea' id='block_1_72' title="bbox 2221 2232 3623 2289">
    <p class='ocr_par' dir='ltr' id='par_1_72' title="bbox 2221 2232 3623 2289">
     <span class='ocr_line' id='line_1_72' title="bbox 2221 2232 3623 2289; baseline -0.001 -1"><span class='ocrx_word' id='word_1_419' title='bbox 2221 2235 2461 2289; x_wconf 85' lang='lat' dir='ltr'>Maxima</span> <span class='ocrx_word' id='word_1_420' title='bbox 2493 2252 2596 2288; x_wconf 88' lang='lat' dir='ltr'>nox</span> <span class='ocrx_word' id='word_1_421' title='bbox 2628 2234 2865 2287; x_wconf 82' lang='lat' dir='ltr'>modicae</span> <span class='ocrx_word' id='word_1_422' title='bbox 2889 2238 3187 2287; x_wconf 88' lang='lat' dir='ltr'>causantes</span> <span class='ocrx_word' id='word_1_423' title='bbox 3211 2249 3449 2286; x_wconf 90' lang='lat' dir='ltr'>munera</span> <span class='ocrx_word' id='word_1_424' title='bbox 3480 2232 3623 2286; x_wconf 90' lang='lat' dir='ltr'>lucis</span> 
     </span>
    </p>
   </div>
   <div class='ocr_carea' id='block_1_73' title="bbox 2222 2322 3593 2394">
    <p class='ocr_par' dir='ltr' id='par_1_73' title="bbox 2222 2322 3593 2394">
     <span class='ocr_line' id='line_1_73' title="bbox 2222 2322 3593 2394; baseline -0.002 -18"><span class='ocrx_word' id='word_1_425' title='bbox 2222 2324 2512 2394; x_wconf 78' lang='lat' dir='ltr'>Agricolas</span> <span class='ocrx_word' id='word_1_426' title='bbox 2543 2324 2712 2391; x_wconf 85' lang='lat' dir='ltr'>fovet,</span> <span class='ocrx_word' id='word_1_427' title='bbox 2745 2322 2951 2376; x_wconf 92' lang='lat' dir='ltr'>oblitos</span> <span class='ocrx_word' id='word_1_428' title='bbox 2983 2322 3329 2391; x_wconf 83' lang='lat' dir='ltr'>tandemque</span> <span class='ocrx_word' id='word_1_429' title='bbox 3361 2322 3593 2385; x_wconf 89' lang='lat' dir='ltr'>laboris,</span> 
     </span>
    </p>
   </div>
   <div class='ocr_carea' id='block_1_74' title="bbox 2225 2410 3632 2481">
    <p class='ocr_par' dir='ltr' id='par_1_74' title="bbox 2225 2410 3632 2481">
     <span class='ocr_line' id='line_1_74' title="bbox 2225 2410 3632 2481; baseline -0.003 -16"><span class='ocrx_word' id='word_1_430' title='bbox 2225 2414 2594 2481; x_wconf 88' lang='lat' dir='ltr'>Ingratosque</span> <span class='ocrx_word' id='word_1_431' title='bbox 2624 2412 2728 2465; x_wconf 87' lang='lat' dir='ltr'>sibi</span> <span class='ocrx_word' id='word_1_432' title='bbox 2764 2412 3000 2464; x_wconf 90' lang='lat' dir='ltr'>blandus</span> <span class='ocrx_word' id='word_1_433' title='bbox 3031 2426 3202 2479; x_wconf 86' lang='lat' dir='ltr'>sopor</span> <span class='ocrx_word' id='word_1_434' title='bbox 3234 2410 3434 2479; x_wconf 88' lang='lat' dir='ltr'>irrigat</span> <span class='ocrx_word' id='word_1_435' title='bbox 3462 2414 3632 2462; x_wconf 87' lang='lat' dir='ltr'>artus.</span> 
     </span>
    </p>
   </div>
   <div class='ocr_carea' id='block_1_75' title="bbox 2225 2498 3759 2564">
    <p class='ocr_par' dir='ltr' id='par_1_75' title="bbox 2225 2498 3759 2564">
     <span class='ocr_line' id='line_1_75' title="bbox 2225 2498 3759 2564; baseline -0.001 -10"><span class='ocrx_word' id='word_1_436' title='bbox 2225 2503 2334 2555; x_wconf 86' lang='lat' dir='ltr'>Nec</span> <span class='ocrx_word' id='word_1_437' title='bbox 2365 2506 2558 2554; x_wconf 90' lang='lat' dir='ltr'>tamen</span> <span class='ocrx_word' id='word_1_438' title='bbox 2585 2500 2881 2554; x_wconf 89' lang='lat' dir='ltr'>imbrifero</span> <span class='ocrx_word' id='word_1_439' title='bbox 2913 2500 3120 2552; x_wconf 89' lang='lat' dir='ltr'>desunt</span> <span class='ocrx_word' id='word_1_440' title='bbox 3147 2515 3249 2551; x_wconf 91' lang='lat' dir='ltr'>sua</span> <span class='ocrx_word' id='word_1_441' title='bbox 3278 2514 3522 2551; x_wconf 88' lang='lat' dir='ltr'>munera</span> <span class='ocrx_word' id='word_1_442' title='bbox 3551 2498 3759 2564; x_wconf 88' lang='lat' dir='ltr'>mensi,</span> 
     </span>
    </p>
   </div>
   <div class='ocr_carea' id='block_1_76' title="bbox 2225 2586 3567 2659">
    <p class='ocr_par' dir='ltr' id='par_1_76' title="bbox 2225 2586 3567 2659">
     <span class='ocr_line' id='line_1_76' title="bbox 2225 2586 3567 2659; baseline -0.003 -17"><span class='ocrx_word' id='word_1_443' title='bbox 2225 2591 2333 2642; x_wconf 78' lang='lat' dir='ltr'>Nec</span> <span class='ocrx_word' id='word_1_444' title='bbox 2364 2590 2565 2659; x_wconf 89' lang='lat' dir='ltr'>gelidis</span> <span class='ocrx_word' id='word_1_445' title='bbox 2589 2590 2742 2659; x_wconf 91' lang='lat' dir='ltr'>cogit</span> <span class='ocrx_word' id='word_1_446' title='bbox 2774 2588 3003 2658; x_wconf 90' lang='lat' dir='ltr'>penitus</span> <span class='ocrx_word' id='word_1_447' title='bbox 3032 2604 3250 2640; x_wconf 86' lang='lat' dir='ltr'>cessare</span> <span class='ocrx_word' id='word_1_448' title='bbox 3281 2586 3383 2639; x_wconf 90' lang='lat' dir='ltr'>sub</span> <span class='ocrx_word' id='word_1_449' title='bbox 3410 2587 3567 2639; x_wconf 90' lang='lat' dir='ltr'>auris</span> 
     </span>
    </p>
   </div>
   <div class='ocr_carea' id='block_1_77' title="bbox 2221 2675 3668 2749">
    <p class='ocr_par' dir='ltr' id='par_1_77' title="bbox 2221 2675 3668 2749">
     <span class='ocr_line' id='line_1_77' title="bbox 2221 2675 3668 2749; baseline -0.003 -16"><span class='ocrx_word' id='word_1_450' title='bbox 2221 2681 2490 2749; x_wconf 86' lang='lat' dir='ltr'>Tempus,</span> <span class='ocrx_word' id='word_1_451' title='bbox 2525 2683 2580 2731; x_wconf 91' lang='lat' dir='ltr'>et</span> <span class='ocrx_word' id='word_1_452' title='bbox 2604 2678 2659 2730; x_wconf 92' lang='lat' dir='ltr'>in</span> <span class='ocrx_word' id='word_1_453' title='bbox 2683 2678 2883 2730; x_wconf 89' lang='lat' dir='ltr'>faciem</span> <span class='ocrx_word' id='word_1_454' title='bbox 2913 2677 3081 2729; x_wconf 89' lang='lat' dir='ltr'>tellus</span> <span class='ocrx_word' id='word_1_455' title='bbox 3109 2680 3367 2728; x_wconf 88' lang='lat' dir='ltr'>contecta</span> <span class='ocrx_word' id='word_1_456' title='bbox 3396 2675 3668 2728; x_wconf 86' lang='lat' dir='ltr'>nivosam.</span> 
     </span>
    </p>
   </div>
   <div class='ocr_carea' id='block_1_78' title="bbox 2220 2765 3900 2837">
    <p class='ocr_par' dir='ltr' id='par_1_78' title="bbox 2220 2765 3900 2837">
     <span class='ocr_line' id='line_1_78' title="bbox 2220 2765 3900 2837; baseline -0.003 -17"><span class='ocrx_word' id='word_1_457' title='bbox 2220 2769 2361 2821; x_wconf 90' lang='lat' dir='ltr'>Tum</span> <span class='ocrx_word' id='word_1_458' title='bbox 2390 2783 2617 2837; x_wconf 89' lang='lat' dir='ltr'>quoque</span> <span class='ocrx_word' id='word_1_459' title='bbox 2651 2782 2779 2819; x_wconf 91' lang='lat' dir='ltr'>cum</span> <span class='ocrx_word' id='word_1_460' title='bbox 2806 2765 3011 2835; x_wconf 89' lang='lat' dir='ltr'>pluviis</span> <span class='ocrx_word' id='word_1_461' title='bbox 3038 2782 3271 2834; x_wconf 87' lang='lat' dir='ltr'>campus</span> <span class='ocrx_word' id='word_1_462' title='bbox 3297 2770 3580 2834; x_wconf 89' lang='lat' dir='ltr'>ventoque</span> <span class='ocrx_word' id='word_1_463' title='bbox 3610 2765 3900 2829; x_wconf 86' lang='lat' dir='ltr'>madescit,</span> 
     </span>
    </p>
   </div>
   <div class='ocr_carea' id='block_1_79' title="bbox 2226 2852 3827 2925">
    <p class='ocr_par' dir='ltr' id='par_1_79' title="bbox 2226 2852 3827 2925">
     <span class='ocr_line' id='line_1_79' title="bbox 2226 2852 3827 2925; baseline -0.001 -18"><span class='ocrx_word' id='word_1_464' title='bbox 2226 2858 2462 2909; x_wconf 86' lang='lat' dir='ltr'>Vomere</span> <span class='ocrx_word' id='word_1_465' title='bbox 2492 2855 2656 2925; x_wconf 90' lang='lat' dir='ltr'>gleba</span> <span class='ocrx_word' id='word_1_466' title='bbox 2689 2855 2882 2924; x_wconf 87' lang='lat' dir='ltr'>jacens</span> <span class='ocrx_word' id='word_1_467' title='bbox 2909 2854 3180 2907; x_wconf 90' lang='lat' dir='ltr'>sulcanda</span> <span class='ocrx_word' id='word_1_468' title='bbox 3210 2858 3315 2920; x_wconf 86' lang='lat' dir='ltr'>est,</span> <span class='ocrx_word' id='word_1_469' title='bbox 3346 2852 3559 2906; x_wconf 90' lang='lat' dir='ltr'>hordea</span> <span class='ocrx_word' id='word_1_470' title='bbox 3591 2852 3827 2906; x_wconf 84' lang='lat' dir='ltr'>demum</span> 
     </span>
    </p>
   </div>
   <div class='ocr_carea' id='block_1_80' title="bbox 2225 2942 3707 3011">
    <p class='ocr_par' dir='ltr' id='par_1_80' title="bbox 2225 2942 3707 3011">
     <span class='ocr_line' id='line_1_80' title="bbox 2225 2942 3707 3011; baseline -0.003 -14"><span class='ocrx_word' id='word_1_471' title='bbox 2225 2944 2345 3007; x_wconf 92' lang='lat' dir='ltr'>Qua</span> <span class='ocrx_word' id='word_1_472' title='bbox 2372 2959 2580 3005; x_wconf 88' lang='lat' dir='ltr'>serere,</span> <span class='ocrx_word' id='word_1_473' title='bbox 2620 2948 2717 2995; x_wconf 91' lang='lat' dir='ltr'>aut</span> <span class='ocrx_word' id='word_1_474' title='bbox 2739 2944 2932 2995; x_wconf 61' lang='lat' dir='ltr'>laetum</span> <span class='ocrx_word' id='word_1_475' title='bbox 2964 2942 3120 3011; x_wconf 90' lang='lat' dir='ltr'>cupit</span> <span class='ocrx_word' id='word_1_476' title='bbox 3151 2957 3410 2994; x_wconf 84' lang='lat' dir='ltr'>exercere</span> <span class='ocrx_word' id='word_1_477' title='bbox 3438 2942 3707 3010; x_wconf 86' lang='lat' dir='ltr'>legumen</span> 
     </span>
    </p>
   </div>
   <div class='ocr_carea' id='block_1_81' title="bbox 2155 3031 3816 3119">
    <p class='ocr_par' dir='ltr' id='par_1_81' title="bbox 2155 3031 3816 3119">
     <span class='ocr_line' id='line_1_81' title="bbox 2155 3031 3816 3119; baseline -0.002 -34"><span class='ocrx_word' id='word_1_478' title='bbox 2155 3068 2194 3119; x_wconf 67' lang='lat' dir='ltr'>C</span> <span class='ocrx_word' id='word_1_479' title='bbox 2224 3032 2504 3101; x_wconf 88' lang='lat' dir='ltr'>Agricola,</span> <span class='ocrx_word' id='word_1_480' title='bbox 2537 3032 3019 3100; x_wconf 87' lang='lat' dir='ltr'>immundumque</span> <span class='ocrx_word' id='word_1_481' title='bbox 3044 3032 3245 3083; x_wconf 87' lang='lat' dir='ltr'>fimum</span> <span class='ocrx_word' id='word_1_482' title='bbox 3271 3031 3483 3099; x_wconf 84' lang='lat' dir='ltr'>jactare</span> <span class='ocrx_word' id='word_1_483' title='bbox 3508 3045 3612 3099; x_wconf 87' lang='lat' dir='ltr'>per</span> <span class='ocrx_word' id='word_1_484' title='bbox 3646 3045 3816 3098; x_wconf 87' lang='lat' dir='ltr'>agros</span> 
     </span>
    </p>
   </div>
   <div class='ocr_carea' id='block_1_82' title="bbox 2224 3117 3759 3189">
    <p class='ocr_par' dir='ltr' id='par_1_82' title="bbox 2224 3117 3759 3189">
     <span class='ocr_line' id='line_1_82' title="bbox 2224 3117 3759 3189; baseline -0.002 -16"><span class='ocrx_word' id='word_1_485' title='bbox 2224 3123 2367 3174; x_wconf 90' lang='lat' dir='ltr'>Tum</span> <span class='ocrx_word' id='word_1_486' title='bbox 2399 3121 2566 3172; x_wconf 87' lang='lat' dir='ltr'>licet:</span> <span class='ocrx_word' id='word_1_487' title='bbox 2603 3126 2659 3173; x_wconf 89' lang='lat' dir='ltr'>at</span> <span class='ocrx_word' id='word_1_488' title='bbox 2688 3136 2817 3173; x_wconf 92' lang='lat' dir='ltr'>cum</span> <span class='ocrx_word' id='word_1_489' title='bbox 2845 3126 2995 3172; x_wconf 89' lang='lat' dir='ltr'>terra</span> <span class='ocrx_word' id='word_1_490' title='bbox 3020 3119 3211 3172; x_wconf 86' lang='lat' dir='ltr'>hebeti</span> <span class='ocrx_word' id='word_1_491' title='bbox 3244 3124 3475 3189; x_wconf 89' lang='lat' dir='ltr'>torpore</span> <span class='ocrx_word' id='word_1_492' title='bbox 3506 3117 3759 3187; x_wconf 84' lang='lat' dir='ltr'>rigescit,</span> 
     </span>
    </p>
   </div>
   <div class='ocr_carea' id='block_1_83' title="bbox 2222 3205 3730 3275">
    <p class='ocr_par' dir='ltr' id='par_1_83' title="bbox 2222 3205 3730 3275">
     <span class='ocr_line' id='line_1_83' title="bbox 2222 3205 3730 3275; baseline -0.003 -13"><span class='ocrx_word' id='word_1_493' title='bbox 2222 3209 2396 3262; x_wconf 80' lang='lat' dir='ltr'>Multa</span> <span class='ocrx_word' id='word_1_494' title='bbox 2423 3208 2580 3261; x_wconf 91' lang='lat' dir='ltr'>domi</span> <span class='ocrx_word' id='word_1_495' title='bbox 2607 3213 2800 3262; x_wconf 86' lang='lat' dir='ltr'>tamen</span> <span class='ocrx_word' id='word_1_496' title='bbox 2833 3211 2888 3261; x_wconf 90' lang='lat' dir='ltr'>et</span> <span class='ocrx_word' id='word_1_497' title='bbox 2910 3207 3068 3260; x_wconf 87' lang='lat' dir='ltr'>tectis</span> <span class='ocrx_word' id='word_1_498' title='bbox 3103 3222 3413 3275; x_wconf 90' lang='lat' dir='ltr'>properare</span> <span class='ocrx_word' id='word_1_499' title='bbox 3444 3206 3549 3259; x_wconf 88' lang='lat' dir='ltr'>sub</span> <span class='ocrx_word' id='word_1_500' title='bbox 3570 3205 3730 3275; x_wconf 89' lang='lat' dir='ltr'>ipsis,</span> 
     </span>
    </p>
   </div>
   <div class='ocr_carea' id='block_1_84' title="bbox 2224 3294 3793 3365">
    <p class='ocr_par' dir='ltr' id='par_1_84' title="bbox 2224 3294 3793 3365">
     <span class='ocr_line' id='line_1_84' title="bbox 2224 3294 3793 3365; baseline -0.004 -14"><span class='ocrx_word' id='word_1_501' title='bbox 2224 3298 2343 3351; x_wconf 84' lang='lat' dir='ltr'>Mox</span> <span class='ocrx_word' id='word_1_502' title='bbox 2375 3300 2553 3361; x_wconf 89' lang='lat' dir='ltr'>vacat,</span> <span class='ocrx_word' id='word_1_503' title='bbox 2588 3296 2832 3365; x_wconf 89' lang='lat' dir='ltr'>algentis</span> <span class='ocrx_word' id='word_1_504' title='bbox 2867 3296 3118 3349; x_wconf 90' lang='lat' dir='ltr'>relevent</span> <span class='ocrx_word' id='word_1_505' title='bbox 3147 3311 3276 3365; x_wconf 73' lang='lat' dir='ltr'>quae</span> <span class='ocrx_word' id='word_1_506' title='bbox 3301 3294 3517 3364; x_wconf 88' lang='lat' dir='ltr'>frigora</span> <span class='ocrx_word' id='word_1_507' title='bbox 3550 3294 3793 3347; x_wconf 62' lang='lat' dir='ltr'>bruma}.</span> 
     </span>
    </p>
   </div>
   <div class='ocr_carea' id='block_1_85' title="bbox 2225 3383 3659 3454">
    <p class='ocr_par' dir='ltr' id='par_1_85' title="bbox 2225 3383 3659 3454">
     <span class='ocr_line' id='line_1_85' title="bbox 2225 3383 3659 3454; baseline -0.002 -16"><span class='ocrx_word' id='word_1_508' title='bbox 2225 3385 2463 3439; x_wconf 79' lang='lat' dir='ltr'>Retibus</span> <span class='ocrx_word' id='word_1_509' title='bbox 2495 3384 2627 3437; x_wconf 91' lang='lat' dir='ltr'>hinc</span> <span class='ocrx_word' id='word_1_510' title='bbox 2655 3385 2841 3438; x_wconf 88' lang='lat' dir='ltr'>varias</span> <span class='ocrx_word' id='word_1_511' title='bbox 2871 3384 3057 3454; x_wconf 86' lang='lat' dir='ltr'>pelagi</span> <span class='ocrx_word' id='word_1_512' title='bbox 3080 3399 3349 3453; x_wconf 86' lang='lat' dir='ltr'>prensare</span> <span class='ocrx_word' id='word_1_513' title='bbox 3383 3383 3659 3449; x_wconf 89' lang='lat' dir='ltr'>volucres,</span> 
     </span>
    </p>
   </div>
   <div class='ocr_carea' id='block_1_86' title="bbox 2224 3471 3568 3543">
    <p class='ocr_par' dir='ltr' id='par_1_86' title="bbox 2224 3471 3568 3543">
     <span class='ocr_line' id='line_1_86' title="bbox 2224 3471 3568 3543; baseline -0.002 -16"><span class='ocrx_word' id='word_1_514' title='bbox 2224 3476 2335 3527; x_wconf 83' lang='lat' dir='ltr'>Aut</span> <span class='ocrx_word' id='word_1_515' title='bbox 2358 3472 2478 3543; x_wconf 91' lang='lat' dir='ltr'>igni</span> <span class='ocrx_word' id='word_1_516' title='bbox 2511 3477 2568 3526; x_wconf 90' lang='lat' dir='ltr'>et</span> <span class='ocrx_word' id='word_1_517' title='bbox 2600 3474 2786 3527; x_wconf 89' lang='lat' dir='ltr'>sonitu</span> <span class='ocrx_word' id='word_1_518' title='bbox 2821 3489 2925 3542; x_wconf 88' lang='lat' dir='ltr'>per</span> <span class='ocrx_word' id='word_1_519' title='bbox 2947 3488 3177 3541; x_wconf 90' lang='lat' dir='ltr'>campos</span> <span class='ocrx_word' id='word_1_520' title='bbox 3210 3471 3425 3537; x_wconf 87' lang='lat' dir='ltr'>fallere,</span> <span class='ocrx_word' id='word_1_521' title='bbox 3453 3471 3568 3524; x_wconf 90' lang='lat' dir='ltr'>sive</span> 
     </span>
    </p>
   </div>
   <div class='ocr_carea' id='block_1_87' title="bbox 2228 3560 3465 3630">
    <p class='ocr_par' dir='ltr' id='par_1_87' title="bbox 2228 3560 3465 3630">
     <span class='ocr_line' id='line_1_87' title="bbox 2228 3560 3465 3630; baseline -0.001 -16"><span class='ocrx_word' id='word_1_522' title='bbox 2228 3560 2531 3614; x_wconf 86' lang='lat' dir='ltr'>Lentandis</span> <span class='ocrx_word' id='word_1_523' title='bbox 2560 3577 2663 3615; x_wconf 89' lang='lat' dir='ltr'>usu</span> <span class='ocrx_word' id='word_1_524' title='bbox 2686 3560 2913 3630; x_wconf 89' lang='lat' dir='ltr'>pedicas</span> <span class='ocrx_word' id='word_1_525' title='bbox 2943 3564 3141 3629; x_wconf 88' lang='lat' dir='ltr'>aptare</span> <span class='ocrx_word' id='word_1_526' title='bbox 3173 3565 3465 3630; x_wconf 90' lang='lat' dir='ltr'>repertum</span> 
     </span>
    </p>
   </div>
   <div class='ocr_carea' id='block_1_88' title="bbox 2224 3648 3570 3718">
    <p class='ocr_par' dir='ltr' id='par_1_88' title="bbox 2224 3648 3570 3718">
     <span class='ocr_line' id='line_1_88' title="bbox 2224 3648 3570 3718; baseline -0.004 -14"><span class='ocrx_word' id='word_1_527' title='bbox 2224 3650 2500 3704; x_wconf 83' lang='lat' dir='ltr'>Amnibus</span> <span class='ocrx_word' id='word_1_528' title='bbox 2521 3649 2653 3702; x_wconf 88' lang='lat' dir='ltr'>hinc</span> <span class='ocrx_word' id='word_1_529' title='bbox 2684 3650 2856 3703; x_wconf 89' lang='lat' dir='ltr'>etiam</span> <span class='ocrx_word' id='word_1_530' title='bbox 2893 3648 3128 3718; x_wconf 88' lang='lat' dir='ltr'>piscosis</span> <span class='ocrx_word' id='word_1_531' title='bbox 3151 3664 3366 3718; x_wconf 88' lang='lat' dir='ltr'>ponere</span> <span class='ocrx_word' id='word_1_532' title='bbox 3389 3652 3570 3701; x_wconf 89' lang='lat' dir='ltr'>crates</span> 
     </span>
    </p>
   </div>
   <div class='ocr_carea' id='block_1_89' title="bbox 2224 3736 3636 3807">
    <p class='ocr_par' dir='ltr' id='par_1_89' title="bbox 2224 3736 3636 3807">
     <span class='ocr_line' id='line_1_89' title="bbox 2224 3736 3636 3807; baseline -0.001 -17"><span class='ocrx_word' id='word_1_533' title='bbox 2224 3738 2530 3804; x_wconf 81' lang='lat' dir='ltr'>Vimineas,</span> <span class='ocrx_word' id='word_1_534' title='bbox 2555 3738 2875 3807; x_wconf 90' lang='lat' dir='ltr'>densosque</span> <span class='ocrx_word' id='word_1_535' title='bbox 2905 3738 2977 3791; x_wconf 90' lang='lat' dir='ltr'>ad</span> <span class='ocrx_word' id='word_1_536' title='bbox 3004 3738 3196 3791; x_wconf 89' lang='lat' dir='ltr'>littora</span> <span class='ocrx_word' id='word_1_537' title='bbox 3226 3736 3403 3805; x_wconf 86' lang='lat' dir='ltr'>figere</span> <span class='ocrx_word' id='word_1_538' title='bbox 3436 3736 3636 3797; x_wconf 87' lang='lat' dir='ltr'>fasces,</span> 
     </span>
    </p>
   </div>
   <div class='ocr_carea' id='block_1_90' title="bbox 2224 3824 3749 3897">
    <p class='ocr_par' dir='ltr' id='par_1_90' title="bbox 2224 3824 3749 3897">
     <span class='ocr_line' id='line_1_90' title="bbox 2224 3824 3749 3897; baseline -0.002 -16"><span class='ocrx_word' id='word_1_539' title='bbox 2224 3827 2345 3890; x_wconf 89' lang='lat' dir='ltr'>Qua</span> <span class='ocrx_word' id='word_1_540' title='bbox 2376 3827 2519 3880; x_wconf 89' lang='lat' dir='ltr'>vado</span> <span class='ocrx_word' id='word_1_541' title='bbox 2553 3827 2817 3896; x_wconf 89' lang='lat' dir='ltr'>rapidum</span> <span class='ocrx_word' id='word_1_542' title='bbox 2846 3826 3225 3897; x_wconf 88' lang='lat' dir='ltr'>tranquillant</span> <span class='ocrx_word' id='word_1_543' title='bbox 3245 3824 3490 3878; x_wconf 83' lang='lat' dir='ltr'>flumina</span> <span class='ocrx_word' id='word_1_544' title='bbox 3514 3840 3749 3878; x_wconf 87' lang='lat' dir='ltr'>cursum</span> 
     </span>
    </p>
   </div>
   <div class='ocr_carea' id='block_1_91' title="bbox 2228 3914 3663 3983">
    <p class='ocr_par' dir='ltr' id='par_1_91' title="bbox 2228 3914 3663 3983">
     <span class='ocr_line' id='line_1_91' title="bbox 2228 3914 3663 3983; baseline -0.001 -15"><span class='ocrx_word' id='word_1_545' title='bbox 2228 3917 2290 3968; x_wconf 93' lang='lat' dir='ltr'>In</span> <span class='ocrx_word' id='word_1_546' title='bbox 2310 3920 2565 3981; x_wconf 88' lang='lat' dir='ltr'>ventum,</span> <span class='ocrx_word' id='word_1_547' title='bbox 2606 3914 2828 3968; x_wconf 88' lang='lat' dir='ltr'>facilem</span> <span class='ocrx_word' id='word_1_548' title='bbox 2869 3915 3097 3983; x_wconf 88' lang='lat' dir='ltr'>capiant</span> <span class='ocrx_word' id='word_1_549' title='bbox 3118 3919 3180 3966; x_wconf 88' lang='lat' dir='ltr'>ut</span> <span class='ocrx_word' id='word_1_550' title='bbox 3211 3914 3354 3967; x_wconf 86' lang='lat' dir='ltr'>retia</span> <span class='ocrx_word' id='word_1_551' title='bbox 3384 3914 3663 3983; x_wconf 61' lang='lat' dir='ltr'>praedam.</span> 
     </span>
    </p>
   </div>
   <div class='ocr_carea' id='block_1_92' title="bbox 2231 4002 3774 4074">
    <p class='ocr_par' dir='ltr' id='par_1_92' title="bbox 2231 4002 3774 4074">
     <span class='ocr_line' id='line_1_92' title="bbox 2231 4002 3774 4074; baseline -0.001 -17"><span class='ocrx_word' id='word_1_552' title='bbox 2231 4006 2341 4057; x_wconf 80' lang='lat' dir='ltr'>[Ioc</span> <span class='ocrx_word' id='word_1_553' title='bbox 2371 4004 2473 4057; x_wconf 89' lang='lat' dir='ltr'>sub</span> <span class='ocrx_word' id='word_1_554' title='bbox 2502 4020 2696 4057; x_wconf 90' lang='lat' dir='ltr'>mense</span> <span class='ocrx_word' id='word_1_555' title='bbox 2726 4020 2853 4056; x_wconf 91' lang='lat' dir='ltr'>sues</span> <span class='ocrx_word' id='word_1_556' title='bbox 2882 4008 3041 4074; x_wconf 89' lang='lat' dir='ltr'>pasta</span> <span class='ocrx_word' id='word_1_557' title='bbox 3065 4005 3186 4073; x_wconf 88' lang='lat' dir='ltr'>jam</span> <span class='ocrx_word' id='word_1_558' title='bbox 3222 4003 3428 4073; x_wconf 88' lang='lat' dir='ltr'>glande</span> <span class='ocrx_word' id='word_1_559' title='bbox 3460 4002 3774 4069; x_wconf 87' lang='lat' dir='ltr'>madentes,</span> 
     </span>
    </p>
   </div>
   <div class='ocr_carea' id='block_1_93' title="bbox 2231 4090 3782 4161">
    <p class='ocr_par' dir='ltr' id='par_1_93' title="bbox 2231 4090 3782 4161">
     <span class='ocr_line' id='line_1_93' title="bbox 2231 4090 3782 4161; baseline -0.002 -16"><span class='ocrx_word' id='word_1_560' title='bbox 2231 4092 2485 4145; x_wconf 87' lang='lat' dir='ltr'>Distento</span> <span class='ocrx_word' id='word_1_561' title='bbox 2517 4096 2571 4145; x_wconf 90' lang='lat' dir='ltr'>et</span> <span class='ocrx_word' id='word_1_562' title='bbox 2598 4092 2824 4161; x_wconf 88' lang='lat' dir='ltr'>plenam</span> <span class='ocrx_word' id='word_1_563' title='bbox 2861 4096 3245 4145; x_wconf 89' lang='lat' dir='ltr'>monstrantes</span> <span class='ocrx_word' id='word_1_564' title='bbox 3279 4096 3477 4144; x_wconf 87' lang='lat' dir='ltr'>ventre</span> <span class='ocrx_word' id='word_1_565' title='bbox 3505 4090 3782 4159; x_wconf 86' lang='lat' dir='ltr'>saginam,</span> 
     </span>
    </p>
   </div>
   <div class='ocr_carea' id='block_1_94' title="bbox 2230 4177 3917 4249">
    <p class='ocr_par' dir='ltr' id='par_1_94' title="bbox 2230 4177 3917 4249">
     <span class='ocr_line' id='line_1_94' title="bbox 2230 4177 3917 4249; baseline -0.003 -15"><span class='ocrx_word' id='word_1_566' title='bbox 2230 4180 2477 4247; x_wconf 67' lang='lat' dir='ltr'>Caedere,</span> <span class='ocrx_word' id='word_1_567' title='bbox 2544 4184 2599 4233; x_wconf 92' lang='lat' dir='ltr'>et</span> <span class='ocrx_word' id='word_1_568' title='bbox 2666 4180 2736 4234; x_wconf 91' lang='lat' dir='ltr'>ad</span> <span class='ocrx_word' id='word_1_569' title='bbox 2780 4180 3035 4249; x_wconf 86' lang='lat' dir='ltr'>tepidum</span> <span class='ocrx_word' id='word_1_570' title='bbox 3115 4196 3236 4232; x_wconf 89' lang='lat' dir='ltr'>mos</span> <span class='ocrx_word' id='word_1_571' title='bbox 3288 4184 3372 4232; x_wconf 89' lang='lat' dir='ltr'>est</span> <span class='ocrx_word' id='word_1_572' title='bbox 3421 4178 3767 4248; x_wconf 90' lang='lat' dir='ltr'>suspendere</span> <span class='ocrx_word' id='word_1_573' title='bbox 3826 4177 3917 4229; x_wconf 85' lang='lat' dir='ltr'>fu-</span> 
     </span>
    </p>
   </div>
   <div class='ocr_carea' id='block_1_95' title="bbox 3724 4265 3917 4335">
    <p class='ocr_par' dir='ltr' id='par_1_95' title="bbox 3724 4265 3917 4335">
     <span class='ocr_line' id='line_1_95' title="bbox 3724 4265 3917 4335; baseline -0.005 -17"><span class='ocrx_word' id='word_1_574' title='bbox 3724 4265 3917 4335; x_wconf 85' lang='lat' dir='ltr'>[mum,</span> 
     </span>
    </p>
   </div>
   <div class='ocr_carea' id='block_1_96' title="bbox 2162 4340 3652 4427">
    <p class='ocr_par' dir='ltr' id='par_1_96' title="bbox 2162 4340 3652 4427">
     <span class='ocr_line' id='line_1_96' title="bbox 2162 4340 3652 4427; baseline -0.003 -16"><span class='ocrx_word' id='word_1_575' title='bbox 2162 4340 2203 4393; x_wconf 79' lang='lat' dir='ltr'>D</span> <span class='ocrx_word' id='word_1_576' title='bbox 2233 4358 2411 4426; x_wconf 89' lang='lat' dir='ltr'>Terga</span> <span class='ocrx_word' id='word_1_577' title='bbox 2439 4357 2597 4425; x_wconf 88' lang='lat' dir='ltr'>prius</span> <span class='ocrx_word' id='word_1_578' title='bbox 2624 4356 2756 4410; x_wconf 88' lang='lat' dir='ltr'>salis</span> <span class='ocrx_word' id='word_1_579' title='bbox 2784 4357 2997 4410; x_wconf 85' lang='lat' dir='ltr'>fuerint</span> <span class='ocrx_word' id='word_1_580' title='bbox 3019 4373 3146 4410; x_wconf 91' lang='lat' dir='ltr'>cum</span> <span class='ocrx_word' id='word_1_581' title='bbox 3175 4372 3368 4427; x_wconf 86' lang='lat' dir='ltr'>sparsa</span> <span class='ocrx_word' id='word_1_582' title='bbox 3400 4355 3652 4408; x_wconf 87' lang='lat' dir='ltr'>madore.</span> 
     </span>
    </p>
   </div>
   <div class='ocr_carea' id='block_1_97' title="bbox 2232 4444 3688 4514">
    <p class='ocr_par' dir='ltr' id='par_1_97' title="bbox 2232 4444 3688 4514">
     <span class='ocr_line' id='line_1_97' title="bbox 2232 4444 3688 4514; baseline -0.002 -17"><span class='ocrx_word' id='word_1_583' title='bbox 2232 4444 2460 4498; x_wconf 90' lang='lat' dir='ltr'>Bissena</span> <span class='ocrx_word' id='word_1_584' title='bbox 2480 4444 2581 4498; x_wconf 87' lang='lat' dir='ltr'>hos</span> <span class='ocrx_word' id='word_1_585' title='bbox 2609 4445 2796 4497; x_wconf 91' lang='lat' dir='ltr'>cultus</span> <span class='ocrx_word' id='word_1_586' title='bbox 2830 4450 3108 4498; x_wconf 89' lang='lat' dir='ltr'>renovant</span> <span class='ocrx_word' id='word_1_587' title='bbox 3136 4444 3414 4514; x_wconf 86' lang='lat' dir='ltr'>vertigine</span> <span class='ocrx_word' id='word_1_588' title='bbox 3446 4459 3688 4497; x_wconf 86' lang='lat' dir='ltr'>menses.</span> 
     </span>
    </p>
   </div>
   <div class='ocr_carea' id='block_1_98' title="bbox 2230 4532 3918 4604">
    <p class='ocr_par' dir='ltr' id='par_1_98' title="bbox 2230 4532 3918 4604">
     <span class='ocr_line' id='line_1_98' title="bbox 2230 4532 3918 4604; baseline -0.004 -17"><span class='ocrx_word' id='word_1_589' title='bbox 2230 4535 2504 4604; x_wconf 90' lang='lat' dir='ltr'>Huncque</span> <span class='ocrx_word' id='word_1_590' title='bbox 2529 4534 2763 4587; x_wconf 87' lang='lat' dir='ltr'>modum</span> <span class='ocrx_word' id='word_1_591' title='bbox 2796 4537 2853 4586; x_wconf 91' lang='lat' dir='ltr'>et</span> <span class='ocrx_word' id='word_1_592' title='bbox 2885 4550 3104 4586; x_wconf 88' lang='lat' dir='ltr'>morem</span> <span class='ocrx_word' id='word_1_593' title='bbox 3153 4533 3262 4586; x_wconf 90' lang='lat' dir='ltr'>sibi</span> <span class='ocrx_word' id='word_1_594' title='bbox 3315 4532 3525 4587; x_wconf 87' lang='lat' dir='ltr'>Gallica</span> <span class='ocrx_word' id='word_1_595' title='bbox 3557 4547 3692 4585; x_wconf 90' lang='lat' dir='ltr'>rura</span> <span class='ocrx_word' id='word_1_596' title='bbox 3740 4534 3918 4584; x_wconf 87' lang='lat' dir='ltr'>reten-</span> 
     </span>
    </p>
   </div>
   <div class='ocr_carea' id='block_1_99' title="bbox 3746 4618 3907 4690">
    <p class='ocr_par' dir='ltr' id='par_1_99' title="bbox 3746 4618 3907 4690">
     <span class='ocr_line' id='line_1_99' title="bbox 3746 4618 3907 4690; baseline -0.019 -19"><span class='ocrx_word' id='word_1_597' title='bbox 3746 4618 3907 4690; x_wconf 86' lang='lat' dir='ltr'>[tant,</span> 
     </span>
    </p>
   </div>
   <div class='ocr_carea' id='block_1_100' title="bbox 2228 4708 3693 4779">
    <p class='ocr_par' dir='ltr' id='par_1_100' title="bbox 2228 4708 3693 4779">
     <span class='ocr_line' id='line_1_100' title="bbox 2228 4708 3693 4779; baseline -0.001 -18"><span class='ocrx_word' id='word_1_598' title='bbox 2228 4709 2407 4772; x_wconf 89' lang='lat' dir='ltr'>Quem</span> <span class='ocrx_word' id='word_1_599' title='bbox 2439 4708 2689 4764; x_wconf 90' lang='lat' dir='ltr'>breviter</span> <span class='ocrx_word' id='word_1_600' title='bbox 2714 4710 2949 4779; x_wconf 88' lang='lat' dir='ltr'>signans</span> <span class='ocrx_word' id='word_1_601' title='bbox 2974 4709 3184 4779; x_wconf 90' lang='lat' dir='ltr'>digessi</span> <span class='ocrx_word' id='word_1_602' title='bbox 3206 4708 3477 4771; x_wconf 89' lang='lat' dir='ltr'>carmine,</span> <span class='ocrx_word' id='word_1_603' title='bbox 3513 4709 3693 4762; x_wconf 88' lang='lat' dir='ltr'>lector</span> 
     </span>
    </p>
   </div>
   <div class='ocr_carea' id='block_1_101' title="bbox 2226 4796 3682 4869">
    <p class='ocr_par' dir='ltr' id='par_1_101' title="bbox 2226 4796 3682 4869">
     <span class='ocr_line' id='line_1_101' title="bbox 2226 4796 3682 4869; baseline -0.001 -20"><span class='ocrx_word' id='word_1_604' title='bbox 2226 4799 2679 4853; x_wconf 79' lang='lat' dir='ltr'>WANDALBERTUS</span> <span class='ocrx_word' id='word_1_605' title='bbox 2710 4814 2832 4869; x_wconf 87' lang='lat' dir='ltr'>ego,</span> <span class='ocrx_word' id='word_1_606' title='bbox 2868 4799 3094 4852; x_wconf 90' lang='lat' dir='ltr'>hortatu</span> <span class='ocrx_word' id='word_1_607' title='bbox 3127 4798 3459 4866; x_wconf 87' lang='lat' dir='ltr'>compulsus</span> <span class='ocrx_word' id='word_1_608' title='bbox 3490 4796 3682 4860; x_wconf 90' lang='lat' dir='ltr'>amici,</span> 
     </span>
    </p>
   </div>
   <div class='ocr_carea' id='block_1_102' title="bbox 2228 4886 3685 4958">
    <p class='ocr_par' dir='ltr' id='par_1_102' title="bbox 2228 4886 3685 4958">
     <span class='ocr_line' id='line_1_102' title="bbox 2228 4886 3685 4958; baseline -0.002 -18"><span class='ocrx_word' id='word_1_609' title='bbox 2228 4887 2421 4940; x_wconf 91' lang='lat' dir='ltr'>Dulcia</span> <span class='ocrx_word' id='word_1_610' title='bbox 2453 4903 2543 4940; x_wconf 90' lang='lat' dir='ltr'>me</span> <span class='ocrx_word' id='word_1_611' title='bbox 2578 4887 2760 4941; x_wconf 82' lang='lat' dir='ltr'>Rheni</span> <span class='ocrx_word' id='word_1_612' title='bbox 2783 4904 2898 4958; x_wconf 88' lang='lat' dir='ltr'>quo</span> <span class='ocrx_word' id='word_1_613' title='bbox 2930 4896 3187 4957; x_wconf 88' lang='lat' dir='ltr'>tempore</span> <span class='ocrx_word' id='word_1_614' title='bbox 3220 4887 3410 4939; x_wconf 83' lang='lat' dir='ltr'>littora</span> <span class='ocrx_word' id='word_1_615' title='bbox 3433 4886 3685 4949; x_wconf 88' lang='lat' dir='ltr'>alebant,</span> 
     </span>
    </p>
   </div>
   <div class='ocr_carea' id='block_1_103' title="bbox 2226 4974 3767 5046">
    <p class='ocr_par' dir='ltr' id='par_1_103' title="bbox 2226 4974 3767 5046">
     <span class='ocr_line' id='line_1_103' title="bbox 2226 4974 3767 5046; baseline 0 -19"><span class='ocrx_word' id='word_1_616' title='bbox 2226 4974 2465 5028; x_wconf 81' lang='lat' dir='ltr'>Maxima</span> <span class='ocrx_word' id='word_1_617' title='bbox 2494 4975 2827 5045; x_wconf 80' lang='lat' dir='ltr'>Agrippinae</span> <span class='ocrx_word' id='word_1_618' title='bbox 2848 4976 3056 5030; x_wconf 91' lang='lat' dir='ltr'>veteris</span> <span class='ocrx_word' id='word_1_619' title='bbox 3086 4975 3214 5046; x_wconf 88' lang='lat' dir='ltr'>quis</span> <span class='ocrx_word' id='word_1_620' title='bbox 3241 4974 3452 5028; x_wconf 87' lang='lat' dir='ltr'>moenia</span> <span class='ocrx_word' id='word_1_621' title='bbox 3484 4977 3767 5044; x_wconf 58' lang='lat' dir='ltr'>prmsunt.</span> 
     </span>
    </p>
   </div>
   <div class='ocr_carea' id='block_1_104' title="bbox 1645 5209 2705 5283">
    <p class='ocr_par' dir='ltr' id='par_1_104' title="bbox 1645 5209 2705 5283">
     <span class='ocr_line' id='line_1_104' title="bbox 1645 5209 2705 5283; baseline 0.003 -3"><span class='ocrx_word' id='word_1_622' title='bbox 1645 5209 1998 5283; x_wconf 88' lang='lat' dir='ltr'>INCIPIT</span> <span class='ocrx_word' id='word_1_623' title='bbox 2054 5210 2705 5283; x_wconf 82' lang='lat' dir='ltr'>HOROLOGIUM</span> 
     </span>
    </p>
   </div>
   <div class='ocr_carea' id='block_1_105' title="bbox 1331 5364 3008 5410">
    <p class='ocr_par' dir='ltr' id='par_1_105' title="bbox 1331 5364 3008 5410">
     <span class='ocr_line' id='line_1_105' title="bbox 1331 5364 3008 5410; baseline 0.001 -5"><span class='ocrx_word' id='word_1_624' title='bbox 1331 5364 1493 5405; x_wconf 79' lang='lat' dir='ltr'>PER</span> <span class='ocrx_word' id='word_1_625' title='bbox 1561 5364 2020 5408; x_wconf 87' lang='lat' dir='ltr'>DUODECIM</span> <span class='ocrx_word' id='word_1_626' title='bbox 2094 5364 2507 5409; x_wconf 86' lang='lat' dir='ltr'>MENSIUM</span> <span class='ocrx_word' id='word_1_627' title='bbox 2580 5366 3008 5410; x_wconf 85' lang='lat' dir='ltr'>PUNCTOS.</span> 
     </span>
    </p>
   </div>
   <div class='ocr_carea' id='block_1_106' title="bbox 433 5543 1905 5616">
    <p class='ocr_par' dir='ltr' id='par_1_106' title="bbox 433 5543 1905 5616">
     <span class='ocr_line' id='line_1_106' title="bbox 433 5543 1905 5616; baseline 0.001 -21"><span class='ocrx_word' id='word_1_628' title='bbox 433 5543 586 5606; x_wconf 90' lang='lat' dir='ltr'>Quos</span> <span class='ocrx_word' id='word_1_629' title='bbox 614 5560 783 5598; x_wconf 89' lang='lat' dir='ltr'>cursu</span> <span class='ocrx_word' id='word_1_630' title='bbox 809 5545 943 5599; x_wconf 90' lang='lat' dir='ltr'>solis</span> <span class='ocrx_word' id='word_1_631' title='bbox 964 5547 1222 5616; x_wconf 87' lang='lat' dir='ltr'>jungunt</span> <span class='ocrx_word' id='word_1_632' title='bbox 1252 5561 1351 5598; x_wconf 90' lang='lat' dir='ltr'>sua</span> <span class='ocrx_word' id='word_1_633' title='bbox 1377 5549 1633 5614; x_wconf 87' lang='lat' dir='ltr'>tempora</span> <span class='ocrx_word' id='word_1_634' title='bbox 1664 5561 1905 5611; x_wconf 90' lang='lat' dir='ltr'>menses,</span> 
     </span>
    </p>
   </div>
   <div class='ocr_carea' id='block_1_107' title="bbox 429 5631 1869 5705">
    <p class='ocr_par' dir='ltr' id='par_1_107' title="bbox 429 5631 1869 5705">
     <span class='ocr_line' id='line_1_107' title="bbox 429 5631 1869 5705; baseline 0 -19"><span class='ocrx_word' id='word_1_635' title='bbox 429 5631 693 5686; x_wconf 88' lang='lat' dir='ltr'>Carmine</span> <span class='ocrx_word' id='word_1_636' title='bbox 715 5649 884 5701; x_wconf 90' lang='lat' dir='ltr'>nunc,</span> <span class='ocrx_word' id='word_1_637' title='bbox 918 5635 1114 5701; x_wconf 86' lang='lat' dir='ltr'>lector,</span> <span class='ocrx_word' id='word_1_638' title='bbox 1139 5634 1356 5705; x_wconf 87' lang='lat' dir='ltr'>paucis,</span> <span class='ocrx_word' id='word_1_639' title='bbox 1386 5634 1617 5688; x_wconf 85' lang='lat' dir='ltr'>adverte</span> <span class='ocrx_word' id='word_1_640' title='bbox 1637 5633 1869 5688; x_wconf 88' lang='lat' dir='ltr'>docebo.</span> 
     </span>
    </p>
   </div>
   <div class='ocr_carea' id='block_1_108' title="bbox 2220 5545 3709 5617">
    <p class='ocr_par' dir='ltr' id='par_1_108' title="bbox 2220 5545 3709 5617">
     <span class='ocr_line' id='line_1_108' title="bbox 2220 5545 3709 5617; baseline -0.001 -18"><span class='ocrx_word' id='word_1_641' title='bbox 2220 5547 2401 5600; x_wconf 83' lang='lat' dir='ltr'>Janua</span> <span class='ocrx_word' id='word_1_642' title='bbox 2425 5561 2577 5600; x_wconf 91' lang='lat' dir='ltr'>nunc</span> <span class='ocrx_word' id='word_1_643' title='bbox 2604 5545 2743 5600; x_wconf 89' lang='lat' dir='ltr'>anni</span> <span class='ocrx_word' id='word_1_644' title='bbox 2773 5552 2857 5600; x_wconf 88' lang='lat' dir='ltr'>est</span> <span class='ocrx_word' id='word_1_645' title='bbox 2886 5548 3083 5615; x_wconf 86' lang='lat' dir='ltr'>Janus,</span> <span class='ocrx_word' id='word_1_646' title='bbox 3106 5546 3353 5617; x_wconf 84' lang='lat' dir='ltr'>finisque</span> <span class='ocrx_word' id='word_1_647' title='bbox 3388 5545 3709 5601; x_wconf 89' lang='lat' dir='ltr'>December.</span> 
     </span>
    </p>
   </div>
   <div class='ocr_carea' id='block_1_109' title="bbox 2228 5633 3678 5706">
    <p class='ocr_par' dir='ltr' id='par_1_109' title="bbox 2228 5633 3678 5706">
     <span class='ocr_line' id='line_1_109' title="bbox 2228 5633 3678 5706; baseline -0.001 -17"><span class='ocrx_word' id='word_1_648' title='bbox 2228 5635 2340 5689; x_wconf 85' lang='lat' dir='ltr'>Hos</span> <span class='ocrx_word' id='word_1_649' title='bbox 2371 5649 2597 5690; x_wconf 87' lang='lat' dir='ltr'>menses</span> <span class='ocrx_word' id='word_1_650' title='bbox 2630 5634 2848 5706; x_wconf 89' lang='lat' dir='ltr'>pariter</span> <span class='ocrx_word' id='word_1_651' title='bbox 2873 5635 3007 5690; x_wconf 92' lang='lat' dir='ltr'>solis</span> <span class='ocrx_word' id='word_1_652' title='bbox 3029 5640 3184 5691; x_wconf 87' lang='lat' dir='ltr'>rotat</span> <span class='ocrx_word' id='word_1_653' title='bbox 3210 5634 3393 5690; x_wconf 84' lang='lat' dir='ltr'>orbita</span> <span class='ocrx_word' id='word_1_654' title='bbox 3422 5633 3678 5706; x_wconf 87' lang='lat' dir='ltr'>punctis:</span> 
     </span>
    </p>
   </div>
  </div>
