4044 6174
190 384 277 435 633
1174 374 1619 431 HOROLOGIUM
1664 375 1799 429 PER
1839 374 1931 428 XII
1972 371 2283 429 MENSIUM
2329 374 2656 430 PUNCTOS.
3556 376 3660 430 634

188 523 310 585 Quae
342 518 509 572 volvit
537 517 840 581 Februum,
880 514 1252 568 undecimum
1284 514 1430 583 regit
1462 513 1581 584 ipsa
1619 514 1855 567 Novem-
1892 518 1936 569 A
1974 514 2199 568 Umbris
2226 514 2345 584 ipsa
2382 514 2575 567 decem
2607 514 2730 584 tigit
2752 514 2917 567 simul
2948 519 3118 585 atque
3143 531 3418 568 novenos.

1628 604 1813 676 [brem
1839 620 1850 657 :

188 696 399 751 Martius
428 694 770 749 Octimbrem
802 692 985 762 spatio
1018 692 1125 746 sibi
1157 693 1332 746 nectit
1363 692 1561 746 eodem
1590 708 1602 745 :

186 788 312 840 Tum
344 783 661 853 Septiuibre
695 782 794 834 tibi
828 782 886 834 in
918 783 1183 851 splizeran
1218 781 1507 835 concurrit
1532 782 1779 853 Aprilis:

184 877 486 939 Augustum
512 870 686 923 Maius
711 876 902 922 centro
936 875 1259 939 prospectat
1291 869 1359 922 ab
1390 870 1547 939 ipso:

182 961 335 1015 Junia
366 959 675 1023 Quintilem
708 958 983 1011 scandens
1013 958 1187 1011 trahit
1217 958 1402 1011 orbita
1434 974 1709 1011 mensem.

183 1050 315 1112 Quas
345 1049 512 1101 horas
546 1047 651 1099 sibi
682 1064 808 1116 qua:
835 1048 1087 1115 jungunt
1119 1047 1175 1098 in
1203 1046 1389 1100 fronte
1415 1047 1621 1113 videto,

186 1139 381 1202 Lector,
407 1142 463 1188 et
491 1136 548 1187 in
575 1136 788 1188 cunctis
820 1152 982 1205 aeque
1015 1136 1316 1188 observare
1352 1141 1663 1189 memento.

185 1225 352 1277 Mense
383 1222 538 1274 omni
568 1222 755 1291 prima
788 1222 1108 1275 undecimae
1132 1222 1709 1292 conjungiturhoraa:

184 1311 311 1366 Hinc
342 1311 557 1363 umbris
590 1311 870 1363 decimam
902 1311 1076 1363 nectit
1103 1328 1387 1381 cursuque
1421 1313 1669 1365 secunda
1697 1328 1710 1379 ;

183 1400 351 1453 Tertia
382 1415 510 1451 mox
545 1416 752 1452 nonani
784 1400 1010 1470 punctis
1040 1401 1441 1470 complectitur
1472 1401 1691 1454 hisdem
1720 1422 1734 1468 ;

183 1489 379 1543 Octavze
414 1490 629 1560 pariter
660 1491 984 1560 praecedens
1007 1496 1206 1561 quarta
1239 1492 1488 1545 cohaeret
1522 1506 1534 1560 ;

184 1577 428 1640 Quintam
466 1580 835 1648 subsequitur
865 1596 1104 1632 numero
1146 1585 1274 1648 post
1305 1580 1547 1650 septima
1573 1580 1746 1650 justo.

182 1667 293 1718 Sola
323 1683 450 1719 suas
482 1672 706 1721 tantum
739 1684 1037 1721 mensuras
1066 1675 1222 1722 sexta
1248 1674 1513 1723 retentat.

183 1754 437 1808 Omnibus
469 1757 591 1817 has,
626 1758 821 1821 lector,
856 1758 1211 1827 conjungeus
1244 1758 1537 1812 mensibus
1566 1759 1757 1823 horas,

182 1842 287 1905 Quo
315 1852 583 1913 superent
608 1847 794 1916 spatio
820 1847 1181 1914 umbrarum,
1216 1848 1487 1902 cedantve
1520 1847 1706 1900 videto
1731 1863 1742 1900 :

183 1931 281 1983 Hoc
309 1938 499 1985 tamen
530 1934 587 1985 in
621 1934 819 2003 primis
850 1950 1090 1988 noscens
1120 1935 1388 2001 retineto,
1426 1936 1579 2005 quod
1613 1935 1767 1989 orbis

185 2020 405 2073 Diversae
437 2028 628 2092 partes
659 2023 843 2075 varias
876 2024 1122 2077 formant
1152 2041 1379 2095 quoque
1411 2029 1591 2078 metas
1625 2041 1637 2077 :

185 2111 305 2163 Nam
331 2128 455 2181 qua:
487 2112 672 2165 vicino
696 2118 989 2166 torrentur
1013 2115 1133 2167 sole
1164 2114 1267 2167 sub
1299 2115 1594 2182 Austrum,

186 2199 245 2252 Ut
273 2215 427 2269 mage
464 2201 589 2254 luce
624 2202 829 2265 nitent,
866 2202 1136 2254 minimas
1168 2202 1246 2255 sic
1275 2203 1511 2272 gignere
1544 2208 1784 2273 possunt

188 2287 440 2342 Umbras:
480 2305 609 2359 quae
656 2290 843 2341 boreae
875 2289 1200 2359 frigentque
1227 2291 1535 2361 jacentque
1580 2293 1683 2346 sub
1733 2308 1854 2357 axe,

189 2378 335 2429 Nocte
374 2378 558 2448 magis
600 2380 790 2447 longa,
837 2379 1203 2448 tenebrisque
1252 2387 1595 2449 premuntur
1640 2382 1851 2451 opacis.

188 2469 306 2527 Qua:
338 2467 537 2519 mediis
560 2467 631 2519 ab
662 2474 906 2537 utroque
937 2468 1220 2521 absistunt
1252 2470 1507 2538 partibus
1535 2487 1658 2533 axe,

188 2555 319 2607 lnter
372 2560 685 2626 utrumque
743 2556 915 2610 etiam
970 2558 1155 2611 lucem
1212 2557 1589 2611 moderantur
1637 2564 1693 2611 et
1737 2574 1857 2611 um—

1688 2646 1853 2719 [bras.

189 2731 310 2801 Ergo
340 2749 463 2803 age,
498 2733 544 2785 si
568 2733 824 2803 subjecta
855 2736 1135 2804 legentem
1170 2736 1400 2805 pagina,
1436 2737 1633 2802 lector,

186 2820 248 2871 Te
277 2826 478 2886 movet,
516 2822 618 2874 hac
645 2823 801 2875 illam
835 2825 1072 2893 regione
1108 2826 1397 2895 probabis,
1428 2825 1497 2877 ab
1526 2825 1651 2895 ipso

189 2908 415 2963 Danubio
454 2912 737 2980 Hesperia!
771 2913 987 2982 primos
1028 2930 1156 2983 qum
1188 2914 1371 2983 vergit
1398 2914 1464 2966 ad
1498 2919 1678 2977 ortus,

188 2997 543 3067 Lugduuique
575 3000 731 3062 urbe,
780 3006 835 3052 et
869 3000 1128 3053 Rhodani
1160 3001 1428 3055 distincta
1459 3002 1710 3067 ﬂuentis,

184 3085 407 3155 Respicit
440 3087 649 3139 Oceani
682 3088 1021 3141 interclusos
1060 3090 1197 3143 orbe
1222 3078 1542 3155 Britannos,

186 3174 283 3225 Hoc
311 3190 538 3244 quoque
570 3181 623 3227 te
644 3176 795 3243 juste
829 3178 1100 3231 horarum
1134 3194 1400 3231 mensura
1438 3179 1710 3245 monebit,

188 3262 502 3316 Umbrarum
538 3269 727 3317 motus
758 3265 961 3333 primis
991 3282 1063 3319 ne
1096 3268 1239 3320 forte
1275 3268 1545 3321 Kalendis

188 3349 379 3403 Ponere
409 3358 468 3403 et
491 3352 561 3405 ad
590 3354 760 3406 linem
791 3354 927 3407 velis
956 3355 1266 3423 perducere
1300 3356 1514 3408 mensis
1540 3372 1550 3408 :

187 3436 306 3490 Nam
336 3439 517 3508 pridie
550 3441 885 3494 umbrarum
909 3443 1080 3495 fuerit
1111 3460 1240 3513 qua:
1272 3448 1425 3497 meta
1452 3445 1711 3514 priorum

184 3523 281 3579 Sub
308 3533 531 3580 noctem
562 3529 761 3598 nequit
794 3529 851 3582 in
885 3531 1066 3584 varios
1099 3534 1341 3585 transire
1372 3548 1675 3586 recursus:

182 3616 220 3666 A
248 3616 422 3669 medio
456 3616 512 3668 in
541 3618 790 3670 medium
826 3620 1035 3672 sensim
1068 3620 1167 3673 sed
1212 3636 1462 3674 crescere
1494 3636 1749 3675 mensem

184 3700 484 3758 Diminuive
520 3705 750 3759 umbras
782 3723 915 3760 vera
948 3708 1167 3761 ratione
1202 3708 1496 3776 docemur,

183 3792 217 3843 A
244 3793 420 3847 medio
447 3794 505 3847 in
537 3794 789 3848 medium
821 3796 1116 3866 signorum
1143 3803 1204 3851 ut
1227 3799 1470 3852 volvitur
1496 3804 1673 3853 ortus.

186 3979 494 4047 Horarum
540 3989 684 4065 jam
736 4006 917 4049 nunc
970 3993 1283 4051 texemus
1333 3990 1401 4051 in
1438 3990 1673 4052 ordine
1712 4008 1851 4053 me-

1685 4101 1811 4174 [tas
1836 4119 1850 4171 ;

186 4189 455 4256 Humani
495 4196 757 4273 ignaris
803 4204 1139 4261 monstrat
1178 4218 1347 4280 quas
1380 4201 1682 4282 corporis
1715 4220 1854 4263 um-

1683 4308 1847 4383 [bra.

612 4439 677 4475 DE
718 4438 980 4477 JANUARIO
1024 4441 1081 4477 ΕΤ
1122 4441 1402 4477 ΟΕΟΕΜΒΙΗ.

187 4550 339 4604 Linea
368 4570 495 4623 quas
524 4556 649 4609 Jani
684 4556 866 4625 prima
891 4562 976 4610 est
1005 4558 1333 4627 pariterque
1365 4557 1707 4622 Decembris,

182 4637 407 4695 Tricenis
456 4644 697 4712 pedibus
738 4645 1003 4716 binisque
1043 4646 1361 4716 exporrigit
1423 4646 1706 4714 umbram,

186 4726 530 4801 Undenisque
560 4750 804 4803 sequens
833 4735 1079 4804 pedibus
1120 4750 1249 4788 mox
1290 4736 1495 4789 umbra
1524 4735 1713 4788 recisis

186 4814 406 4872 Tantum
438 4821 524 4874 bis
557 4822 716 4875 denis
747 4839 980 4893 unoque
1007 4829 1238 4877 extensa
1265 4826 1521 4894 patescit.

188 4902 338 4959 Linea
366 4914 605 4980 tumque
636 4912 808 4980 pedes
838 4914 1141 4969 concidens
1166 4914 1333 4967 tertia
1359 4913 1542 4978 binos,

1966 605 2181 658 Rursus
2213 608 2270 656 et
2301 604 2432 656 hinc
2464 604 2713 657 Geminis
2745 605 2860 655 sole
2896 608 3182 657 crescente
3213 603 3443 673 fugatis,

1964 694 2195 763 Septem
2227 699 2430 763 quarta
2462 692 2631 762 pedes
2665 692 2870 744 retinet
2903 708 3172 745 mensura
3198 693 3528 763 decemque.

1966 783 2080 835 Hac
2111 781 2281 834 etiam
2314 780 2464 834 binis
2497 782 2700 833 umbra
2735 781 2986 850 fugiente
3028 781 3243 846 recisis,

1962 873 2069 925 Ter
2098 870 2289 941 quinis
2315 871 2575 940 quintam
2605 870 2846 939 pedibus
2880 887 2979 921 sua
3010 871 3158 923 linea
3189 870 3389 924 tendit.

1965 960 2234 1013 Centrum
2261 964 2499 1027 tumque
2532 960 2757 1011 brevem
2784 959 2904 1028 jam
2938 960 3055 1010 sole
3098 964 3329 1028 regente
3362 959 3586 1013 duobus

1965 1048 2198 1115 Abscisi,
2232 1052 2426 1100 ternos
2459 1048 2636 1100 denos
2669 1047 2775 1100 sibi
2809 1052 2963 1099 sexta
2992 1052 3255 1099 retentat.

1965 1137 2231 1191 (laedendi
2260 1137 2411 1189 hunc
2444 1152 2662 1189 morem
2697 1137 2921 1189 muneri
2963 1136 3212 1189 servabis
3244 1136 3475 1206 ubique.

2376 1270 2439 1305 DE
2482 1267 2787 1306 FEIJRUARIO
2832 1269 2893 1305 ΕΤ
2934 1268 3235 1305 NOVEMBRI.

1963 1361 2099 1424 Quae
2137 1361 2421 1414 Februum
2446 1366 2651 1412 natura
2683 1364 2839 1413 tenet
2870 1359 3157 1429 sociatque
3188 1358 3585 1424 Novembrem,

1964 1452 2072 1504 Ter
2099 1450 2261 1504 denis
2296 1450 2535 1521 pedibus
2564 1466 2859 1519 supremas
2881 1450 3101 1518 colligit
3132 1448 3384 1513 umbras,

1966 1541 2207 1609 Moxque
2241 1556 2441 1592 novem
2473 1544 2731 1592 constant
2754 1538 2997 1607 pedibus
3023 1536 3297 1606 denisque
3320 1541 3655 1606 sequentes;

1970 1629 2142 1683 Linea
2172 1635 2296 1682 tum
2328 1634 2544 1698 septem
2578 1633 2749 1697 atque
2784 1628 2979 1680 decem
3011 1626 3117 1679 sibi
3151 1626 3316 1678 tertia
3348 1626 3549 1679 tendit.

1968 1719 2177 1782 Quarta
2210 1718 2384 1787 pedes
2418 1718 2628 1787 pariter
2661 1724 2744 1769 ter
2776 1716 2983 1785 quinos
3014 1714 3231 1783 colligit
3262 1715 3488 1782 umbra,

1897 1816 1936 1869 Β
1968 1808 2106 1860 Hinc
2138 1807 2377 1875 pedibus
2405 1805 2580 1859 ternis
2612 1823 2673 1858 ac
2713 1805 2871 1858 denis
2912 1804 3113 1874 quinta
3141 1804 3398 1872 patescit,

1965 1896 2461 1965 Scandentemque
2494 1899 2675 1948 rotam
2701 1893 2943 1947 undenis
2966 1909 3093 1945 mox
3126 1898 3283 1946 sexta
3310 1896 3547 1945 coercet.

2476 2028 2540 2063 DE
2581 2027 2774 2063 MARTIO
2818 2027 2875 2062 ET
2913 2024 3157 2062 OCTOBRI.

1967 2119 2238 2174 Cursibus
2275 2118 2573 2173 Octobrem
2610 2117 2839 2171 sibimet
2870 2116 2999 2186 quis
3029 2115 3260 2169 Martius
3288 2120 3497 2185 aequat,

1967 2209 2103 2262 Octo
2138 2209 2309 2278 pedes
2337 2208 2521 2277 prima
2553 2213 2608 2259 et
2637 2206 2724 2259 his
2754 2206 2932 2260 denos
2966 2206 3119 2259 linea
3148 2204 3293 2275 tigit,

1969 2302 2152 2354 Denos
2192 2307 2245 2353 et
2278 2304 2492 2369 septem
2527 2299 2775 2367 complet
2809 2298 3119 2367 statuitque
3150 2297 3397 2349 secunda
3425 2316 3439 2361 ;

1968 2385 2153 2438 Tertia
2187 2383 2495 2455 quindenis
2533 2383 2740 2436 Phcebo
2768 2382 3109 2435 ascendente
3131 2386 3377 2445 tenetur,

1967 2474 2179 2537 Quarta
2209 2474 2404 2527 decem
2450 2472 2726 2525 excedens
2774 2471 3014 2541 pedibus
3046 2471 3194 2540 fugit
3224 2470 3417 2539 agnita
3463 2468 3658 2533 ternis,

1969 2563 2090 2616 Mox
2121 2562 2292 2615 etiam
2324 2560 2527 2631 quinta
2565 2559 2805 2612 undcnis
2839 2558 3080 2627 spatiata
3116 2558 3356 2611 recedit:

1966 2651 2130 2705 Sexta
2164 2666 2363 2703 novem
2396 2649 2639 2719 pedibus
2663 2648 2864 2718 pandit
2897 2663 2997 2700 sua
3028 2647 3250 2702 lumina
3278 2646 3500 2701 deinde.

2449 2782 2513 2817 DE
2550 2781 2726 2817 AI’RILI
2769 2780 2829 2816 ET
2869 2779 3181 2816 SEPTEMBRI.

1966 2878 2101 2938 Qum
2136 2872 2239 2927 tibi
2268 2872 2603 2941 September
2643 2873 2939 2923 tlorentem
2972 2869 3146 2921 nectit
3174 2868 3445 2937 Aprilem,

1970 2963 2057 3015 Bis
2088 2961 2251 3015 denis
2293 2960 2555 3013 umbram
2587 2966 2641 3011 et
2673 2959 2821 3011 senis
2854 2958 3019 3010 docet
3050 2957 3233 3009 orbita
3266 2957 3533 3026 primam,

1968 3053 2028 3104 In
2060 3050 2296 3121 pedibus
2328 3049 2433 3101 sub
2466 3048 2772 3118 quindenis
2800 3046 3040 3116 tigitque
3074 3045 3411 3108 secundum,

1896 3161 1935 3215 ρ
1965 3138 2163 3192 Ternis
2192 3154 2255 3190 ac
2283 3137 2442 3190 denis
2476 3152 2700 3189 cursum
2735 3151 2961 3204 quoque
2994 3133 3162 3187 tertia
3188 3133 3409 3198 freenat,

1970 3226 2223 3281 Undenis
2253 3241 2512 3278 crescens
2545 3224 2783 3294 pedibus
2814 3229 2935 3276 tum
2970 3227 3173 3292 quarta
3203 3222 3435 3283 recedit,

1967 3315 2177 3379 Quinta
2204 3330 2405 3367 novem
2438 3313 2682 3383 pedibus
2728 3328 2957 3364 cursum
2991 3310 3316 3379 clauditque
3346 3314 3656 3379 patentem,

1964 3404 2338 3476 Septenisque
2369 3419 2501 3455 suos
2537 3401 2827 3470 componit
2857 3404 3009 3452 sexta
3044 3403 3283 3451 meatus.

2512 3534 2578 3570 DE
2620 3534 2745 3570 MAlO
2786 3533 2845 3569 ΕΤ
2884 3530 3140 3571 AUGUSTO.

1965 3629 2287 3694 Augustum
2326 3628 2380 3676 et
2411 3622 2621 3676 Maium
2645 3622 2836 3690 jungit
2868 3638 2995 3692 quae
3034 3621 3179 3674 linea
3208 3620 3488 3690 primum,

1970 3713 2057 3766 Bis
2094 3713 2253 3766 denis
2282 3711 2501 3764 umbrze
2537 3711 2776 3779 pedibus
2809 3714 2959 3762 meat
2989 3713 3158 3778 atque
3192 3709 3507 3779 quaternis,

1964 3803 2107 3857 Cum
2142 3800 2305 3854 denis
2338 3805 2529 3852 ternos
2560 3798 2831 3851 excrescit
2866 3814 3109 3868 moxque
3140 3799 3415 3863 secunda;

1969 3889 2218 3944 Undenis
2249 3889 2466 3941 clarum
2499 3886 2789 3939 concludit
2816 3887 2983 3939 tertia
3014 3902 3242 3939 cursum
3271 3903 3283 3938 :

1963 3980 2171 4043 Quarta
2208 3982 2362 4047 patet
2393 3976 2635 4045 pedibus
2668 3974 2810 4027 coelo
2842 3974 3122 4043 tepefacta
3150 3974 3391 4027 novenis
3417 3990 3429 4027 :

1965 4070 2194 4137 Septem
2227 4066 2429 4135 quinta
2468 4068 2625 4116 tenet
2658 4062 2909 4132 propriis
2939 4062 3100 4116 ﬁnita
3127 4062 3231 4116 sub
3265 4061 3520 4115 umbris:

1965 4157 2249 4227 Sextaque
2277 4160 2395 4207 tum
2431 4151 2621 4222 quinis
2651 4152 2893 4204 ferventi
2915 4156 3096 4205 cessat
3125 4152 3181 4204 in
3214 4150 3369 4204 orbe.

2519 4282 2586 4318 DE
2628 4280 2791 4319 JUNIO
2834 4280 2896 4317 ET
2934 4280 3113 4317 JL'LIO.

1965 4384 2248 4436 Horarum
2279 4382 2385 4437 sibi
2418 4382 2727 4446 Quintilem
2760 4381 2886 4451 quis
2916 4380 3117 4433 Junius
3150 4384 3357 4449 aequat,

1894 4468 1937 4521 D
1968 4472 2057 4525 Bis
2083 4472 2244 4525 denis
2275 4472 2461 4540 prima
2492 4471 2549 4523 in
2582 4470 2823 4538 pedibus
2856 4473 3010 4538 patet
3039 4473 3209 4538 atque
3241 4468 3485 4533 duobus,

1967 4559 2338 4627 Undenisque
2370 4573 2565 4610 means
2596 4557 2915 4609 ostenditur
2950 4555 3081 4609 inde
3114 4554 3381 4619 secunda,

1964 4648 2152 4719 Tertia
2187 4661 2436 4716 moxque
2470 4646 2641 4715 pedes
2669 4646 2859 4714 explet
2879 4659 3214 4713 comprensa
3241 4658 3514 4709 novenos,

1965 4736 2176 4790 Estivo
2217 4741 2437 4805 septem
2471 4750 2602 4787 mox
2634 4734 2818 4787 tendit
2844 4738 3050 4803 quarta
3076 4732 3285 4797 calore,

1964 4824 2290 4893 Quiutaque
2321 4830 2442 4876 tum
2474 4823 2715 4893 pedibus
2740 4820 3069 4875 conscendit
3100 4820 3251 4874 linea
3282 4820 3489 4890 quinis,

1967 4914 2111 4969 Hinc
2132 4918 2326 4967 centro
2351 4917 2572 4965 torrens
2602 4918 2797 4965 ternos
2829 4911 2935 4963 sibi
2960 4915 3113 4964 sexta
3144 4914 3391 4964 retentat
