4044 6174
424 254 526 309 635

427 405 2191 438 Ἢ

1498 271 2014 333 WANDALBERTI
2060 281 2472 340 PRUMIENSIS
2512 286 2823 341 MONACHI

1964 556 2373 646 INCIPIT

1322 771 1508 880 DE
1602 775 2417 893 CREATIONE
2522 791 2990 931 MUNDI

937 1280 1009 1319 DE
1053 1284 1162 1321 ἰ]Νο
1202 1287 1261 1324 ET
1295 1289 1454 1327 TRINO
1492 1291 1596 1330 ΠΕΟ

771 1376 795 1400 ⁸
828 1367 1099 1440 Simplex,
1129 1391 1306 1443 purus
1337 1383 1392 1431 et
1426 1397 1569 1433 unus

769 1457 983 1511 )Eterni
1020 1463 1183 1515 Pater
1213 1469 1383 1534 atque

771 1544 1023 1601 Summa:
1056 1548 1179 1602 fons
1207 1552 1499 1609 bonitatis.

769 1634 1021 1688 Existens
1052 1637 1173 1691 sine
1202 1640 1317 1694 ﬁne

766 1723 884 1776 Aivi
915 1725 1338 1800 principioque,

767 1810 1067 1867 Concrevit
1097 1817 1246 1870 Deus
1277 1820 1471 1875 orbem
1501 1839 1513 1875 :

766 1900 949 1955 Verbo
981 1910 1183 1958 cuncta
1205 1914 1452 1975 creante,

764 1988 976 2044 Rerum
1003 1994 1267 2049 machina
1293 2002 1531 2065 constat,

766 2076 1009 2131 Volvens
1039 2098 1211 2151 quam
1245 2090 1393 2139 rotat
1419 2088 1558 2141 axis.

764 2165 870 2217 Par
898 2167 1047 2220 Patri
1082 2171 1423 2243 Genitoque,

763 2252 1032 2308 Lustrans
1055 2257 1272 2312 lumine
1298 2268 1520 2328 cuncta,

762 2341 1032 2397 Mundum
1066 2346 1309 2415 Spiritus
1331 2350 1575 2422 implet:

767 2431 888 2484 Una
910 2438 966 2485 et
993 2434 1145 2487 trina
1173 2444 1423 2506 potestas

762 2518 1039 2574 Distincto
1072 2526 1421 2595 moderatur,

760 2607 1064 2678 Complexa
1097 2615 1310 2681 omnia,
1349 2622 1512 2671 nutu.

1042 2748 1114 2799 De
1143 2746 1231 2800 die
1257 2752 1454 2816 primo.

756 2847 946 2901 Prima
979 2850 1111 2903 hinc
1141 2860 1320 2909 exstat
1350 2859 1531 2929 origo,

755 2937 953 2991 Carnis
980 2940 1161 2995 libera
1192 2960 1362 3012 nexu,

753 3026 891 3080 lei
924 3044 1051 3098 quae
1074 3035 1229 3085 tenet
1250 3035 1460 3103 aulam,

752 3116 967 3185 Regem
998 3135 1244 3190 quaeque
1270 3123 1537 3193 videndo,

755 3205 963 3274 Legem
988 3223 1118 3261 vere
1149 3208 1377 3265 beatam

749 3292 964 3359 Servat,
993 3297 1394 3369 militiamque.

749 3382 889 3434 Vero
918 3383 1040 3437 haec
1069 3386 1287 3440 lumine
1310 3390 1474 3443 nobis

748 3470 865 3522 Lux
895 3487 925 3523 e
956 3471 1113 3525 fonte
1136 3477 1374 3543 perenni

749 3556 1031 3611 Illustrata
1054 3563 1293 3628 patescit
1325 3580 1337 3616 :

747 3645 900 3698 Hanc
938 3663 1065 3717 quae
1099 3657 1301 3719 sponte
1333 3654 1563 3725 reliquit

745 3735 898 3801 Pars,
931 3736 1069 3791 dum
1095 3754 1240 3793 caaca
1262 3744 1538 3812 superbit,

746 3822 917 3877 Nocte
951 3825 1071 3880 haec
1104 3828 1298 3883 horret
1328 3836 1385 3885 et
1416 3834 1669 3890 umbris:

749 3912 1024 3967 Discernit
1054 3918 1147 3970 sed
1182 3924 1484 3991 utramque

744 4000 1035 4070 Regnator
1063 4006 1230 4073 Deus,
1263 4008 1438 4079 inque

744 4088 954 4158 Dignos
984 4092 1237 4162 disparat
1258 4102 1433 4150 ortus.

745 4177 871 4230 Haec
892 4182 1216 4247 spernenda
1246 4184 1457 4238 furoris

742 4265 905 4317 Virus
939 4269 1326 4341 nequitiaeque

740 4352 912 4407 Cmcis
946 4358 1285 4413 mortalibus
1313 4361 1502 4418 addit:

740 4441 879 4495 Vita!
911 4449 996 4496 ast
1025 4445 1122 4499 illa
1153 4447 1356 4517 beata),

739 4530 1089 4603 Virtutisque
1109 4536 1375 4606 benignae

736 4617 957 4674 Sensim
984 4624 1200 4694 spargit
1228 4642 1504 4685 amorem.

736 4707 855 4761 Mox
886 4710 1092 4765 coelum
1126 4715 1268 4767 Deus
1300 4718 1501 4779 altum,

738 4797 1090 4871 Informique
1117 4805 1324 4857 creavit

736 4886 973 4941 Mersam
1006 4891 1257 4959 pondere
1280 4897 1513 4962 terram,

733 4974 870 5037 Quae
903 4992 1177 5047 magnum
1211 4997 1314 5050 per
1340 4982 1511 5037 inane

735 5063 897 5116 Lucis
927 5080 1162 5119 munere
1192 5068 1467 5139 primum,

734 5150 911 5204 Undis
946 5156 1111 5219 tecta,
1139 5162 1375 5210 careret.

733 5238 829 5291 His
858 5247 1119 5295 concreta
1142 5241 1379 5297 fuerunt

730 5327 881 5396 Ignis
909 5330 1130 5383 semina
1160 5332 1309 5401 puri,

730 5414 1032 5487 Siccusque
1060 5419 1203 5472 acris
1232 5420 1459 5477 humor.

445 5562 469 5587 ἰ
507 5555 748 5610 Mettum
780 5559 1172 5617 ferecraticum
1200 5564 1547 5620 trimetrum.

2020 1150 2313 1161 ———_

1679 1019 1805 1061 PER
1848 1021 2147 1066 0RDINEM
2188 1027 2446 1073 DIERUM
2492 1030 2633 1073 SEX.

2578 1294 2792 1362 Nempe
2824 1294 2912 1347 his
2942 1302 3144 1350 cuncta
3175 1300 3379 1352 coactis

2568 1380 2748 1433 Sensu
2782 1399 3022 1453 corpora
3051 1388 3207 1439 nullo

2568 1470 2834 1523 Afﬂatore
2863 1479 3184 1529 moventur.

2828 1600 2904 1651 De
2927 1599 3014 1652 die
3042 1602 3291 1655 secundo.

2568 1700 2705 1755 (Σωιί
2733 1702 2867 1756 hinc
2897 1706 3160 1774 proxima
3189 1709 3354 1762 terris

2567 1790 2704 1843 Pars
2734 1797 2817 1845 est
2839 1794 3086 1859 condita,
3118 1797 3282 1850 tetris

2564 1879 2726 1949 Saepe
2757 1881 2999 1935 obnoxia
3028 1884 3237 1940 furnis.

2566 1969 2743 2023 Undte
2774 1986 3023 2041 namque
3057 1989 3322 2043 supernae

2564 2058 2965 2129 Telluremque
2997 2066 3273 2130 tegentes,

2561 2147 2763 2199 Iuncta
2796 2149 2944 2201 mole
2975 2150 3234 2204 ruebant.

2564 2236 2674 2289 Has
2704 2236 2854 2290 inter
2881 2239 3028 2291 Deus
3057 2244 3255 2293 auctor

2565 2324 2835 2378 Firmavit
2862 2327 3195 2381 nebulosam

2557 2412 2851 2482 Sphazram
2882 2416 3339 2487 nubiferamque.

2561 2503 2686 2555 Haec
2714 2503 2797 2555 vis
2830 2520 3034 2575 nempe
3070 2505 3341 2575 liquentis

2557 2590 2944 2661 Undantisque
2966 2594 3253 2661 elementi,

2556 2679 2692 2732 Coeli
2724 2685 3005 2750 temperat
3032 2682 3213 2751 ignes.

2864 2810 2933 2860 De
2957 2807 3045 2861 die
3073 2811 3251 2863 tertio.

2556 2911 2668 2963 Hoc
2698 2926 2767 2964 ex
2797 2912 2997 2965 ordine
3018 2914 3250 2967 demum

2555 2999 2628 3051 Fo
2638 2999 2814 3053 rmosi
2844 3005 3000 3053 sator
3027 3002 3182 3055 orbis

2552 3088 2726 3140 Undis
2749 3105 2881 3141 arva
2903 3090 3107 3143 retexit
3130 3107 3144 3156 ;

2549 3177 2782 3245 Magnos
2809 3178 2983 3249 inque
3016 3184 3238 3233 meatus

2552 3265 2720 3318 Moles
2750 3282 2943 3332 sparsa
2968 3268 3218 3323 ﬂuentis.

2549 3354 2773 3420 Fontes,
2807 3355 3067 3421 ﬂumina,
3102 3357 3230 3417 rivi,

2546 3441 2757 3511 Stagna
2784 3448 2841 3497 et
2868 3444 3121 3497 maxima
3151 3446 3291 3516 ripis

2542 3530 2667 3583 Mox
2697 3531 2961 3585 distincta
2992 3540 3276 3588 mearunt.

2546 3620 2735 3672 Tellus
2772 3621 2924 3675 nuda
2952 3629 3189 3692 repente

2544 3708 2809 3762 Formam
2839 3710 2966 3763 laeta
2997 3712 3277 3767 virentem

2543 3797 2783 3850 Frondis
2816 3800 3022 3853 comsit
3053 3801 3270 3855 honore
3297 3817 3310 3854 :

2542 3885 2723 3939 Arbor
2759 3888 2976 3941 semina
3016 3905 3283 3961 quaeque,

2544 3974 2731 4028 Fmtus
2760 3976 2941 4030 herba
2974 3978 3203 4043 sativos,

2539 4062 2722 4116 Verbo
2754 4069 2995 4134 urgente
3024 4071 3307 4121 crearunt.

2839 4191 2911 4242 De
2939 4189 3026 4243 die
3058 4194 3270 4258 quarto.

2538 4292 2687 4347 Neve
2717 4294 2841 4349 haec
2865 4302 3069 4351 cuncta
3094 4303 3355 4351 carerent

2536 4380 2678 4435 Caro
2704 4383 2845 4436 lucis
2875 4384 3114 4453 honore,

2534 4468 2903 4542 Spirantique
2928 4474 3135 4540 calore,

2534 4558 2679 4612 Solis
2708 4560 2972 4614 conditor
3001 4561 3216 4631 ignem,

2538 4647 2708 4700 Lunae
2732 4653 2788 4701 et
2816 4648 3081 4719 lampada
3114 4650 3296 4718 ﬁnxit,

2534 4735 2776 4788 Stellaru
2788 4754 2958 4807 mque
2985 4739 3216 4794 nitores.

2534 4823 2780 4893 Sphaeris
2811 4833 2959 4880 astra
2986 4828 3091 4881 sub
3118 4828 3324 4899 amplis

2535 4912 2663 4965 Haec
2694 4914 2869 4968 inﬁxa
2900 4932 3152 4983 manere,

2536 5001 2667 5054 Haec
2698 5009 2831 5056 sunt
2857 5005 3015 5073 jussa
3048 5005 3283 5071 moveri,

2535 5090 2669 5153 Quae
2704 5092 2867 5145 annis
2896 5098 3069 5162 atque
3102 5094 3317 5158 diebus,

2532 5179 2733 5249 Signis,
2765 5181 3158 5253 prodigiisque

2530 5264 2866 5329 Prmessent,
2899 5267 3389 5338 temporibusque.

2529 5352 2742 5407 Phcebo
2776 5354 2964 5408 sidera
2994 5357 3064 5410 ab
3098 5373 3211 5410 uno

2534 5442 2750 5497 Lumen
2778 5449 2979 5498 cuncta
3001 5450 3324 5515 capessunt.

3794 300 3879 352 636
