4044 6174
202 296 311 369 637.

516 424 631 478 Nox
662 424 790 493 quis
821 425 1058 479 horrida
1087 427 1253 483 cedit.

513 512 652 573 Ouin
684 521 740 566 et
770 514 905 567 luna
934 522 1123 570 meatu

515 600 763 667 Diverso,
796 602 1051 655 variante

514 688 657 742 Orbe
688 688 905 742 incerta
932 707 1279 763 vagansque,

510 777 651 831 Solis
682 778 899 832 lumine
927 781 1099 849 plena

513 867 670 918 Nunc
701 867 921 932 crescit,
956 869 1271 941 radiatque,

515 955 671 1007 Nunc
702 957 947 1010 obducta
978 960 1209 1013 recedit.

784 1083 855 1134 De
884 1081 974 1134 die
1005 1085 1214 1150 quinto.

511 1176 817 1247 Postquam
851 1179 1035 1233 sidere
1068 1181 1235 1249 pleno

512 1264 759 1318 Concors
790 1271 873 1319 est
906 1268 1124 1321 radiata

512 1354 617 1406 Lex
654 1358 709 1406 et
738 1354 949 1409 fabrica
980 1373 1190 1423 rerum,

510 1442 763 1495 Viventis
785 1444 949 1511 jubet
982 1452 1173 1500 oztum

512 1530 739 1584 Naturae
772 1533 902 1585 inde
934 1534 1163 1588 Creator

506 1618 904 1690 Spirantisque
936 1624 1150 1676 moveri
1183 1641 1196 1678 :

508 1708 680 1761 Undis
711 1709 859 1762 mira
890 1716 1124 1779 repente

506 1797 750 1850 Emersit
784 1798 1105 1867 specierum

508 1885 681 1937 Moles
714 1885 1148 1941 innumerarum
1178 1906 1190 1942 :

504 1974 625 2027 Mox
657 1991 1012 2046 quaecunque
1043 1982 1241 2032 natatu

504 2062 807 2132 Complent
839 2080 1091 2135 aequora,
1126 2084 1369 2139 quaeque

503 2149 799 2204 Scandunt
829 2168 959 2205 aera
992 2156 1217 2223 pennis,

502 2238 802 2293 Diversum
837 2258 1037 2311 genus,
1074 2250 1244 2315 atque

506 2327 727 2380 Formae
755 2345 995 2400 corpora
1026 2346 1274 2401 magnae,
1308 2339 1363 2389 et

502 2415 634 2468 Cete
669 2415 924 2484 ingentia
957 2425 1223 2490 surgunt,

500 2503 622 2556 Mox
653 2506 920 2574 grandes,
956 2508 1278 2580 modicique

502 2593 711 2658 Pisces,
745 2595 981 2648 saltibus
1014 2597 1195 2650 undas

498 2680 883 2753 Squamisque
912 2691 1349 2754 exsuperantes;

500 2769 685 2823 Testis
718 2786 846 2824 mox
879 2789 1108 2843 quoque
1139 2775 1331 2828 clausa

498 2857 698 2928 Surgit
724 2859 913 2923 turba,
948 2862 1240 2933 marisque

497 2946 596 2997 Vis
622 2947 902 3001 immensa
934 2948 1153 3003 feracis.

499 3034 673 3087 Pictae
703 3051 948 3106 moxque
978 3037 1258 3099 volucres,

498 3121 688 3188 Silvis,
722 3140 853 3178 rure
889 3126 973 3179 vel
1002 3126 1193 3192 undis,

498 3208 672 3263 Sueto
698 3226 766 3264 ex
795 3228 1027 3283 aequore
1057 3219 1313 3269 manant.

798 3336 876 3389 De
906 3337 992 3390 die
1020 3343 1190 3393 sexto.

492 3430 737 3501 Jamque
766 3432 901 3486 hinc
929 3434 1063 3488 inde
1092 3453 1299 3491 sonoro

493 3518 746 3572 Mulcens
776 3523 991 3576 mthera
1019 3525 1245 3594 plausu,

488 3606 607 3659 Alis
636 3609 802 3662 turba
832 3612 1037 3677 coibat,

490 3698 706 3749 Amnes
738 3698 891 3767 pisce
922 3700 1193 3768 fluebant,

494 3784 840 3857 Naturisque
870 3789 1153 3844 elementa

488 3871 696 3926 Iuncta
731 3884 1029 3930 ornaverat
1056 3884 1253 3933 auctor
1285 3897 1298 3935 :

490 3960 735 4014 Telluris
760 3965 1065 4034 superabat

492 4050 649 4114 Pars,
683 4067 813 4121 quae
837 4053 999 4121 jussa
1026 4055 1302 4110 animatas

492 4138 686 4191 Posset
716 4140 953 4210 gignere
986 4143 1197 4197 formas
1230 4162 1242 4199 :

486 4226 661 4279 Jussit
691 4228 837 4281 hanc
864 4247 1095 4301 quoque
1126 4249 1335 4288 munus

487 4316 701 4368 Auctor
734 4334 961 4373 sumere
994 4321 1132 4375 vive
1164 4327 1219 4376 et

489 4402 769 4471 Spirantis
800 4408 1031 4477 speciei,

488 4491 633 4544 Tum
663 4493 883 4548 diversa
915 4512 1018 4565 per
1043 4514 1273 4553 omnem

492 4579 749 4650 Surgunt
776 4599 1017 4653 corpora
1045 4590 1277 4655 terram,

490 4668 648 4722 Limo
678 4670 879 4725 educta
912 4681 1170 4743 repente.

487 4756 624 4810 Tum
659 4775 1018 4831 quaecunque
1045 4764 1315 4833 jumentis

491 4844 697 4899 Forma
728 4854 836 4914 est,
867 4867 995 4919 quin
1025 4868 1198 4921 pecus
1226 4854 1351 4924 agri

488 4932 797 5004 Distinguit
822 4939 1134 5009 variatque.

486 5020 622 5083 Quae
656 5022 951 5089 silvestria,
987 5032 1145 5081 motu

486 5108 726 5171 Quassat
757 5114 1016 5168 membra
1046 5114 1248 5186 ferino,

487 5198 651 5251 Jussu
678 5201 899 5254 concita
927 5205 1104 5258 currit
1137 5222 1151 5259 :

487 5285 717 5341 Necnon
751 5288 941 5343 bellua
971 5308 1216 5365 qumque

492 5373 871 5447 Immitisque,
906 5382 1093 5435 voraci

491 5462 675 5517 Fluxit
703 5467 872 5521 turba
900 5468 1168 5525 fremore.

488 5550 712 5607 Cunctis
742 5572 869 5626 quae
901 5573 1092 5629 grege,
1122 5575 1363 5631 quaeque

1501 301 1592 357 DE
1634 302 2025 360 CREATIONE
2067 304 2307 360 MUNDI.

1882 439 1928 491 Α

2311 434 2443 489 Sola
2471 433 2731 486 incedere
2762 432 3013 500 gaudent

2312 524 2455 577 Tum
2483 538 2685 575 venere
2718 522 2935 592 ﬁgurae.

2483 633 2554 684 De
2583 632 2847 684 creatione
2880 630 3125 683 hominis.

2312 730 2550 799 Jamque
2584 728 2821 796 impleta
2852 727 3113 796 placebat

2313 818 2504 871 Mundi
2533 815 2795 870 machina
2825 815 3029 885 primi;

2314 906 2465 959 Dixit
2488 921 2616 958 cum
2650 909 2805 959 sator
2830 903 3003 971 orbis,

2316 996 2479 1049 Facto
2510 1010 2662 1047 nunc
2694 1010 2838 1063 opus
2861 993 2952 1045 hic
2979 997 3082 1056 est,

2317 1086 2475 1137 Nunc
2502 1084 2733 1137 demum
2763 1081 3055 1139 faciamus.

2314 1172 2544 1227 Cunctis
2579 1171 2678 1241 qui
2710 1186 3007 1240 superesse

2314 1261 2500 1315 Possit
2529 1276 2772 1330 quaeque
2804 1264 2993 1312 creata

2313 1352 2604 1413 Constant,
2643 1364 2932 1418 quemque
2964 1363 3212 1416 superna

2310 1440 2433 1492 1am
2468 1438 2832 1491 commendet
2862 1437 3072 1505 imago.

2312 1527 2434 1580 Mox
2466 1526 2669 1578 limum
2702 1530 2855 1577 sator
2884 1525 2978 1577 ille

2312 1614 2631 1684 Compegit,
2661 1613 3039 1683 stabilemque

2312 1704 2594 1757 Formavil
2630 1704 2777 1755 Dens
2808 1718 3016 1767 arcem,

2313 1792 2747 1861 Perfectumque
2779 1807 2921 1859 opus
2952 1790 3074 1859 ipse

2321 1879 2608 1949 Inspirans
2639 1878 2934 1942 animavit,

2311 1970 2463 2022 Mens
2494 1984 2621 2037 qua:
2653 1972 2862 2020 aeterna
2894 1965 3169 2018 manebit.

2308 2060 2525 2127 Nempe
2556 2057 2675 2109 haec
2706 2055 2895 2125 portio
2927 2054 3052 2108 coeli
3082 2056 3169 2107 est

2310 2146 2641 2214 Divinaeque
2670 2146 2870 2213 figura}.

2311 2235 2454 2289 Hinc
2486 2239 2673 2286 vertex
2708 2233 2879 2285 micat
2910 2232 3077 2284 altus.

2310 2326 2462 2377 Hanc
2492 2323 2605 2376 vim
2639 2322 2798 2375 nulla
2824 2320 2987 2374 locali

2308 2414 2457 2466 Motu
2492 2412 2751 2465 membra
2781 2413 3064 2474 coercent,

2307 2499 2576 2564 Quamvis
2606 2516 2756 2569 szepe
2788 2498 3095 2551 retardent.

2310 2590 2633 2659 Distingues
2668 2588 2993 2642 moderator

2308 2681 2438 2732 Post
2468 2679 2711 2731 formam
2742 2677 2894 2739 facit,
2930 2680 2991 2729 ut
3019 2675 3106 2727 vir

2305 2767 2408 2828 Sit,
2445 2783 2547 2820 nec
2574 2766 2791 2820 femina
2823 2764 2984 2818 desit.

2303 2855 2601 2909 Immissus
2630 2871 2803 2924 sopor
2829 2858 2982 2906 artus

2302 2944 2612 3000 Confestim
2642 2943 2843 3011 irrigat
2873 2958 2885 2995 :
2922 2940 3054 2993 hinc
3084 2940 3148 2993 fit

2306 3034 2545 3102 Sumpto
2576 3047 2643 3083 ex
2674 3046 2797 3081 osse
2832 3029 3043 3096 virago.

2309 3121 2535 3175 Cunctis
2567 3118 2898 3187 imperitare

2306 3209 2457 3272 Quos
2487 3223 2745 3260 summus
2771 3206 2934 3275 jubet
2963 3208 3177 3267 auctor,

2306 3300 2518 3352 Natura
2547 3296 2821 3361 variante,

2300 3388 2437 3450 Quae
2466 3385 2655 3450 undis,
2687 3400 2838 3451 aere,
2864 3382 3142 3452 humique

2306 3475 2667 3537 Inceduntve,
2700 3473 2979 3536 volantve,

2302 3565 2463 3617 Nunc
2491 3567 2768 3631 repuntve
2798 3565 3004 3614 creata.

2301 3652 2548 3722 Simplex
2578 3651 2711 3704 inde
2738 3650 2973 3720 jubetur

2301 3742 2437 3793 Esca
2467 3740 2780 3808 insonsque
2812 3738 3025 3808 parari,

2300 3829 2491 3883 Ramis
2522 3843 2695 3897 quam
2727 3827 2889 3881 daret
2917 3826 3103 3879 arbor.

2301 3918 2504 3972 Latum
2535 3933 2666 3970 nam
2694 3914 3050 3986 paradisum,

2298 4005 2793 4073 Frondentemque
2826 4003 3056 4056 Creator

2298 4094 2474 4147 Multo
2507 4092 2778 4162 providus
2807 4096 2937 4144 ante

2299 4183 2509 4235 Fructu
2540 4182 2893 4250 impleverat,
2924 4182 3096 4249 atque

2294 4269 2489 4324 Amnis
2519 4270 2674 4323 fonte
2705 4266 2994 4337 perennis,

2298 4359 2411 4411 Hac
2444 4362 2503 4410 ut
2533 4357 2664 4410 sede
2695 4357 2928 4410 beatum

2292 4448 2416 4501 Jam
2448 4452 2587 4500 tunc
2612 4446 2742 4499 sede
2772 4445 3053 4511 futurum,

2295 4535 2583 4589 Cultorem
2616 4533 3059 4602 indigenamque

2297 4626 2400 4676 Lex
2437 4626 2653 4674 aeterna
2682 4625 2920 4674 teneret.

2292 4710 2455 4765 Senis
2486 4709 2693 4763 deinde
2725 4709 2926 4762 diebus

2294 4799 2425 4852 Com
2436 4798 2588 4867 pleto
2618 4798 2755 4851 orbe
2781 4798 3045 4868 peractis,

2296 4889 2524 4941 Natura!
2556 4888 2807 4957 optimus
2837 4893 3034 4941 auctor

2294 4978 2604 5047 Postquam
2633 4983 2834 5030 cuncta
2868 4977 3091 5046 placere

2292 5065 2466 5118 Recto
2498 5065 2640 5119 vidit
2669 5065 2729 5119 in
2757 5070 2909 5135 ortu,

2289 5154 2534 5224 Septeno
2570 5154 2871 5225 requievit.

2651 5359 2909 5429 piendus.

2292 5477 2544 5531 Cernens
2574 5491 2726 5528 nunc
2756 5475 2929 5528 homo
2956 5488 3128 5544 quam
3162 5476 3214 5527 te

2292 5566 2506 5622 Tantus
2537 5564 2738 5634 diligat
2765 5567 2983 5629 auctor,

3547 298 3649 354 638

1937 5272 2198 5339 Mysticus
2237 5271 2302 5324 de
2341 5274 2609 5325 creatione
2648 5271 2841 5325 mundi
2886 5284 3070 5324 sensus
3120 5271 3180 5322 in
3227 5269 3438 5322 homine
3482 5268 3630 5327 acci—
