4044 6174
391 308 505 389 639⁷
1472 303 1624 356 WAN
1635 303 1722 355 DA
1733 302 1980 357 LBERTI

2250 302 2436 357 ENSIS
2476 302 2655 357 ΜΟΝΑ
2667 302 2781 356 CIII
3760 308 3847 360 640

744 440 939 493 Temet
969 452 1135 490 nosce
1159 436 1424 490 videndo.
2119 440 2165 490 A
2545 437 2686 490 Cum
2720 436 2977 505 proferre
3012 437 3290 506 patrando

746 528 960 596 Nempe
994 526 1115 579 haec
1144 526 1337 579 omnia
1362 526 1527 596 jussu
2552 524 2793 578 Virtutes
2825 524 3135 590 meditaris,

743 614 886 668 Sunt
916 619 1110 667 exorta
1140 614 1399 677 volentis,
2548 613 2783 665 Fructus
2817 613 2993 665 herba
3025 613 3109 665 vel
3136 614 3301 667 arbos

744 705 959 757 Rerum
992 703 1119 773 quis
1150 708 1303 756 meat
1329 703 1489 757 ordo.
2546 700 2707 755 Misto
2739 700 2956 753 semine
2984 702 3245 771 gignens,

741 793 816 846 Te
851 808 1111 845 summus
1142 791 1483 862 sapiensque
2549 790 2711 843 Cultu
2744 790 2970 843 frondet
2999 806 3243 843 amaeno.

743 882 1123 950 :Eternusque
1154 884 1411 950 repertor
2547 879 2689 933 Solis
2718 895 2849 932 mox
2880 879 2985 931 tibi
3016 878 3211 932 lumen

746 970 901 1023 Limo
936 968 1116 1034 ﬁnxit,
1148 974 1202 1022 et
1228 973 1382 1022 artus
2547 966 2797 1022 Ccelestis
2831 966 3074 1031 radiare,

744 1057 1037 1109 Formatos
1065 1057 1375 1111 animando
1770 1082 1773 1085 <
2548 1054 2939 1125 Splendorque
2966 1054 3170 1123 incipit
3199 1054 3413 1118 almus;

744 1146 953 1211 Erexit,
983 1151 1345 1215 superantem
2546 1144 2688 1196 Tum
2722 1144 2977 1213 proferre
3007 1143 3258 1212 gerendo

746 1234 959 1287 Cuncta
993 1238 1052 1287 ut
1084 1240 1271 1287 mente
1300 1235 1518 1289 videret
2546 1231 2697 1284 Mens
2728 1231 2962 1283 lustrata
2992 1230 3205 1284 videbit

748 1323 945 1376 Omnis
981 1323 1243 1377 machina
1271 1323 1414 1376 coeli.
2551 1319 2685 1372 Coeli
2716 1319 2889 1387 digna
2922 1320 3130 1383 favore,

739 1412 812 1463 'l‘e
845 1417 1191 1481 prepterque
1224 1416 1445 1465 creatus
2544 1409 2685 1461 Tum
2721 1407 3043 1461 discernere
3074 1408 3218 1461 facta

741 1499 982 1551 Mundus
1013 1504 1066 1551 te
1098 1499 1257 1552 docet
1289 1500 1495 1565 omnis,
2548 1497 2678 1549 Luci
2711 1496 2953 1565 aptanda
2986 1498 3069 1549 vel
3106 1495 3337 1560 umbris,

743 1588 897 1641 Alter
928 1594 1104 1657 tuque
1134 1588 1348 1641 vocaris
2545 1585 2689 1637 Tum
2721 1584 2963 1637 frasnare
2994 1584 3262 1654 pudenda

740 1675 928 1728 Prisco
958 1675 1190 1729 nomine
1220 1676 1488 1743 mundus,
2121 1739 2153 1743 _
2543 1674 2662 1727 Mox
2693 1689 2948 1739 accensa,
2983 1674 3220 1726 latentes

745 1765 870 1817 Haec
902 1765 990 1817 cui
1021 1764 1236 1818 fabrica
1266 1765 1434 1819 cedit.
1476 1739 1482 1743 ⁷
2121 1739 2161 1791 Β
2546 1762 2743 1815 Cordis
2767 1762 3020 1832 tegmine
3051 1778 3247 1815 sensus

741 1852 815 1904 Te
848 1852 939 1904 lux
972 1852 1071 1906 illa
1101 1854 1374 1921 perennis
2548 1850 2759 1903 Passim
2791 1859 2815 1884 ⁸
2846 1850 3025 1904 mittit
3050 1850 3109 1903 in
3139 1866 3325 1904 auras.

744 1940 1019 1994 Primaevo
1053 1942 1202 1994 edita
1227 1943 1391 2011 jussu
2546 1939 2609 1992 Hi
2642 1940 2727 1993 vel
2762 1940 2912 1992 celsa
2946 1943 3249 2008 capessunt

742 2028 901 2081 Lucis
936 2034 1215 2082 monstrat
1247 2030 1564 2084 alumnum.
1872 2050 1879 2055 τ
2546 2028 2745 2080 Mentis
2775 2028 3027 2081 culmine
3058 2027 3217 2089 recti,

746 2118 957 2170 Lumen
990 2134 1121 2170 nam
1150 2118 1254 2171 tibi
1283 2118 1490 2172 mentis
2542 2121 2879 2185 Arcanoque
2912 2117 3121 2177 volatu.

742 2206 1012 2259 Formans
1038 2206 1247 2260 indidit
1280 2212 1495 2260 auctor.
2546 2205 2708 2257 Curis
2734 2205 2794 2258 hi
2824 2204 3084 2269 revoluti,

742 2294 875 2355 Quae
909 2310 1039 2363 pars
1070 2300 1122 2347 te
1152 2295 1303 2349 alma
1333 2295 1546 2348 bearct.
2546 2293 2899 2363 lnstantiquc
2931 2293 3125 2346 labore

744 2380 884 2434 Hinc
911 2396 1265 2452 quaecunque
1301 2399 1402 2452 per
1433 2383 1578 2436 imos
2545 2382 2738 2435 Mundi
2769 2381 3069 2435 commoda
3097 2386 3366 2450 quierunt

742 2470 903 2522 Errat
937 2471 1120 2537 portio
1152 2486 1370 2535 sensus,
2543 2468 2693 2531 Quin
2724 2472 2777 2520 et
2809 2468 3064 2538 corporis
3096 2467 3221 2537 ipsa

743 2556 914 2610 Carcis
940 2557 1115 2610 haeret
1147 2557 1204 2610 in
1242 2558 1458 2611 umbris
1492 2576 1504 2612 :
2544 2555 2780 2609 Terreni
2811 2555 2999 2625 gravis
3031 2560 3202 2625 atque

744 2646 923 2699 Debet
953 2646 1137 2714 portio
1167 2653 1443 2716 prmstaus
2548 2646 2793 2715 Vergens
2822 2645 3074 2714 pondere
3107 2645 3301 2707 moles,

743 2734 969 2787 Partem
1001 2734 1200 2787 efferre
1229 2735 1323 2788 sed
1356 2734 1551 2802 imam,
2542 2738 2651 2786 Aut
2684 2734 2929 2787 mundos
2956 2734 3109 2803 parit
3140 2737 3297 2787 actus

739 2821 1204 2891 Torpentemque
1236 2821 1439 2875 levare.
2543 2824 2685 2877 Cum
2719 2827 2909 2875 mente
2940 2821 3358 2893 innocuosque.

742 2909 854 2961 Hoc
887 2908 1109 2960 ﬁrmata
1144 2925 1245 2978 per
1276 2910 1456 2963 undas
2545 2909 2683 2963 Vita:
2709 2915 2765 2963 et
2794 2926 3030 2962 munere
3061 2909 3298 2979 dignos;

741 2996 877 3049 (lceli
914 2997 1138 3065 sphaera
1170 2998 1396 3064 docere,
2121 3034 2161 3087 Ο
2542 3000 2873 3067 Impurosve
2905 2999 3171 3062 creando,

746 3084 926 3145 Unda,
960 3090 1015 3138 et
1042 3101 1235 3155 sparsa
1268 3087 1508 3140 videtur.
2131 3084 2159 3087 ᾖ
2547 3088 2745 3141 Fcedos
2775 3093 2945 3157 atque
2976 3092 3260 3151 cruentos,

742 3173 855 3224 Hoc
885 3173 1246 3241 torpentibus
1271 3175 1421 3227 arvis
2547 3176 2771 3231 Celsum
2805 3176 2978 3229 foedat
3011 3176 3311 3228 honorem.

739 3260 926 3311 Tellus
959 3260 1075 3313 visa
1104 3268 1339 3330 repente
2544 3265 2685 3317 Vero
2716 3264 2933 3317 lumine
2967 3262 3172 3316 mentis

745 3347 897 3400 Foeta
923 3353 978 3400 et
1008 3353 1269 3418 germine
1300 3350 1586 3420 prompsit
2048 3362 2051 3363 '
2542 3353 2699 3405 Tunc
2725 3352 2956 3405 demum
2986 3351 3081 3403 ille
3110 3350 3340 3418 vigebit,

742 3435 997 3504 Namque
1028 3435 1150 3488 haec
1181 3436 1395 3506 optima
1428 3438 1542 3491 vita
1572 3444 1674 3506 est,
2544 3440 2882 3508 Coelestique
2914 3439 3089 3492 homo
3122 3454 3312 3504 sensu,

742 3522 949 3584 Virtus,
983 3523 1279 3593 formaque
1307 3530 1502 3578 nostra
1530 3532 1634 3592 est,
2544 3530 2723 3582 Motus
2754 3528 2853 3598 qui
2888 3533 3049 3598 reget
3075 3542 3294 3591 omnes,

741 3611 943 3678 Pigros
973 3628 1101 3681 quas
1135 3612 1305 3680 erigit
1334 3618 1511 3677 artus,
2546 3616 2943 3685 Obscenosque
2977 3616 3318 3685 premendo,

741 3698 877 3761 Quae
906 3701 1194 3769 torpentia
1226 3702 1384 3755 novit
2545 3706 2736 3759 Castos
2767 3709 2958 3757 exeret
2986 3709 3159 3757 actus.

740 3786 920 3839 Corda
955 3788 1288 3853 accendere,
1322 3790 1529 3860 cuique
2546 3793 2762 3846 Aiterni
2794 3793 2946 3846 hunc
2976 3791 3223 3861 paradisi

742 3876 874 3927 Pars
905 3875 1056 3928 cedit
1083 3877 1301 3931 vitiosa.
2548 3882 2674 3934 Flos
2705 3881 3035 3951 fructusque
3066 3879 3351 3951 perennis,

740 3964 817 4015 Tu
852 3979 1092 4033 magnas
1120 3965 1442 4019 modicasve
2548 3969 2687 4022 Vita:
2718 3969 2958 4040 fonsque
2989 3968 3220 4023 fovebit.

460 4111 484 4136 ⁸
515 4104 612 4156 Hic
640 4104 901 4156 nonnihil
932 4105 1103 4158 deest.

1087 4381 1558 4527 VITA
1668 4382 2366 4531 SANCTI
2476 4383 3192 4531 GOARIS

1566 4637 1962 4699 AUCTORE
2009 4637 2701 4700 WANDALBERTO.

450 4790 621 4853 (Apud
652 4790 869 4845 Mabill..
906 4791 1018 4840 Act.
1047 4792 1136 4841 SS.
1168 4793 1280 4841 0rd.
1307 4794 1358 4843 S.
1387 4794 1595 4855 Bened.,
1626 4797 1754 4843 tom.
1788 4796 1850 4853 II,
1885 4808 1945 4843 ex
1976 4794 2149 4853 Surio,
2184 4794 2249 4843 ad
2281 4808 2382 4843 ms.
2421 4794 2537 4843 cod.
2570 4794 2621 4843 S.
2650 4793 2872 4856 Remigii
2907 4792 3216 4841 Rhemensis
3248 4795 3399 4841 aucto
3429 4796 3480 4841 et
3511 4788 3816 4841 emendato.)

422 4991 491 5052 In
523 4991 758 5053 Christi
790 4993 1043 5052 nomine
1076 4993 1389 5071 Prologus
1424 4995 1940 5054 WANDALBERTI
1973 4994 2223 5054 diaconi
2252 4994 2316 5054 in
2346 4994 2560 5055 Vitam
2605 4998 2666 5053 et
2693 4999 2873 5053 actus
2905 4998 3097 5070 atque
3129 4992 3435 5052 miracula
3465 4992 3540 5051 B.
3577 4992 3832 5057 GOARIS,

567 5072 777 5132 editus
812 5074 890 5132 ad
923 5073 1232 5133 illustrem
1258 5074 1466 5134 virum
1498 5075 2057 5147 MARCUVARDUM,
2094 5075 2391 5135 abbatem
2423 5074 2795 5134 monasterii
2827 5073 3126 5144 Prumiaa,
3162 5072 3381 5149 incipit
3410 5071 3695 5132 feliciter.

461 5206 509 5257 l.
541 5203 808 5258 Miracula
834 5204 1163 5258 divinorum
1193 5222 1432 5275 operum
1464 5206 1718 5261 humano
1749 5206 1945 5277 generi
1968 5207 2079 5261 ﬁde
2120 5208 2162 5260 D
2193 5205 2395 5259 Christi
2426 5206 2683 5275 potentia
2714 5206 2903 5266 efﬁcit,
2938 5210 3036 5259 aut
3073 5221 3176 5275 per
3213 5208 3435 5258 sanctos
3475 5204 3626 5258 viros
3668 5198 3864 5256 mundo

387 5307 613 5362 semper
644 5292 868 5361 integra
904 5309 1024 5346 esse
1060 5293 1424 5363 suspicienda
1453 5299 1510 5348 et
1550 5295 1751 5349 devota
1795 5295 2076 5365 gloriﬁca-
2189 5294 2245 5347 in
2291 5294 2619 5364 exemplum
2659 5294 2988 5364 propositos
3026 5298 3316 5364 operatur,
3348 5296 3656 5363 propterea
3684 5294 3861 5344 nostro

387 5379 543 5433 tione
599 5381 907 5447 narranda,
968 5381 1258 5451 Scriptura
1313 5387 1507 5436 sancta
1563 5389 1963 5437 commonente
2022 5388 2079 5437 et
2186 5386 2447 5451 tempore
2498 5383 2692 5436 minus
2746 5383 3035 5437 interdum
3084 5386 3221 5435 nota
3269 5386 3323 5435 et
3375 5381 3530 5433 clara
3577 5380 3860 5435 habentur,

388 5468 587 5535 angelo
626 5467 733 5519 hoc
771 5470 959 5537 ipsum
1000 5470 1185 5523 Tobiae
1226 5476 1416 5524 sancto
1458 5472 1825 5542 praecipiente
1873 5472 2078 5525 didici-
2186 5472 2338 5541 quod
2382 5476 2480 5524 aut
2509 5472 2735 5525 caducis
2768 5471 2935 5525 rebus
2969 5470 3174 5524 intenti
3211 5485 3413 5540 parum
3450 5470 3574 5521 haec
3603 5472 3657 5521 et
3683 5466 3861 5519 leviter

387 5569 533 5608 mus.
567 5554 819 5608 Plurima
849 5562 1040 5611 tamen
1073 5576 1271 5612 eorum
1304 5577 1430 5630 qua:
1457 5565 1553 5614 aut
1583 5576 1684 5630 per
1708 5560 2078 5630 semetipsam
2187 5566 2546 5627 contuemur,
2581 5565 2676 5614 aut
2721 5576 2787 5614 ea
2826 5560 2999 5614 etiam
3048 5576 3175 5631 quae
3216 5558 3276 5612 in
3316 5556 3749 5612 admirationem
3785 5547 3860 5604 sui
