4044 6174
132 224 212 275 6H

1207 220 1298 274 DF.
1345 220 1495 274 VITA
1539 221 1625 275 ET
1667 217 2045 275 MIRACULIS
2083 220 2137 275 S.
2180 221 2459 277 GOARIS.

3495 226 3601 279 6's?

128 373 218 411 nos
238 355 621 425 magnitudine
665 357 1021 423 permovent,
1078 370 1194 408 non
1237 360 1353 409 tam
1407 371 1597 409 rerum
1631 355 1789 425 igno-
1828 356 1871 409 Α
1902 361 2207 427 propterea
2238 357 2425 427 pauci,
2470 362 2568 412 aut
2600 374 2778 429 prope
2811 360 2952 414 nulli
2986 360 3287 425 mirantur,
3323 362 3600 432 quoniam

126 442 309 508 rantia,
352 458 514 512 quam
568 442 745 495 animi
796 442 1014 496 desidia
1061 442 1264 496 futurae
1322 450 1452 514 post
1498 461 1601 497 nos
1641 444 1795 497 aetati

123 530 395 583 scribendo
457 531 840 583 transmittere
896 531 1343 585 dissimulamus.
1411 532 1531 595 Qua
1603 533 1661 585 in
1734 549 1794 586 re

122 620 274 687 longe
304 623 384 671 est
409 624 599 671 nostra
624 635 794 689 quam
831 618 1112 687 majorum
1145 626 1468 674 nostrorum
1501 638 1627 673 cum
1674 637 1793 674 ma-

121 708 375 773 nifestior,
426 712 544 760 tum
594 708 1039 762 inexcusabilior
1106 710 1289 779 culpa.
1346 710 1566 780 Quippe
1643 710 1793 780 apud

122 797 308 851 Gallias
339 797 543 849 multos
594 812 775 849 annos
809 797 1125 850 litterarum
1157 798 1344 851 studia
1393 801 1643 868 jacuere,
1691 814 1796 851 nec

122 884 264 937 facile
316 885 506 953 plures
556 900 661 954 per
707 889 993 939 transacta
1036 892 1187 939 retro
1235 886 1415 957 spatia
1467 887 1792 939 liberalium

122 974 306 1026 artium
340 988 574 1027 munere
607 974 788 1027 functi
814 990 935 1027 esse
983 975 1368 1044 reperiuntur,
1420 991 1675 1045 quosque
1724 977 1794 1028 ad

122 1066 349 1115 nostram
383 1066 609 1115 aetatem
632 1062 959 1132 principum
994 1064 1330 1117 liberalitate
1361 1067 1418 1117 et
1447 1064 1793 1133 Optimorum

125 1151 351 1203 virorum
386 1150 621 1204 solertia
654 1152 794 1205 adeo
842 1152 1274 1222 disciplinarum
1314 1152 1501 1205 studia
1551 1153 1797 1223 profece-

124 1244 258 1303 runt,
292 1245 350 1292 ut
379 1239 651 1293 invidiam
684 1240 941 1293 criminis
964 1241 1169 1294 merito
1201 1257 1353 1293 nunc
1383 1240 1664 1295 sustinere
1696 1256 1795 1294 co-

123 1344 326 1398 gamur,
357 1328 403 1381 si
430 1335 590 1396 gesta
620 1334 951 1382 sanctorum
984 1330 1259 1393 virorum,
1290 1345 1414 1400 quae
1463 1329 1693 1399 quidem
1726 1331 1794 1382 ad

124 1422 356 1470 nostram
407 1418 704 1487 potuerint
755 1417 1051 1489 pervenire
1105 1418 1389 1480 notitiam,
1433 1423 1796 1488 posterorum

124 1506 348 1559 scientia:
373 1506 634 1575 deperire
662 1508 935 1561 sinamus.
966 1508 1160 1577 Neque
1193 1524 1327 1559 vero
1351 1506 1620 1560 audiendi
1664 1512 1797 1560 sunt

123 1595 205 1664 qui
235 1599 447 1647 tantum
483 1594 637 1647 aetati
660 1595 967 1663 prieteritaa
1001 1595 1274 1661 tribuunt,
1313 1600 1546 1648 utnunc
1568 1611 1796 1665 quoque

122 1682 225 1735 ﬁeri
251 1698 374 1753 quas
405 1683 582 1753 digna
632 1684 833 1736 litteris
877 1685 1233 1737 aestimentur
1283 1683 1545 1736 absoluto
1587 1684 1793 1754 prij-

121 1771 245 1824 dicio
269 1777 477 1841 negent
517 1788 530 1824 :
562 1789 688 1825 cum
724 1773 913 1825 divina
946 1771 1305 1825 Providentia
1332 1771 1571 1840 singulis
1599 1772 1797 1825 mundi

119 1861 452 1930 temporibus
513 1861 592 1914 ita
654 1878 881 1931 semper
932 1878 1062 1932 quae
1132 1862 1385 1914 humano
1440 1861 1635 1931 generi
1693 1877 1795 1931 pro

120 1950 267 2002 modo
319 1956 375 2002 et
408 1950 631 2003 ratione
689 1956 1007 2019 congruant
1060 1950 1309 2017 ordinet,
1345 1955 1404 2002 ut
1451 1965 1637 2019 neque
1692 1966 1796 2003 nos

119 2038 409 2106 priscorum
478 2039 779 2092 hominum
825 2038 1153 2091 felicitatem
1212 2037 1535 2091 desiderare
1592 2054 1797 2092 conve-

118 2126 236 2191 niat,
296 2143 485 2197 neque
544 2128 670 2180 illos
720 2132 1043 2181 nostrorum
1097 2132 1424 2196 temporum
1482 2131 1692 2180 statum
1749 2128 1795 2181 si

120 2216 278 2283 qualis
308 2232 461 2269 nunc
503 2216 691 2285 agitur
731 2216 996 2286 praescire
1046 2217 1369 2286 potuissent
1424 2216 1795 2270 damnaturos

119 2303 264 2357 fuisse
313 2304 589 2358 credibile
644 2304 734 2358 sit.
791 2304 1009 2375 Quippe
1072 2322 1224 2357 nunc
1283 2320 1511 2375 quoque
1561 2307 1695 2359 sunt
1734 2304 1794 2358 in

122 2392 337 2445 Ecclesia
370 2392 540 2446 multi
590 2393 798 2446 virtute
830 2394 956 2446 vitai
997 2393 1319 2455 clarissimi,
1363 2398 1419 2446 et
1470 2392 1533 2446 ad
1590 2394 1794 2448 merita

121 2478 432 2534 declaranda
478 2486 801 2535 sanctorum
847 2482 906 2535 in
967 2482 1199 2536 sacratis
1261 2481 1633 2534 Ecclesiarum
1690 2482 1788 2535 do-

119 2567 281 2621 mibus
329 2569 616 2640 stupenda
660 2585 1057 2638 saepenumero
1106 2570 1378 2622 miracula
1432 2570 1599 2636 fiunt,
1659 2586 1789 2640 quae

1838 1654 1876 1707 Β

1907 443 1991 495 sui
2016 444 2339 514 frequentia
2379 446 2536 499 duris
2580 446 2698 516 jam
2753 447 3050 502 hominum
3099 451 3365 503 cordibus
3414 451 3597 503 vilue-

1906 537 2063 586 runt.

1973 623 2026 673 2.
2060 621 2341 685 Quoniam
2373 621 2564 692 itaque
2615 640 2724 688 me,
2759 631 2948 679 sancte
2986 631 3041 679 et
3078 627 3465 681 amantissime
3501 629 3598 681 Pa-

1903 714 1991 763 ter
2024 710 2410 776 Marchuarde,
2442 728 2586 764 novo
2608 713 2766 781 Operi
2811 730 3042 766 manum
3092 715 3388 782 imponere
3449 733 3597 769 com-

1904 795 2135 867 pellitis,
2172 802 2232 849 ut
2279 800 2450 850 Actus
2498 798 2673 851 sancti
2728 799 3066 854 confessoris
3124 802 3328 854 Christi
3378 803 3595 867 Goaris,

1905 888 2003 958 qui
2034 888 2305 942 hactenus
2336 888 2430 941 vili
2462 888 2771 942 admodum
2819 890 2963 958 stylo
3020 894 3077 941 et
3128 906 3388 943 sermone
3449 891 3597 943 mul-

1904 981 2097 1028 torum
2160 977 2388 1029 auditus
2440 977 2765 1030 offendente
2824 977 3224 1042 constiterunt,
3282 979 3598 1032 accuratius

1906 1065 2141 1118 debeam
2176 1067 2497 1135 explanare,
2550 1065 2759 1118 additis
2813 1081 2875 1118 ex
2934 1082 3079 1118 novo
3137 1065 3425 1118 miraculis
3469 1082 3598 1136 quae

1906 1155 2058 1223 apud
2090 1156 2212 1223 ejus
2238 1154 2569 1207 memoriam
2603 1172 2631 1207 a
2665 1153 2922 1225 pluribus
2949 1158 3105 1222 gesta
3157 1153 3401 1205 fideliter
3453 1154 3595 1205 refe-

1906 1248 2140 1307 runtur;
2172 1242 2419 1294 breviter
2450 1242 2532 1294 eis
2564 1257 2704 1310 quos
2754 1242 2873 1293 haec
2924 1241 3173 1293 fortassis
3224 1257 3346 1293 mea
3392 1242 3601 1311 scripta

1908 1347 2134 1383 movere
2165 1336 2435 1400 poterunt
2483 1330 2781 1396 satisfacio,
2822 1347 2911 1382 me
2958 1346 3141 1399 neque
3190 1329 3597 1397 praesumptive

1906 1419 2231 1489 corrigendi
2280 1435 2402 1487 ejus
2448 1418 2636 1488 operis
2696 1418 2785 1470 cui
2841 1418 3124 1486 majorum
3178 1416 3365 1469 studia
3414 1432 3598 1469 cesse-

1907 1507 2020 1560 rint
2046 1508 2437 1560 auctoritatem
2468 1522 2776 1568 assumere,
2811 1522 2994 1574 neque
3052 1510 3380 1573 arroganter
3438 1520 3599 1557 novae

1907 1596 2216 1648 condenda:
2252 1594 2547 1664 scripturze
2600 1593 2935 1647 litterariam
2996 1609 3224 1663 operam
3280 1593 3596 1646 adhibere:

1906 1685 1998 1737 sed
2023 1690 2086 1737 ut
2116 1683 2450 1753 simpliciter
2481 1681 2823 1735 obedientize
2858 1682 3113 1734 debitqu
3147 1698 3387 1743 servem,
3444 1682 3597 1751 quod

1906 1773 1965 1825 in
1997 1773 2279 1843 principio
2311 1772 2496 1841 posui,
2524 1771 2899 1841 perpendere,
2939 1771 3088 1839 quod
3142 1786 3318 1839 Opera
3369 1770 3467 1822 Dei
3520 1786 3601 1821 se-

1905 1860 2153 1914 cundum
2182 1860 2533 1929 Scripturam
2587 1859 2903 1927 gloriosum
2960 1860 3032 1910 sit
3072 1873 3337 1911 enarrare
3382 1863 3434 1910 et
3476 1873 3597 1910 san-

1905 1954 2120 2002 ctorum
2180 1954 2334 2018 gesta
2391 1947 2544 2000 aetati
2585 1956 2712 2016 post
2769 1963 2872 1999 nos
2941 1946 3241 1999 hominum
3304 1946 3599 2015 profutura

1906 2038 2176 2091 mandare
2209 2040 2387 2104 (Prov.
2423 2052 2548 2099 xxv,
2582 2040 2655 2105 ‘2).
2712 2036 2987 2106 Equidem
3040 2035 3098 2088 in
3132 2036 3238 2088 hoc
3290 2050 3461 2104 opere
3511 2050 3599 2087 su-

1904 2127 2194 2195 scipiendo
2227 2142 2352 2178 cum
2388 2126 2561 2177 sancti
2596 2126 2699 2178 viri
2733 2125 2948 2177 meritis
2984 2125 3297 2193 plurimum
3347 2122 3594 2183 conﬁdo,

1903 2220 2023 2269 tum
2057 2222 2241 2268 vestro
2274 2215 2535 2283 imperio,
2584 2216 2673 2267 cui
2726 2220 2906 2267 totum
2954 2213 3104 2283 quod
3158 2212 3368 2282 possim
3419 2212 3598 2265 debeo
3658 2268 3665 2275 ο

1906 2320 2023 2357 non
2058 2304 2256 2357 leviter
2287 2319 2537 2367 moveor,
2570 2319 2757 2372 neque
2792 2303 3144 2355 rumusculos
3194 2301 3277 2353 vel
3325 2300 3601 2371 praejudi-
3672 2348 3691 2366 ,

1902 2392 1989 2446 cia
2008 2391 2393 2462 quorumlibet
2417 2390 2557 2443 mihi
2586 2391 2704 2443 fore
2736 2390 2926 2459 magni
2971 2389 3267 2460 pandenda
3310 2388 3599 2455 existimo,

1902 2481 2168 2534 habituro
2202 2480 2349 2549 apud
2382 2480 2683 2533 benevolos
2722 2480 2767 2531 si
2797 2496 2886 2532 res
2931 2479 3073 2531 bene
3107 2477 3339 2531 cesserit
3370 2477 3594 2530 absolu-

1900 2574 2023 2622 tum
2053 2568 2307 2622 veritatis
2337 2572 2392 2621 et
2425 2567 2557 2621 fidei
2585 2568 2994 2621 testimonium.

1264 2666 1516 2734 Emplicit
1545 2668 1603 2719 in
1639 2666 1850 2720 Christi
1886 2670 2097 2720 nomine
2140 2666 2415 2733 Prologus.

1412 2976 1763 3049 INCIPIT
1828 2976 2287 3051 LIBELLUS

528 3129 614 3189 De
662 3128 791 3189 Vita.
822 3140 875 3189 et
908 3129 1139 3189 actibus
1171 3130 1239 3190 S.
1290 3131 1562 3199 GOARIS,
1597 3132 1771 3210 cujus
1798 3132 2097 3209 festivitas
2131 3133 2463 3195 celebratur
2480 3137 2681 3215 pridie
2709 3138 2911 3197 Nonas
2938 3137 3158 3196 Julius.

396 3395 590 3451 Goaris
617 3395 826 3463 patria,
859 3396 1116 3462 parentes
1148 3408 1211 3446 ac
1247 3393 1496 3446 virtutes.

173 3502 217 3553 3.
241 3502 382 3555 Goar
410 3501 594 3570 igitur
622 3500 946 3571 Aquitaniae
979 3499 1308 3570 provinciae,
1345 3516 1472 3569 quae
1501 3502 1585 3554 est
1615 3499 1791 3553 totius

116 3591 509 3659 propemodum
542 3589 735 3644 Galliae
790 3605 921 3659 pars
952 3588 1118 3641 tertia
1155 3629 1169 3657 ,
1202 3588 1471 3658 indigena
1520 3588 1642 3653 fuit,
1686 3605 1792 3659 ge-

115 3692 231 3731 nere
256 3695 286 3731 a
315 3678 636 3748 majoribus
663 3678 870 3740 clarus,
902 3681 1063 3745 patre
1107 3676 1369 3745 Georgio,
1412 3681 1591 3730 matre
1656 3694 1790 3730 vero

116 3762 326 3817 Valeria.
362 3766 495 3818 Fuit
534 3770 725 3818 autem
774 3765 973 3817 diebus
1024 3764 1374 3819 Childeberti
1420 3764 1571 3833 regis
1618 3766 1790 3817 Fran—

114 3866 305 3920 corum,
348 3855 449 3924 qui
484 3858 642 3907 ortus
689 3858 869 3906 estex
922 3852 1185 3923 prosapia
1234 3852 1381 3922 regis
1426 3852 1792 3905 famosissimi

116 3939 379 4011 Ludovici,
421 3958 597 4013 quem
640 3941 889 4011 primum
920 3958 1047 3994 cum
1095 3942 1348 3995 exercitu
1382 3957 1483 3993 suo
1520 3940 1589 3994 ad
1630 3940 1791 3995 Chri-

114 4029 332 4084 stianam
364 4030 666 4084 veritatem
701 4031 759 4082 B.
789 4029 1084 4099 Remigius
1130 4029 1429 4099 episcopus
1480 4029 1793 4082 Remorum

112 4118 453 4182 pradicando
489 4118 787 4181 convertit,
845 4116 1165 4187 mansitque
1216 4133 1397 4186 usque
1428 4117 1497 4169 ad
1538 4116 1791 4186 Sigiber-

114 4208 215 4257 tum
246 4222 464 4276 regem,
499 4206 596 4277 qui
629 4204 829 4258 urbem
861 4204 1343 4258 Mediomatricum
1385 4203 1550 4273 regni
1599 4204 1792 4257 sedem

112 4293 307 4359 habuit,
340 4295 504 4349 omni
552 4296 669 4348 vita
714 4295 926 4363 probus
973 4300 1030 4347 et
1080 4293 1304 4357 nobilis,
1355 4298 1483 4345 actu
1528 4292 1791 4363 insignis,

116 4384 250 4436 vultu
279 4384 673 4455 dignissimus,
706 4389 1051 4454 aspectuque
1089 4383 1399 4453 jncundus,
1452 4386 1642 4435 mente
1686 4382 1789 4435 hu-

114 4472 265 4539 milis,
314 4488 561 4543 corpore
618 4478 824 4537 castus,
861 4472 971 4524 fide
1034 4472 1278 4540 integer,
1336 4485 1509 4539 opere
1575 4469 1797 4540 conspi-

115 4576 274 4614 cuus:
312 4563 414 4632 qui
446 4562 518 4615 ab
568 4562 805 4614 ineunte
839 4564 1004 4614 aetate
1053 4559 1338 4630 religiosis
1390 4559 1613 4629 piisqne
1658 4558 1794 4611 acti-

115 4647 201 4702 bus
227 4652 350 4705 vitae
384 4650 621 4722 optimae
657 4649 902 4714 deditus,
957 4648 1113 4701 brevi
1157 4649 1215 4701 in
1244 4665 1373 4702 eum
1404 4649 1631 4701 culmen
1662 4661 1790 4700 san-

114 4737 295 4792 ctitatis
320 4740 521 4806 evasit,
548 4744 612 4792 ut
654 4744 708 4791 et
742 4737 1089 4791 mirabilium
1148 4753 1384 4806 operum
1436 4742 1693 4806 pa'rator
1741 4738 1796 4788 et

113 4833 443 4882 secretorum
478 4828 790 4881 caelestium
824 4826 1089 4896 cognitor
1131 4825 1313 4879 fieret.
1351 4827 1414 4879 Et
1458 4842 1585 4878 cum
1619 4825 1676 4878 in
1729 4840 1794 4877 eo

112 4914 343 4980 quotidie
381 4932 545 4969 amor
592 4921 649 4969 et
691 4914 1043 4969 desiderium
1088 4912 1289 4982 patriae
1318 4912 1565 4966 caelestis
1610 4926 1797 4965 excre-

110 5008 270 5058 sceret
293 5010 350 5061 et
380 5005 669 5058 bonorum
716 5020 955 5073 operum
987 5003 1203 5056 fructus
1235 5000 1476 5055 subinde
1517 5000 1792 5053 exubera-

109 5096 200 5160 ret,
229 5094 398 5164 coepit
424 5094 545 5164 ejus
574 5092 687 5147 vita
717 5092 889 5146 etiam
923 5092 1047 5145 aliis
1074 5090 1400 5162 exemplum
1444 5090 1516 5144 ad
1551 5090 1793 5143 salutem

170 5280 189 5306 ι
210 5272 453 5326 Goarem
480 5271 651 5325 fuisse
684 5269 1081 5342 presbyterum
1109 5284 1197 5342 gex
1246 5268 1423 5342 priori
1471 5267 1594 5321 Vita
1652 5283 1792 5320 con-

115 5347 227 5407 stat,
259 5360 330 5397 an
390 5360 526 5396 vero
560 5340 701 5396 ante
754 5357 922 5394 suum
979 5340 1041 5393 in
1094 5340 1455 5392 Germaniam
1510 5354 1793 5392 secessum

114 5415 389 5468 ordinatus
422 5414 514 5477 sit,
546 5412 778 5467 nonnisi
826 5429 892 5465 ex
941 5410 1341 5464 Wandalberto
1383 5410 1670 5463 discimus.
1727 5410 1791 5462 In

114 5488 399 5539 vetet-rimo
461 5483 861 5555 Martyrologio
913 5481 1241 5537 Corbeiensi
1291 5496 1353 5534 ac
1383 5480 1443 5533 in
1500 5479 1793 5534 nonnullis

1840 3394 1880 3448 C
1911 3396 2165 3463 existere,
2206 3402 2269 3450 ut
2317 3398 2482 3451 multi
2513 3398 2635 3468 ejus
2669 3416 2779 3452 non
2831 3399 3011 3452 solum
3048 3399 3467 3470 praedicatione,
3504 3400 3599 3454 sed

1901 3486 2161 3555 exemplo
2212 3502 2439 3557 quoque
2470 3488 2828 3553 commoniti,
2860 3489 2930 3542 ad
2987 3490 3281 3542 meliorem
3330 3489 3501 3543 vitam
3547 3493 3603 3541 et

1899 3575 2264 3628 correctiores
2295 3582 2451 3631 actus
2481 3593 2513 3630 a
2562 3578 2838 3647 pravitate
2865 3584 3357 3643 converterentur;
3405 3582 3459 3631 et
3502 3577 3603 3649 qui

1902 3663 2128 3717 diabolo
2155 3664 2315 3734 prius
2345 3667 2674 3731 servierant,
2706 3666 3023 3737 inciperent
3068 3668 3291 3721 Christo
3343 3672 3601 3738 postmo-

1903 3752 2037 3806 dum
2073 3753 2339 3805 militare.

1903 3859 2161 3913 Sacerdos
2219 3861 2422 3925 factus,
2485 3862 2543 3913 in
2614 3861 2959 3916 Germaniam
3022 3862 3247 3919 secedit:
3325 3864 3598 3917 ecclesiam

2647 3932 2846 3985 condit.

1973 4018 2023 4071 4.
2060 4019 2123 4071 Et
2154 4018 2428 4087 quoniam
2465 4035 2578 4072 non
2626 4024 2809 4089 potest
2858 4019 3053 4073 civitas
3104 4021 3369 4074 abscondi
3423 4037 3601 4090 super

1903 4112 2157 4159 montem
2192 4108 2394 4177 posita,
2431 4109 2609 4161 sancti
2640 4108 2746 4161 viri
2778 4124 2845 4161 eo
2886 4108 3038 4162 fama
3072 4126 3133 4161 ac
3176 4110 3289 4162 vita
3340 4109 3598 4179 profecit,

1902 4199 1967 4248 ut
1996 4196 2292 4249 sacerdotii
2329 4197 2510 4266 gradu
2559 4201 2613 4249 et
2659 4198 2876 4250 honore
2907 4197 3329 4267 presbyteratus
3361 4213 3396 4267 la
3440 4214 3602 4251 acce-

1904 4289 2022 4353 pto,
2050 4285 2409 4354 dispensator
2441 4285 2839 4355 mysteriorum
2874 4286 3081 4340 Christi
3112 4292 3167 4338 et
3214 4286 3390 4340 divini
3442 4286 3599 4339 verbi

1904 4373 1962 4426 in
1991 4376 2271 4443 populum
2303 4374 2464 4428 fieret
2490 4379 2773 4444 erogator.
2812 4376 3026 4428 Dehinc
3057 4392 3185 4428 cum
3238 4377 3294 4429 in
3344 4377 3599 4447 amplio-

1904 4479 2024 4517 rem
2085 4479 2464 4533 supernorum
2516 4464 2801 4517 bonorum
2858 4464 3376 4533 concupiscentiam
3441 4482 3603 4520 mens

1906 4553 2027 4621 ejus
2082 4558 2445 4613 excresceret,
2508 4558 2562 4605 et
2614 4553 2858 4605 visibilia
2911 4559 3112 4606 cuncta
3163 4554 3478 4625 despiciens
3538 4555 3598 4609 in

1904 4640 2278 4693 invisibilium
2329 4640 2644 4711 appetitum
2692 4657 2748 4693 se
2800 4642 2957 4693 omni
2986 4658 3050 4694 ex
3110 4648 3271 4711 parte
3310 4644 3600 4698 transfun-

1905 4728 2081 4793 deret,
2142 4729 2383 4797 patriam
2439 4734 2812 4799 parentesque
2847 4728 3117 4796 deseruit,
3146 4736 3201 4784 et
3258 4732 3317 4784 in
3367 4732 3602 4787 ultimos

1908 4817 2101 4872 Galliae
2124 4818 2264 4870 fines
2302 4818 2643 4886 peregrinus
2683 4818 2889 4870 saeculo
2917 4823 2973 4871 et
3013 4820 3255 4872 caelestis
3288 4821 3485 4891 patriae
3517 4821 3601 4874 ci-

1906 4905 1987 4957 vis
2018 4905 2268 4957 excessit.
2322 4905 2562 4957 Veniens
2593 4920 2728 4973 ergo
2780 4905 2837 4957 in
2884 4906 3233 4976 provinciam
3284 4922 3413 4975 quin
3465 4905 3603 4975 ripis

1907 4993 2092 5048 Rheni
2123 4993 2377 5047 ﬂuminis
2404 4993 2672 5062 contigua
2717 4993 2967 5047 Tricoria
2997 5000 3380 5064 nuncupatur,
3433 4998 3602 5064 atque

1906 5082 1976 5136 ad
2021 5083 2306 5137 dimcesim
2355 5082 2646 5153 pertinent
2691 5084 3065 5138 Treverorum
3120 5083 3267 5136 infra
3326 5082 3604 5136 terminos

1908 5260 2264 5316 Kalendariis
2311 5260 2366 5315 S.
2401 5262 2547 5315 Goar
2600 5263 2886 5330 cpiscopus
2937 5259 3163 5325 dicitur,
3214 5259 3311 5330 qui
3369 5259 3603 5329 quidem

1906 5334 1976 5386 ad
2052 5332 2301 5402 episcopi
2376 5332 2655 5385 honorem
2730 5335 3025 5401 cooptatus
3100 5337 3206 5396 est,
3278 5346 3392 5384 non
3466 5346 3599 5400 pro-

1904 5408 2116 5458 motus.
