4044 6174
422 228 524 281 643

1480 209 1992 269 WANDALBERTI
2034 209 2457 266 PRUMIENSIS
2496 208 2815 265 MONACHI
3766 222 3850 273 6,,

424 358 863 412 Wasaliacenses
902 361 926 385 ⁸
978 353 1092 404 Deo
1141 348 1317 400 libere
1372 344 1582 398 servire
1645 342 1877 413 delegit.
1934 341 2019 395 Ibi
2050 341 2109 393 in
2149 347 2191 396 A
2222 341 2431 410 agebat
2461 340 2788 409 apostolicae
2847 342 3141 395 sententia:
3166 358 3406 411 memor,
3439 347 3689 414 quoniam
3732 350 3849 403 hila-

422 448 667 518 quodam
702 447 820 498 loco
858 455 1031 510 super
1071 437 1319 490 rivulum
1366 435 1465 504 qui
1511 448 1662 486 nunc
1715 433 1948 484 Wocara
1981 430 2115 483 diei-

419 544 532 601 tur,
563 551 692 588 cum
711 530 990 602 permissu
1021 532 1077 581 et
1107 526 1395 578 voluntate
1427 521 1679 591 episcopi
1710 520 1809 591 qui
1840 526 1961 572 tum
1987 519 2111 572 urbi

419 631 474 679 et
503 622 716 694 populo
742 621 1120 673 Treverorum
1160 618 1420 684 praeerat,
1458 610 1655 664 Felicis
1709 610 1803 679 [al.
1850 606 2105 679 Felicius]

415 713 670 777 nomine,
703 708 995 762 ecclesiam
1025 721 1129 776 pro
1162 704 1277 757 suis
1322 701 1539 754 viribus
1570 705 1927 762 construens,
1979 714 2107 750 san-

412 806 635 854 ctorum
674 798 735 850 in
776 812 842 850 ea
890 794 1141 865 plurima
1188 791 1430 861 pignora
1478 786 1796 854 collocavit,
1851 786 2112 839 γίάειέιτιςι

412 892 620 941 sanctae
655 884 752 938 Dei
786 882 1075 954 genitricis
1114 886 1171 934 et
1227 881 1285 932 Β.
1346 877 1612 946 Baptista:
1660 875 1913 940 Joannis,
1967 874 2110 927 aliu-

411 992 656 1046 rumque
686 979 1035 1037 sanctorum,
1070 986 1214 1040 quos
1235 982 1532 1021 recensere
1553 963 1941 1019 necessarium
1992 978 2108 1016 non

412 1064 629 1137 putavi.
939 1133 982 1137 __
1096 1131 1126 1137 ,Α
1280 1133 1288 1137 _

934 1130 1319 1199 Hospitalitate
1348 1126 1580 1179 excellit.

485 1248 534 1298 5.
571 1244 631 1297 In
682 1242 790 1296 hoc
827 1239 1021 1309 itaque
1072 1238 1197 1290 loco
1243 1234 1409 1288 annis
1450 1233 1646 1286 multis
1696 1234 1809 1285 Deo
1855 1230 2103 1297 servivit,

413 1350 616 1389 vacans
645 1332 734 1386 die
779 1336 1065 1397 noctuque
1116 1324 1347 1394 vigiliis,
1381 1321 1735 1376 orationibus
1766 1325 1821 1373 et
1844 1319 2102 1390 jejuniis,

414 1423 647 1477 studens
688 1417 979 1490 patientia:
1027 1421 1083 1468 et
1133 1412 1422 1484 praecipue
1473 1410 1870 1480 hospitalitati,
1932 1426 2105 1478 quam

414 1513 494 1566 ita
523 1510 683 1564 omni
714 1516 967 1577 tempore
995 1503 1309 1556 secundum
1344 1502 1491 1552 vires
1532 1515 1664 1551 suas
1715 1498 1984 1561 exercuit,
2048 1503 2107 1550 ut

412 1615 542 1652 cum
573 1594 880 1649 virtutibus
909 1591 1085 1645 animi
1112 1590 1326 1643 cunctis
1370 1589 1630 1656 polleret,
1675 1587 1821 1639 hanc
1857 1592 1921 1639 ut
1972 1602 2103 1656 pro-

410 1687 595 1758 priam
627 1690 684 1738 et
712 1682 1065 1752 singularem
1096 1679 1305 1732 habere
1338 1682 1656 1747 putaretur.

847 1800 1094 1865 Paganos
1130 1794 1204 1847 ad
1231 1793 1395 1861 ﬁdem
1424 1792 1670 1845 adducit.

483 1893 535 1943 6.
568 1887 750 1958 Coepit
778 1886 998 1939 interea
1058 1882 1368 1953 gentilibus
1424 1898 1526 1950 per
1583 1879 1886 1933 circuitum
1929 1878 2105 1932 simu-

409 1980 694 2032 lacrorum
739 1974 917 2028 cultui
957 1974 1163 2027 deditis
1201 1975 1256 2024 et
1297 1987 1442 2023 vana
1497 1969 1782 2022 idolorum
1830 1969 2107 2039 supersti-

409 2066 569 2121 tione
609 2065 859 2135 deceptis
909 2062 1145 2115 verbum
1196 2060 1393 2111 salutis
1434 2058 1802 2122 annuntiare,
1872 2062 1935 2110 ut
1981 2062 2106 2111 tan-

412 2171 584 2225 quam
610 2155 796 2207 bonus
828 2149 1177 2220 evangelista
1209 2147 1305 2217 qui
1359 2163 1460 2216 pro
1503 2146 1725 2200 Christo
1779 2162 1883 2199 sua
1914 2146 2109 2198 omnia

411 2244 726 2308 dimiserat,
760 2242 1074 2311 multorum
1106 2238 1175 2290 ad
1216 2235 1607 2305 cognitionem
1633 2235 1763 2287 vitae
1816 2240 2106 2305 perpetuae

414 2335 612 2389 doctor
639 2332 921 2385 existeret.
971 2328 1060 2381 Sic
1103 2327 1313 2379 factum
1346 2332 1458 2389 est,
1484 2327 1549 2376 ut
1593 2323 1788 2393 plures
1836 2339 1866 2376 e
1924 2323 2107 2376 vicino

411 2422 621 2491 pagani
653 2419 753 2490 qui
783 2418 852 2472 ad
886 2434 953 2470 ea
983 2431 1163 2485 usque
1212 2419 1471 2482 tempora
1513 2411 1573 2464 in
1625 2427 1817 2464 errore
1867 2411 2108 2464 durave-

412 2515 558 2573 rant,
584 2509 707 2577 ejus
732 2511 787 2559 et
820 2505 992 2558 verbo
1023 2500 1357 2555 commoniti
1405 2504 1459 2552 et
1508 2498 1798 2569 provocati
1846 2500 2107 2568 exemplo

410 2612 665 2651 errorem
691 2598 1049 2665 spernerent,
1079 2597 1134 2644 et
1171 2590 1243 2643 ad
1273 2589 1400 2641 vita:
1442 2588 1592 2640 viam
1633 2587 1920 2642 Christum
1968 2603 2108 2640 con-

409 2690 788 2741 verterentur.
821 2685 898 2736 Ac
928 2698 997 2735 ne
1028 2677 1452 2749 praedicationis
1486 2678 1607 2746 ejus
1636 2676 1931 2745 signorum
1964 2693 2104 2747 quo-

411 2794 523 2848 que
573 2776 795 2829 deesset
844 2770 1171 2834 auctoritas,
1224 2772 1283 2820 ut
1320 2766 1629 2820 incredula}
1681 2772 1922 2829 mentes,
1977 2782 2107 2836 quae

409 2864 629 2918 ratione
660 2877 773 2914 non
803 2863 1089 2930 poterant,
1137 2857 1207 2910 ad
1255 2856 1600 2909 credendum
1652 2854 1939 2908 miraculis
1988 2870 2108 2907 mo-

410 2958 698 3019 verentur,
733 2950 903 3018 coepit
932 2947 991 3000 in
1021 2948 1224 2999 virtute
1256 2944 1508 2998 nominis
1537 2944 1745 2997 Christi
1791 2944 2099 2998 sanitatum

409 3040 685 3096 beneﬁcia
704 3040 852 3092 circa
874 3038 1129 3090 inﬁrmos
1153 3040 1208 3088 et
1226 3034 1616 3087 membrorum
1639 3033 1926 3086 debilitate
1950 3034 2100 3086 mul-

407 3136 556 3185 tatos
587 3129 888 3199 aliquoties
923 3124 1164 3196 Operari.
1218 3123 1375 3187 Quod
1416 3122 1703 3191 hodieque
1740 3121 1943 3174 merita
1990 3122 2098 3174 liu-

403 3220 499 3290 jus
555 3216 947 3287 multipliciter
1003 3212 1331 3285 petentibus
1378 3216 1649 3281 praestare
1690 3209 2094 3279 conspicimus,

409 3326 539 3364 cum
571 3308 641 3362 ad
671 3308 793 3377 ejus
829 3303 1169 3358 memoriam
1203 3317 1380 3354 caecos
1426 3300 1631 3366 visum,
1664 3299 1896 3353 claudos
1941 3315 2100 3368 gres-

409 3414 559 3464 sum,
592 3393 1002 3461 energuminos
1040 3390 1249 3443 mentis
1298 3388 1622 3455 sanitatem,
1655 3387 1897 3457 aliisque
1941 3402 2099 3456 pres-

408 3502 497 3539 sos
529 3483 902 3553 languoribus
930 3478 1380 3532 incolumitatem
1416 3476 1665 3545 recipere
1705 3475 1992 3528 cernimus
2038 3479 2100 3527 ut

407 3572 552 3627 illud
607 3572 668 3623 in
721 3574 911 3621 sancto
955 3567 1082 3620 viro
1139 3563 1572 3633 Psalmographi
1623 3567 1844 3615 constet
1907 3561 2101 3630 imple-

408 3668 575 3716 tum:
638 3660 813 3714 Nimis
865 3657 1116 3710 honorati
1163 3658 1288 3707 sunt
1335 3654 1499 3705 amici
1549 3654 1648 3717 tui,
1710 3652 1878 3716 Deus,
1937 3653 2099 3705 nimis

408 3752 746 3817 confortatus
777 3752 853 3801 est
896 3746 1238 3815 principatus
1290 3757 1470 3796 eorum
1504 3743 1669 3807 (Psal.
1714 3757 1937 3807 cxxvui,
1990 3740 2095 3809 l7).

441 3858 578 3927 Ejus
607 3858 666 3911 in
695 3856 934 3909 oratione
972 3851 1266 3915 instantiae,
1308 3854 1358 3903 et
1404 3850 1461 3901 in
1487 3862 1753 3917 pauperes
1798 3847 2059 3900 Charitas.

477 3970 527 4018 7.
564 3965 694 4018 Erat
724 3962 776 4015 ei
799 3958 1069 4013 solemnis
1100 3955 1470 4023 consuetudo,
1521 3960 1586 4007 ut
1634 3953 1791 4007 omni
1828 3952 1919 4006 die
1964 3952 2098 4005 mis-

406 4068 597 4107 sarum
637 4049 916 4104 solemnia
972 4047 1287 4110 celebrans,
1342 4043 1684 4095 sacriﬁcium
1743 4041 1997 4110 corporis
2046 4044 2102 4094 et

406 4140 703 4211 sanguinis
731 4135 935 4191 Christi
970 4151 1073 4203 pro
1107 4138 1253 4186 statu
1280 4131 1543 4184 Ecclesiae
1590 4130 1839 4195 oti‘erret,
1885 4130 2098 4199 psalte-

405 4230 670 4299 riumque
701 4243 764 4280 ex
800 4226 1022 4292 integro
1054 4226 1077 4265 ι)
1120 4222 1338 4275 orando
1368 4221 1585 4273 intente
1616 4221 1943 4289 compleret,
1979 4225 2100 4273 tum

404 4318 613 4373 deinde
659 4331 788 4369 cum
838 4310 1158 4383 peregrinis
1214 4316 1270 4364 et
1311 4309 1659 4380 pauperibus
1707 4309 1915 4377 quibus
1980 4307 2101 4361 sine

404 4422 551 4479 pene
577 4419 873 4474 nunquam
902 4405 1023 4454 erat
1066 4400 1257 4452 cibum
1307 4398 1495 4452 ofticio
1544 4397 1834 4450 charitatis
1881 4398 2100 4465 accipe-

403 4500 510 4561 ret,
543 4510 685 4565 quos
717 4490 974 4546 oratione
995 4491 1109 4542 Deo
1134 4488 1591 4554 commendabat,
1626 4502 1899 4555 corporeo
1927 4484 2102 4538 nihil-

403 4584 633 4640 ominus
665 4580 934 4634 alimento
982 4577 1261 4637 reticiens,
1304 4582 1366 4629 ut
1395 4576 1464 4628 ab
1516 4592 1581 4629 eo
1612 4575 1949 4646 peregrinus
1999 4575 2099 4644 qui

403 4690 538 4728 casu
569 4669 889 4726 advenisset
917 4682 1047 4721 cum
1089 4665 1258 4719 verbo
1288 4665 1484 4718 salutis
1516 4670 1573 4717 et
1606 4680 1710 4734 ope
1741 4664 2097 4718 intercessio—

401 4762 493 4818 nis
543 4760 733 4815 cibum
779 4771 1011 4828 quoque
1075 4754 1394 4824 perciperet
1451 4752 1656 4806 carnis.
1718 4753 1846 4805 Haec
1902 4756 2095 4806 autem

471 4902 496 4931 ι
524 4884 856 4947 Ober-wesel,
888 4880 1052 4936 Surio
1078 4880 1245 4943 male,
1286 4879 1631 4933 Vesalienses.

470 4961 497 5002 b
536 4959 649 5011 Hoc
678 4956 737 5008 in
774 4955 951 5024 priori
996 4951 1119 5003 Vita
1148 4966 1265 5024 non
1321 4949 1681 5019 exprimitur,
1710 4946 1819 5020 [sed
1872 4952 2095 5002 tantum

402 5028 742 5101 quodomni
772 5021 857 5101 {tie
884 5026 1106 5101 missam
1130 5021 1438 5101 celebraret.

471 5109 491 5133 °
519 5099 662 5154 Hinc
701 5096 978 5165 conjicere
1024 5094 1156 5145 licet
1185 5108 1353 5165 voces
1400 5092 1557 5165 istas,
1600 5089 1933 5165 psalmodiae:
1969 5105 2090 5165 cur-

398 5186 537 5237 sum,
570 5167 778 5239 quibus
806 5160 1146 5233 vanonymus
1182 5162 1238 5214 in
1287 5162 1395 5239 alia
1428 5162 1550 5239 Vlita
1601 5161 1856 5239 ejusdem
1891 5160 2092 5239 Coaris

399 5231 661 5295 hoc'lo-co
696 5253 829 5290 usus
859 5242 962 5301 est,
981 5231 1254 5302 tempore
1294 5231 1680 5284 Wandalberti
1718 5231 1836 5297 jam
1885 5231 2001 5283 fere
2033 5231 2091 5284 in

401 5310 835 5365 desuetudinem
869 5306 1074 5359 abiisse
1109 5320 1122 5357 :
1156 5305 1289 5357 licet
1315 5302 1465 5371 apud
1511 5302 1789 5371 quosdam
1837 5308 2090 5354 auctores

398 5382 799 5435 Wandalberto
872 5376 1219 5446 posteriores
1292 5388 1702 5446 nonnunquam
1739 5378 2087 5446 Aoccurrant.

399 5451 761 5504 Ekkerardus
812 5442 1012 5517 juinior
1069 5446 1128 5499 in
1171 5446 1361 5517 capti}
1416 5442 1785 5517 de_Casib._S.
1821 5442 1964 5517 Galli
2022 5443 2087 5494 de

403 5523 671 5590 Ratperto
692 5519 789 5590 qui
813 5513 923 5572 sub
951 5519 1124 5571 tinem
1156 5514 1349 5568 smculi
1376 5530 1426 5567 ix
1450 5513 1690 5579 vivebat,
1725 5513 1846 5565 haec
1873 5513 2048 5566 refert
2073 5532 2085 5566 :

2222 447 2346 484 rem
2405 431 2660 483 datorem
2692 422 2879 499 diligit
2928 432 3075 483 Deus
3106 433 3185 499 (ll
3216 433 3334 487 Cor.
3371 432 3479 501 ix):
3514 440 3565 487 et
3607 435 3847 491 Christum

2222 520 2281 572 in
2334 520 2683 589 pauperibus
2734 525 2791 573 et
2835 519 3155 589 peregrinis
3214 521 3500 590 suscipere
3547 525 3772 594 cupiens,
3808 533 3855 579 ut

2222 608 2290 662 ab
2322 625 2388 661 eo
2422 614 2738 662 mereretur
2785 609 2979 662 audire
3011 626 3022 661 :
3056 609 3206 675 Quod
3251 612 3349 663 uni
3391 626 3457 663 ea:
3486 614 3703 667 minimis
3744 618 3849 669 meis

2218 697 2428 761 fecistis
2448 700 2585 751 mihi
2607 699 2813 765 fecistis
2845 697 3063 768 (Matth.
3088 698 3237 768 xxv).

2672 824 2889 877 Diabolo
2917 824 3185 877 invidiam
3212 826 3456 887 facessit.

2289 949 2340 1000 8.
2373 946 2481 1001 Sed
2509 946 2646 1018 quia
2674 947 2946 1018 antiquus
2977 948 3153 1002 hostis
3175 949 3487 1004 electorum
3518 967 3723 1021 semper
3755 969 3858 1022 pro-

2216 1034 2458 1088 fectibus
2487 1035 2771 1103 invidens,
2805 1053 3006 1090 eorum
3042 1037 3242 1091 studiis
3276 1038 3654 1108 multipliciter
3691 1040 3857 1095 nititur

2216 1138 2534 1190 occursare,
2563 1128 2617 1177 et
2647 1140 2847 1178 omnes
2878 1125 2978 1195 qui
3030 1125 3122 1195 pie
3164 1127 3365 1179 volunt
3410 1127 3590 1180 vivere
3626 1128 3680 1181 in
3720 1128 3859 1183 Chri-

2217 1216 2303 1265 sto
2332 1213 2786 1282 persecutionem
2821 1214 3149 1284 patiuntur;
3184 1216 3304 1268 haec
3331 1232 3364 1268 a
3390 1216 3510 1268 viro
3546 1226 3720 1271 sancto
3753 1218 3857 1270 cha-

2215 1301 2397 1354 ritatis
2447 1307 2501 1354 et
2526 1303 2948 1372 praedicationis
2996 1320 3170 1373 opera
3214 1303 3340 1357 ﬁeri
3384 1305 3635 1358 diabolus
3692 1306 3861 1360 acriter

2216 1390 2415 1455 doluit,
2462 1392 2745 1462 coepitque
2795 1392 2877 1445 illi
2913 1409 3066 1445 nunc
3096 1394 3332 1458 occulte,
3368 1409 3520 1447 nunc
3564 1394 3719 1447 etiam
3764 1412 3860 1448 ma-

2217 1481 2417 1534 nifeste
2449 1482 2824 1534 tentationum
2858 1482 3083 1535 fraudes
3127 1482 3447 1544 intendere,
3500 1482 3719 1552 ejusque
3748 1500 3862 1552 pro-

2216 1570 2467 1637 positum
2519 1575 2581 1623 ut
2639 1575 2920 1624 averteret
2966 1570 3153 1624 modis
3194 1572 3364 1625 variis
3417 1571 3705 1624 laborare:
3759 1588 3861 1641 qua:

2145 1646 2185 1699 Β
2218 1663 2408 1711 tamen
2438 1658 2530 1711 ille
2561 1664 2764 1711 cuncta
2794 1659 3195 1729 azquanimiter
3217 1660 3516 1725 tolerabat,
3566 1659 3659 1729 qui
3704 1665 3863 1713 nosset

2219 1762 2322 1814 per
2374 1748 2583 1799 multas
2639 1748 3035 1801 tribulationes
3096 1754 3357 1817 oportere
3405 1747 3628 1817 ingredi
3662 1762 3860 1814 regnum

2218 1835 2337 1889 Dei.
2400 1835 2585 1898 Quare
2635 1852 2820 1906 neque
2869 1853 2901 1889 a
2959 1836 3360 1907 praedicatione
3408 1837 3593 1906 potuit
3631 1835 3860 1896 cohiberi,

2219 1924 2356 1994 quin
2392 1925 2676 1978 lucrandis
2720 1926 2830 1978 Deo
2879 1926 3182 1977 animabus
3229 1940 3463 1994 operam
3521 1940 3730 1994 semper
3777 1924 3862 1975 im-

2216 2013 2520 2082 penderet;
2558 2029 2743 2082 neque
2795 2013 2863 2066 ab
2916 2014 3189 2083 operibus
3238 2012 3554 2078 charitatis,
3599 2028 3717 2082 quae
3760 2027 3862 2081 per-

2217 2103 2467 2154 maxiine
2520 2102 2633 2155 Deo
2680 2107 2911 2171 accepta
2949 2107 3204 2167 noverat,
3252 2103 3538 2155 ullatenus
3571 2101 3732 2154 valuit
3778 2100 3863 2152 im-

2217 2190 2402 2259 pediri
2429 2206 2440 2242 :
2467 2190 2543 2243 ita
2574 2195 2636 2243 ut
2665 2191 2920 2260 quotidie
2952 2207 3261 2243 concursus
3291 2191 3361 2244 ad
3390 2190 3558 2243 illum
3595 2190 3861 2242 multorum

2216 2280 2399 2343 ﬁeret,
2425 2278 2525 2348 qui
2556 2283 2653 2331 aut
2699 2295 2729 2330 a
2770 2278 2972 2348 gentili
3021 2279 3269 2333 vanitate
3315 2279 3384 2332 ad
3440 2278 3573 2332 ﬁdei
3619 2276 3865 2331 sincerita-

2216 2372 2329 2420 tem
2358 2367 2747 2437 confugerent,
2802 2373 2901 2420 aut
2931 2368 3051 2436 ejus
3097 2368 3358 2437 exemplo
3392 2372 3665 2437 cuperent
3700 2366 3864 2419 volun-

2216 2455 2419 2510 tariam
2453 2455 2674 2509 Christo
2705 2456 3027 2526 dependere
3054 2456 3402 2510 servitutem.

2587 2589 2941 2644 Emulorum
2970 2592 3276 2644 vexationes
3302 2592 3537 2660 patitur.

2288 2699 2335 2751 9.
2366 2696 2475 2751 Sed
2499 2696 2645 2750 sicut
2694 2696 2981 2751 bonorum
3025 2695 3325 2749 hominum
3361 2700 3446 2749 est
3494 2696 3728 2748 aliorum
3762 2692 3867 2745 acti~

2214 2785 2319 2838 bus
2349 2802 2495 2854 quos
2517 2785 2682 2838 laude
2712 2785 2914 2855 dignos
2940 2786 3265 2854 aspexerint
3294 2785 3592 2853 gratulari,
3647 2788 3698 2836 et
3721 2782 3787 2833 eis
3811 2780 3865 2831 ad

2216 2890 2381 2927 suum
2414 2874 2498 2926 uti
2519 2875 2870 2944 profectum;
2896 2874 2975 2925 ita
3007 2878 3208 2925 contra
3261 2871 3634 2941 reproborum
3683 2874 3867 2922 mentes

2143 2939 2182 2994 Ο
2210 2972 2491 3016 conantur
2523 2978 2749 3032 semper
2778 2968 2932 3015 recta
2971 2963 3281 3015 electorum
3306 2976 3485 3030 opera
3514 2960 3801 3021 oil‘uscare,
3822 2960 3865 3007 et

2208 3069 2337 3122 quae
2390 3052 2602 3105 imitari
2660 3050 2866 3104 nolunt
2920 3054 3019 3103 aut
3045 3050 3219 3103 etiam
3273 3056 3587 3120 nequeunt,
3637 3044 3863 3101 malivolo

2207 3140 2575 3195 detractionis
2605 3156 2702 3192 ore
2734 3144 2789 3193 et
2837 3139 3023 3192 studio
3078 3154 3329 3208 carpere.
3397 3138 3556 3191 Unde
3599 3135 3785 3189 accidit
3816 3138 3865 3183 ut

2209 3230 2459 3300 quodam
2486 3235 2743 3298 tempore
2798 3227 2864 3280 ab
2894 3227 3124 3281 beatum
3180 3228 3422 3280 Goaram
3471 3228 3583 3281 duo
3612 3225 3708 3277 sub
3755 3221 3865 3275 falsa

2208 3316 2393 3385 specie
2416 3316 2643 3385 pietatis
2674 3315 2910 3368 clientes
2940 3314 3195 3384 episcopi
3233 3314 3332 3383 qui
3357 3320 3497 3367 tunc
3536 3316 3863 3367 Treverorum

2207 3405 2551 3475 praesidebat
2582 3404 2860 3469 Ecclesiae,
2893 3404 3112 3457 Rustici
3143 3403 3398 3470 nomine,
3432 3404 3705 3463 venirent,
3748 3413 3864 3468 quo-

2206 3510 2335 3547 rum
2362 3494 2506 3547 alter
2534 3493 2836 3559 Albuinus,
2875 3493 3018 3545 alter
3056 3492 3362 3546 vocabatur
3407 3492 3719 3546 Adalwinus
3765 3486 3862 3558 [al.,

2207 3581 2572 3650 Almannus],
2598 3582 2849 3635 dicentes
2898 3598 2955 3634 se
2989 3598 3054 3635 ea
3098 3598 3227 3652 quae
3261 3581 3332 3634 ad
3384 3579 3687 3634 luminaria
3722 3575 3866 3629 eccle-

2208 3672 2307 3725 SltB
2337 3672 2397 3724 Β.
2429 3671 2581 3725 Petri
2613 3670 2767 3724 urbis
2791 3670 2914 3740 jam
2965 3670 3129 3723 dicta:
3162 3670 3480 3724 necessaria
3527 3673 3704 3722 essent
3740 3678 3867 3735 quaa-

2208 3760 2382 3813 situm
2417 3759 2653 3813 venisse.
2715 3759 2821 3823 Qui
2872 3759 3010 3813 dum
3067 3760 3328 3829 corporei
3376 3756 3612 3811 luminis
3655 3756 3869 3808 fomenta

2209 3849 2529 3919 requirunt,
2563 3849 2651 3901 vel
2685 3849 2865 3917 magis
2896 3864 2953 3901 se
2979 3864 3237 3918 quaerere
3265 3846 3646 3911 mentiuntur,
3696 3840 3870 3913 quibus

2208 3935 2612 3991 malivolentiae
2660 3937 2910 3990 tenebris
2954 3937 3149 3991 caecati
3197 3942 3387 3990 essent
3427 3936 3614 3990 celare
3667 3930 3869 3986 minime

2209 4030 2540 4096 potuerunt.

2632 4116 2939 4169 Accusatur
2967 4114 3119 4182 apud
3151 4116 3476 4184 episcopum.

2284 4222 2369 4275 10.
2413 4221 2553 4274 Nam
2602 4219 2663 4273 hi
2694 4219 2951 4274 videntes
2986 4236 3116 4291 quae
3170 4236 3367 4274 servus
3424 4219 3635 4274 Christi
3686 4217 3869 4286 ageret,

2210 4310 2365 4380 quod
2396 4309 2607 4363 scilicet
2639 4310 2735 4364 Dei
2763 4310 3002 4363 verbum
3032 4310 3103 4363 ad
3140 4326 3197 4363 se
3228 4310 3592 4363 venientibus
3634 4306 3868 4361 continue

2208 4398 2561 4467 praedicaret,
2603 4399 2758 4468 quod
2789 4399 3044 4468 quotidie
3088 4399 3157 4453 ab
3207 4405 3337 4453 ortu
3382 4399 3530 4452 lucis
3575 4391 3870 4467 psalmodiis

2207 4487 2406 4541 laudes
2441 4496 2461 4520 °
2490 4487 2712 4541 Christo
2761 4488 3108 4557 persolvens,
3157 4493 3213 4541 et
3253 4488 3452 4541 missas
3504 4487 3706 4541 deinde
3756 4481 3871 4536 cele-

2206 4576 2396 4643 brans,
2421 4581 2617 4647 postea
2640 4591 2770 4629 cum
2814 4576 3133 4647 peregrinis
3173 4583 3229 4630 et
3278 4577 3634 4647 pauperibus
3686 4570 3775 4644 qui
3816 4566 3872 4622 ad

2206 4681 2264 4719 se
2293 4666 2583 4720 venissent
2612 4664 2937 4735 pranderet,
2974 4681 3103 4734 quae
3151 4671 3303 4718 certe
3351 4665 3446 4717 ille
3496 4663 3682 4717 studio
3725 4655 3874 4713 chari-

2204 4753 2337 4806 tatis
2386 4757 2442 4806 et
2493 4752 2775 4806 indefesso
2831 4769 2938 4806 usu
2988 4752 3424 4819 benevolentiae,
3484 4768 3603 4805 non
3662 4748 3869 4815 alicujus

2204 4878 2535 4947 Plerumque
2591 4893 2779 4932 cursus
2844 4883 2895 4931 et
2958 4881 3153 4932 missas
3189 4878 3515 4947 negligebat,
3581 4879 3758 4941 bonas,
3801 4875 3867 4947 ἱρή

2203 4951 2414 5015 quiens,
2438 4941 2654 5003 -missas
2681 4948 3012 5015 audivimus,
3058 4965 3178 5003 cum
3212 4941 3468 5018 edsfagi
3514 4952 3769 5003 docemus.
3816 4941 3869 4994 Et

2203 5019 2493 5072 Hariulfus
2511 5020 2703 5073 saeculi
2725 5036 2779 5074 χι
2810 5022 3053 5089 scriptor
3084 5020 3146 5072 in
3176 5022 3383 5074 Chron.
3421 5022 3645 5074 Centul.
3688 5020 3777 5089 lib.
3808 5027 3867 5075 IV.

2201 5106 2324 5159 cap.
2360 5092 2448 5155 35,
2483 5090 2554 5143 de
2593 5091 2834 5144 Gervino
2865 5088 3067 5144 abbate
3098 5091 3159 5144 in
3202 5092 3469 5144 extremis
3512 5092 3713 5161 posito.
3745 5088 3867 5161 Cur—

2200 5157 2313 5227 sus,
2357 5160 2562 5229 inquit,
2613 5163 2890 5229 spiritales
2920 5178 3098 5215 coram
3128 5177 3184 5215 eo
3231 5157 3561 5215 incessanter
3588 5157 3870 5229 recitabant

2202 5238 2310 5284 tur.
2336 5230 2765 5284 Observandum
2800 5249 2931 5285 vero
2959 5240 3062 5296 est,
3096 5239 3356 5286 auctores
3400 5233 3752 5302 antiquiores
3790 5237 3869 5292 qui

2199 5302 2267 5355 ad
2301 5301 2485 5355 Caroli
2525 5303 2710 5372 Magni
2760 5308 3020 5372 tempora
3052 5320 3115 5356 ea
3145 5319 3281 5357 voce
3337 5304 3419 5355 usi
3469 5301 3624 5368 sunt,
3683 5309 3868 5354 cursum

2200 5372 2322 5424 sine
2353 5372 2541 5425 addito
2578 5373 2783 5443 passim
2831 5376 3136 5443 protulisse
3166 5391 3178 5427 :
3213 5374 3563 5443 posteriores
3614 5381 3868 5444 verorur-

2197 5437 2665 5567 1)psalmoitia
2706 5460 2804 5497 seu
2831 5437 3053 5499 ’σω-δας
3084 5437 3358 5514 spiritales
3410 5447 3495 5497 vel
3538 5444 3675 5514 quid
3708 5437 3865 5493 simile

2197 5528 2229 5566 a
2317 5530 2328 5566 l
2378 5529 2543 5567 uisse.

2197 5528 2543 5568 annmuisse.
