  <div class='ocr_page' id='page_1' title='image "/cluster/home/n/w/nwhite01/storage/ocr_20150623/121/hvd.32044054759832/328.png"; bbox 0 0 4022 6178; ppageno 0'>
   <div class='ocr_carea' id='block_1_1' title="bbox 158 228 2463 296">
    <p class='ocr_par' dir='ltr' id='par_1_1' title="bbox 158 228 2463 296">
     <span class='ocr_line' id='line_1_1' title="bbox 158 228 2463 296; baseline -0.005 0"><span class='ocrx_word' id='word_1_1' title='bbox 158 246 237 296; x_wconf 64' lang='grc' dir='ltr'>ϋὶὅ</span> <span class='ocrx_word' id='word_1_2' title='bbox 1211 231 1301 286; x_wconf 88' lang='lat' dir='ltr'><strong>DE</strong></span> <span class='ocrx_word' id='word_1_3' title='bbox 1344 229 1497 285; x_wconf 84' lang='lat' dir='ltr'>VITA</span> <span class='ocrx_word' id='word_1_4' title='bbox 1542 230 1622 283; x_wconf 81' lang='grc' dir='ltr'>ΕΤ</span> <span class='ocrx_word' id='word_1_5' title='bbox 1664 228 2035 284; x_wconf 75' lang='lat' dir='ltr'>MIRACULIS</span> <span class='ocrx_word' id='word_1_6' title='bbox 2073 232 2135 284; x_wconf 92' lang='lat' dir='ltr'>S.</span> <span class='ocrx_word' id='word_1_7' title='bbox 2182 230 2463 285; x_wconf 83' lang='lat' dir='ltr'>GOARIS.</span> 
     </span>
    </p>
   </div>
   <div class='ocr_carea' id='block_1_2' title="bbox 3487 241 3591 293">
    <p class='ocr_par' dir='ltr' id='par_1_2' title="bbox 3487 241 3591 293">
     <span class='ocr_line' id='line_1_2' title="bbox 3487 241 3591 293; baseline 0.038 -4"><span class='ocrx_word' id='word_1_8' title='bbox 3487 241 3591 293; x_wconf 61' lang='lat' dir='ltr'>6H3</span> 
     </span>
    </p>
   </div>
   <div class='ocr_carea' id='block_1_3' title="bbox 154 360 3585 442">
    <p class='ocr_par' dir='ltr' id='par_1_3' title="bbox 154 360 3585 442">
     <span class='ocr_line' id='line_1_3' title="bbox 154 360 3585 442; baseline -0.001 -13"><span class='ocrx_word' id='word_1_9' title='bbox 154 368 550 442; x_wconf 74' lang='lat' dir='ltr'>intemperantize</span> <span class='ocrx_word' id='word_1_10' title='bbox 596 365 732 419; x_wconf 89' lang='lat' dir='ltr'>vitio</span> <span class='ocrx_word' id='word_1_11' title='bbox 776 363 1053 418; x_wconf 83' lang='lat' dir='ltr'>faciebat:</span> <span class='ocrx_word' id='word_1_12' title='bbox 1089 368 1153 415; x_wconf 92' lang='lat' dir='ltr'>ut</span> <span class='ocrx_word' id='word_1_13' title='bbox 1196 362 1359 415; x_wconf 87' lang='lat' dir='ltr'>malis</span> <span class='ocrx_word' id='word_1_14' title='bbox 1389 366 1472 414; x_wconf 91' lang='lat' dir='ltr'>est</span> <span class='ocrx_word' id='word_1_15' title='bbox 1523 360 1637 414; x_wconf 88' lang='lat' dir='ltr'>vita</span> <span class='ocrx_word' id='word_1_16' title='bbox 1673 360 1781 413; x_wconf 89' lang='lat' dir='ltr'>bo-</span> <span class='ocrx_word' id='word_1_17' title='bbox 1819 368 1865 417; x_wconf 83' lang='lat' dir='ltr'><strong>A</strong></span> <span class='ocrx_word' id='word_1_18' title='bbox 1895 376 1998 430; x_wconf 90' lang='lat' dir='ltr'>pro</span> <span class='ocrx_word' id='word_1_19' title='bbox 2026 360 2219 414; x_wconf 87' lang='lat' dir='ltr'>labore</span> <span class='ocrx_word' id='word_1_20' title='bbox 2270 362 2397 415; x_wconf 89' lang='lat' dir='ltr'>illos</span> <span class='ocrx_word' id='word_1_21' title='bbox 2432 362 2531 415; x_wconf 69' lang='lat' dir='ltr'>via:</span> <span class='ocrx_word' id='word_1_22' title='bbox 2579 363 2790 427; x_wconf 89' lang='lat' dir='ltr'>refecit,</span> <span class='ocrx_word' id='word_1_23' title='bbox 2842 365 2962 435; x_wconf 87' lang='lat' dir='ltr'>ipse</span> <span class='ocrx_word' id='word_1_24' title='bbox 2997 368 3056 418; x_wconf 92' lang='lat' dir='ltr'>ut</span> <span class='ocrx_word' id='word_1_25' title='bbox 3100 378 3477 423; x_wconf 73' lang='lat' dir='ltr'>consueverat</span> <span class='ocrx_word' id='word_1_26' title='bbox 3524 373 3585 425; x_wconf 92' lang='lat' dir='ltr'>in</span> 
     </span>
    </p>
   </div>
   <div class='ocr_carea' id='block_1_4' title="bbox 152 450 1788 529">
    <p class='ocr_par' dir='ltr' id='par_1_4' title="bbox 152 450 1788 529">
     <span class='ocr_line' id='line_1_4' title="bbox 152 450 1788 529; baseline -0.01 -12"><span class='ocrx_word' id='word_1_27' title='bbox 152 478 326 517; x_wconf 89' lang='lat' dir='ltr'>norum</span> <span class='ocrx_word' id='word_1_28' title='bbox 358 458 550 529; x_wconf 78' lang='lat' dir='ltr'>gravis,</span> <span class='ocrx_word' id='word_1_29' title='bbox 584 453 841 507; x_wconf 83' lang='lat' dir='ltr'>arbitrati</span> <span class='ocrx_word' id='word_1_30' title='bbox 872 457 1005 505; x_wconf 89' lang='lat' dir='ltr'>sunt</span> <span class='ocrx_word' id='word_1_31' title='bbox 1030 468 1087 503; x_wconf 89' lang='lat' dir='ltr'>se</span> <span class='ocrx_word' id='word_1_32' title='bbox 1118 450 1370 520; x_wconf 81' lang='lat' dir='ltr'>aliquam</span> <span class='ocrx_word' id='word_1_33' title='bbox 1396 456 1592 502; x_wconf 89' lang='lat' dir='ltr'>nactos</span> <span class='ocrx_word' id='word_1_34' title='bbox 1628 464 1788 501; x_wconf 89' lang='lat' dir='ltr'>occa-</span> 
     </span>
    </p>
   </div>
   <div class='ocr_carea' id='block_1_5' title="bbox 153 537 1791 616">
    <p class='ocr_par' dir='ltr' id='par_1_5' title="bbox 153 537 1791 616">
     <span class='ocr_line' id='line_1_5' title="bbox 153 537 1791 616; baseline -0.009 -12"><span class='ocrx_word' id='word_1_35' title='bbox 153 552 351 611; x_wconf 87' lang='lat' dir='ltr'>sionem,</span> <span class='ocrx_word' id='word_1_36' title='bbox 399 562 504 616; x_wconf 88' lang='lat' dir='ltr'>qua</span> <span class='ocrx_word' id='word_1_37' title='bbox 545 559 765 596; x_wconf 87' lang='lat' dir='ltr'>servum</span> <span class='ocrx_word' id='word_1_38' title='bbox 820 541 920 594; x_wconf 85' lang='lat' dir='ltr'>Dei</span> <span class='ocrx_word' id='word_1_39' title='bbox 967 555 1249 604; x_wconf 81' lang='lat' dir='ltr'>accusare,</span> <span class='ocrx_word' id='word_1_40' title='bbox 1301 538 1590 607; x_wconf 82' lang='lat' dir='ltr'>vitamque</span> <span class='ocrx_word' id='word_1_41' title='bbox 1638 537 1791 589; x_wconf 85' lang='lat' dir='ltr'>illius</span> 
     </span>
    </p>
   </div>
   <div class='ocr_carea' id='block_1_6' title="bbox 152 627 1787 709">
    <p class='ocr_par' dir='ltr' id='par_1_6' title="bbox 152 627 1787 709">
     <span class='ocr_line' id='line_1_6' title="bbox 152 627 1787 709; baseline -0.009 -17"><span class='ocrx_word' id='word_1_42' title='bbox 152 643 346 709; x_wconf 84' lang='lat' dir='ltr'>possent</span> <span class='ocrx_word' id='word_1_43' title='bbox 371 637 718 704; x_wconf 85' lang='lat' dir='ltr'>aliquatenus</span> <span class='ocrx_word' id='word_1_44' title='bbox 758 630 1072 683; x_wconf 86' lang='lat' dir='ltr'>infamare:</span> <span class='ocrx_word' id='word_1_45' title='bbox 1113 629 1189 681; x_wconf 89' lang='lat' dir='ltr'>ita</span> <span class='ocrx_word' id='word_1_46' title='bbox 1225 627 1294 680; x_wconf 87' lang='lat' dir='ltr'>ad</span> <span class='ocrx_word' id='word_1_47' title='bbox 1347 632 1657 696; x_wconf 88' lang='lat' dir='ltr'>patronum</span> <span class='ocrx_word' id='word_1_48' title='bbox 1696 642 1787 678; x_wconf 91' lang='lat' dir='ltr'>re-</span> 
     </span>
    </p>
   </div>
   <div class='ocr_carea' id='block_1_7' title="bbox 96 715 1785 792">
    <p class='ocr_par' dir='ltr' id='par_1_7' title="bbox 96 715 1785 792">
     <span class='ocr_line' id='line_1_7' title="bbox 96 715 1785 792; baseline -0.009 -10"><span class='ocrx_word' id='word_1_49' title='bbox 96 730 97 733; x_wconf 60' lang='grc'><em>“</em></span> <span class='ocrx_word' id='word_1_50' title='bbox 154 731 369 791; x_wconf 86' lang='lat' dir='ltr'>deuntes,</span> <span class='ocrx_word' id='word_1_51' title='bbox 417 726 700 792; x_wconf 82' lang='lat' dir='ltr'>cceperunt</span> <span class='ocrx_word' id='word_1_52' title='bbox 743 719 852 773; x_wconf 88' lang='lat' dir='ltr'>alia</span> <span class='ocrx_word' id='word_1_53' title='bbox 884 735 985 788; x_wconf 90' lang='lat' dir='ltr'>pro</span> <span class='ocrx_word' id='word_1_54' title='bbox 1012 718 1137 770; x_wconf 88' lang='lat' dir='ltr'>aliis</span> <span class='ocrx_word' id='word_1_55' title='bbox 1183 717 1528 769; x_wconf 80' lang='lat' dir='ltr'>mentientes</span> <span class='ocrx_word' id='word_1_56' title='bbox 1575 715 1785 781; x_wconf 78' lang='lat' dir='ltr'>dicere,</span> 
     </span>
    </p>
   </div>
   <div class='ocr_carea' id='block_1_8' title="bbox 152 804 1789 880">
    <p class='ocr_par' dir='ltr' id='par_1_8' title="bbox 152 804 1789 880">
     <span class='ocr_line' id='line_1_8' title="bbox 152 804 1789 880; baseline -0.009 -11"><span class='ocrx_word' id='word_1_57' title='bbox 152 817 322 870; x_wconf 82' lang='lat' dir='ltr'>vidisse</span> <span class='ocrx_word' id='word_1_58' title='bbox 354 830 407 867; x_wconf 90' lang='lat' dir='ltr'>se</span> <span class='ocrx_word' id='word_1_59' title='bbox 437 814 492 865; x_wconf 91' lang='lat' dir='ltr'>in</span> <span class='ocrx_word' id='word_1_60' title='bbox 524 812 618 864; x_wconf 92' lang='lat' dir='ltr'>illo</span> <span class='ocrx_word' id='word_1_61' title='bbox 650 826 779 880; x_wconf 65' lang='lat' dir='ltr'>quas</span> <span class='ocrx_word' id='word_1_62' title='bbox 822 809 889 861; x_wconf 85' lang='lat' dir='ltr'>ad</span> <span class='ocrx_word' id='word_1_63' title='bbox 928 806 1431 877; x_wconf 83' lang='lat' dir='ltr'>reprehensionem</span> <span class='ocrx_word' id='word_1_64' title='bbox 1472 811 1527 858; x_wconf 89' lang='lat' dir='ltr'>et</span> <span class='ocrx_word' id='word_1_65' title='bbox 1560 804 1789 857; x_wconf 89' lang='lat' dir='ltr'>destru—</span> 
     </span>
    </p>
   </div>
   <div class='ocr_carea' id='block_1_9' title="bbox 154 894 1789 965">
    <p class='ocr_par' dir='ltr' id='par_1_9' title="bbox 154 894 1789 965">
     <span class='ocr_line' id='line_1_9' title="bbox 154 894 1789 965; baseline -0.008 -8"><span class='ocrx_word' id='word_1_66' title='bbox 154 904 361 957; x_wconf 89' lang='lat' dir='ltr'>ctionem</span> <span class='ocrx_word' id='word_1_67' title='bbox 415 900 652 953; x_wconf 90' lang='lat' dir='ltr'>aliorum</span> <span class='ocrx_word' id='word_1_68' title='bbox 711 899 968 951; x_wconf 73' lang='lat' dir='ltr'>valerent</span> <span class='ocrx_word' id='word_1_69' title='bbox 1019 895 1358 965; x_wconf 90' lang='lat' dir='ltr'>plurimum,</span> <span class='ocrx_word' id='word_1_70' title='bbox 1417 894 1607 963; x_wconf 90' lang='lat' dir='ltr'>ipsum</span> <span class='ocrx_word' id='word_1_71' title='bbox 1670 908 1789 945; x_wconf 89' lang='lat' dir='ltr'>esse</span> 
     </span>
    </p>
   </div>
   <div class='ocr_carea' id='block_1_10' title="bbox 153 980 1789 1059">
    <p class='ocr_par' dir='ltr' id='par_1_10' title="bbox 153 980 1789 1059">
     <span class='ocr_line' id='line_1_10' title="bbox 153 980 1789 1059; baseline -0.007 -14"><span class='ocrx_word' id='word_1_72' title='bbox 153 994 352 1047; x_wconf 87' lang='lat' dir='ltr'>Goarem</span> <span class='ocrx_word' id='word_1_73' title='bbox 382 988 555 1059; x_wconf 82' lang='lat' dir='ltr'>magis</span> <span class='ocrx_word' id='word_1_74' title='bbox 584 987 811 1041; x_wconf 83' lang='lat' dir='ltr'>edacem</span> <span class='ocrx_word' id='word_1_75' title='bbox 845 985 1076 1055; x_wconf 83' lang='lat' dir='ltr'>vinique</span> <span class='ocrx_word' id='word_1_76' title='bbox 1109 989 1454 1054; x_wconf 86' lang='lat' dir='ltr'>potatorem,</span> <span class='ocrx_word' id='word_1_77' title='bbox 1488 997 1660 1052; x_wconf 86' lang='lat' dir='ltr'>quam</span> <span class='ocrx_word' id='word_1_78' title='bbox 1689 980 1789 1034; x_wconf 89' lang='lat' dir='ltr'>Dei</span> 
     </span>
    </p>
   </div>
   <div class='ocr_carea' id='block_1_11' title="bbox 153 1071 1786 1151">
    <p class='ocr_par' dir='ltr' id='par_1_11' title="bbox 153 1071 1786 1151">
     <span class='ocr_line' id='line_1_11' title="bbox 153 1071 1786 1151; baseline -0.007 -18"><span class='ocrx_word' id='word_1_79' title='bbox 153 1080 293 1151; x_wconf 87' lang='lat' dir='ltr'>(quod</span> <span class='ocrx_word' id='word_1_80' title='bbox 372 1083 595 1148; x_wconf 87' lang='lat' dir='ltr'>putetur</span> <span class='ocrx_word' id='word_1_81' title='bbox 675 1076 745 1129; x_wconf 89' lang='lat' dir='ltr'>ab</span> <span class='ocrx_word' id='word_1_82' title='bbox 819 1072 1301 1144; x_wconf 81' lang='lat' dir='ltr'>imprudentibus)</span> <span class='ocrx_word' id='word_1_83' title='bbox 1377 1071 1786 1124; x_wconf 88' lang='lat' dir='ltr'>sacerdotem:</span> 
     </span>
    </p>
   </div>
   <div class='ocr_carea' id='block_1_12' title="bbox 151 1159 1787 1239">
    <p class='ocr_par' dir='ltr' id='par_1_12' title="bbox 151 1159 1787 1239">
     <span class='ocr_line' id='line_1_12' title="bbox 151 1159 1787 1239; baseline -0.007 -18"><span class='ocrx_word' id='word_1_84' title='bbox 151 1170 327 1239; x_wconf 84' lang='lat' dir='ltr'>quippe</span> <span class='ocrx_word' id='word_1_85' title='bbox 363 1167 455 1237; x_wconf 89' lang='lat' dir='ltr'>qui</span> <span class='ocrx_word' id='word_1_86' title='bbox 490 1181 654 1218; x_wconf 90' lang='lat' dir='ltr'>mane</span> <span class='ocrx_word' id='word_1_87' title='bbox 686 1165 947 1217; x_wconf 81' lang='lat' dir='ltr'>comedat</span> <span class='ocrx_word' id='word_1_88' title='bbox 972 1180 1036 1217; x_wconf 88' lang='lat' dir='ltr'>ac</span> <span class='ocrx_word' id='word_1_89' title='bbox 1076 1162 1249 1223; x_wconf 87' lang='lat' dir='ltr'>bibat,</span> <span class='ocrx_word' id='word_1_90' title='bbox 1284 1176 1387 1213; x_wconf 88' lang='lat' dir='ltr'>nec</span> <span class='ocrx_word' id='word_1_91' title='bbox 1431 1159 1609 1229; x_wconf 84' lang='lat' dir='ltr'>possit</span> <span class='ocrx_word' id='word_1_92' title='bbox 1654 1174 1787 1211; x_wconf 91' lang='lat' dir='ltr'>con-</span> 
     </span>
    </p>
   </div>
   <div class='ocr_carea' id='block_1_13' title="bbox 152 1246 1793 1321">
    <p class='ocr_par' dir='ltr' id='par_1_13' title="bbox 152 1246 1793 1321">
     <span class='ocr_line' id='line_1_13' title="bbox 152 1246 1793 1321; baseline -0.006 -14"><span class='ocrx_word' id='word_1_93' title='bbox 152 1262 338 1307; x_wconf 86' lang='lat' dir='ltr'>suetum</span> <span class='ocrx_word' id='word_1_94' title='bbox 382 1252 502 1305; x_wconf 90' lang='lat' dir='ltr'>aliis</span> <span class='ocrx_word' id='word_1_95' title='bbox 534 1252 970 1321; x_wconf 82' lang='lat' dir='ltr'>legitimumque</span> <span class='ocrx_word' id='word_1_96' title='bbox 1011 1248 1124 1302; x_wconf 90' lang='lat' dir='ltr'>cibi</span> <span class='ocrx_word' id='word_1_97' title='bbox 1173 1246 1437 1299; x_wconf 91' lang='lat' dir='ltr'>sumendi</span> <span class='ocrx_word' id='word_1_98' title='bbox 1479 1252 1706 1315; x_wconf 82' lang='lat' dir='ltr'>tempus</span> <span class='ocrx_word' id='word_1_99' title='bbox 1737 1249 1793 1298; x_wconf 92' lang='lat' dir='ltr'>et</span> 
     </span>
    </p>
   </div>
   <div class='ocr_carea' id='block_1_14' title="bbox 150 1335 1794 1408">
    <p class='ocr_par' dir='ltr' id='par_1_14' title="bbox 150 1335 1794 1408">
     <span class='ocr_line' id='line_1_14' title="bbox 150 1335 1794 1408; baseline -0.006 -12"><span class='ocrx_word' id='word_1_100' title='bbox 150 1343 347 1396; x_wconf 89' lang='lat' dir='ltr'>modum</span> <span class='ocrx_word' id='word_1_101' title='bbox 400 1356 657 1394; x_wconf 88' lang='lat' dir='ltr'>servare:</span> <span class='ocrx_word' id='word_1_102' title='bbox 722 1344 779 1393; x_wconf 90' lang='lat' dir='ltr'>et</span> <span class='ocrx_word' id='word_1_103' title='bbox 830 1338 929 1408; x_wconf 92' lang='lat' dir='ltr'>qui</span> <span class='ocrx_word' id='word_1_104' title='bbox 988 1341 1290 1406; x_wconf 85' lang='lat' dir='ltr'>propterea</span> <span class='ocrx_word' id='word_1_105' title='bbox 1358 1335 1650 1404; x_wconf 65' lang='lat' dir='ltr'>praedicet,</span> <span class='ocrx_word' id='word_1_106' title='bbox 1730 1338 1794 1386; x_wconf 90' lang='lat' dir='ltr'>ut</span> 
     </span>
    </p>
   </div>
   <div class='ocr_carea' id='block_1_15' title="bbox 152 1423 1790 1493">
    <p class='ocr_par' dir='ltr' id='par_1_15' title="bbox 152 1423 1790 1493">
     <span class='ocr_line' id='line_1_15' title="bbox 152 1423 1790 1493; baseline -0.006 -9"><span class='ocrx_word' id='word_1_107' title='bbox 152 1432 348 1484; x_wconf 89' lang='lat' dir='ltr'>obtentu</span> <span class='ocrx_word' id='word_1_108' title='bbox 388 1430 687 1482; x_wconf 85' lang='lat' dir='ltr'>verborum</span> <span class='ocrx_word' id='word_1_109' title='bbox 737 1428 875 1480; x_wconf 83' lang='lat' dir='ltr'>vitia</span> <span class='ocrx_word' id='word_1_110' title='bbox 925 1440 1153 1479; x_wconf 91' lang='lat' dir='ltr'>morum</span> <span class='ocrx_word' id='word_1_111' title='bbox 1201 1425 1365 1488; x_wconf 90' lang='lat' dir='ltr'>celet,</span> <span class='ocrx_word' id='word_1_112' title='bbox 1399 1423 1627 1493; x_wconf 88' lang='lat' dir='ltr'>aliaque</span> <span class='ocrx_word' id='word_1_113' title='bbox 1659 1438 1790 1491; x_wconf 90' lang='lat' dir='ltr'>per-</span> 
     </span>
    </p>
   </div>
   <div class='ocr_carea' id='block_1_16' title="bbox 152 1509 1793 1588">
    <p class='ocr_par' dir='ltr' id='par_1_16' title="bbox 152 1509 1793 1588">
     <span class='ocr_line' id='line_1_16' title="bbox 152 1509 1793 1588; baseline -0.006 -16"><span class='ocrx_word' id='word_1_114' title='bbox 152 1520 284 1588; x_wconf 87' lang='lat' dir='ltr'>plura</span> <span class='ocrx_word' id='word_1_115' title='bbox 320 1525 468 1588; x_wconf 88' lang='lat' dir='ltr'>gerat</span> <span class='ocrx_word' id='word_1_116' title='bbox 517 1533 642 1588; x_wconf 74' lang='lat' dir='ltr'>quae</span> <span class='ocrx_word' id='word_1_117' title='bbox 676 1516 785 1570; x_wconf 86' lang='lat' dir='ltr'>nisi</span> <span class='ocrx_word' id='word_1_118' title='bbox 832 1514 1046 1568; x_wconf 84' lang='lat' dir='ltr'>fuerint</span> <span class='ocrx_word' id='word_1_119' title='bbox 1093 1512 1429 1566; x_wconf 88' lang='lat' dir='ltr'>auctoritate</span> <span class='ocrx_word' id='word_1_120' title='bbox 1481 1509 1793 1581; x_wconf 78' lang='lat' dir='ltr'>pontificali</span> 
     </span>
    </p>
   </div>
   <div class='ocr_carea' id='block_1_17' title="bbox 151 1600 1789 1676">
    <p class='ocr_par' dir='ltr' id='par_1_17' title="bbox 151 1600 1789 1676">
     <span class='ocr_line' id='line_1_17' title="bbox 151 1600 1789 1676; baseline -0.005 -17"><span class='ocrx_word' id='word_1_121' title='bbox 151 1607 377 1672; x_wconf 86' lang='lat' dir='ltr'>cohibita,</span> <span class='ocrx_word' id='word_1_122' title='bbox 408 1606 511 1676; x_wconf 90' lang='lat' dir='ltr'>ipsi</span> <span class='ocrx_word' id='word_1_123' title='bbox 552 1609 818 1675; x_wconf 89' lang='lat' dir='ltr'>episcopo</span> <span class='ocrx_word' id='word_1_124' title='bbox 854 1604 966 1655; x_wconf 89' lang='lat' dir='ltr'>sint</span> <span class='ocrx_word' id='word_1_125' title='bbox 1012 1601 1376 1655; x_wconf 66' lang='lat' dir='ltr'>contumelia:</span> <span class='ocrx_word' id='word_1_126' title='bbox 1421 1606 1474 1653; x_wconf 87' lang='lat' dir='ltr'>et</span> <span class='ocrx_word' id='word_1_127' title='bbox 1505 1600 1789 1669; x_wconf 85' lang='lat' dir='ltr'>vitupera-</span> 
     </span>
    </p>
   </div>
   <div class='ocr_carea' id='block_1_18' title="bbox 151 1688 1794 1761">
    <p class='ocr_par' dir='ltr' id='par_1_18' title="bbox 151 1688 1794 1761">
     <span class='ocr_line' id='line_1_18' title="bbox 151 1688 1794 1761; baseline -0.005 -14"><span class='ocrx_word' id='word_1_128' title='bbox 151 1696 291 1748; x_wconf 89' lang='lat' dir='ltr'>tionis</span> <span class='ocrx_word' id='word_1_129' title='bbox 334 1694 600 1747; x_wconf 90' lang='lat' dir='ltr'>maculam</span> <span class='ocrx_word' id='word_1_130' title='bbox 648 1694 897 1756; x_wconf 88' lang='lat' dir='ltr'>illatura,</span> <span class='ocrx_word' id='word_1_131' title='bbox 946 1698 1221 1761; x_wconf 80' lang='lat' dir='ltr'>tanquam</span> <span class='ocrx_word' id='word_1_132' title='bbox 1272 1689 1370 1759; x_wconf 93' lang='lat' dir='ltr'>qui</span> <span class='ocrx_word' id='word_1_133' title='bbox 1421 1688 1543 1741; x_wconf 64' lang='lat' dir='ltr'>haec</span> <span class='ocrx_word' id='word_1_134' title='bbox 1589 1688 1648 1740; x_wconf 90' lang='lat' dir='ltr'>in</span> <span class='ocrx_word' id='word_1_135' title='bbox 1692 1704 1794 1739; x_wconf 86' lang='lat' dir='ltr'>sua</span> 
     </span>
    </p>
   </div>
   <div class='ocr_carea' id='block_1_19' title="bbox 150 1776 1795 1849">
    <p class='ocr_par' dir='ltr' id='par_1_19' title="bbox 150 1776 1795 1849">
     <span class='ocr_line' id='line_1_19' title="bbox 150 1776 1795 1849; baseline -0.006 -12"><span class='ocrx_word' id='word_1_136' title='bbox 150 1784 338 1836; x_wconf 68' lang='lat' dir='ltr'>dioecesi</span> <span class='ocrx_word' id='word_1_137' title='bbox 371 1785 433 1835; x_wconf 87' lang='lat' dir='ltr'>ab</span> <span class='ocrx_word' id='word_1_138' title='bbox 474 1783 708 1836; x_wconf 89' lang='lat' dir='ltr'>homine</span> <span class='ocrx_word' id='word_1_139' title='bbox 757 1781 1080 1849; x_wconf 77' lang='lat' dir='ltr'>alienigena</span> <span class='ocrx_word' id='word_1_140' title='bbox 1111 1786 1165 1832; x_wconf 89' lang='lat' dir='ltr'>et</span> <span class='ocrx_word' id='word_1_141' title='bbox 1207 1784 1396 1831; x_wconf 85' lang='lat' dir='ltr'>mente</span> <span class='ocrx_word' id='word_1_142' title='bbox 1448 1782 1615 1846; x_wconf 88' lang='lat' dir='ltr'>capto</span> <span class='ocrx_word' id='word_1_143' title='bbox 1668 1776 1795 1828; x_wconf 80' lang='lat' dir='ltr'>ﬁeri</span> 
     </span>
    </p>
   </div>
   <div class='ocr_carea' id='block_1_20' title="bbox 152 1864 1793 1939">
    <p class='ocr_par' dir='ltr' id='par_1_20' title="bbox 152 1864 1793 1939">
     <span class='ocr_line' id='line_1_20' title="bbox 152 1864 1793 1939; baseline -0.005 -16"><span class='ocrx_word' id='word_1_144' title='bbox 152 1872 287 1924; x_wconf 84' lang='lat' dir='ltr'>sinat.</span> <span class='ocrx_word' id='word_1_145' title='bbox 317 1872 517 1925; x_wconf 85' lang='lat' dir='ltr'>Debere</span> <span class='ocrx_word' id='word_1_146' title='bbox 547 1872 787 1924; x_wconf 86' lang='lat' dir='ltr'>Goarem</span> <span class='ocrx_word' id='word_1_147' title='bbox 824 1869 1069 1939; x_wconf 88' lang='lat' dir='ltr'>publicis</span> <span class='ocrx_word' id='word_1_148' title='bbox 1110 1866 1368 1920; x_wconf 67' lang='lat' dir='ltr'>Ecclesiae</span> <span class='ocrx_word' id='word_1_149' title='bbox 1400 1866 1521 1918; x_wconf 87' lang='lat' dir='ltr'>sisti</span> <span class='ocrx_word' id='word_1_150' title='bbox 1543 1864 1793 1934; x_wconf 88' lang='lat' dir='ltr'>judiciis,</span> 
     </span>
    </p>
   </div>
   <div class='ocr_carea' id='block_1_21' title="bbox 154 1953 1797 2030">
    <p class='ocr_par' dir='ltr' id='par_1_21' title="bbox 154 1953 1797 2030">
     <span class='ocr_line' id='line_1_21' title="bbox 154 1953 1797 2030; baseline -0.004 -19"><span class='ocrx_word' id='word_1_151' title='bbox 154 1976 456 2030; x_wconf 87' lang='lat' dir='ltr'>suorumque</span> <span class='ocrx_word' id='word_1_152' title='bbox 495 1966 729 2013; x_wconf 88' lang='lat' dir='ltr'>actuum</span> <span class='ocrx_word' id='word_1_153' title='bbox 770 1958 1008 2011; x_wconf 87' lang='lat' dir='ltr'>reddere</span> <span class='ocrx_word' id='word_1_154' title='bbox 1050 1956 1353 2021; x_wconf 89' lang='lat' dir='ltr'>rationem,</span> <span class='ocrx_word' id='word_1_155' title='bbox 1385 1971 1457 2007; x_wconf 91' lang='lat' dir='ltr'>ne</span> <span class='ocrx_word' id='word_1_156' title='bbox 1492 1953 1797 2006; x_wconf 88' lang='lat' dir='ltr'>insolentia</span> 
     </span>
    </p>
   </div>
   <div class='ocr_carea' id='block_1_22' title="bbox 155 2042 1799 2115">
    <p class='ocr_par' dir='ltr' id='par_1_22' title="bbox 155 2042 1799 2115">
     <span class='ocr_line' id='line_1_22' title="bbox 155 2042 1799 2115; baseline -0.005 -13"><span class='ocrx_word' id='word_1_157' title='bbox 155 2064 377 2102; x_wconf 88' lang='lat' dir='ltr'>concessa</span> <span class='ocrx_word' id='word_1_158' title='bbox 403 2055 613 2102; x_wconf 84' lang='lat' dir='ltr'>crescat</span> <span class='ocrx_word' id='word_1_159' title='bbox 657 2049 715 2100; x_wconf 90' lang='lat' dir='ltr'>in</span> <span class='ocrx_word' id='word_1_160' title='bbox 745 2047 906 2112; x_wconf 87' lang='lat' dir='ltr'>alios,</span> <span class='ocrx_word' id='word_1_161' title='bbox 941 2051 999 2099; x_wconf 92' lang='lat' dir='ltr'>et</span> <span class='ocrx_word' id='word_1_162' title='bbox 1028 2061 1142 2115; x_wconf 86' lang='lat' dir='ltr'>quo</span> <span class='ocrx_word' id='word_1_163' title='bbox 1176 2044 1434 2112; x_wconf 82' lang='lat' dir='ltr'>pluribus</span> <span class='ocrx_word' id='word_1_164' title='bbox 1465 2043 1545 2096; x_wconf 91' lang='lat' dir='ltr'>ita</span> <span class='ocrx_word' id='word_1_165' title='bbox 1573 2042 1799 2095; x_wconf 88' lang='lat' dir='ltr'>licuerit</span> 
     </span>
    </p>
   </div>
   <div class='ocr_carea' id='block_1_23' title="bbox 154 2133 1795 2209">
    <p class='ocr_par' dir='ltr' id='par_1_23' title="bbox 154 2133 1795 2209">
     <span class='ocr_line' id='line_1_23' title="bbox 154 2133 1795 2209; baseline -0.003 -21"><span class='ocrx_word' id='word_1_166' title='bbox 154 2153 307 2206; x_wconf 81' lang='lat' dir='ltr'>agere,</span> <span class='ocrx_word' id='word_1_167' title='bbox 337 2139 434 2192; x_wconf 91' lang='lat' dir='ltr'>hoc</span> <span class='ocrx_word' id='word_1_168' title='bbox 460 2138 804 2209; x_wconf 82' lang='lat' dir='ltr'>pontiﬁcalis</span> <span class='ocrx_word' id='word_1_169' title='bbox 834 2135 1144 2188; x_wconf 86' lang='lat' dir='ltr'>auctoritas</span> <span class='ocrx_word' id='word_1_170' title='bbox 1175 2133 1421 2203; x_wconf 86' lang='lat' dir='ltr'>amplius</span> <span class='ocrx_word' id='word_1_171' title='bbox 1451 2133 1795 2185; x_wconf 87' lang='lat' dir='ltr'>intirmetur.</span> 
     </span>
    </p>
   </div>
   <div class='ocr_carea' id='block_1_24' title="bbox 156 2220 1799 2291">
    <p class='ocr_par' dir='ltr' id='par_1_24' title="bbox 156 2220 1799 2291">
     <span class='ocr_line' id='line_1_24' title="bbox 156 2220 1799 2291; baseline -0.005 -11"><span class='ocrx_word' id='word_1_172' title='bbox 156 2228 258 2280; x_wconf 59' lang='lat' dir='ltr'>Haec</span> <span class='ocrx_word' id='word_1_173' title='bbox 292 2228 352 2281; x_wconf 89' lang='lat' dir='ltr'>ab</span> <span class='ocrx_word' id='word_1_174' title='bbox 391 2228 469 2281; x_wconf 88' lang='lat' dir='ltr'>eis</span> <span class='ocrx_word' id='word_1_175' title='bbox 507 2226 864 2291; x_wconf 87' lang='lat' dir='ltr'>dicebantur,</span> <span class='ocrx_word' id='word_1_176' title='bbox 911 2225 1004 2277; x_wconf 88' lang='lat' dir='ltr'>sed</span> <span class='ocrx_word' id='word_1_177' title='bbox 1053 2224 1189 2276; x_wconf 90' lang='lat' dir='ltr'>dum</span> <span class='ocrx_word' id='word_1_178' title='bbox 1242 2238 1401 2275; x_wconf 92' lang='lat' dir='ltr'>servo</span> <span class='ocrx_word' id='word_1_179' title='bbox 1444 2220 1651 2275; x_wconf 90' lang='lat' dir='ltr'>Christi</span> <span class='ocrx_word' id='word_1_180' title='bbox 1700 2236 1799 2273; x_wconf 89' lang='lat' dir='ltr'>ca-</span> 
     </span>
    </p>
   </div>
   <div class='ocr_carea' id='block_1_25' title="bbox 154 2307 1796 2380">
    <p class='ocr_par' dir='ltr' id='par_1_25' title="bbox 154 2307 1796 2380">
     <span class='ocr_line' id='line_1_25' title="bbox 154 2307 1796 2380; baseline -0.003 -16"><span class='ocrx_word' id='word_1_181' title='bbox 154 2314 386 2368; x_wconf 90' lang='lat' dir='ltr'>lumniam</span> <span class='ocrx_word' id='word_1_182' title='bbox 425 2318 677 2379; x_wconf 89' lang='lat' dir='ltr'>struunt,</span> <span class='ocrx_word' id='word_1_183' title='bbox 723 2312 919 2366; x_wconf 81' lang='lat' dir='ltr'>divino</span> <span class='ocrx_word' id='word_1_184' title='bbox 964 2309 1180 2380; x_wconf 87' lang='lat' dir='ltr'>judicio</span> <span class='ocrx_word' id='word_1_185' title='bbox 1224 2314 1279 2362; x_wconf 89' lang='lat' dir='ltr'>et</span> <span class='ocrx_word' id='word_1_186' title='bbox 1322 2309 1498 2362; x_wconf 88' lang='lat' dir='ltr'>sancti</span> <span class='ocrx_word' id='word_1_187' title='bbox 1530 2307 1635 2360; x_wconf 90' lang='lat' dir='ltr'>viri</span> <span class='ocrx_word' id='word_1_188' title='bbox 1683 2307 1796 2359; x_wconf 87' lang='lat' dir='ltr'>cla-</span> 
     </span>
    </p>
   </div>
   <div class='ocr_carea' id='block_1_26' title="bbox 152 2395 1799 2473">
    <p class='ocr_par' dir='ltr' id='par_1_26' title="bbox 152 2395 1799 2473">
     <span class='ocr_line' id='line_1_26' title="bbox 152 2395 1799 2473; baseline -0.003 -21"><span class='ocrx_word' id='word_1_189' title='bbox 152 2403 325 2455; x_wconf 86' lang='lat' dir='ltr'>riorem</span> <span class='ocrx_word' id='word_1_190' title='bbox 369 2403 605 2473; x_wconf 87' lang='lat' dir='ltr'>reliquis</span> <span class='ocrx_word' id='word_1_191' title='bbox 651 2400 983 2455; x_wconf 88' lang='lat' dir='ltr'>hominibus</span> <span class='ocrx_word' id='word_1_192' title='bbox 1034 2400 1207 2452; x_wconf 87' lang='lat' dir='ltr'>vitam</span> <span class='ocrx_word' id='word_1_193' title='bbox 1257 2399 1536 2463; x_wconf 87' lang='lat' dir='ltr'>fecerunt,</span> <span class='ocrx_word' id='word_1_194' title='bbox 1578 2400 1634 2450; x_wconf 89' lang='lat' dir='ltr'>et</span> <span class='ocrx_word' id='word_1_195' title='bbox 1687 2395 1799 2466; x_wconf 88' lang='lat' dir='ltr'>ipsi</span> 
     </span>
    </p>
   </div>
   <div class='ocr_carea' id='block_1_27' title="bbox 151 2489 1301 2561">
    <p class='ocr_par' dir='ltr' id='par_1_27' title="bbox 151 2489 1301 2561">
     <span class='ocr_line' id='line_1_27' title="bbox 151 2489 1301 2561; baseline -0.003 -19"><span class='ocrx_word' id='word_1_196' title='bbox 151 2507 289 2561; x_wconf 84' lang='lat' dir='ltr'>quam</span> <span class='ocrx_word' id='word_1_197' title='bbox 316 2499 489 2545; x_wconf 85' lang='lat' dir='ltr'>essent</span> <span class='ocrx_word' id='word_1_198' title='bbox 519 2490 879 2545; x_wconf 86' lang='lat' dir='ltr'>damnabiles</span> <span class='ocrx_word' id='word_1_199' title='bbox 910 2489 1301 2541; x_wconf 89' lang='lat' dir='ltr'>innotueruut.</span> 
     </span>
    </p>
   </div>
   <div class='ocr_carea' id='block_1_28' title="bbox 442 2595 1463 2666">
    <p class='ocr_par' dir='ltr' id='par_1_28' title="bbox 442 2595 1463 2666">
     <span class='ocr_line' id='line_1_28' title="bbox 442 2595 1463 2666; baseline -0.006 -15"><span class='ocrx_word' id='word_1_200' title='bbox 442 2598 529 2651; x_wconf 82' lang='lat' dir='ltr'>Ad</span> <span class='ocrx_word' id='word_1_201' title='bbox 559 2598 801 2666; x_wconf 75' lang='lat' dir='ltr'>episcopi</span> <span class='ocrx_word' id='word_1_202' title='bbox 822 2595 1093 2663; x_wconf 73' lang='lat' dir='ltr'>judicium</span> <span class='ocrx_word' id='word_1_203' title='bbox 1120 2598 1463 2663; x_wconf 78' lang='lat' dir='ltr'>provocatur.</span> 
     </span>
    </p>
   </div>
   <div class='ocr_carea' id='block_1_29' title="bbox 206 2694 1798 2773">
    <p class='ocr_par' dir='ltr' id='par_1_29' title="bbox 206 2694 1798 2773">
     <span class='ocr_line' id='line_1_29' title="bbox 206 2694 1798 2773; baseline -0.004 -20"><span class='ocrx_word' id='word_1_204' title='bbox 206 2704 273 2753; x_wconf 76' lang='lat' dir='ltr'>tl.</span> <span class='ocrx_word' id='word_1_205' title='bbox 304 2703 487 2773; x_wconf 87' lang='lat' dir='ltr'>Itaque</span> <span class='ocrx_word' id='word_1_206' title='bbox 528 2701 830 2771; x_wconf 86' lang='lat' dir='ltr'>episcopus</span> <span class='ocrx_word' id='word_1_207' title='bbox 862 2700 1226 2753; x_wconf 81' lang='lat' dir='ltr'>Trevirorum</span> <span class='ocrx_word' id='word_1_208' title='bbox 1260 2699 1377 2749; x_wconf 72' lang='lat' dir='ltr'>haec</span> <span class='ocrx_word' id='word_1_209' title='bbox 1410 2714 1440 2749; x_wconf 88' lang='lat' dir='ltr'>a</span> <span class='ocrx_word' id='word_1_210' title='bbox 1472 2694 1588 2749; x_wconf 87' lang='lat' dir='ltr'>suis</span> <span class='ocrx_word' id='word_1_211' title='bbox 1624 2710 1798 2764; x_wconf 87' lang='lat' dir='ltr'>super</span> 
     </span>
    </p>
   </div>
   <div class='ocr_carea' id='block_1_30' title="bbox 147 2785 1799 2855">
    <p class='ocr_par' dir='ltr' id='par_1_30' title="bbox 147 2785 1799 2855">
     <span class='ocr_line' id='line_1_30' title="bbox 147 2785 1799 2855; baseline -0.002 -16"><span class='ocrx_word' id='word_1_212' title='bbox 147 2788 241 2841; x_wconf 81' lang='lat' dir='ltr'>viro</span> <span class='ocrx_word' id='word_1_213' title='bbox 282 2791 366 2843; x_wconf 89' lang='lat' dir='ltr'>Dei</span> <span class='ocrx_word' id='word_1_214' title='bbox 416 2792 676 2855; x_wconf 87' lang='lat' dir='ltr'>audiens,</span> <span class='ocrx_word' id='word_1_215' title='bbox 710 2795 772 2842; x_wconf 88' lang='lat' dir='ltr'>ut</span> <span class='ocrx_word' id='word_1_216' title='bbox 812 2794 896 2841; x_wconf 86' lang='lat' dir='ltr'>est</span> <span class='ocrx_word' id='word_1_217' title='bbox 936 2788 1225 2841; x_wconf 87' lang='lat' dir='ltr'>interdum</span> <span class='ocrx_word' id='word_1_218' title='bbox 1277 2785 1503 2838; x_wconf 88' lang='lat' dir='ltr'>animus</span> <span class='ocrx_word' id='word_1_219' title='bbox 1535 2785 1799 2853; x_wconf 67' lang='lat' dir='ltr'>praelato-</span> 
     </span>
    </p>
   </div>
   <div class='ocr_carea' id='block_1_31' title="bbox 150 2873 1796 2949">
    <p class='ocr_par' dir='ltr' id='par_1_31' title="bbox 150 2873 1796 2949">
     <span class='ocr_line' id='line_1_31' title="bbox 150 2873 1796 2949; baseline -0.002 -21"><span class='ocrx_word' id='word_1_220' title='bbox 150 2893 269 2945; x_wconf 89' lang='lat' dir='ltr'>rum,</span> <span class='ocrx_word' id='word_1_221' title='bbox 297 2881 651 2949; x_wconf 73' lang='lat' dir='ltr'>maximeque</span> <span class='ocrx_word' id='word_1_222' title='bbox 690 2878 1025 2942; x_wconf 87' lang='lat' dir='ltr'>carnalium,</span> <span class='ocrx_word' id='word_1_223' title='bbox 1061 2875 1299 2928; x_wconf 82' lang='lat' dir='ltr'>diversis</span> <span class='ocrx_word' id='word_1_224' title='bbox 1327 2873 1796 2943; x_wconf 88' lang='lat' dir='ltr'>occupationibus</span> 
     </span>
    </p>
   </div>
   <div class='ocr_carea' id='block_1_32' title="bbox 149 2963 1800 3038">
    <p class='ocr_par' dir='ltr' id='par_1_32' title="bbox 149 2963 1800 3038">
     <span class='ocr_line' id='line_1_32' title="bbox 149 2963 1800 3038; baseline -0.002 -22"><span class='ocrx_word' id='word_1_225' title='bbox 149 2968 374 3031; x_wconf 79' lang='lat' dir='ltr'>serviens,</span> <span class='ocrx_word' id='word_1_226' title='bbox 409 2985 642 3038; x_wconf 83' lang='lat' dir='ltr'>quoque</span> <span class='ocrx_word' id='word_1_227' title='bbox 681 2967 828 3020; x_wconf 88' lang='lat' dir='ltr'>circa</span> <span class='ocrx_word' id='word_1_228' title='bbox 870 2966 1051 3019; x_wconf 90' lang='lat' dir='ltr'>multa</span> <span class='ocrx_word' id='word_1_229' title='bbox 1078 2964 1371 3029; x_wconf 82' lang='lat' dir='ltr'>dividitur,</span> <span class='ocrx_word' id='word_1_230' title='bbox 1405 2980 1471 3016; x_wconf 90' lang='lat' dir='ltr'>eo</span> <span class='ocrx_word' id='word_1_231' title='bbox 1512 2964 1577 3015; x_wconf 77' lang='lat' dir='ltr'>fit</span> <span class='ocrx_word' id='word_1_232' title='bbox 1606 2963 1800 3014; x_wconf 87' lang='lat' dir='ltr'>minor</span> 
     </span>
    </p>
   </div>
   <div class='ocr_carea' id='block_1_33' title="bbox 149 3052 1798 3125">
    <p class='ocr_par' dir='ltr' id='par_1_33' title="bbox 149 3052 1798 3125">
     <span class='ocr_line' id='line_1_33' title="bbox 149 3052 1798 3125; baseline -0.002 -20"><span class='ocrx_word' id='word_1_233' title='bbox 149 3055 201 3106; x_wconf 89' lang='lat' dir='ltr'>ad</span> <span class='ocrx_word' id='word_1_234' title='bbox 225 3056 448 3125; x_wconf 87' lang='lat' dir='ltr'>singula,</span> <span class='ocrx_word' id='word_1_235' title='bbox 484 3073 593 3110; x_wconf 87' lang='lat' dir='ltr'>nec</span> <span class='ocrx_word' id='word_1_236' title='bbox 638 3056 959 3109; x_wconf 81' lang='lat' dir='ltr'>discernere</span> <span class='ocrx_word' id='word_1_237' title='bbox 994 3054 1158 3106; x_wconf 83' lang='lat' dir='ltr'>facile</span> <span class='ocrx_word' id='word_1_238' title='bbox 1191 3052 1336 3105; x_wconf 78' lang='lat' dir='ltr'>valet</span> <span class='ocrx_word' id='word_1_239' title='bbox 1387 3052 1520 3121; x_wconf 87' lang='lat' dir='ltr'>quid</span> <span class='ocrx_word' id='word_1_240' title='bbox 1572 3068 1683 3120; x_wconf 88' lang='lat' dir='ltr'>qua</span> <span class='ocrx_word' id='word_1_241' title='bbox 1730 3066 1798 3102; x_wconf 80' lang='lat' dir='ltr'>ex</span> 
     </span>
    </p>
   </div>
   <div class='ocr_carea' id='block_1_34' title="bbox 148 3138 1795 3215">
    <p class='ocr_par' dir='ltr' id='par_1_34' title="bbox 148 3138 1795 3215">
     <span class='ocr_line' id='line_1_34' title="bbox 148 3138 1795 3215; baseline -0.002 -22"><span class='ocrx_word' id='word_1_242' title='bbox 148 3156 285 3196; x_wconf 86' lang='lat' dir='ltr'>causa</span> <span class='ocrx_word' id='word_1_243' title='bbox 310 3160 338 3196; x_wconf 87' lang='lat' dir='ltr'>a</span> <span class='ocrx_word' id='word_1_244' title='bbox 375 3145 667 3215; x_wconf 88' lang='lat' dir='ltr'>plerisque</span> <span class='ocrx_word' id='word_1_245' title='bbox 702 3144 959 3196; x_wconf 87' lang='lat' dir='ltr'>dicatur:</span> <span class='ocrx_word' id='word_1_246' title='bbox 997 3147 1181 3194; x_wconf 89' lang='lat' dir='ltr'>motus</span> <span class='ocrx_word' id='word_1_247' title='bbox 1232 3156 1466 3192; x_wconf 91' lang='lat' dir='ltr'>suorum</span> <span class='ocrx_word' id='word_1_248' title='bbox 1516 3138 1795 3192; x_wconf 89' lang='lat' dir='ltr'>sermoni-</span> 
     </span>
    </p>
   </div>
   <div class='ocr_carea' id='block_1_35' title="bbox 148 3229 1796 3287">
    <p class='ocr_par' dir='ltr' id='par_1_35' title="bbox 148 3229 1796 3287">
     <span class='ocr_line' id='line_1_35' title="bbox 148 3229 1796 3287; baseline -0.002 -5"><span class='ocrx_word' id='word_1_249' title='bbox 148 3230 230 3284; x_wconf 90' lang='lat' dir='ltr'>bus</span> <span class='ocrx_word' id='word_1_250' title='bbox 256 3234 466 3287; x_wconf 88' lang='lat' dir='ltr'>eosdem</span> <span class='ocrx_word' id='word_1_251' title='bbox 505 3235 579 3287; x_wconf 91' lang='lat' dir='ltr'>ad</span> <span class='ocrx_word' id='word_1_252' title='bbox 614 3233 844 3286; x_wconf 88' lang='lat' dir='ltr'>beatum</span> <span class='ocrx_word' id='word_1_253' title='bbox 877 3232 1116 3285; x_wconf 86' lang='lat' dir='ltr'>Goarem</span> <span class='ocrx_word' id='word_1_254' title='bbox 1148 3245 1277 3282; x_wconf 92' lang='lat' dir='ltr'>cum</span> <span class='ocrx_word' id='word_1_255' title='bbox 1307 3229 1672 3281; x_wconf 80' lang='lat' dir='ltr'>festinatione</span> <span class='ocrx_word' id='word_1_256' title='bbox 1704 3243 1796 3280; x_wconf 84' lang='lat' dir='ltr'>re-</span> 
     </span>
    </p>
   </div>
   <div class='ocr_carea' id='block_1_36' title="bbox 149 3316 1797 3392">
    <p class='ocr_par' dir='ltr' id='par_1_36' title="bbox 149 3316 1797 3392">
     <span class='ocr_line' id='line_1_36' title="bbox 149 3316 1797 3392; baseline -0.001 -23"><span class='ocrx_word' id='word_1_257' title='bbox 149 3320 244 3372; x_wconf 86' lang='lat' dir='ltr'>dire</span> <span class='ocrx_word' id='word_1_258' title='bbox 290 3323 566 3392; x_wconf 73' lang='lat' dir='ltr'>praecepit,</span> <span class='ocrx_word' id='word_1_259' title='bbox 638 3321 915 3374; x_wconf 89' lang='lat' dir='ltr'>mandans</span> <span class='ocrx_word' id='word_1_260' title='bbox 973 3319 1055 3371; x_wconf 87' lang='lat' dir='ltr'>uti</span> <span class='ocrx_word' id='word_1_261' title='bbox 1114 3334 1243 3371; x_wconf 84' lang='lat' dir='ltr'>eum</span> <span class='ocrx_word' id='word_1_262' title='bbox 1300 3316 1405 3369; x_wconf 87' lang='lat' dir='ltr'>sibi</span> <span class='ocrx_word' id='word_1_263' title='bbox 1458 3316 1797 3386; x_wconf 86' lang='lat' dir='ltr'>quantocius</span> 
     </span>
    </p>
   </div>
   <div class='ocr_carea' id='block_1_37' title="bbox 147 3405 1793 3478">
    <p class='ocr_par' dir='ltr' id='par_1_37' title="bbox 147 3405 1793 3478">
     <span class='ocr_line' id='line_1_37' title="bbox 147 3405 1793 3478; baseline -0.001 -20"><span class='ocrx_word' id='word_1_264' title='bbox 147 3410 435 3464; x_wconf 81' lang='lat' dir='ltr'>exhiberem</span> <span class='ocrx_word' id='word_1_265' title='bbox 466 3412 737 3465; x_wconf 90' lang='lat' dir='ltr'>habituro</span> <span class='ocrx_word' id='word_1_266' title='bbox 768 3426 937 3478; x_wconf 89' lang='lat' dir='ltr'>super</span> <span class='ocrx_word' id='word_1_267' title='bbox 973 3410 1094 3477; x_wconf 73' lang='lat' dir='ltr'>ejus</span> <span class='ocrx_word' id='word_1_268' title='bbox 1135 3408 1352 3459; x_wconf 77' lang='lat' dir='ltr'>actibus</span> <span class='ocrx_word' id='word_1_269' title='bbox 1393 3405 1793 3475; x_wconf 66' lang='lat' dir='ltr'>quaestionem.</span> 
     </span>
    </p>
   </div>
   <div class='ocr_carea' id='block_1_38' title="bbox 146 3496 1796 3564">
    <p class='ocr_par' dir='ltr' id='par_1_38' title="bbox 146 3496 1796 3564">
     <span class='ocr_line' id='line_1_38' title="bbox 146 3496 1796 3564; baseline 0.001 -19"><span class='ocrx_word' id='word_1_270' title='bbox 146 3496 211 3547; x_wconf 87' lang='lat' dir='ltr'>llli</span> <span class='ocrx_word' id='word_1_271' title='bbox 238 3500 477 3553; x_wconf 87' lang='lat' dir='ltr'>celeriter</span> <span class='ocrx_word' id='word_1_272' title='bbox 503 3501 573 3554; x_wconf 90' lang='lat' dir='ltr'>ad</span> <span class='ocrx_word' id='word_1_273' title='bbox 619 3503 877 3552; x_wconf 88' lang='lat' dir='ltr'>sanctum</span> <span class='ocrx_word' id='word_1_274' title='bbox 926 3497 1130 3557; x_wconf 75' lang='lat' dir='ltr'>virum,</span> <span class='ocrx_word' id='word_1_275' title='bbox 1160 3501 1220 3548; x_wconf 90' lang='lat' dir='ltr'>ut</span> <span class='ocrx_word' id='word_1_276' title='bbox 1266 3499 1616 3564; x_wconf 76' lang='lat' dir='ltr'>praeceptum</span> <span class='ocrx_word' id='word_1_277' title='bbox 1653 3498 1796 3562; x_wconf 87' lang='lat' dir='ltr'>erat,</span> 
     </span>
    </p>
   </div>
   <div class='ocr_carea' id='block_1_39' title="bbox 143 3584 1797 3657">
    <p class='ocr_par' dir='ltr' id='par_1_39' title="bbox 143 3584 1797 3657">
     <span class='ocr_line' id='line_1_39' title="bbox 143 3584 1797 3657; baseline 0.001 -24"><span class='ocrx_word' id='word_1_278' title='bbox 143 3588 334 3654; x_wconf 86' lang='lat' dir='ltr'>reversi,</span> <span class='ocrx_word' id='word_1_279' title='bbox 379 3591 753 3657; x_wconf 88' lang='lat' dir='ltr'>volentesque</span> <span class='ocrx_word' id='word_1_280' title='bbox 806 3586 1173 3638; x_wconf 89' lang='lat' dir='ltr'>simulatione</span> <span class='ocrx_word' id='word_1_281' title='bbox 1221 3584 1421 3636; x_wconf 83' lang='lat' dir='ltr'>callida</span> <span class='ocrx_word' id='word_1_282' title='bbox 1465 3584 1623 3635; x_wconf 84' lang='lat' dir='ltr'>dolos</span> <span class='ocrx_word' id='word_1_283' title='bbox 1665 3599 1797 3635; x_wconf 90' lang='lat' dir='ltr'>suos</span> 
     </span>
    </p>
   </div>
   <div class='ocr_carea' id='block_1_40' title="bbox 143 3670 1796 3741">
    <p class='ocr_par' dir='ltr' id='par_1_40' title="bbox 143 3670 1796 3741">
     <span class='ocr_line' id='line_1_40' title="bbox 143 3670 1796 3741; baseline -0.001 -18"><span class='ocrx_word' id='word_1_284' title='bbox 143 3678 185 3724; x_wconf 88' lang='lat' dir='ltr'>et</span> <span class='ocrx_word' id='word_1_285' title='bbox 210 3679 605 3731; x_wconf 84' lang='lat' dir='ltr'>accusationem</span> <span class='ocrx_word' id='word_1_286' title='bbox 660 3678 863 3741; x_wconf 88' lang='lat' dir='ltr'>celare,</span> <span class='ocrx_word' id='word_1_287' title='bbox 897 3690 1025 3728; x_wconf 90' lang='lat' dir='ltr'>cum</span> <span class='ocrx_word' id='word_1_288' title='bbox 1071 3681 1261 3727; x_wconf 89' lang='lat' dir='ltr'>tamen</span> <span class='ocrx_word' id='word_1_289' title='bbox 1302 3672 1423 3725; x_wconf 74' lang='lat' dir='ltr'>haec</span> <span class='ocrx_word' id='word_1_290' title='bbox 1460 3688 1590 3725; x_wconf 90' lang='lat' dir='ltr'>eum</span> <span class='ocrx_word' id='word_1_291' title='bbox 1626 3670 1796 3723; x_wconf 90' lang='lat' dir='ltr'>mini-</span> 
     </span>
    </p>
   </div>
   <div class='ocr_carea' id='block_1_41' title="bbox 143 3760 1795 3832">
    <p class='ocr_par' dir='ltr' id='par_1_41' title="bbox 143 3760 1795 3832">
     <span class='ocr_line' id='line_1_41' title="bbox 143 3760 1795 3832; baseline -0.002 -18"><span class='ocrx_word' id='word_1_292' title='bbox 143 3775 215 3816; x_wconf 87' lang='lat' dir='ltr'>me</span> <span class='ocrx_word' id='word_1_293' title='bbox 238 3764 485 3832; x_wconf 88' lang='lat' dir='ltr'>laterent,</span> <span class='ocrx_word' id='word_1_294' title='bbox 530 3768 788 3820; x_wconf 86' lang='lat' dir='ltr'>salutant</span> <span class='ocrx_word' id='word_1_295' title='bbox 820 3781 951 3818; x_wconf 89' lang='lat' dir='ltr'>eum</span> <span class='ocrx_word' id='word_1_296' title='bbox 994 3780 1059 3816; x_wconf 80' lang='lat' dir='ltr'>ex</span> <span class='ocrx_word' id='word_1_297' title='bbox 1105 3762 1335 3815; x_wconf 88' lang='lat' dir='ltr'>nomine</span> <span class='ocrx_word' id='word_1_298' title='bbox 1367 3761 1453 3813; x_wconf 89' lang='lat' dir='ltr'>sui</span> <span class='ocrx_word' id='word_1_299' title='bbox 1483 3760 1795 3829; x_wconf 85' lang='lat' dir='ltr'>pontiﬁcis,</span> 
     </span>
    </p>
   </div>
   <div class='ocr_carea' id='block_1_42' title="bbox 141 3848 1797 3925">
    <p class='ocr_par' dir='ltr' id='par_1_42' title="bbox 141 3848 1797 3925">
     <span class='ocr_line' id='line_1_42' title="bbox 141 3848 1797 3925; baseline -0.001 -22"><span class='ocrx_word' id='word_1_300' title='bbox 141 3858 300 3917; x_wconf 88' lang='lat' dir='ltr'>petere</span> <span class='ocrx_word' id='word_1_301' title='bbox 324 3855 483 3909; x_wconf 89' lang='lat' dir='ltr'>illum</span> <span class='ocrx_word' id='word_1_302' title='bbox 517 3862 697 3925; x_wconf 86' lang='lat' dir='ltr'>atque</span> <span class='ocrx_word' id='word_1_303' title='bbox 737 3854 1009 3906; x_wconf 86' lang='lat' dir='ltr'>mandare</span> <span class='ocrx_word' id='word_1_304' title='bbox 1044 3856 1105 3904; x_wconf 90' lang='lat' dir='ltr'>ut</span> <span class='ocrx_word' id='word_1_305' title='bbox 1145 3852 1209 3903; x_wconf 82' lang='lat' dir='ltr'>ad</span> <span class='ocrx_word' id='word_1_306' title='bbox 1246 3867 1306 3903; x_wconf 91' lang='lat' dir='ltr'>se</span> <span class='ocrx_word' id='word_1_307' title='bbox 1336 3850 1540 3903; x_wconf 82' lang='lat' dir='ltr'>debeat</span> <span class='ocrx_word' id='word_1_308' title='bbox 1571 3848 1675 3901; x_wconf 86' lang='lat' dir='ltr'>sub</span> <span class='ocrx_word' id='word_1_309' title='bbox 1707 3864 1797 3901; x_wconf 90' lang='lat' dir='ltr'>ce-</span> 
     </span>
    </p>
   </div>
   <div class='ocr_carea' id='block_1_43' title="bbox 142 3937 1800 4009">
    <p class='ocr_par' dir='ltr' id='par_1_43' title="bbox 142 3937 1800 4009">
     <span class='ocr_line' id='line_1_43' title="bbox 142 3937 1800 4009; baseline -0.002 -17"><span class='ocrx_word' id='word_1_310' title='bbox 142 3942 323 3997; x_wconf 87' lang='lat' dir='ltr'>leritate</span> <span class='ocrx_word' id='word_1_311' title='bbox 359 3945 571 3998; x_wconf 88' lang='lat' dir='ltr'>venire.</span> <span class='ocrx_word' id='word_1_312' title='bbox 605 3944 730 4007; x_wconf 84' lang='lat' dir='ltr'>Quo</span> <span class='ocrx_word' id='word_1_313' title='bbox 771 3942 968 3995; x_wconf 89' lang='lat' dir='ltr'>audito</span> <span class='ocrx_word' id='word_1_314' title='bbox 1000 3942 1085 3993; x_wconf 87' lang='lat' dir='ltr'>vir</span> <span class='ocrx_word' id='word_1_315' title='bbox 1128 3940 1377 4009; x_wconf 78' lang='lat' dir='ltr'>simplici</span> <span class='ocrx_word' id='word_1_316' title='bbox 1407 3939 1601 3991; x_wconf 90' lang='lat' dir='ltr'>animo</span> <span class='ocrx_word' id='word_1_317' title='bbox 1652 3937 1800 3990; x_wconf 86' lang='lat' dir='ltr'>circa</span> 
     </span>
    </p>
   </div>
   <div class='ocr_carea' id='block_1_44' title="bbox 140 4027 1795 4105">
    <p class='ocr_par' dir='ltr' id='par_1_44' title="bbox 140 4027 1795 4105">
     <span class='ocr_line' id='line_1_44' title="bbox 140 4027 1795 4105; baseline -0.002 -23"><span class='ocrx_word' id='word_1_318' title='bbox 140 4046 305 4086; x_wconf 87' lang='lat' dir='ltr'>omnes</span> <span class='ocrx_word' id='word_1_319' title='bbox 333 4050 536 4105; x_wconf 90' lang='lat' dir='ltr'>magna</span> <span class='ocrx_word' id='word_1_320' title='bbox 564 4032 948 4087; x_wconf 84' lang='lat' dir='ltr'>exsultatione</span> <span class='ocrx_word' id='word_1_321' title='bbox 980 4030 1232 4099; x_wconf 88' lang='lat' dir='ltr'>repletus</span> <span class='ocrx_word' id='word_1_322' title='bbox 1261 4028 1474 4098; x_wconf 83' lang='lat' dir='ltr'>gratias</span> <span class='ocrx_word' id='word_1_323' title='bbox 1512 4027 1630 4096; x_wconf 86' lang='lat' dir='ltr'>egit</span> <span class='ocrx_word' id='word_1_324' title='bbox 1662 4027 1795 4092; x_wconf 91' lang='lat' dir='ltr'>Deo,</span> 
     </span>
    </p>
   </div>
   <div class='ocr_carea' id='block_1_45' title="bbox 141 4115 1801 4191">
    <p class='ocr_par' dir='ltr' id='par_1_45' title="bbox 141 4115 1801 4191">
     <span class='ocr_line' id='line_1_45' title="bbox 141 4115 1801 4191; baseline -0.002 -20"><span class='ocrx_word' id='word_1_325' title='bbox 141 4125 183 4172; x_wconf 89' lang='lat' dir='ltr'>et</span> <span class='ocrx_word' id='word_1_326' title='bbox 205 4124 342 4191; x_wconf 88' lang='lat' dir='ltr'>quod</span> <span class='ocrx_word' id='word_1_327' title='bbox 365 4124 753 4177; x_wconf 85' lang='lat' dir='ltr'>visitationem</span> <span class='ocrx_word' id='word_1_328' title='bbox 783 4122 869 4173; x_wconf 91' lang='lat' dir='ltr'>sui</span> <span class='ocrx_word' id='word_1_329' title='bbox 903 4118 1204 4189; x_wconf 70' lang='lat' dir='ltr'>pontificis,</span> <span class='ocrx_word' id='word_1_330' title='bbox 1241 4117 1697 4186; x_wconf 82' lang='lat' dir='ltr'>mandatumque</span> <span class='ocrx_word' id='word_1_331' title='bbox 1728 4115 1801 4169; x_wconf 87' lang='lat' dir='ltr'>ad</span> 
     </span>
    </p>
   </div>
   <div class='ocr_carea' id='block_1_46' title="bbox 1898 448 3586 524">
    <p class='ocr_par' dir='ltr' id='par_1_46' title="bbox 1898 448 3586 524">
     <span class='ocr_line' id='line_1_46' title="bbox 1898 448 3586 524; baseline 0.006 -22"><span class='ocrx_word' id='word_1_332' title='bbox 1898 448 1997 502; x_wconf 90' lang='lat' dir='ltr'>Dei</span> <span class='ocrx_word' id='word_1_333' title='bbox 2026 448 2287 503; x_wconf 88' lang='lat' dir='ltr'>laudibus</span> <span class='ocrx_word' id='word_1_334' title='bbox 2314 450 2658 521; x_wconf 84' lang='lat' dir='ltr'>hymnisque</span> <span class='ocrx_word' id='word_1_335' title='bbox 2692 460 3052 521; x_wconf 89' lang='lat' dir='ltr'>pernoctans.</span> <span class='ocrx_word' id='word_1_336' title='bbox 3080 455 3213 507; x_wconf 90' lang='lat' dir='ltr'>Orta</span> <span class='ocrx_word' id='word_1_337' title='bbox 3242 456 3426 524; x_wconf 83' lang='lat' dir='ltr'>prima</span> <span class='ocrx_word' id='word_1_338' title='bbox 3464 460 3586 513; x_wconf 87' lang='lat' dir='ltr'>luce</span> 
     </span>
    </p>
   </div>
   <div class='ocr_carea' id='block_1_47' title="bbox 1896 539 3590 611">
    <p class='ocr_par' dir='ltr' id='par_1_47' title="bbox 1896 539 3590 611">
     <span class='ocr_line' id='line_1_47' title="bbox 1896 539 3590 611; baseline 0.006 -20"><span class='ocrx_word' id='word_1_339' title='bbox 1896 544 1959 591; x_wconf 89' lang='lat' dir='ltr'>ut</span> <span class='ocrx_word' id='word_1_340' title='bbox 1987 544 2126 608; x_wconf 91' lang='lat' dir='ltr'>quot</span> <span class='ocrx_word' id='word_1_341' title='bbox 2154 539 2358 593; x_wconf 88' lang='lat' dir='ltr'>diebus</span> <span class='ocrx_word' id='word_1_342' title='bbox 2390 542 2612 610; x_wconf 85' lang='lat' dir='ltr'>agebat,</span> <span class='ocrx_word' id='word_1_343' title='bbox 2648 542 2980 611; x_wconf 72' lang='lat' dir='ltr'>psalmodim</span> <span class='ocrx_word' id='word_1_344' title='bbox 3011 547 3064 594; x_wconf 91' lang='lat' dir='ltr'>et</span> <span class='ocrx_word' id='word_1_345' title='bbox 3099 545 3424 599; x_wconf 88' lang='lat' dir='ltr'>orationum</span> <span class='ocrx_word' id='word_1_346' title='bbox 3459 552 3590 601; x_wconf 88' lang='lat' dir='ltr'>vota</span> 
     </span>
    </p>
   </div>
   <div class='ocr_carea' id='block_1_48' title="bbox 1898 626 3585 705">
    <p class='ocr_par' dir='ltr' id='par_1_48' title="bbox 1898 626 3585 705">
     <span class='ocr_line' id='line_1_48' title="bbox 1898 626 3585 705; baseline 0.005 -27"><span class='ocrx_word' id='word_1_347' title='bbox 1898 626 2011 679; x_wconf 90' lang='lat' dir='ltr'>Deo</span> <span class='ocrx_word' id='word_1_348' title='bbox 2062 628 2386 695; x_wconf 82' lang='lat' dir='ltr'>persolvere</span> <span class='ocrx_word' id='word_1_349' title='bbox 2419 628 2629 698; x_wconf 69' lang='lat' dir='ltr'>coepit:</span> <span class='ocrx_word' id='word_1_350' title='bbox 2674 635 2793 682; x_wconf 91' lang='lat' dir='ltr'>tum</span> <span class='ocrx_word' id='word_1_351' title='bbox 2838 630 3068 683; x_wconf 89' lang='lat' dir='ltr'>demum</span> <span class='ocrx_word' id='word_1_352' title='bbox 3104 632 3197 683; x_wconf 90' lang='lat' dir='ltr'>ubi</span> <span class='ocrx_word' id='word_1_353' title='bbox 3234 632 3287 685; x_wconf 89' lang='lat' dir='ltr'>id</span> <span class='ocrx_word' id='word_1_354' title='bbox 3343 636 3585 705; x_wconf 85' lang='lat' dir='ltr'>peregit,</span> 
     </span>
    </p>
   </div>
   <div class='ocr_carea' id='block_1_49' title="bbox 1898 714 3588 790">
    <p class='ocr_par' dir='ltr' id='par_1_49' title="bbox 1898 714 3588 790">
     <span class='ocr_line' id='line_1_49' title="bbox 1898 714 3588 790; baseline 0.006 -23"><span class='ocrx_word' id='word_1_355' title='bbox 1898 714 2199 769; x_wconf 89' lang='lat' dir='ltr'>missarum</span> <span class='ocrx_word' id='word_1_356' title='bbox 2224 718 2503 770; x_wconf 89' lang='lat' dir='ltr'>solemnia</span> <span class='ocrx_word' id='word_1_357' title='bbox 2525 734 2754 771; x_wconf 84' lang='lat' dir='ltr'>exorsus</span> <span class='ocrx_word' id='word_1_358' title='bbox 2774 718 3055 787; x_wconf 87' lang='lat' dir='ltr'>implevit.</span> <span class='ocrx_word' id='word_1_359' title='bbox 3087 720 3363 790; x_wconf 63' lang='lat' dir='ltr'>Praecepit</span> <span class='ocrx_word' id='word_1_360' title='bbox 3384 722 3588 777; x_wconf 88' lang='lat' dir='ltr'>deinde</span> 
     </span>
    </p>
   </div>
   <div class='ocr_carea' id='block_1_50' title="bbox 1898 803 3585 879">
    <p class='ocr_par' dir='ltr' id='par_1_50' title="bbox 1898 803 3585 879">
     <span class='ocr_line' id='line_1_50' title="bbox 1898 803 3585 879; baseline 0.005 -22"><span class='ocrx_word' id='word_1_361' title='bbox 1898 803 2174 874; x_wconf 89' lang='lat' dir='ltr'>discipulo</span> <span class='ocrx_word' id='word_1_362' title='bbox 2235 810 2296 859; x_wconf 94' lang='lat' dir='ltr'>ut</span> <span class='ocrx_word' id='word_1_363' title='bbox 2347 807 2776 860; x_wconf 83' lang='lat' dir='ltr'>exsecutoribus</span> <span class='ocrx_word' id='word_1_364' title='bbox 2833 807 2947 861; x_wconf 86' lang='lat' dir='ltr'>suis</span> <span class='ocrx_word' id='word_1_365' title='bbox 2999 808 3224 879; x_wconf 88' lang='lat' dir='ltr'>sibique</span> <span class='ocrx_word' id='word_1_366' title='bbox 3284 811 3585 879; x_wconf 89' lang='lat' dir='ltr'>prandium</span> 
     </span>
    </p>
   </div>
   <div class='ocr_carea' id='block_1_51' title="bbox 1898 892 3589 966">
    <p class='ocr_par' dir='ltr' id='par_1_51' title="bbox 1898 892 3589 966">
     <span class='ocr_line' id='line_1_51' title="bbox 1898 892 3589 966; baseline 0.005 -21"><span class='ocrx_word' id='word_1_367' title='bbox 1898 892 2047 946; x_wconf 89' lang='lat' dir='ltr'>sicut</span> <span class='ocrx_word' id='word_1_368' title='bbox 2071 900 2265 963; x_wconf 90' lang='lat' dir='ltr'>posset</span> <span class='ocrx_word' id='word_1_369' title='bbox 2294 894 2616 949; x_wconf 90' lang='lat' dir='ltr'>instrueret.</span> <span class='ocrx_word' id='word_1_370' title='bbox 2660 896 2783 963; x_wconf 80' lang='lat' dir='ltr'>Fili,</span> <span class='ocrx_word' id='word_1_371' title='bbox 2828 896 3116 966; x_wconf 88' lang='lat' dir='ltr'>inquiens,</span> <span class='ocrx_word' id='word_1_372' title='bbox 3158 914 3293 966; x_wconf 88' lang='lat' dir='ltr'>para</span> <span class='ocrx_word' id='word_1_373' title='bbox 3326 899 3487 952; x_wconf 89' lang='lat' dir='ltr'>nobis</span> <span class='ocrx_word' id='word_1_374' title='bbox 3519 902 3589 955; x_wconf 90' lang='lat' dir='ltr'>de</span> 
     </span>
    </p>
   </div>
   <div class='ocr_carea' id='block_1_52' title="bbox 1900 983 3587 1057">
    <p class='ocr_par' dir='ltr' id='par_1_52' title="bbox 1900 983 3587 1057">
     <span class='ocr_line' id='line_1_52' title="bbox 1900 983 3587 1057; baseline 0.005 -22"><span class='ocrx_word' id='word_1_375' title='bbox 1900 983 2216 1037; x_wconf 87' lang='lat' dir='ltr'>substantia</span> <span class='ocrx_word' id='word_1_376' title='bbox 2255 990 2447 1038; x_wconf 87' lang='lat' dir='ltr'>nostra</span> <span class='ocrx_word' id='word_1_377' title='bbox 2477 985 2818 1049; x_wconf 89' lang='lat' dir='ltr'>convivium,</span> <span class='ocrx_word' id='word_1_378' title='bbox 2852 990 2911 1037; x_wconf 93' lang='lat' dir='ltr'>ut</span> <span class='ocrx_word' id='word_1_379' title='bbox 2942 985 3241 1040; x_wconf 87' lang='lat' dir='ltr'>nobiscum</span> <span class='ocrx_word' id='word_1_380' title='bbox 3276 987 3447 1057; x_wconf 89' lang='lat' dir='ltr'>legati</span> <span class='ocrx_word' id='word_1_381' title='bbox 3480 1005 3587 1043; x_wconf 89' lang='lat' dir='ltr'>no-</span> 
     </span>
    </p>
   </div>
   <div class='ocr_carea' id='block_1_53' title="bbox 1899 1072 3589 1145">
    <p class='ocr_par' dir='ltr' id='par_1_53' title="bbox 1899 1072 3589 1145">
     <span class='ocr_line' id='line_1_53' title="bbox 1899 1072 3589 1145; baseline 0.004 -23"><span class='ocrx_word' id='word_1_382' title='bbox 1899 1072 1998 1123; x_wconf 89' lang='lat' dir='ltr'>stri</span> <span class='ocrx_word' id='word_1_383' title='bbox 2022 1072 2307 1142; x_wconf 84' lang='lat' dir='ltr'>pontificis</span> <span class='ocrx_word' id='word_1_384' title='bbox 2328 1075 2666 1143; x_wconf 87' lang='lat' dir='ltr'>epulentur:</span> <span class='ocrx_word' id='word_1_385' title='bbox 2689 1073 2930 1126; x_wconf 90' lang='lat' dir='ltr'>forsitan</span> <span class='ocrx_word' id='word_1_386' title='bbox 2958 1074 3128 1126; x_wconf 90' lang='lat' dir='ltr'>addet</span> <span class='ocrx_word' id='word_1_387' title='bbox 3161 1076 3303 1128; x_wconf 90' lang='lat' dir='ltr'>Deus</span> <span class='ocrx_word' id='word_1_388' title='bbox 3336 1075 3589 1145; x_wconf 90' lang='lat' dir='ltr'>aliquem</span> 
     </span>
    </p>
   </div>
   <div class='ocr_carea' id='block_1_54' title="bbox 1899 1161 3592 1232">
    <p class='ocr_par' dir='ltr' id='par_1_54' title="bbox 1899 1161 3592 1232">
     <span class='ocr_line' id='line_1_54' title="bbox 1899 1161 3592 1232; baseline 0.002 -20"><span class='ocrx_word' id='word_1_389' title='bbox 1899 1176 2211 1230; x_wconf 89' lang='lat' dir='ltr'>pauperem</span> <span class='ocrx_word' id='word_1_390' title='bbox 2245 1161 2344 1231; x_wconf 90' lang='lat' dir='ltr'>qui</span> <span class='ocrx_word' id='word_1_391' title='bbox 2371 1162 2552 1232; x_wconf 88' lang='lat' dir='ltr'>possit</span> <span class='ocrx_word' id='word_1_392' title='bbox 2590 1161 2651 1214; x_wconf 91' lang='lat' dir='ltr'>in</span> <span class='ocrx_word' id='word_1_393' title='bbox 2682 1162 2886 1215; x_wconf 88' lang='lat' dir='ltr'>Christi</span> <span class='ocrx_word' id='word_1_394' title='bbox 2930 1162 3206 1214; x_wconf 86' lang='lat' dir='ltr'>charitate</span> <span class='ocrx_word' id='word_1_395' title='bbox 3238 1162 3430 1215; x_wconf 91' lang='lat' dir='ltr'>cibum</span> <span class='ocrx_word' id='word_1_396' title='bbox 3478 1178 3592 1215; x_wconf 87' lang='lat' dir='ltr'>una</span> 
     </span>
    </p>
   </div>
   <div class='ocr_carea' id='block_1_55' title="bbox 1901 1250 3592 1319">
    <p class='ocr_par' dir='ltr' id='par_1_55' title="bbox 1901 1250 3592 1319">
     <span class='ocr_line' id='line_1_55' title="bbox 1901 1250 3592 1319; baseline 0.002 -18"><span class='ocrx_word' id='word_1_397' title='bbox 1901 1254 2217 1319; x_wconf 89' lang='lat' dir='ltr'>potumque</span> <span class='ocrx_word' id='word_1_398' title='bbox 2246 1250 2559 1319; x_wconf 89' lang='lat' dir='ltr'>percipere.</span> <span class='ocrx_word' id='word_1_399' title='bbox 2596 1250 2653 1304; x_wconf 89' lang='lat' dir='ltr'>Id</span> <span class='ocrx_word' id='word_1_400' title='bbox 2680 1256 2741 1302; x_wconf 89' lang='lat' dir='ltr'>ut</span> <span class='ocrx_word' id='word_1_401' title='bbox 2772 1250 3034 1303; x_wconf 88' lang='lat' dir='ltr'>homines</span> <span class='ocrx_word' id='word_1_402' title='bbox 3075 1250 3352 1303; x_wconf 60' lang='lat' dir='ltr'>malivolas</span> <span class='ocrx_word' id='word_1_403' title='bbox 3384 1251 3592 1304; x_wconf 89' lang='lat' dir='ltr'>mentis</span> 
     </span>
    </p>
   </div>
   <div class='ocr_carea' id='block_1_56' title="bbox 1902 1336 3593 1407">
    <p class='ocr_par' dir='ltr' id='par_1_56' title="bbox 1902 1336 3593 1407">
     <span class='ocr_line' id='line_1_56' title="bbox 1902 1336 3593 1407; baseline 0.002 -19"><span class='ocrx_word' id='word_1_404' title='bbox 1902 1340 1959 1389; x_wconf 88' lang='lat' dir='ltr'>et</span> <span class='ocrx_word' id='word_1_405' title='bbox 1998 1336 2340 1405; x_wconf 88' lang='lat' dir='ltr'>jamdudum</span> <span class='ocrx_word' id='word_1_406' title='bbox 2400 1337 2592 1389; x_wconf 89' lang='lat' dir='ltr'>animo</span> <span class='ocrx_word' id='word_1_407' title='bbox 2642 1337 2893 1407; x_wconf 90' lang='lat' dir='ltr'>corrupti</span> <span class='ocrx_word' id='word_1_408' title='bbox 2951 1338 3209 1390; x_wconf 84' lang='lat' dir='ltr'>mandari</span> <span class='ocrx_word' id='word_1_409' title='bbox 3266 1338 3593 1403; x_wconf 88' lang='lat' dir='ltr'>audierunt,</span> 
     </span>
    </p>
   </div>
   <div class='ocr_carea' id='block_1_57' title="bbox 1901 1425 3597 1496">
    <p class='ocr_par' dir='ltr' id='par_1_57' title="bbox 1901 1425 3597 1496">
     <span class='ocr_line' id='line_1_57' title="bbox 1901 1425 3597 1496; baseline 0.002 -19"><span class='ocrx_word' id='word_1_410' title='bbox 1901 1426 2050 1478; x_wconf 91' lang='lat' dir='ltr'>ultra</span> <span class='ocrx_word' id='word_1_411' title='bbox 2080 1442 2194 1478; x_wconf 90' lang='lat' dir='ltr'>non</span> <span class='ocrx_word' id='word_1_412' title='bbox 2238 1425 2488 1479; x_wconf 84' lang='lat' dir='ltr'>valentes</span> <span class='ocrx_word' id='word_1_413' title='bbox 2532 1432 2748 1496; x_wconf 90' lang='lat' dir='ltr'>pestem</span> <span class='ocrx_word' id='word_1_414' title='bbox 2782 1426 3011 1479; x_wconf 75' lang='lat' dir='ltr'>malitiae</span> <span class='ocrx_word' id='word_1_415' title='bbox 3055 1427 3296 1479; x_wconf 68' lang='lat' dir='ltr'>internas</span> <span class='ocrx_word' id='word_1_416' title='bbox 3329 1428 3597 1481; x_wconf 89' lang='lat' dir='ltr'>dissimu-</span> 
     </span>
    </p>
   </div>
   <div class='ocr_carea' id='block_1_58' title="bbox 1902 1513 3594 1585">
    <p class='ocr_par' dir='ltr' id='par_1_58' title="bbox 1902 1513 3594 1585">
     <span class='ocr_line' id='line_1_58' title="bbox 1902 1513 3594 1585; baseline 0.003 -20"><span class='ocrx_word' id='word_1_417' title='bbox 1902 1513 2042 1578; x_wconf 89' lang='lat' dir='ltr'>lare,</span> <span class='ocrx_word' id='word_1_418' title='bbox 2074 1514 2213 1583; x_wconf 92' lang='lat' dir='ltr'>quid</span> <span class='ocrx_word' id='word_1_419' title='bbox 2249 1520 2439 1568; x_wconf 90' lang='lat' dir='ltr'>mente</span> <span class='ocrx_word' id='word_1_420' title='bbox 2472 1522 2674 1584; x_wconf 82' lang='lat' dir='ltr'>gerant</span> <span class='ocrx_word' id='word_1_421' title='bbox 2708 1516 3053 1568; x_wconf 85' lang='lat' dir='ltr'>ostendunt:</span> <span class='ocrx_word' id='word_1_422' title='bbox 3097 1523 3151 1567; x_wconf 89' lang='lat' dir='ltr'>et</span> <span class='ocrx_word' id='word_1_423' title='bbox 3182 1521 3455 1584; x_wconf 81' lang='lat' dir='ltr'>tauquam</span> <span class='ocrx_word' id='word_1_424' title='bbox 3495 1517 3594 1585; x_wconf 90' lang='lat' dir='ltr'>qui</span> 
     </span>
    </p>
   </div>
   <div class='ocr_carea' id='block_1_59' title="bbox 1904 1604 3593 1673">
    <p class='ocr_par' dir='ltr' id='par_1_59' title="bbox 1904 1604 3593 1673">
     <span class='ocr_line' id='line_1_59' title="bbox 1904 1604 3593 1673; baseline 0.002 -20"><span class='ocrx_word' id='word_1_425' title='bbox 1904 1618 2166 1670; x_wconf 89' lang='lat' dir='ltr'>perverse</span> <span class='ocrx_word' id='word_1_426' title='bbox 2218 1604 2495 1655; x_wconf 82' lang='lat' dir='ltr'>viventem</span> <span class='ocrx_word' id='word_1_427' title='bbox 2523 1605 2675 1672; x_wconf 81' lang='lat' dir='ltr'>juste</span> <span class='ocrx_word' id='word_1_428' title='bbox 2717 1604 3204 1673; x_wconf 82' lang='lat' dir='ltr'>reprehenderent</span> <span class='ocrx_word' id='word_1_429' title='bbox 3253 1605 3448 1655; x_wconf 86' lang='lat' dir='ltr'>aiunt:</span> <span class='ocrx_word' id='word_1_430' title='bbox 3486 1604 3593 1656; x_wconf 87' lang='lat' dir='ltr'>Ne-</span> 
     </span>
    </p>
   </div>
   <div class='ocr_carea' id='block_1_60' title="bbox 1907 1691 3594 1760">
    <p class='ocr_par' dir='ltr' id='par_1_60' title="bbox 1907 1691 3594 1760">
     <span class='ocr_line' id='line_1_60' title="bbox 1907 1691 3594 1760; baseline 0.001 -19"><span class='ocrx_word' id='word_1_431' title='bbox 1907 1706 2016 1759; x_wconf 87' lang='lat' dir='ltr'>que</span> <span class='ocrx_word' id='word_1_432' title='bbox 2044 1695 2097 1742; x_wconf 90' lang='lat' dir='ltr'>tu</span> <span class='ocrx_word' id='word_1_433' title='bbox 2126 1692 2268 1743; x_wconf 88' lang='lat' dir='ltr'>bene</span> <span class='ocrx_word' id='word_1_434' title='bbox 2298 1693 2439 1760; x_wconf 75' lang='lat' dir='ltr'>agis,</span> <span class='ocrx_word' id='word_1_435' title='bbox 2464 1693 2561 1760; x_wconf 86' lang='lat' dir='ltr'>qui</span> <span class='ocrx_word' id='word_1_436' title='bbox 2586 1691 2906 1760; x_wconf 82' lang='lat' dir='ltr'>legitimum</span> <span class='ocrx_word' id='word_1_437' title='bbox 2936 1698 3160 1760; x_wconf 87' lang='lat' dir='ltr'>tempus</span> <span class='ocrx_word' id='word_1_438' title='bbox 3183 1697 3238 1744; x_wconf 91' lang='lat' dir='ltr'>et</span> <span class='ocrx_word' id='word_1_439' title='bbox 3255 1691 3594 1743; x_wconf 84' lang='lat' dir='ltr'>canonicum</span> 
     </span>
    </p>
   </div>
   <div class='ocr_carea' id='block_1_61' title="bbox 1906 1779 3593 1850">
    <p class='ocr_par' dir='ltr' id='par_1_61' title="bbox 1906 1779 3593 1850">
     <span class='ocr_line' id='line_1_61' title="bbox 1906 1779 3593 1850; baseline 0.002 -20"><span class='ocrx_word' id='word_1_440' title='bbox 1906 1779 2168 1831; x_wconf 87' lang='lat' dir='ltr'>sumendi</span> <span class='ocrx_word' id='word_1_441' title='bbox 2227 1780 2336 1832; x_wconf 89' lang='lat' dir='ltr'>cibi</span> <span class='ocrx_word' id='word_1_442' title='bbox 2385 1781 2735 1833; x_wconf 81' lang='lat' dir='ltr'>Contemnis:</span> <span class='ocrx_word' id='word_1_443' title='bbox 2784 1797 2969 1850; x_wconf 90' lang='lat' dir='ltr'>neque</span> <span class='ocrx_word' id='word_1_444' title='bbox 3011 1797 3113 1833; x_wconf 89' lang='lat' dir='ltr'>nos</span> <span class='ocrx_word' id='word_1_445' title='bbox 3147 1780 3247 1832; x_wconf 87' lang='lat' dir='ltr'>tibi</span> <span class='ocrx_word' id='word_1_446' title='bbox 3291 1780 3395 1832; x_wconf 85' lang='lat' dir='ltr'>hac</span> <span class='ocrx_word' id='word_1_447' title='bbox 3442 1780 3503 1833; x_wconf 90' lang='lat' dir='ltr'>in</span> <span class='ocrx_word' id='word_1_448' title='bbox 3533 1796 3593 1833; x_wconf 87' lang='lat' dir='ltr'>re</span> 
     </span>
    </p>
   </div>
   <div class='ocr_carea' id='block_1_62' title="bbox 1905 1868 3595 1938">
    <p class='ocr_par' dir='ltr' id='par_1_62' title="bbox 1905 1868 3595 1938">
     <span class='ocr_line' id='line_1_62' title="bbox 1905 1868 3595 1938; baseline 0.001 -19"><span class='ocrx_word' id='word_1_449' title='bbox 1905 1868 2276 1920; x_wconf 87' lang='lat' dir='ltr'>consentinus</span> <span class='ocrx_word' id='word_1_450' title='bbox 2313 1869 2451 1938; x_wconf 89' lang='lat' dir='ltr'>quin</span> <span class='ocrx_word' id='word_1_451' title='bbox 2487 1876 2737 1921; x_wconf 84' lang='lat' dir='ltr'>maturas</span> <span class='ocrx_word' id='word_1_452' title='bbox 2773 1870 2883 1922; x_wconf 89' lang='lat' dir='ltr'>diei</span> <span class='ocrx_word' id='word_1_453' title='bbox 2922 1870 3089 1922; x_wconf 87' lang='lat' dir='ltr'>horas</span> <span class='ocrx_word' id='word_1_454' title='bbox 3124 1869 3179 1921; x_wconf 92' lang='lat' dir='ltr'>in</span> <span class='ocrx_word' id='word_1_455' title='bbox 3214 1868 3595 1938; x_wconf 87' lang='lat' dir='ltr'>percipiendis</span> 
     </span>
    </p>
   </div>
   <div class='ocr_carea' id='block_1_63' title="bbox 1905 1956 3598 2028">
    <p class='ocr_par' dir='ltr' id='par_1_63' title="bbox 1905 1956 3598 2028">
     <span class='ocr_line' id='line_1_63' title="bbox 1905 1956 3598 2028; baseline 0.002 -19"><span class='ocrx_word' id='word_1_456' title='bbox 1905 1956 2047 2009; x_wconf 88' lang='lat' dir='ltr'>escis</span> <span class='ocrx_word' id='word_1_457' title='bbox 2079 1958 2486 2012; x_wconf 84' lang='lat' dir='ltr'>sustineamus.</span> <span class='ocrx_word' id='word_1_458' title='bbox 2527 1959 2696 2020; x_wconf 80' lang='lat' dir='ltr'>Quasi</span> <span class='ocrx_word' id='word_1_459' title='bbox 2744 1975 2983 2027; x_wconf 73' lang='lat' dir='ltr'>regnum</span> <span class='ocrx_word' id='word_1_460' title='bbox 3024 1959 3121 2011; x_wconf 91' lang='lat' dir='ltr'>Dei</span> <span class='ocrx_word' id='word_1_461' title='bbox 3165 1960 3234 2012; x_wconf 87' lang='lat' dir='ltr'>sit</span> <span class='ocrx_word' id='word_1_462' title='bbox 3265 1976 3391 2012; x_wconf 84' lang='lat' dir='ltr'>esca</span> <span class='ocrx_word' id='word_1_463' title='bbox 3423 1966 3480 2011; x_wconf 88' lang='lat' dir='ltr'>et</span> <span class='ocrx_word' id='word_1_464' title='bbox 3499 1976 3598 2028; x_wconf 89' lang='lat' dir='ltr'>po-</span> 
     </span>
    </p>
   </div>
   <div class='ocr_carea' id='block_1_64' title="bbox 1904 2046 3595 2115">
    <p class='ocr_par' dir='ltr' id='par_1_64' title="bbox 1904 2046 3595 2115">
     <span class='ocr_line' id='line_1_64' title="bbox 1904 2046 3595 2115; baseline 0.002 -18"><span class='ocrx_word' id='word_1_465' title='bbox 1904 2050 2016 2111; x_wconf 88' lang='lat' dir='ltr'>tus,</span> <span class='ocrx_word' id='word_1_466' title='bbox 2069 2048 2127 2099; x_wconf 87' lang='lat' dir='ltr'>et</span> <span class='ocrx_word' id='word_1_467' title='bbox 2168 2062 2281 2099; x_wconf 91' lang='lat' dir='ltr'>non</span> <span class='ocrx_word' id='word_1_468' title='bbox 2307 2046 2528 2115; x_wconf 86' lang='lat' dir='ltr'>justitia</span> <span class='ocrx_word' id='word_1_469' title='bbox 2560 2055 2613 2099; x_wconf 91' lang='lat' dir='ltr'>et</span> <span class='ocrx_word' id='word_1_470' title='bbox 2652 2063 2757 2115; x_wconf 83' lang='lat' dir='ltr'>pax</span> <span class='ocrx_word' id='word_1_471' title='bbox 2808 2054 2862 2100; x_wconf 88' lang='lat' dir='ltr'>et</span> <span class='ocrx_word' id='word_1_472' title='bbox 2907 2048 3187 2100; x_wconf 78' lang='lat' dir='ltr'>cliaritas:</span> <span class='ocrx_word' id='word_1_473' title='bbox 3235 2049 3321 2101; x_wconf 85' lang='lat' dir='ltr'>vel</span> <span class='ocrx_word' id='word_1_474' title='bbox 3376 2048 3433 2101; x_wconf 92' lang='lat' dir='ltr'>in</span> <span class='ocrx_word' id='word_1_475' title='bbox 3469 2049 3595 2102; x_wconf 90' lang='lat' dir='ltr'>cibo</span> 
     </span>
    </p>
   </div>
   <div class='ocr_carea' id='block_1_65' title="bbox 1907 2135 3600 2206">
    <p class='ocr_par' dir='ltr' id='par_1_65' title="bbox 1907 2135 3600 2206">
     <span class='ocr_line' id='line_1_65' title="bbox 1907 2135 3600 2206; baseline 0.002 -20"><span class='ocrx_word' id='word_1_476' title='bbox 1907 2136 2184 2187; x_wconf 90' lang='lat' dir='ltr'>sumendo</span> <span class='ocrx_word' id='word_1_477' title='bbox 2216 2135 2450 2188; x_wconf 86' lang='lat' dir='ltr'>tarditas</span> <span class='ocrx_word' id='word_1_478' title='bbox 2483 2135 2662 2203; x_wconf 85' lang='lat' dir='ltr'>magis</span> <span class='ocrx_word' id='word_1_479' title='bbox 2694 2153 2866 2205; x_wconf 89' lang='lat' dir='ltr'>quam</span> <span class='ocrx_word' id='word_1_480' title='bbox 2899 2138 3100 2189; x_wconf 90' lang='lat' dir='ltr'>modus</span> <span class='ocrx_word' id='word_1_481' title='bbox 3131 2142 3185 2189; x_wconf 92' lang='lat' dir='ltr'>et</span> <span class='ocrx_word' id='word_1_482' title='bbox 3217 2138 3600 2206; x_wconf 82' lang='lat' dir='ltr'>temperantia</span> 
     </span>
    </p>
   </div>
   <div class='ocr_carea' id='block_1_66' title="bbox 1904 2225 3598 2279">
    <p class='ocr_par' dir='ltr' id='par_1_66' title="bbox 1904 2225 3598 2279">
     <span class='ocr_line' id='line_1_66' title="bbox 1904 2225 3598 2279; baseline 0.004 -5"><span class='ocrx_word' id='word_1_483' title='bbox 1904 2225 2125 2276; x_wconf 87' lang='lat' dir='ltr'>valeat:</span> <span class='ocrx_word' id='word_1_484' title='bbox 2159 2228 2259 2276; x_wconf 92' lang='lat' dir='ltr'>aut</span> <span class='ocrx_word' id='word_1_485' title='bbox 2288 2225 2372 2275; x_wconf 91' lang='lat' dir='ltr'>vir</span> <span class='ocrx_word' id='word_1_486' title='bbox 2402 2228 2628 2277; x_wconf 88' lang='lat' dir='ltr'>sanctus</span> <span class='ocrx_word' id='word_1_487' title='bbox 2671 2225 2788 2276; x_wconf 62' lang='lat' dir='ltr'>haec</span> <span class='ocrx_word' id='word_1_488' title='bbox 2820 2242 2987 2276; x_wconf 80' lang='lat' dir='ltr'>causa</span> <span class='ocrx_word' id='word_1_489' title='bbox 3018 2226 3226 2278; x_wconf 89' lang='lat' dir='ltr'>ventris</span> <span class='ocrx_word' id='word_1_490' title='bbox 3258 2233 3313 2278; x_wconf 87' lang='lat' dir='ltr'>et</span> <span class='ocrx_word' id='word_1_491' title='bbox 3347 2242 3463 2279; x_wconf 89' lang='lat' dir='ltr'>non</span> <span class='ocrx_word' id='word_1_492' title='bbox 3495 2226 3598 2279; x_wconf 89' lang='lat' dir='ltr'>be-</span> 
     </span>
    </p>
   </div>
   <div class='ocr_carea' id='block_1_67' title="bbox 1906 2312 3597 2385">
    <p class='ocr_par' dir='ltr' id='par_1_67' title="bbox 1906 2312 3597 2385">
     <span class='ocr_line' id='line_1_67' title="bbox 1906 2312 3597 2385; baseline 0.002 -20"><span class='ocrx_word' id='word_1_493' title='bbox 1906 2312 2245 2365; x_wconf 71' lang='lat' dir='ltr'>nevolentia:</span> <span class='ocrx_word' id='word_1_494' title='bbox 2269 2319 2483 2382; x_wconf 85' lang='lat' dir='ltr'>ageret,</span> <span class='ocrx_word' id='word_1_495' title='bbox 2511 2313 2608 2382; x_wconf 91' lang='lat' dir='ltr'>qui</span> <span class='ocrx_word' id='word_1_496' title='bbox 2635 2325 2937 2382; x_wconf 85' lang='lat' dir='ltr'>propterea</span> <span class='ocrx_word' id='word_1_497' title='bbox 2969 2314 3168 2383; x_wconf 87' lang='lat' dir='ltr'>utique</span> <span class='ocrx_word' id='word_1_498' title='bbox 3199 2315 3390 2368; x_wconf 87' lang='lat' dir='ltr'>cibum</span> <span class='ocrx_word' id='word_1_499' title='bbox 3420 2330 3597 2385; x_wconf 87' lang='lat' dir='ltr'>appa-</span> 
     </span>
    </p>
   </div>
   <div class='ocr_carea' id='block_1_68' title="bbox 1907 2402 3597 2472">
    <p class='ocr_par' dir='ltr' id='par_1_68' title="bbox 1907 2402 3597 2472">
     <span class='ocr_line' id='line_1_68' title="bbox 1907 2402 3597 2472; baseline 0.002 -19"><span class='ocrx_word' id='word_1_500' title='bbox 1907 2402 2022 2454; x_wconf 89' lang='lat' dir='ltr'>rari</span> <span class='ocrx_word' id='word_1_501' title='bbox 2074 2408 2441 2471; x_wconf 67' lang='lat' dir='ltr'>praeceperat,</span> <span class='ocrx_word' id='word_1_502' title='bbox 2494 2407 2553 2455; x_wconf 92' lang='lat' dir='ltr'>ut</span> <span class='ocrx_word' id='word_1_503' title='bbox 2601 2419 2743 2472; x_wconf 91' lang='lat' dir='ltr'>quos</span> <span class='ocrx_word' id='word_1_504' title='bbox 2798 2402 3074 2454; x_wconf 80' lang='lat' dir='ltr'>maturius</span> <span class='ocrx_word' id='word_1_505' title='bbox 3124 2404 3410 2472; x_wconf 77' lang='lat' dir='ltr'>proficisci</span> <span class='ocrx_word' id='word_1_506' title='bbox 3456 2404 3597 2457; x_wconf 88' lang='lat' dir='ltr'>velle</span> 
     </span>
    </p>
   </div>
   <div class='ocr_carea' id='block_1_69' title="bbox 1908 2491 3601 2560">
    <p class='ocr_par' dir='ltr' id='par_1_69' title="bbox 1908 2491 3601 2560">
     <span class='ocr_line' id='line_1_69' title="bbox 1908 2491 3601 2560; baseline 0.002 -18"><span class='ocrx_word' id='word_1_507' title='bbox 1908 2494 2155 2560; x_wconf 87' lang='lat' dir='ltr'>putaret.</span> <span class='ocrx_word' id='word_1_508' title='bbox 2199 2496 2434 2560; x_wconf 88' lang='lat' dir='ltr'>propter</span> <span class='ocrx_word' id='word_1_509' title='bbox 2474 2491 2693 2543; x_wconf 90' lang='lat' dir='ltr'>itineris</span> <span class='ocrx_word' id='word_1_510' title='bbox 2735 2492 2989 2543; x_wconf 84' lang='lat' dir='ltr'>laborem</span> <span class='ocrx_word' id='word_1_511' title='bbox 3023 2508 3189 2544; x_wconf 88' lang='lat' dir='ltr'>mane</span> <span class='ocrx_word' id='word_1_512' title='bbox 3230 2494 3510 2557; x_wconf 85' lang='lat' dir='ltr'>reticeret,</span> <span class='ocrx_word' id='word_1_513' title='bbox 3543 2498 3601 2546; x_wconf 88' lang='lat' dir='ltr'>et</span> 
     </span>
    </p>
   </div>
   <div class='ocr_carea' id='block_1_70' title="bbox 1908 2578 3599 2649">
    <p class='ocr_par' dir='ltr' id='par_1_70' title="bbox 1908 2578 3599 2649">
     <span class='ocr_line' id='line_1_70' title="bbox 1908 2578 3599 2649; baseline 0.001 -18"><span class='ocrx_word' id='word_1_514' title='bbox 1908 2596 1979 2631; x_wconf 87' lang='lat' dir='ltr'>ne</span> <span class='ocrx_word' id='word_1_515' title='bbox 2023 2580 2254 2647; x_wconf 82' lang='lat' dir='ltr'>jejunos</span> <span class='ocrx_word' id='word_1_516' title='bbox 2300 2579 2457 2631; x_wconf 82' lang='lat' dir='ltr'>abire</span> <span class='ocrx_word' id='word_1_517' title='bbox 2518 2578 2772 2647; x_wconf 84' lang='lat' dir='ltr'>hospites</span> <span class='ocrx_word' id='word_1_518' title='bbox 2817 2578 3049 2643; x_wconf 86' lang='lat' dir='ltr'>sineret,</span> <span class='ocrx_word' id='word_1_519' title='bbox 3098 2579 3155 2632; x_wconf 91' lang='lat' dir='ltr'>in</span> <span class='ocrx_word' id='word_1_520' title='bbox 3204 2580 3413 2649; x_wconf 88' lang='lat' dir='ltr'>quibus</span> <span class='ocrx_word' id='word_1_521' title='bbox 3467 2581 3599 2633; x_wconf 89' lang='lat' dir='ltr'>licet</span> 
     </span>
    </p>
   </div>
   <div class='ocr_carea' id='block_1_71' title="bbox 1907 2667 3595 2737">
    <p class='ocr_par' dir='ltr' id='par_1_71' title="bbox 1907 2667 3595 2737">
     <span class='ocr_line' id='line_1_71' title="bbox 1907 2667 3595 2737; baseline 0.001 -17"><span class='ocrx_word' id='word_1_522' title='bbox 1907 2668 2157 2737; x_wconf 89' lang='lat' dir='ltr'>indignis</span> <span class='ocrx_word' id='word_1_523' title='bbox 2206 2669 2495 2723; x_wconf 75' lang='lat' dir='ltr'>Christum</span> <span class='ocrx_word' id='word_1_524' title='bbox 2544 2684 2602 2719; x_wconf 90' lang='lat' dir='ltr'>se</span> <span class='ocrx_word' id='word_1_525' title='bbox 2649 2667 2962 2736; x_wconf 79' lang='lat' dir='ltr'>suscepisse</span> <span class='ocrx_word' id='word_1_526' title='bbox 3004 2668 3298 2736; x_wconf 86' lang='lat' dir='ltr'>gauderet.</span> <span class='ocrx_word' id='word_1_527' title='bbox 3360 2669 3426 2722; x_wconf 88' lang='lat' dir='ltr'>Ut</span> <span class='ocrx_word' id='word_1_528' title='bbox 3457 2684 3595 2737; x_wconf 87' lang='lat' dir='ltr'>ergo</span> 
     </span>
    </p>
   </div>
   <div class='ocr_carea' id='block_1_72' title="bbox 1908 2756 3600 2824">
    <p class='ocr_par' dir='ltr' id='par_1_72' title="bbox 1908 2756 3600 2824">
     <span class='ocr_line' id='line_1_72' title="bbox 1908 2756 3600 2824; baseline 0.001 -14"><span class='ocrx_word' id='word_1_529' title='bbox 1908 2758 2036 2810; x_wconf 88' lang='lat' dir='ltr'>illos</span> <span class='ocrx_word' id='word_1_530' title='bbox 2067 2757 2346 2810; x_wconf 86' lang='lat' dir='ltr'>obstinate</span> <span class='ocrx_word' id='word_1_531' title='bbox 2388 2756 2494 2809; x_wconf 88' lang='lat' dir='ltr'>sibi</span> <span class='ocrx_word' id='word_1_532' title='bbox 2533 2757 2794 2809; x_wconf 83' lang='lat' dir='ltr'>resistere</span> <span class='ocrx_word' id='word_1_533' title='bbox 2828 2756 2965 2809; x_wconf 90' lang='lat' dir='ltr'>vidit</span> <span class='ocrx_word' id='word_1_534' title='bbox 2996 2756 3353 2824; x_wconf 88' lang='lat' dir='ltr'>immodeste,</span> <span class='ocrx_word' id='word_1_535' title='bbox 3385 2763 3449 2810; x_wconf 86' lang='lat' dir='ltr'>ut</span> <span class='ocrx_word' id='word_1_536' title='bbox 3479 2762 3600 2811; x_wconf 91' lang='lat' dir='ltr'>erat</span> 
     </span>
    </p>
   </div>
   <div class='ocr_carea' id='block_1_73' title="bbox 1909 2845 3599 2916">
    <p class='ocr_par' dir='ltr' id='par_1_73' title="bbox 1909 2845 3599 2916">
     <span class='ocr_line' id='line_1_73' title="bbox 1909 2845 3599 2916; baseline 0 -17"><span class='ocrx_word' id='word_1_537' title='bbox 1909 2862 2135 2916; x_wconf 87' lang='lat' dir='ltr'>semper</span> <span class='ocrx_word' id='word_1_538' title='bbox 2180 2847 2491 2915; x_wconf 90' lang='lat' dir='ltr'>tranquillo</span> <span class='ocrx_word' id='word_1_539' title='bbox 2527 2846 2720 2898; x_wconf 90' lang='lat' dir='ltr'>animo</span> <span class='ocrx_word' id='word_1_540' title='bbox 2766 2845 2945 2898; x_wconf 79' lang='lat' dir='ltr'>dixit:</span> <span class='ocrx_word' id='word_1_541' title='bbox 2981 2847 3123 2898; x_wconf 81' lang='lat' dir='ltr'>Mala</span> <span class='ocrx_word' id='word_1_542' title='bbox 3163 2846 3370 2898; x_wconf 87' lang='lat' dir='ltr'>domus</span> <span class='ocrx_word' id='word_1_543' title='bbox 3400 2851 3503 2912; x_wconf 84' lang='lat' dir='ltr'>est,</span> <span class='ocrx_word' id='word_1_544' title='bbox 3540 2847 3599 2900; x_wconf 88' lang='lat' dir='ltr'>in</span> 
     </span>
    </p>
   </div>
   <div class='ocr_carea' id='block_1_74' title="bbox 1838 2934 3598 3005">
    <p class='ocr_par' dir='ltr' id='par_1_74' title="bbox 1838 2934 3598 3005">
     <span class='ocr_line' id='line_1_74' title="bbox 1838 2934 3598 3005; baseline 0.002 -21"><span class='ocrx_word' id='word_1_545' title='bbox 1838 2947 1877 2999; x_wconf 69' lang='grc' dir='ltr'><strong>ρ</strong></span> <span class='ocrx_word' id='word_1_546' title='bbox 1909 2952 2023 3005; x_wconf 85' lang='lat' dir='ltr'>qua</span> <span class='ocrx_word' id='word_1_547' title='bbox 2052 2936 2327 2987; x_wconf 86' lang='lat' dir='ltr'>Dominus</span> <span class='ocrx_word' id='word_1_548' title='bbox 2359 2950 2472 2987; x_wconf 90' lang='lat' dir='ltr'>non</span> <span class='ocrx_word' id='word_1_549' title='bbox 2514 2934 2766 2987; x_wconf 90' lang='lat' dir='ltr'>timetur.</span> <span class='ocrx_word' id='word_1_550' title='bbox 2804 2935 2910 2985; x_wconf 84' lang='lat' dir='ltr'>Vos</span> <span class='ocrx_word' id='word_1_551' title='bbox 2942 2940 3136 2986; x_wconf 89' lang='lat' dir='ltr'>autem</span> <span class='ocrx_word' id='word_1_552' title='bbox 3178 2934 3224 2985; x_wconf 92' lang='lat' dir='ltr'>si</span> <span class='ocrx_word' id='word_1_553' title='bbox 3259 2951 3386 2987; x_wconf 85' lang='lat' dir='ltr'>vere</span> <span class='ocrx_word' id='word_1_554' title='bbox 3416 2935 3598 2987; x_wconf 90' lang='lat' dir='ltr'>Deum</span> 
     </span>
    </p>
   </div>
   <div class='ocr_carea' id='block_1_75' title="bbox 1907 3022 3599 3090">
    <p class='ocr_par' dir='ltr' id='par_1_75' title="bbox 1907 3022 3599 3090">
     <span class='ocr_line' id='line_1_75' title="bbox 1907 3022 3599 3090; baseline 0.001 -15"><span class='ocrx_word' id='word_1_555' title='bbox 1907 3024 2205 3088; x_wconf 85' lang='lat' dir='ltr'>timeretis,</span> <span class='ocrx_word' id='word_1_556' title='bbox 2259 3023 2591 3075; x_wconf 87' lang='lat' dir='ltr'>charitatem</span> <span class='ocrx_word' id='word_1_557' title='bbox 2639 3023 2835 3090; x_wconf 90' lang='lat' dir='ltr'>utique</span> <span class='ocrx_word' id='word_1_558' title='bbox 2887 3038 3000 3074; x_wconf 89' lang='lat' dir='ltr'>non</span> <span class='ocrx_word' id='word_1_559' title='bbox 3050 3022 3405 3075; x_wconf 85' lang='lat' dir='ltr'>rccusaretis.</span> <span class='ocrx_word' id='word_1_560' title='bbox 3454 3023 3599 3076; x_wconf 88' lang='lat' dir='ltr'>Dum</span> 
     </span>
    </p>
   </div>
   <div class='ocr_carea' id='block_1_76' title="bbox 1907 3110 3595 3182">
    <p class='ocr_par' dir='ltr' id='par_1_76' title="bbox 1907 3110 3595 3182">
     <span class='ocr_line' id='line_1_76' title="bbox 1907 3110 3595 3182; baseline -0.001 -17"><span class='ocrx_word' id='word_1_561' title='bbox 1907 3113 2029 3165; x_wconf 66' lang='lat' dir='ltr'>haec</span> <span class='ocrx_word' id='word_1_562' title='bbox 2060 3112 2334 3182; x_wconf 86' lang='lat' dir='ltr'>loquitur,</span> <span class='ocrx_word' id='word_1_563' title='bbox 2368 3111 2520 3163; x_wconf 91' lang='lat' dir='ltr'>venit</span> <span class='ocrx_word' id='word_1_564' title='bbox 2553 3112 2674 3180; x_wconf 80' lang='lat' dir='ltr'>ejus</span> <span class='ocrx_word' id='word_1_565' title='bbox 2705 3127 2849 3179; x_wconf 90' lang='lat' dir='ltr'>puer</span> <span class='ocrx_word' id='word_1_566' title='bbox 2888 3116 2943 3163; x_wconf 86' lang='lat' dir='ltr'>et</span> <span class='ocrx_word' id='word_1_567' title='bbox 2970 3110 3185 3163; x_wconf 87' lang='lat' dir='ltr'>iudicat</span> <span class='ocrx_word' id='word_1_568' title='bbox 3226 3112 3595 3181; x_wconf 86' lang='lat' dir='ltr'>peregrinum</span> 
     </span>
    </p>
   </div>
   <div class='ocr_carea' id='block_1_77' title="bbox 1907 3198 3598 3271">
    <p class='ocr_par' dir='ltr' id='par_1_77' title="bbox 1907 3198 3598 3271">
     <span class='ocr_line' id='line_1_77' title="bbox 1907 3198 3598 3271; baseline -0.001 -18"><span class='ocrx_word' id='word_1_569' title='bbox 1907 3208 2055 3255; x_wconf 89' lang='lat' dir='ltr'>stare</span> <span class='ocrx_word' id='word_1_570' title='bbox 2086 3217 2188 3271; x_wconf 89' lang='lat' dir='ltr'>pro</span> <span class='ocrx_word' id='word_1_571' title='bbox 2225 3200 2458 3253; x_wconf 86' lang='lat' dir='ltr'>foribus.</span> <span class='ocrx_word' id='word_1_572' title='bbox 2491 3199 2611 3262; x_wconf 87' lang='lat' dir='ltr'>Quo</span> <span class='ocrx_word' id='word_1_573' title='bbox 2648 3199 2843 3251; x_wconf 88' lang='lat' dir='ltr'>audito</span> <span class='ocrx_word' id='word_1_574' title='bbox 2874 3198 3099 3268; x_wconf 87' lang='lat' dir='ltr'>gavisus</span> <span class='ocrx_word' id='word_1_575' title='bbox 3133 3204 3216 3251; x_wconf 92' lang='lat' dir='ltr'>est</span> <span class='ocrx_word' id='word_1_576' title='bbox 3269 3203 3324 3251; x_wconf 91' lang='lat' dir='ltr'>et</span> <span class='ocrx_word' id='word_1_577' title='bbox 3368 3204 3598 3268; x_wconf 90' lang='lat' dir='ltr'>recepto</span> 
     </span>
    </p>
   </div>
   <div class='ocr_carea' id='block_1_78' title="bbox 1906 3287 3594 3358">
    <p class='ocr_par' dir='ltr' id='par_1_78' title="bbox 1906 3287 3594 3358">
     <span class='ocr_line' id='line_1_78' title="bbox 1906 3287 3594 3358; baseline -0.001 -17"><span class='ocrx_word' id='word_1_578' title='bbox 1906 3288 1966 3341; x_wconf 89' lang='lat' dir='ltr'>in</span> <span class='ocrx_word' id='word_1_579' title='bbox 1998 3290 2235 3343; x_wconf 90' lang='lat' dir='ltr'>domum</span> <span class='ocrx_word' id='word_1_580' title='bbox 2268 3287 2571 3358; x_wconf 81' lang='lat' dir='ltr'>peregrino</span> <span class='ocrx_word' id='word_1_581' title='bbox 2600 3288 2699 3341; x_wconf 92' lang='lat' dir='ltr'>ait.</span> <span class='ocrx_word' id='word_1_582' title='bbox 2727 3288 2859 3341; x_wconf 79' lang='lat' dir='ltr'>Ecce</span> <span class='ocrx_word' id='word_1_583' title='bbox 2882 3304 3054 3358; x_wconf 88' lang='lat' dir='ltr'>quam</span> <span class='ocrx_word' id='word_1_584' title='bbox 3089 3289 3302 3341; x_wconf 90' lang='lat' dir='ltr'>bonum</span> <span class='ocrx_word' id='word_1_585' title='bbox 3337 3293 3391 3340; x_wconf 88' lang='lat' dir='ltr'>et</span> <span class='ocrx_word' id='word_1_586' title='bbox 3418 3303 3594 3357; x_wconf 82' lang='lat' dir='ltr'>quam</span> 
     </span>
    </p>
   </div>
   <div class='ocr_carea' id='block_1_79' title="bbox 1903 3374 3598 3446">
    <p class='ocr_par' dir='ltr' id='par_1_79' title="bbox 1903 3374 3598 3446">
     <span class='ocr_line' id='line_1_79' title="bbox 1903 3374 3598 3446; baseline 0 -17"><span class='ocrx_word' id='word_1_587' title='bbox 1903 3378 2220 3445; x_wconf 89' lang='lat' dir='ltr'>jucundum</span> <span class='ocrx_word' id='word_1_588' title='bbox 2273 3377 2527 3430; x_wconf 88' lang='lat' dir='ltr'>habitare</span> <span class='ocrx_word' id='word_1_589' title='bbox 2585 3377 2787 3429; x_wconf 89' lang='lat' dir='ltr'>fratres</span> <span class='ocrx_word' id='word_1_590' title='bbox 2836 3376 2895 3429; x_wconf 91' lang='lat' dir='ltr'>in</span> <span class='ocrx_word' id='word_1_591' title='bbox 2944 3374 3155 3429; x_wconf 86' lang='lat' dir='ltr'>unum!</span> <span class='ocrx_word' id='word_1_592' title='bbox 3210 3376 3598 3446; x_wconf 86' lang='lat' dir='ltr'>Appositaque</span> 
     </span>
    </p>
   </div>
   <div class='ocr_carea' id='block_1_80' title="bbox 1907 3464 3390 3535">
    <p class='ocr_par' dir='ltr' id='par_1_80' title="bbox 1907 3464 3390 3535">
     <span class='ocr_line' id='line_1_80' title="bbox 1907 3464 3390 3535; baseline -0.001 -16"><span class='ocrx_word' id='word_1_593' title='bbox 1907 3482 2104 3519; x_wconf 88' lang='lat' dir='ltr'>mensa</span> <span class='ocrx_word' id='word_1_594' title='bbox 2128 3466 2316 3519; x_wconf 90' lang='lat' dir='ltr'>cibum</span> <span class='ocrx_word' id='word_1_595' title='bbox 2345 3482 2457 3518; x_wconf 89' lang='lat' dir='ltr'>uua</span> <span class='ocrx_word' id='word_1_596' title='bbox 2487 3482 2616 3518; x_wconf 93' lang='lat' dir='ltr'>cum</span> <span class='ocrx_word' id='word_1_597' title='bbox 2646 3466 2952 3535; x_wconf 85' lang='lat' dir='ltr'>peregrino</span> <span class='ocrx_word' id='word_1_598' title='bbox 2986 3471 3042 3518; x_wconf 89' lang='lat' dir='ltr'>et</span> <span class='ocrx_word' id='word_1_599' title='bbox 3069 3466 3190 3535; x_wconf 87' lang='lat' dir='ltr'>ipse</span> <span class='ocrx_word' id='word_1_600' title='bbox 3222 3464 3390 3535; x_wconf 89' lang='lat' dir='ltr'>cepit.</span> 
     </span>
    </p>
   </div>
   <div class='ocr_carea' id='block_1_81' title="bbox 2095 3572 3407 3641">
    <p class='ocr_par' dir='ltr' id='par_1_81' title="bbox 2095 3572 3407 3641">
     <span class='ocr_line' id='line_1_81' title="bbox 2095 3572 3407 3641; baseline -0.005 -10"><span class='ocrx_word' id='word_1_601' title='bbox 2095 3575 2341 3631; x_wconf 64' lang='lat' dir='ltr'>Emulis</span> <span class='ocrx_word' id='word_1_602' title='bbox 2371 3578 2484 3627; x_wconf 86' lang='lat' dir='ltr'>suis</span> <span class='ocrx_word' id='word_1_603' title='bbox 2516 3576 2777 3627; x_wconf 83' lang='lat' dir='ltr'>viaticum</span> <span class='ocrx_word' id='word_1_604' title='bbox 2807 3572 3123 3641; x_wconf 80' lang='lat' dir='ltr'>suppeditat</span> <span class='ocrx_word' id='word_1_605' title='bbox 3153 3575 3214 3626; x_wconf 88' lang='grc' dir='ltr'>Β.</span> <span class='ocrx_word' id='word_1_606' title='bbox 3246 3572 3407 3628; x_wconf 88' lang='lat' dir='ltr'>Goar.</span> 
     </span>
    </p>
   </div>
   <div class='ocr_carea' id='block_1_82' title="bbox 1983 3678 3602 3748">
    <p class='ocr_par' dir='ltr' id='par_1_82' title="bbox 1983 3678 3602 3748">
     <span class='ocr_line' id='line_1_82' title="bbox 1983 3678 3602 3748; baseline -0.006 -7"><span class='ocrx_word' id='word_1_607' title='bbox 1983 3690 2067 3741; x_wconf 84' lang='lat' dir='ltr'>l3.</span> <span class='ocrx_word' id='word_1_608' title='bbox 2104 3686 2469 3738; x_wconf 85' lang='lat' dir='ltr'>Exsecutores</span> <span class='ocrx_word' id='word_1_609' title='bbox 2501 3680 2624 3733; x_wconf 75' lang='lat' dir='ltr'>haec</span> <span class='ocrx_word' id='word_1_610' title='bbox 2674 3678 2950 3743; x_wconf 91' lang='lat' dir='ltr'>videntes,</span> <span class='ocrx_word' id='word_1_611' title='bbox 3000 3695 3129 3731; x_wconf 92' lang='lat' dir='ltr'>cum</span> <span class='ocrx_word' id='word_1_612' title='bbox 3178 3678 3399 3748; x_wconf 87' lang='lat' dir='ltr'>ingenti</span> <span class='ocrx_word' id='word_1_613' title='bbox 3447 3678 3602 3732; x_wconf 81' lang='lat' dir='ltr'>festi-</span> 
     </span>
    </p>
   </div>
   <div class='ocr_carea' id='block_1_83' title="bbox 1906 3768 3600 3837">
    <p class='ocr_par' dir='ltr' id='par_1_83' title="bbox 1906 3768 3600 3837">
     <span class='ocr_line' id='line_1_83' title="bbox 1906 3768 3600 3837; baseline -0.006 -6"><span class='ocrx_word' id='word_1_614' title='bbox 1906 3778 2143 3832; x_wconf 88' lang='lat' dir='ltr'>natione</span> <span class='ocrx_word' id='word_1_615' title='bbox 2173 3778 2231 3827; x_wconf 91' lang='lat' dir='ltr'>et</span> <span class='ocrx_word' id='word_1_616' title='bbox 2260 3770 2552 3825; x_wconf 87' lang='lat' dir='ltr'>alacritate</span> <span class='ocrx_word' id='word_1_617' title='bbox 2585 3784 2717 3821; x_wconf 89' lang='lat' dir='ltr'>suos</span> <span class='ocrx_word' id='word_1_618' title='bbox 2748 3784 2924 3837; x_wconf 88' lang='lat' dir='ltr'>equos</span> <span class='ocrx_word' id='word_1_619' title='bbox 2963 3772 3305 3831; x_wconf 84' lang='lat' dir='ltr'>straverunt,</span> <span class='ocrx_word' id='word_1_620' title='bbox 3349 3768 3600 3820; x_wconf 88' lang='lat' dir='ltr'>dicentes</span> 
     </span>
    </p>
   </div>
   <div class='ocr_carea' id='block_1_84' title="bbox 1908 3856 3601 3933">
    <p class='ocr_par' dir='ltr' id='par_1_84' title="bbox 1908 3856 3601 3933">
     <span class='ocr_line' id='line_1_84' title="bbox 1908 3856 3601 3933; baseline -0.007 -13"><span class='ocrx_word' id='word_1_621' title='bbox 1908 3874 2032 3921; x_wconf 87' lang='lat' dir='ltr'>tum</span> <span class='ocrx_word' id='word_1_622' title='bbox 2079 3881 2136 3917; x_wconf 91' lang='lat' dir='ltr'>se</span> <span class='ocrx_word' id='word_1_623' title='bbox 2196 3878 2299 3933; x_wconf 89' lang='lat' dir='ltr'>pro</span> <span class='ocrx_word' id='word_1_624' title='bbox 2346 3864 2502 3913; x_wconf 89' lang='lat' dir='ltr'>certo</span> <span class='ocrx_word' id='word_1_625' title='bbox 2552 3872 2778 3909; x_wconf 89' lang='lat' dir='ltr'>causam</span> <span class='ocrx_word' id='word_1_626' title='bbox 2825 3856 3129 3921; x_wconf 88' lang='lat' dir='ltr'>invenisse,</span> <span class='ocrx_word' id='word_1_627' title='bbox 3191 3872 3304 3925; x_wconf 88' lang='lat' dir='ltr'>qua</span> <span class='ocrx_word' id='word_1_628' title='bbox 3358 3857 3601 3909; x_wconf 89' lang='lat' dir='ltr'>Goarem</span> 
     </span>
    </p>
   </div>
   <div class='ocr_carea' id='block_1_85' title="bbox 1909 3944 3599 4018">
    <p class='ocr_par' dir='ltr' id='par_1_85' title="bbox 1909 3944 3599 4018">
     <span class='ocr_line' id='line_1_85' title="bbox 1909 3944 3599 4018; baseline -0.008 -8"><span class='ocrx_word' id='word_1_629' title='bbox 1909 3969 2193 4018; x_wconf 90' lang='lat' dir='ltr'>accusare,</span> <span class='ocrx_word' id='word_1_630' title='bbox 2259 3958 2313 4003; x_wconf 88' lang='lat' dir='ltr'>et</span> <span class='ocrx_word' id='word_1_631' title='bbox 2360 3945 2647 4001; x_wconf 89' lang='lat' dir='ltr'>manifesti</span> <span class='ocrx_word' id='word_1_632' title='bbox 2699 3944 2953 3997; x_wconf 89' lang='lat' dir='ltr'>criminis</span> <span class='ocrx_word' id='word_1_633' title='bbox 3007 3945 3160 4013; x_wconf 89' lang='lat' dir='ltr'>apud</span> <span class='ocrx_word' id='word_1_634' title='bbox 3222 3960 3353 3997; x_wconf 84' lang='lat' dir='ltr'>eum</span> <span class='ocrx_word' id='word_1_635' title='bbox 3402 3960 3435 3996; x_wconf 89' lang='lat' dir='ltr'>a</span> <span class='ocrx_word' id='word_1_636' title='bbox 3484 3959 3599 4013; x_wconf 88' lang='lat' dir='ltr'>quo</span> 
     </span>
    </p>
   </div>
   <div class='ocr_carea' id='block_1_86' title="bbox 1910 4034 3599 4101">
    <p class='ocr_par' dir='ltr' id='par_1_86' title="bbox 1910 4034 3599 4101">
     <span class='ocr_line' id='line_1_86' title="bbox 1910 4034 3599 4101; baseline -0.008 -2"><span class='ocrx_word' id='word_1_637' title='bbox 1910 4045 2071 4100; x_wconf 87' lang='lat' dir='ltr'>missi</span> <span class='ocrx_word' id='word_1_638' title='bbox 2103 4042 2331 4095; x_wconf 86' lang='lat' dir='ltr'>fuerant</span> <span class='ocrx_word' id='word_1_639' title='bbox 2351 4036 2683 4090; x_wconf 87' lang='lat' dir='ltr'>insimulare</span> <span class='ocrx_word' id='word_1_640' title='bbox 2720 4034 2987 4088; x_wconf 83' lang='lat' dir='ltr'>valerent.</span> <span class='ocrx_word' id='word_1_641' title='bbox 3021 4034 3383 4101; x_wconf 76' lang='lat' dir='ltr'>Rogaverunt</span> <span class='ocrx_word' id='word_1_642' title='bbox 3406 4038 3599 4085; x_wconf 88' lang='lat' dir='ltr'>tamen</span> 
     </span>
    </p>
   </div>
   <div class='ocr_carea' id='block_1_87' title="bbox 1913 4118 3598 4201">
    <p class='ocr_par' dir='ltr' id='par_1_87' title="bbox 1913 4118 3598 4201">
     <span class='ocr_line' id='line_1_87' title="bbox 1913 4118 3598 4201; baseline -0.008 -15"><span class='ocrx_word' id='word_1_643' title='bbox 1913 4134 1989 4187; x_wconf 91' lang='lat' dir='ltr'>uti</span> <span class='ocrx_word' id='word_1_644' title='bbox 2021 4148 2124 4201; x_wconf 88' lang='lat' dir='ltr'>pro</span> <span class='ocrx_word' id='word_1_645' title='bbox 2170 4127 2362 4181; x_wconf 87' lang='lat' dir='ltr'>labore</span> <span class='ocrx_word' id='word_1_646' title='bbox 2398 4123 2503 4176; x_wconf 68' lang='lat' dir='ltr'>viae</span> <span class='ocrx_word' id='word_1_647' title='bbox 2534 4128 2591 4175; x_wconf 90' lang='lat' dir='ltr'>ct</span> <span class='ocrx_word' id='word_1_648' title='bbox 2618 4120 2840 4174; x_wconf 88' lang='lat' dir='ltr'>itineris</span> <span class='ocrx_word' id='word_1_649' title='bbox 2891 4118 3220 4172; x_wconf 89' lang='lat' dir='ltr'>necessitate</span> <span class='ocrx_word' id='word_1_650' title='bbox 3266 4118 3483 4188; x_wconf 90' lang='lat' dir='ltr'>aliquid</span> <span class='ocrx_word' id='word_1_651' title='bbox 3518 4119 3598 4173; x_wconf 88' lang='lat' dir='ltr'>eis</span> 
     </span>
    </p>
   </div>
   <div class='ocr_carea' id='block_1_88' title="bbox 139 4204 1794 4302">
    <p class='ocr_par' dir='ltr' id='par_1_88' title="bbox 139 4204 1794 4284">
     <span class='ocr_line' id='line_1_88' title="bbox 139 4204 1794 4284; baseline -0.003 -23"><span class='ocrx_word' id='word_1_652' title='bbox 139 4225 246 4264; x_wconf 89' lang='lat' dir='ltr'>eum</span> <span class='ocrx_word' id='word_1_653' title='bbox 289 4212 637 4284; x_wconf 87' lang='lat' dir='ltr'>properandi</span> <span class='ocrx_word' id='word_1_654' title='bbox 694 4210 993 4264; x_wconf 87' lang='lat' dir='ltr'>meruisset</span> <span class='ocrx_word' id='word_1_655' title='bbox 1037 4208 1291 4277; x_wconf 87' lang='lat' dir='ltr'>accipere</span> <span class='ocrx_word' id='word_1_656' title='bbox 1340 4206 1657 4275; x_wconf 88' lang='lat' dir='ltr'>gratulatus</span> <span class='ocrx_word' id='word_1_657' title='bbox 1700 4204 1794 4257; x_wconf 90' lang='lat' dir='ltr'>di-</span> 
     </span>
    </p>
   </div>
   <div class='ocr_carea' id='block_1_89' title="bbox 1982 4204 3599 4302">
    <p class='ocr_par' dir='ltr' id='par_1_89' title="bbox 1982 4208 3599 4287">
     <span class='ocr_line' id='line_1_89' title="bbox 1982 4208 3599 4287; baseline -0.007 -14"><span class='ocrx_word' id='word_1_658' title='bbox 1982 4221 2023 4273; x_wconf 77' lang='lat' dir='ltr'>)i</span> <span class='ocrx_word' id='word_1_659' title='bbox 2046 4224 2103 4273; x_wconf 88' lang='lat' dir='ltr'>et</span> <span class='ocrx_word' id='word_1_660' title='bbox 2132 4222 2299 4287; x_wconf 84' lang='lat' dir='ltr'>potus</span> <span class='ocrx_word' id='word_1_661' title='bbox 2332 4212 2479 4284; x_wconf 89' lang='lat' dir='ltr'>quod</span> <span class='ocrx_word' id='word_1_662' title='bbox 2514 4212 2572 4264; x_wconf 91' lang='lat' dir='ltr'>in</span> <span class='ocrx_word' id='word_1_663' title='bbox 2597 4210 2683 4263; x_wconf 89' lang='lat' dir='ltr'>via</span> <span class='ocrx_word' id='word_1_664' title='bbox 2716 4208 3265 4279; x_wconf 45' lang='lat' dir='ltr'>percipere‘posscnt</span> <span class='ocrx_word' id='word_1_665' title='bbox 3297 4208 3599 4262; x_wconf 82' lang='lat' dir='ltr'>tribueret.</span> 
     </span>
    </p>
   </div>
   <div class='ocr_carea' id='block_1_90' title="bbox 139 4293 1794 4366">
    <p class='ocr_par' dir='ltr' id='par_1_90' title="bbox 139 4293 1794 4366">
     <span class='ocr_line' id='line_1_90' title="bbox 139 4293 1794 4366; baseline -0.002 -17"><span class='ocrx_word' id='word_1_666' title='bbox 139 4314 273 4353; x_wconf 87' lang='lat' dir='ltr'>cens:</span> <span class='ocrx_word' id='word_1_667' title='bbox 307 4303 489 4356; x_wconf 85' lang='lat' dir='ltr'>Faciat</span> <span class='ocrx_word' id='word_1_668' title='bbox 530 4301 831 4366; x_wconf 89' lang='lat' dir='ltr'>Dominus,</span> <span class='ocrx_word' id='word_1_669' title='bbox 883 4298 1052 4352; x_wconf 85' lang='lat' dir='ltr'>faciat</span> <span class='ocrx_word' id='word_1_670' title='bbox 1095 4303 1157 4349; x_wconf 90' lang='lat' dir='ltr'>ut</span> <span class='ocrx_word' id='word_1_671' title='bbox 1202 4295 1434 4364; x_wconf 87' lang='lat' dir='ltr'>possim,</span> <span class='ocrx_word' id='word_1_672' title='bbox 1479 4294 1616 4364; x_wconf 90' lang='lat' dir='ltr'>quia</span> <span class='ocrx_word' id='word_1_673' title='bbox 1659 4293 1794 4346; x_wconf 92' lang='lat' dir='ltr'>obe-</span> 
     </span>
    </p>
   </div>
   <div class='ocr_carea' id='block_1_91' title="bbox 138 4384 1790 4451">
    <p class='ocr_par' dir='ltr' id='par_1_91' title="bbox 138 4384 1790 4451">
     <span class='ocr_line' id='line_1_91' title="bbox 138 4384 1790 4451; baseline -0.002 -12"><span class='ocrx_word' id='word_1_674' title='bbox 138 4387 319 4443; x_wconf 83' lang='lat' dir='ltr'>dientia</span> <span class='ocrx_word' id='word_1_675' title='bbox 363 4392 483 4445; x_wconf 87' lang='lat' dir='ltr'>sine</span> <span class='ocrx_word' id='word_1_676' title='bbox 519 4406 686 4445; x_wconf 88' lang='lat' dir='ltr'>mora</span> <span class='ocrx_word' id='word_1_677' title='bbox 732 4387 1056 4443; x_wconf 85' lang='lat' dir='ltr'>exhibenda</span> <span class='ocrx_word' id='word_1_678' title='bbox 1100 4392 1199 4439; x_wconf 90' lang='lat' dir='ltr'>est.</span> <span class='ocrx_word' id='word_1_679' title='bbox 1238 4384 1347 4438; x_wconf 86' lang='lat' dir='ltr'>Etsi</span> <span class='ocrx_word' id='word_1_680' title='bbox 1397 4384 1551 4436; x_wconf 90' lang='lat' dir='ltr'>enim</span> <span class='ocrx_word' id='word_1_681' title='bbox 1582 4397 1790 4451; x_wconf 88' lang='lat' dir='ltr'>suspe-</span> 
     </span>
    </p>
   </div>
   <div class='ocr_carea' id='block_1_92' title="bbox 140 4471 1795 4551">
    <p class='ocr_par' dir='ltr' id='par_1_92' title="bbox 140 4471 1795 4551">
     <span class='ocr_line' id='line_1_92' title="bbox 140 4471 1795 4551; baseline -0.005 -21"><span class='ocrx_word' id='word_1_682' title='bbox 140 4482 258 4532; x_wconf 86' lang='lat' dir='ltr'>ctam</span> <span class='ocrx_word' id='word_1_683' title='bbox 297 4479 503 4534; x_wconf 88' lang='lat' dir='ltr'>habere</span> <span class='ocrx_word' id='word_1_684' title='bbox 549 4484 776 4551; x_wconf 87' lang='lat' dir='ltr'>poterat</span> <span class='ocrx_word' id='word_1_685' title='bbox 811 4476 1063 4547; x_wconf 90' lang='lat' dir='ltr'>episcopi</span> <span class='ocrx_word' id='word_1_686' title='bbox 1102 4474 1439 4544; x_wconf 89' lang='lat' dir='ltr'>jussionem,</span> <span class='ocrx_word' id='word_1_687' title='bbox 1496 4488 1599 4525; x_wconf 89' lang='lat' dir='ltr'>nec</span> <span class='ocrx_word' id='word_1_688' title='bbox 1630 4471 1795 4523; x_wconf 88' lang='lat' dir='ltr'>facile</span> 
     </span>
    </p>
   </div>
   <div class='ocr_carea' id='block_1_93' title="bbox 137 4558 1797 4634">
    <p class='ocr_par' dir='ltr' id='par_1_93' title="bbox 137 4558 1797 4634">
     <span class='ocr_line' id='line_1_93' title="bbox 137 4558 1797 4634; baseline -0.004 -16"><span class='ocrx_word' id='word_1_689' title='bbox 137 4580 278 4634; x_wconf 82' lang='lat' dir='ltr'>quam</span> <span class='ocrx_word' id='word_1_690' title='bbox 323 4569 392 4623; x_wconf 90' lang='lat' dir='ltr'>ob</span> <span class='ocrx_word' id='word_1_691' title='bbox 436 4584 672 4623; x_wconf 88' lang='lat' dir='ltr'>causam</span> <span class='ocrx_word' id='word_1_692' title='bbox 721 4565 1089 4620; x_wconf 89' lang='lat' dir='ltr'>accersiretur</span> <span class='ocrx_word' id='word_1_693' title='bbox 1131 4568 1321 4633; x_wconf 90' lang='lat' dir='ltr'>posset</span> <span class='ocrx_word' id='word_1_694' title='bbox 1368 4563 1564 4626; x_wconf 86' lang='lat' dir='ltr'>latere,</span> <span class='ocrx_word' id='word_1_695' title='bbox 1606 4558 1797 4613; x_wconf 86' lang='lat' dir='ltr'>consi-</span> 
     </span>
    </p>
   </div>
   <div class='ocr_carea' id='block_1_94' title="bbox 138 4647 1796 4724">
    <p class='ocr_par' dir='ltr' id='par_1_94' title="bbox 138 4647 1796 4724">
     <span class='ocr_line' id='line_1_94' title="bbox 138 4647 1796 4724; baseline -0.003 -19"><span class='ocrx_word' id='word_1_696' title='bbox 138 4652 342 4711; x_wconf 88' lang='lat' dir='ltr'>derabat</span> <span class='ocrx_word' id='word_1_697' title='bbox 368 4664 565 4712; x_wconf 82' lang='lat' dir='ltr'>tamen</span> <span class='ocrx_word' id='word_1_698' title='bbox 598 4656 823 4710; x_wconf 89' lang='lat' dir='ltr'>Domini</span> <span class='ocrx_word' id='word_1_699' title='bbox 853 4655 922 4709; x_wconf 89' lang='lat' dir='ltr'>ad</span> <span class='ocrx_word' id='word_1_700' title='bbox 957 4653 1245 4724; x_wconf 88' lang='lat' dir='ltr'>apostolos</span> <span class='ocrx_word' id='word_1_701' title='bbox 1279 4652 1677 4704; x_wconf 82' lang='lat' dir='ltr'>auctoritatem</span> <span class='ocrx_word' id='word_1_702' title='bbox 1708 4647 1796 4701; x_wconf 91' lang='lat' dir='ltr'>di-</span> 
     </span>
    </p>
   </div>
   <div class='ocr_carea' id='block_1_95' title="bbox 135 4736 1796 4815">
    <p class='ocr_par' dir='ltr' id='par_1_95' title="bbox 135 4736 1796 4815">
     <span class='ocr_line' id='line_1_95' title="bbox 135 4736 1796 4815; baseline -0.003 -21"><span class='ocrx_word' id='word_1_703' title='bbox 135 4746 315 4802; x_wconf 88' lang='lat' dir='ltr'>centis:</span> <span class='ocrx_word' id='word_1_704' title='bbox 365 4749 469 4814; x_wconf 83' lang='lat' dir='ltr'>Qui</span> <span class='ocrx_word' id='word_1_705' title='bbox 518 4763 615 4801; x_wconf 83' lang='lat' dir='ltr'>vos</span> <span class='ocrx_word' id='word_1_706' title='bbox 655 4748 879 4815; x_wconf 80' lang='lat' dir='ltr'>spernit,</span> <span class='ocrx_word' id='word_1_707' title='bbox 923 4760 1004 4796; x_wconf 86' lang='lat' dir='ltr'>me</span> <span class='ocrx_word' id='word_1_708' title='bbox 1032 4744 1259 4812; x_wconf 76' lang='lat' dir='ltr'>Spernit,</span> <span class='ocrx_word' id='word_1_709' title='bbox 1291 4747 1341 4794; x_wconf 89' lang='lat' dir='ltr'>et</span> <span class='ocrx_word' id='word_1_710' title='bbox 1385 4742 1481 4807; x_wconf 82' lang='lat' dir='ltr'>qui</span> <span class='ocrx_word' id='word_1_711' title='bbox 1525 4754 1614 4791; x_wconf 65' lang='lat' dir='ltr'>ms</span> <span class='ocrx_word' id='word_1_712' title='bbox 1639 4736 1796 4790; x_wconf 84' lang='lat' dir='ltr'>audit</span> 
     </span>
    </p>
   </div>
   <div class='ocr_carea' id='block_1_96' title="bbox 132 4826 1794 4905">
    <p class='ocr_par' dir='ltr' id='par_1_96' title="bbox 132 4826 1794 4905">
     <span class='ocr_line' id='line_1_96' title="bbox 132 4826 1794 4905; baseline -0.004 -21"><span class='ocrx_word' id='word_1_713' title='bbox 132 4846 196 4884; x_wconf 84' lang='lat' dir='ltr'>me</span> <span class='ocrx_word' id='word_1_714' title='bbox 235 4836 381 4890; x_wconf 82' lang='lat' dir='ltr'>audit</span> <span class='ocrx_word' id='word_1_715' title='bbox 437 4839 592 4902; x_wconf 88' lang='lat' dir='ltr'>(Luc.</span> <span class='ocrx_word' id='word_1_716' title='bbox 645 4834 727 4905; x_wconf 83' lang='lat' dir='ltr'>x).</span> <span class='ocrx_word' id='word_1_717' title='bbox 780 4836 844 4888; x_wconf 84' lang='lat' dir='ltr'>Et</span> <span class='ocrx_word' id='word_1_718' title='bbox 900 4832 1044 4886; x_wconf 89' lang='lat' dir='ltr'>illud</span> <span class='ocrx_word' id='word_1_719' title='bbox 1100 4829 1351 4900; x_wconf 89' lang='lat' dir='ltr'>apostoli</span> <span class='ocrx_word' id='word_1_720' title='bbox 1409 4828 1597 4881; x_wconf 85' lang='lat' dir='ltr'>Petri:</span> <span class='ocrx_word' id='word_1_721' title='bbox 1654 4826 1794 4880; x_wconf 88' lang='lat' dir='ltr'>Sub-</span> 
     </span>
    </p>
   </div>
   <div class='ocr_carea' id='block_1_97' title="bbox 126 4918 1795 4987">
    <p class='ocr_par' dir='ltr' id='par_1_97' title="bbox 126 4918 1795 4987">
     <span class='ocr_line' id='line_1_97' title="bbox 126 4918 1795 4987; baseline -0.011 -1"><span class='ocrx_word' id='word_1_722' title='bbox 126 4920 238 4985; x_wconf 64' lang='lat' dir='ltr'>J&#39;ecti</span> <span class='ocrx_word' id='word_1_723' title='bbox 294 4930 451 4981; x_wconf 83' lang='lat' dir='ltr'>estote</span> <span class='ocrx_word' id='word_1_724' title='bbox 504 4928 654 4980; x_wconf 88' lang='lat' dir='ltr'>omni</span> <span class='ocrx_word' id='word_1_725' title='bbox 716 4925 969 4978; x_wconf 71' lang='lat' dir='ltr'>humana:</span> <span class='ocrx_word' id='word_1_726' title='bbox 1036 4925 1295 4975; x_wconf 75' lang='lat' dir='ltr'>creatura:</span> <span class='ocrx_word' id='word_1_727' title='bbox 1347 4921 1572 4987; x_wconf 82' lang='lat' dir='ltr'>propter</span> <span class='ocrx_word' id='word_1_728' title='bbox 1629 4918 1795 4969; x_wconf 86' lang='lat' dir='ltr'>Deum</span> 
     </span>
    </p>
   </div>
   <div class='ocr_carea' id='block_1_98' title="bbox 134 5012 430 5080">
    <p class='ocr_par' dir='ltr' id='par_1_98' title="bbox 134 5012 430 5080">
     <span class='ocr_line' id='line_1_98' title="bbox 134 5012 430 5080; baseline 0.02 -17"><span class='ocrx_word' id='word_1_729' title='bbox 134 5012 169 5077; x_wconf 85' lang='grc' dir='ltr'>(Ι</span> <span class='ocrx_word' id='word_1_730' title='bbox 192 5014 320 5069; x_wconf 81' lang='lat' dir='ltr'>Petr.</span> <span class='ocrx_word' id='word_1_731' title='bbox 354 5016 430 5080; x_wconf 85' lang='grc' dir='ltr'>ιι).</span> 
     </span>
    </p>
   </div>
   <div class='ocr_carea' id='block_1_99' title="bbox 478 5136 1410 5209">
    <p class='ocr_par' dir='ltr' id='par_1_99' title="bbox 478 5136 1410 5209">
     <span class='ocr_line' id='line_1_99' title="bbox 478 5136 1410 5209; baseline -0.01 -15"><span class='ocrx_word' id='word_1_732' title='bbox 478 5140 741 5209; x_wconf 85' lang='lat' dir='ltr'>Episcopi</span> <span class='ocrx_word' id='word_1_733' title='bbox 767 5140 986 5191; x_wconf 77' lang='lat' dir='ltr'>nuntios</span> <span class='ocrx_word' id='word_1_734' title='bbox 1007 5140 1167 5190; x_wconf 90' lang='lat' dir='ltr'>noctu</span> <span class='ocrx_word' id='word_1_735' title='bbox 1196 5136 1410 5187; x_wconf 83' lang='lat' dir='ltr'>retinet.</span> 
     </span>
    </p>
   </div>
   <div class='ocr_carea' id='block_1_100' title="bbox 193 5237 1800 5312">
    <p class='ocr_par' dir='ltr' id='par_1_100' title="bbox 193 5237 1800 5312">
     <span class='ocr_line' id='line_1_100' title="bbox 193 5237 1800 5312; baseline -0.006 -14"><span class='ocrx_word' id='word_1_736' title='bbox 193 5249 265 5299; x_wconf 75' lang='grc'><strong>12.</strong></span> <span class='ocrx_word' id='word_1_737' title='bbox 294 5249 578 5312; x_wconf 88' lang='lat' dir='ltr'>Quoniam</span> <span class='ocrx_word' id='word_1_738' title='bbox 614 5252 803 5300; x_wconf 89' lang='lat' dir='ltr'>tamen</span> <span class='ocrx_word' id='word_1_739' title='bbox 833 5246 947 5300; x_wconf 90' lang='lat' dir='ltr'>diei</span> <span class='ocrx_word' id='word_1_740' title='bbox 989 5242 1269 5298; x_wconf 90' lang='lat' dir='ltr'>terminus</span> <span class='ocrx_word' id='word_1_741' title='bbox 1301 5237 1659 5303; x_wconf 89' lang='lat' dir='ltr'>imminebat,</span> <span class='ocrx_word' id='word_1_742' title='bbox 1693 5252 1800 5290; x_wconf 89' lang='lat' dir='ltr'>nec</span> 
     </span>
    </p>
   </div>
   <div class='ocr_carea' id='block_1_101' title="bbox 133 5333 1798 5406">
    <p class='ocr_par' dir='ltr' id='par_1_101' title="bbox 133 5333 1798 5406">
     <span class='ocr_line' id='line_1_101' title="bbox 133 5333 1798 5406; baseline -0.005 -21"><span class='ocrx_word' id='word_1_743' title='bbox 133 5333 222 5388; x_wconf 87' lang='lat' dir='ltr'>iter</span> <span class='ocrx_word' id='word_1_744' title='bbox 264 5342 447 5392; x_wconf 86' lang='lat' dir='ltr'>statim</span> <span class='ocrx_word' id='word_1_745' title='bbox 513 5336 771 5406; x_wconf 89' lang='lat' dir='ltr'>arripere</span> <span class='ocrx_word' id='word_1_746' title='bbox 832 5338 1074 5404; x_wconf 90' lang='lat' dir='ltr'>poterat,</span> <span class='ocrx_word' id='word_1_747' title='bbox 1132 5334 1491 5384; x_wconf 86' lang='lat' dir='ltr'>exsecutores</span> <span class='ocrx_word' id='word_1_748' title='bbox 1552 5342 1684 5379; x_wconf 90' lang='lat' dir='ltr'>suos</span> <span class='ocrx_word' id='word_1_749' title='bbox 1734 5341 1798 5379; x_wconf 90' lang='lat' dir='ltr'>ea</span> 
     </span>
    </p>
   </div>
   <div class='ocr_carea' id='block_1_102' title="bbox 134 5420 1800 5496">
    <p class='ocr_par' dir='ltr' id='par_1_102' title="bbox 134 5420 1800 5496">
     <span class='ocr_line' id='line_1_102' title="bbox 134 5420 1800 5496; baseline -0.005 -21"><span class='ocrx_word' id='word_1_750' title='bbox 134 5432 271 5480; x_wconf 85' lang='lat' dir='ltr'>nocte</span> <span class='ocrx_word' id='word_1_751' title='bbox 308 5428 578 5494; x_wconf 87' lang='lat' dir='ltr'>detinuit,</span> <span class='ocrx_word' id='word_1_752' title='bbox 623 5431 680 5479; x_wconf 90' lang='lat' dir='ltr'>et</span> <span class='ocrx_word' id='word_1_753' title='bbox 713 5441 827 5496; x_wconf 88' lang='lat' dir='ltr'>qua</span> <span class='ocrx_word' id='word_1_754' title='bbox 855 5424 1004 5477; x_wconf 89' lang='lat' dir='ltr'>circa</span> <span class='ocrx_word' id='word_1_755' title='bbox 1035 5437 1235 5475; x_wconf 89' lang='lat' dir='ltr'>omnes</span> <span class='ocrx_word' id='word_1_756' title='bbox 1276 5420 1474 5473; x_wconf 87' lang='lat' dir='ltr'>solitus</span> <span class='ocrx_word' id='word_1_757' title='bbox 1516 5422 1638 5470; x_wconf 87' lang='lat' dir='ltr'>erat</span> <span class='ocrx_word' id='word_1_758' title='bbox 1667 5432 1800 5469; x_wconf 89' lang='lat' dir='ltr'>usus</span> 
     </span>
    </p>
   </div>
   <div class='ocr_carea' id='block_1_103' title="bbox 134 5506 1798 5585">
    <p class='ocr_par' dir='ltr' id='par_1_103' title="bbox 134 5506 1798 5585">
     <span class='ocr_line' id='line_1_103' title="bbox 134 5506 1798 5585; baseline -0.007 -17"><span class='ocrx_word' id='word_1_759' title='bbox 134 5510 482 5585; x_wconf 86' lang='lat' dir='ltr'>humanitate,</span> <span class='ocrx_word' id='word_1_760' title='bbox 522 5530 743 5570; x_wconf 66' lang='lat' dir='ltr'>coenam</span> <span class='ocrx_word' id='word_1_761' title='bbox 774 5512 1089 5568; x_wconf 84' lang='lat' dir='ltr'>secundum</span> <span class='ocrx_word' id='word_1_762' title='bbox 1140 5512 1288 5563; x_wconf 87' lang='lat' dir='ltr'>vires</span> <span class='ocrx_word' id='word_1_763' title='bbox 1332 5523 1463 5561; x_wconf 88' lang='lat' dir='ltr'>suas</span> <span class='ocrx_word' id='word_1_764' title='bbox 1489 5506 1798 5571; x_wconf 89' lang='lat' dir='ltr'>instruens,</span> 
     </span>
    </p>
   </div>
   <div class='ocr_carea' id='block_1_104' title="bbox 1907 4295 3605 4376">
    <p class='ocr_par' dir='ltr' id='par_1_104' title="bbox 1907 4295 3605 4376">
     <span class='ocr_line' id='line_1_104' title="bbox 1907 4295 3605 4376; baseline -0.01 -11"><span class='ocrx_word' id='word_1_765' title='bbox 1907 4310 1968 4367; x_wconf 90' lang='lat' dir='ltr'>Id</span> <span class='ocrx_word' id='word_1_766' title='bbox 2002 4309 2096 4361; x_wconf 89' lang='lat' dir='ltr'>ille</span> <span class='ocrx_word' id='word_1_767' title='bbox 2128 4306 2226 4376; x_wconf 84' lang='lat' dir='ltr'>qui</span> <span class='ocrx_word' id='word_1_768' title='bbox 2260 4305 2461 4374; x_wconf 90' lang='lat' dir='ltr'>plenus</span> <span class='ocrx_word' id='word_1_769' title='bbox 2491 4316 2718 4367; x_wconf 88' lang='lat' dir='ltr'>semper</span> <span class='ocrx_word' id='word_1_770' title='bbox 2738 4297 3031 4352; x_wconf 88' lang='lat' dir='ltr'>cbaritatis</span> <span class='ocrx_word' id='word_1_771' title='bbox 3062 4303 3225 4360; x_wconf 85' lang='lat' dir='ltr'>esset,</span> <span class='ocrx_word' id='word_1_772' title='bbox 3250 4301 3306 4349; x_wconf 91' lang='lat' dir='ltr'>et</span> <span class='ocrx_word' id='word_1_773' title='bbox 3334 4295 3605 4349; x_wconf 89' lang='lat' dir='ltr'>omnibus</span> 
     </span>
    </p>
   </div>
   <div class='ocr_carea' id='block_1_105' title="bbox 1907 4384 3599 4463">
    <p class='ocr_par' dir='ltr' id='par_1_105' title="bbox 1907 4384 3599 4463">
     <span class='ocr_line' id='line_1_105' title="bbox 1907 4384 3599 4463; baseline -0.009 -10"><span class='ocrx_word' id='word_1_774' title='bbox 1907 4398 2081 4453; x_wconf 87' lang='lat' dir='ltr'>etiam</span> <span class='ocrx_word' id='word_1_775' title='bbox 2120 4393 2359 4463; x_wconf 90' lang='lat' dir='ltr'>ingratis</span> <span class='ocrx_word' id='word_1_776' title='bbox 2399 4389 2730 4444; x_wconf 87' lang='lat' dir='ltr'>benefacere</span> <span class='ocrx_word' id='word_1_777' title='bbox 2772 4393 3003 4458; x_wconf 89' lang='lat' dir='ltr'>paratus</span> <span class='ocrx_word' id='word_1_778' title='bbox 3037 4386 3291 4455; x_wconf 85' lang='lat' dir='ltr'>jucunde</span> <span class='ocrx_word' id='word_1_779' title='bbox 3340 4384 3599 4455; x_wconf 88' lang='lat' dir='ltr'>accepit:</span> 
     </span>
    </p>
   </div>
   <div class='ocr_carea' id='block_1_106' title="bbox 1906 4474 3604 4552">
    <p class='ocr_par' dir='ltr' id='par_1_106' title="bbox 1906 4474 3604 4552">
     <span class='ocr_line' id='line_1_106' title="bbox 1906 4474 3604 4552; baseline -0.009 -12"><span class='ocrx_word' id='word_1_780' title='bbox 1906 4486 2235 4552; x_wconf 86' lang='lat' dir='ltr'>eisdemque</span> <span class='ocrx_word' id='word_1_781' title='bbox 2266 4479 2382 4532; x_wconf 91' lang='lat' dir='ltr'>suis</span> <span class='ocrx_word' id='word_1_782' title='bbox 2432 4475 2859 4529; x_wconf 87' lang='lat' dir='ltr'>exsecutoribus</span> <span class='ocrx_word' id='word_1_783' title='bbox 2891 4490 3018 4543; x_wconf 63' lang='lat' dir='ltr'>qua:</span> <span class='ocrx_word' id='word_1_784' title='bbox 3064 4474 3349 4543; x_wconf 79' lang='lat' dir='ltr'>petierant</span> <span class='ocrx_word' id='word_1_785' title='bbox 3378 4474 3435 4526; x_wconf 92' lang='lat' dir='ltr'>in</span> <span class='ocrx_word' id='word_1_786' title='bbox 3468 4489 3604 4526; x_wconf 85' lang='lat' dir='ltr'>vasa</span> 
     </span>
    </p>
   </div>
   <div class='ocr_carea' id='block_1_107' title="bbox 1906 4562 3602 4645">
    <p class='ocr_par' dir='ltr' id='par_1_107' title="bbox 1906 4562 3602 4645">
     <span class='ocr_line' id='line_1_107' title="bbox 1906 4562 3602 4645; baseline -0.007 -18"><span class='ocrx_word' id='word_1_787' title='bbox 1906 4572 2041 4645; x_wconf 87' lang='lat' dir='ltr'>poni</span> <span class='ocrx_word' id='word_1_788' title='bbox 2070 4567 2361 4641; x_wconf 63' lang='lat' dir='ltr'>praecepit.</span> <span class='ocrx_word' id='word_1_789' title='bbox 2399 4566 2489 4619; x_wconf 87' lang='lat' dir='ltr'>Sic</span> <span class='ocrx_word' id='word_1_790' title='bbox 2527 4564 2705 4617; x_wconf 91' lang='lat' dir='ltr'>accito</span> <span class='ocrx_word' id='word_1_791' title='bbox 2736 4564 2795 4615; x_wconf 90' lang='lat' dir='ltr'>in</span> <span class='ocrx_word' id='word_1_792' title='bbox 2826 4562 3159 4614; x_wconf 88' lang='lat' dir='ltr'>comitatum</span> <span class='ocrx_word' id='word_1_793' title='bbox 3199 4562 3300 4614; x_wconf 62' lang='lat' dir='ltr'>via:</span> <span class='ocrx_word' id='word_1_794' title='bbox 3333 4578 3447 4631; x_wconf 90' lang='lat' dir='ltr'>quo</span> <span class='ocrx_word' id='word_1_795' title='bbox 3475 4567 3602 4615; x_wconf 88' lang='lat' dir='ltr'>ute-</span> 
     </span>
    </p>
   </div>
   <div class='ocr_carea' id='block_1_108' title="bbox 1906 4649 3602 4728">
    <p class='ocr_par' dir='ltr' id='par_1_108' title="bbox 1906 4649 3602 4728">
     <span class='ocr_line' id='line_1_108' title="bbox 1906 4649 3602 4728; baseline -0.007 -12"><span class='ocrx_word' id='word_1_796' title='bbox 1906 4664 2076 4716; x_wconf 91' lang='lat' dir='ltr'>batur</span> <span class='ocrx_word' id='word_1_797' title='bbox 2109 4672 2334 4728; x_wconf 90' lang='lat' dir='ltr'>semper</span> <span class='ocrx_word' id='word_1_798' title='bbox 2377 4653 2658 4716; x_wconf 87' lang='lat' dir='ltr'>ministro,</span> <span class='ocrx_word' id='word_1_799' title='bbox 2711 4667 2824 4703; x_wconf 87' lang='lat' dir='ltr'>una</span> <span class='ocrx_word' id='word_1_800' title='bbox 2856 4650 2966 4703; x_wconf 89' lang='lat' dir='ltr'>iter</span> <span class='ocrx_word' id='word_1_801' title='bbox 2995 4650 3063 4703; x_wconf 89' lang='lat' dir='ltr'>ad</span> <span class='ocrx_word' id='word_1_802' title='bbox 3112 4650 3311 4703; x_wconf 89' lang='lat' dir='ltr'>urbem</span> <span class='ocrx_word' id='word_1_803' title='bbox 3341 4649 3602 4704; x_wconf 86' lang='lat' dir='ltr'>Treviro-</span> 
     </span>
    </p>
   </div>
   <div class='ocr_carea' id='block_1_109' title="bbox 1904 4748 2502 4819">
    <p class='ocr_par' dir='ltr' id='par_1_109' title="bbox 1904 4748 2502 4819">
     <span class='ocr_line' id='line_1_109' title="bbox 1904 4748 2502 4819; baseline -0.017 -14"><span class='ocrx_word' id='word_1_804' title='bbox 1904 4767 2033 4804; x_wconf 89' lang='lat' dir='ltr'>rum</span> <span class='ocrx_word' id='word_1_805' title='bbox 2067 4761 2365 4819; x_wconf 82' lang='lat' dir='ltr'>aggressus</span> <span class='ocrx_word' id='word_1_806' title='bbox 2398 4748 2502 4796; x_wconf 87' lang='lat' dir='ltr'>est.</span> 
     </span>
    </p>
   </div>
   <div class='ocr_carea' id='block_1_110' title="bbox 2232 4856 3276 4923">
    <p class='ocr_par' dir='ltr' id='par_1_110' title="bbox 2232 4856 3276 4923">
     <span class='ocr_line' id='line_1_110' title="bbox 2232 4856 3276 4923; baseline -0.007 -7"><span class='ocrx_word' id='word_1_807' title='bbox 2232 4865 2391 4916; x_wconf 80' lang='lat' dir='ltr'>Fame</span> <span class='ocrx_word' id='word_1_808' title='bbox 2424 4876 2484 4913; x_wconf 87' lang='lat' dir='ltr'>ac</span> <span class='ocrx_word' id='word_1_809' title='bbox 2515 4860 2611 4911; x_wconf 85' lang='lat' dir='ltr'>siti</span> <span class='ocrx_word' id='word_1_810' title='bbox 2639 4856 2901 4909; x_wconf 85' lang='lat' dir='ltr'>divinitus</span> <span class='ocrx_word' id='word_1_811' title='bbox 2931 4859 3276 4923; x_wconf 81' lang='lat' dir='ltr'>torquentur.</span> 
     </span>
    </p>
   </div>
   <div class='ocr_carea' id='block_1_111' title="bbox 1982 4960 3602 5030">
    <p class='ocr_par' dir='ltr' id='par_1_111' title="bbox 1982 4960 3602 5030">
     <span class='ocr_line' id='line_1_111' title="bbox 1982 4960 3602 5030; baseline -0.01 -2"><span class='ocrx_word' id='word_1_812' title='bbox 1982 4974 2065 5027; x_wconf 84' lang='grc'><strong>14.</strong></span> <span class='ocrx_word' id='word_1_813' title='bbox 2124 4972 2248 5025; x_wconf 85' lang='lat' dir='ltr'>Jam</span> <span class='ocrx_word' id='word_1_814' title='bbox 2298 4967 2607 5021; x_wconf 89' lang='lat' dir='ltr'>advenerat</span> <span class='ocrx_word' id='word_1_815' title='bbox 2642 4962 2756 5017; x_wconf 91' lang='lat' dir='ltr'>diei</span> <span class='ocrx_word' id='word_1_816' title='bbox 2807 4960 3065 5015; x_wconf 89' lang='lat' dir='ltr'>medium</span> <span class='ocrx_word' id='word_1_817' title='bbox 3107 4966 3337 5030; x_wconf 88' lang='lat' dir='ltr'>tempus</span> <span class='ocrx_word' id='word_1_818' title='bbox 3387 4964 3442 5012; x_wconf 90' lang='lat' dir='ltr'>et</span> <span class='ocrx_word' id='word_1_819' title='bbox 3488 4960 3602 5013; x_wconf 86' lang='lat' dir='ltr'>illis</span> 
     </span>
    </p>
   </div>
   <div class='ocr_carea' id='block_1_112' title="bbox 1907 5048 3599 5116">
    <p class='ocr_par' dir='ltr' id='par_1_112' title="bbox 1907 5048 3599 5116">
     <span class='ocr_line' id='line_1_112' title="bbox 1907 5048 3599 5116; baseline -0.009 0"><span class='ocrx_word' id='word_1_820' title='bbox 1907 5062 2176 5116; x_wconf 89' lang='lat' dir='ltr'>euntibus</span> <span class='ocrx_word' id='word_1_821' title='bbox 2209 5060 2289 5111; x_wconf 90' lang='lat' dir='ltr'>sol</span> <span class='ocrx_word' id='word_1_822' title='bbox 2321 5056 2581 5110; x_wconf 89' lang='lat' dir='ltr'>altiorem</span> <span class='ocrx_word' id='word_1_823' title='bbox 2616 5053 2704 5107; x_wconf 91' lang='lat' dir='ltr'>sui</span> <span class='ocrx_word' id='word_1_824' title='bbox 2737 5068 2935 5105; x_wconf 90' lang='lat' dir='ltr'>cursus</span> <span class='ocrx_word' id='word_1_825' title='bbox 2978 5066 3142 5104; x_wconf 82' lang='lat' dir='ltr'>axem</span> <span class='ocrx_word' id='word_1_826' title='bbox 3172 5048 3599 5114; x_wconf 86' lang='lat' dir='ltr'>conscenderat,</span> 
     </span>
    </p>
   </div>
   <div class='ocr_carea' id='block_1_113' title="bbox 1906 5135 3599 5204">
    <p class='ocr_par' dir='ltr' id='par_1_113' title="bbox 1906 5135 3599 5204">
     <span class='ocr_line' id='line_1_113' title="bbox 1906 5135 3599 5204; baseline -0.01 0"><span class='ocrx_word' id='word_1_827' title='bbox 1906 5166 2035 5204; x_wconf 90' lang='lat' dir='ltr'>cum</span> <span class='ocrx_word' id='word_1_828' title='bbox 2085 5164 2211 5201; x_wconf 90' lang='lat' dir='ltr'>ecce</span> <span class='ocrx_word' id='word_1_829' title='bbox 2243 5146 2302 5199; x_wconf 90' lang='lat' dir='ltr'>in</span> <span class='ocrx_word' id='word_1_830' title='bbox 2350 5143 2656 5196; x_wconf 89' lang='lat' dir='ltr'>vindictam</span> <span class='ocrx_word' id='word_1_831' title='bbox 2690 5140 2779 5193; x_wconf 92' lang='lat' dir='ltr'>sui</span> <span class='ocrx_word' id='word_1_832' title='bbox 2819 5139 2965 5193; x_wconf 84' lang='lat' dir='ltr'>servi</span> <span class='ocrx_word' id='word_1_833' title='bbox 3005 5139 3164 5193; x_wconf 88' lang='lat' dir='ltr'>adest</span> <span class='ocrx_word' id='word_1_834' title='bbox 3210 5136 3351 5191; x_wconf 91' lang='lat' dir='ltr'>ultio</span> <span class='ocrx_word' id='word_1_835' title='bbox 3386 5135 3599 5200; x_wconf 90' lang='lat' dir='ltr'>divina,</span> 
     </span>
    </p>
   </div>
   <div class='ocr_carea' id='block_1_114' title="bbox 1908 5224 3600 5307">
    <p class='ocr_par' dir='ltr' id='par_1_114' title="bbox 1908 5224 3600 5307">
     <span class='ocr_line' id='line_1_114' title="bbox 1908 5224 3600 5307; baseline -0.009 -16"><span class='ocrx_word' id='word_1_836' title='bbox 1908 5244 1965 5292; x_wconf 87' lang='lat' dir='ltr'>et</span> <span class='ocrx_word' id='word_1_837' title='bbox 1995 5238 2092 5307; x_wconf 90' lang='lat' dir='ltr'>qui</span> <span class='ocrx_word' id='word_1_838' title='bbox 2126 5237 2296 5306; x_wconf 89' lang='lat' dir='ltr'>paulo</span> <span class='ocrx_word' id='word_1_839' title='bbox 2323 5238 2452 5287; x_wconf 88' lang='lat' dir='ltr'>ante</span> <span class='ocrx_word' id='word_1_840' title='bbox 2483 5231 2732 5285; x_wconf 89' lang='lat' dir='ltr'>oblatam</span> <span class='ocrx_word' id='word_1_841' title='bbox 2763 5229 2871 5282; x_wconf 90' lang='lat' dir='ltr'>sibi</span> <span class='ocrx_word' id='word_1_842' title='bbox 2900 5245 3004 5298; x_wconf 92' lang='lat' dir='ltr'>pro</span> <span class='ocrx_word' id='word_1_843' title='bbox 3043 5226 3317 5281; x_wconf 90' lang='lat' dir='ltr'>charitate</span> <span class='ocrx_word' id='word_1_844' title='bbox 3349 5224 3458 5278; x_wconf 91' lang='lat' dir='ltr'>cibi</span> <span class='ocrx_word' id='word_1_845' title='bbox 3496 5240 3600 5293; x_wconf 83' lang='lat' dir='ltr'>po-</span> 
     </span>
    </p>
   </div>
   <div class='ocr_carea' id='block_1_115' title="bbox 1909 5317 3604 5397">
    <p class='ocr_par' dir='ltr' id='par_1_115' title="bbox 1909 5317 3604 5397">
     <span class='ocr_line' id='line_1_115' title="bbox 1909 5317 3604 5397; baseline -0.009 -16"><span class='ocrx_word' id='word_1_846' title='bbox 1909 5333 2114 5397; x_wconf 86' lang='lat' dir='ltr'>tusque</span> <span class='ocrx_word' id='word_1_847' title='bbox 2165 5326 2509 5394; x_wconf 80' lang='lat' dir='ltr'>respuerant</span> <span class='ocrx_word' id='word_1_848' title='bbox 2562 5320 2805 5390; x_wconf 89' lang='lat' dir='ltr'>copiam,</span> <span class='ocrx_word' id='word_1_849' title='bbox 2859 5317 3074 5370; x_wconf 88' lang='lat' dir='ltr'>esurire</span> <span class='ocrx_word' id='word_1_850' title='bbox 3125 5317 3498 5369; x_wconf 87' lang='lat' dir='ltr'>vehementer</span> <span class='ocrx_word' id='word_1_851' title='bbox 3540 5329 3604 5366; x_wconf 89' lang='lat' dir='ltr'>ac</span> 
     </span>
    </p>
   </div>
   <div class='ocr_carea' id='block_1_116' title="bbox 1910 5401 3599 5483">
    <p class='ocr_par' dir='ltr' id='par_1_116' title="bbox 1910 5401 3599 5483">
     <span class='ocr_line' id='line_1_116' title="bbox 1910 5401 3599 5483; baseline -0.009 -14"><span class='ocrx_word' id='word_1_852' title='bbox 1910 5416 2064 5469; x_wconf 87' lang='lat' dir='ltr'>sitire</span> <span class='ocrx_word' id='word_1_853' title='bbox 2108 5418 2420 5483; x_wconf 76' lang='lat' dir='ltr'>coeperunt,</span> <span class='ocrx_word' id='word_1_854' title='bbox 2469 5416 2590 5463; x_wconf 91' lang='lat' dir='ltr'>tum</span> <span class='ocrx_word' id='word_1_855' title='bbox 2642 5410 2812 5461; x_wconf 91' lang='lat' dir='ltr'>etiam</span> <span class='ocrx_word' id='word_1_856' title='bbox 2852 5412 3010 5459; x_wconf 86' lang='lat' dir='ltr'>tanta</span> <span class='ocrx_word' id='word_1_857' title='bbox 3044 5404 3379 5458; x_wconf 85' lang='lat' dir='ltr'>lassitudine</span> <span class='ocrx_word' id='word_1_858' title='bbox 3425 5401 3599 5470; x_wconf 86' lang='lat' dir='ltr'>aftici,</span> 
     </span>
    </p>
   </div>
   <div class='ocr_carea' id='block_1_117' title="bbox 1908 5492 3602 5574">
    <p class='ocr_par' dir='ltr' id='par_1_117' title="bbox 1908 5492 3602 5574">
     <span class='ocr_line' id='line_1_117' title="bbox 1908 5492 3602 5574; baseline -0.007 -17"><span class='ocrx_word' id='word_1_859' title='bbox 1908 5506 2182 5574; x_wconf 87' lang='lat' dir='ltr'>quantam</span> <span class='ocrx_word' id='word_1_860' title='bbox 2214 5506 2403 5555; x_wconf 89' lang='lat' dir='ltr'>essent</span> <span class='ocrx_word' id='word_1_861' title='bbox 2426 5496 2646 5568; x_wconf 84' lang='lat' dir='ltr'>experti</span> <span class='ocrx_word' id='word_1_862' title='bbox 2677 5510 2994 5565; x_wconf 85' lang='lat' dir='ltr'>nunquam.</span> <span class='ocrx_word' id='word_1_863' title='bbox 3020 5495 3176 5547; x_wconf 88' lang='lat' dir='ltr'>Inter</span> <span class='ocrx_word' id='word_1_864' title='bbox 3202 5492 3325 5547; x_wconf 63' lang='lat' dir='ltr'>haec</span> <span class='ocrx_word' id='word_1_865' title='bbox 3355 5493 3437 5546; x_wconf 86' lang='lat' dir='ltr'>vir</span> <span class='ocrx_word' id='word_1_866' title='bbox 3463 5507 3602 5545; x_wconf 85' lang='lat' dir='ltr'>san-</span> 
     </span>
    </p>
   </div>
  </div>
