4022 6178
371 214 474 267 647

1468 208 1979 263 WANDALBERTI
2024 208 2443 264 PRUMIENSIS
2484 208 2797 265 MONACHI

3774 213 3871 263 648

374 350 496 399 ctus
527 346 585 398 in
632 344 799 398 laude
846 343 1037 396 divina
1084 346 1141 394 et
1186 340 1419 393 Psalmis
1473 341 1875 406 meditabatur,
1923 341 2063 394 illud
2102 348 2145 395 A
2176 346 2362 411 gestas
2396 342 2654 395 viderant
2690 342 3031 395 mirantibus
3062 349 3232 413 atque
3273 344 3662 413 stupentibus,
3706 346 3873 415 capit

375 433 629 504 Apostoli
671 446 1022 501 exsequens:
1057 430 1188 482 Sine
1228 431 1623 483 intermissione
1647 435 1814 495 orate,
1848 433 1903 482 in
1948 445 2063 482 om-

374 524 533 577 nibus
581 524 791 587 gratias
828 522 974 587 agite
1009 520 1065 587 (I
1107 520 1264 572 Thes.
1298 518 1370 587 v).
1407 518 1663 588 Cumque
1689 520 1808 587 jam
1845 523 2064 571 sextum

375 612 480 665 vize
517 609 844 663 milliarium
880 608 1261 677 complessent
1287 612 1341 659 et
1386 606 1442 659 in
1475 622 1605 660 eum
1638 608 1826 661 locum
1870 606 2062 659 venis-

371 704 494 752 sent
516 699 613 769 qui
646 698 804 751 Pauli
826 713 1058 765 campus
1089 696 1315 761 dicitur,
1349 696 1621 748 Albuinus
1642 696 1872 764 collega)
1894 695 2061 748 Adal-

373 788 516 839 wino
569 786 741 840 dixit:
794 786 988 838 Fames
1034 800 1123 836 me
1174 784 1374 853 ingens
1433 789 1484 837 et
1541 784 1662 836 sitis
1713 784 1903 837 habet.
1962 786 1998 834 (ἰ
2032 784 2059 834 ηἰ

368 875 498 929 ille:
535 878 604 929 At
652 892 757 943 ego
809 874 915 926 nisi
957 873 1196 926 celerius
1239 873 1451 937 bibero,
1489 890 1517 925 e
1552 873 1788 941 vrstigio
1827 875 2058 925 moriar.

369 964 761 1017 Constiterunt
794 963 985 1032 itaque
1026 961 1093 1014 ad
1136 961 1445 1030 quemdam
1483 961 1751 1025 rivulum,
1796 976 1966 1030 quem
2001 959 2058 1011 in

368 1053 553 1106 vicino
582 1056 857 1105 noverant
896 1050 1255 1114 descendere,
1295 1054 1355 1101 ut
1387 1065 1451 1101 ex
1488 1065 1554 1101 eo
1595 1049 1789 1101 bibere
1827 1054 1880 1100 et
1914 1048 2061 1101 circa

367 1141 522 1212 ripas
553 1140 675 1209 ejus
707 1139 895 1191 cibum
932 1154 1157 1190 sumere
1204 1138 1498 1191 deberent.
1552 1137 1657 1189 Sed
1694 1136 1790 1189 ubi
1831 1154 1896 1189 eo
1928 1153 2061 1189 ven-

367 1234 491 1283 tum
525 1236 623 1291 est,
666 1229 807 1281 nihil
850 1244 1011 1297 aqua:
1048 1232 1274 1297 penitus
1317 1227 1697 1279 invenerunt:
1734 1225 1947 1294 quippe
1976 1225 2057 1277 eis

367 1318 427 1371 in
480 1318 689 1388 quibus
734 1317 968 1369 malitias
1020 1318 1100 1368 vis
1150 1320 1456 1381 exarserat,
1506 1332 1656 1385 aqua
1702 1315 1870 1367 rivuli
1914 1318 2058 1366 nutu

368 1406 651 1461 Creatoris
684 1411 929 1458 aruerat.
968 1405 1236 1457 Miserunt
1272 1404 1476 1457 deinde
1516 1420 1716 1456 manus
1748 1409 1807 1455 ut
1834 1419 1901 1455 ex
1934 1419 2057 1455 sac-

367 1497 508 1549 culis
540 1512 692 1548 escas
741 1512 882 1564 quas
914 1512 942 1545 a
978 1494 1095 1546 vim
1127 1500 1320 1545 sancto
1363 1494 1518 1545 datas
1552 1494 1931 1545 meminerant
1964 1509 2056 1544 su—

367 1590 628 1637 merent:
661 1584 755 1636 scd
790 1590 843 1635 et
876 1582 982 1651 ipsi
1016 1582 1172 1634 vacui
1202 1587 1331 1633 sunt
1375 1581 1605 1649 reperti.
1645 1584 1708 1634 Et
1753 1586 1921 1644 recte,
1959 1581 2057 1650 qui

365 1672 642 1725 charitate
675 1689 802 1743 quas
830 1673 1111 1725 bonorum
1150 1672 1409 1723 omnium
1444 1676 1528 1723 est
1560 1670 1858 1739 plenitudo
1892 1668 2054 1722 vacui

367 1766 544 1821 erant,
593 1777 763 1814 vacua
822 1761 1167 1814 invenerunt
1223 1776 1349 1812 vasa
1383 1760 1439 1811 in
1486 1758 1697 1829 quibus
1728 1759 1998 1811 alimenta
2028 1774 2059 1809 a

364 1851 486 1903 viro
521 1850 796 1903 charitate
829 1850 999 1919 pleno
1022 1854 1415 1918 perceperant.

736 1966 790 2019 S.
837 1966 985 2017 Gour
1016 1978 1099 2017 eos
1127 1964 1455 2016 mirabiliter
1484 1966 1679 2032 pascit.

437 2076 520 2126 15.
580 2072 677 2126 His
722 2071 1060 2141 perturbati,
1115 2086 1241 2123 cum
1305 2070 1547 2122 necdum
1608 2070 1835 2138 culpam
1894 2085 2051 2121 suam

361 2162 530 2232 plene
562 2166 991 2230 cognoscerent,
1026 2164 1081 2212 et
1111 2158 1246 2228 quid
1283 2158 1430 2211 circa
1457 2174 1514 2211 se.
1555 2163 1819 2227 ageretur
1850 2158 2057 2210 miran-

360 2258 464 2315 tes,
498 2250 608 2303 iter
641 2249 699 2302 iu
723 2249 883 2318 equis
918 2254 1152 2316 agerent
1180 2264 1192 2311 ;
1228 2264 1481 2316 eousque
1514 2247 2055 2300 excrevitlassitudo

362 2356 584 2404 eorum,
620 2344 681 2391 ut
714 2338 992 2391 Albuinus
1025 2338 1091 2389 de
1126 2352 1274 2406 equo
1312 2337 1463 2388 velut
1497 2336 1771 2389 exanimis
1810 2336 2052 2399 caderet,

360 2436 417 2484 et
464 2429 792 2483 Adalwinus
839 2427 906 2481 ad
954 2428 1136 2479 virum
1198 2426 1295 2479 Dei
1349 2441 1406 2478 se
1458 2426 1775 2492 conferens,
1829 2427 2053 2493 magnis

360 2519 625 2589 precibus
678 2522 741 2569 ut
790 2516 877 2568 sui
927 2520 979 2568 et
1009 2516 1244 2583 collegae
1294 2514 1663 2566 misereretur
1703 2520 2051 2583 exposceret.

358 2608 501 2661 Tum
541 2606 637 2659 ille
669 2604 768 2675 qui
799 2604 1059 2672 legisset:
1103 2603 1163 2656 Si
1201 2604 1452 2657 esurierit
1484 2604 1733 2655 inimicus
1767 2608 1889 2655 tuus
1936 2604 2054 2655 ciba

358 2694 533 2758 illum,
567 2695 618 2746 si
645 2695 765 2746 sitit
804 2697 990 2759 potum
1032 2691 1104 2743 da
1134 2692 1252 2753 illi;
1298 2692 1392 2743 hoc
1435 2692 1575 2743 enim
1619 2693 1828 2754 faciens
1860 2691 2053 2743 carbo-

358 2796 449 2835 nes
506 2784 651 2848 ignis
699 2795 948 2847 congeres
998 2794 1160 2845 super
1202 2783 1367 2846 caput
1416 2779 1532 2846 ejus
1580 2779 1752 2845 (Rom.
1806 2780 1948 2845 xu);
1996 2784 2054 2832 et

362 2869 670 2923 Dominum
704 2868 1131 2937 praecipientem
1167 2866 1526 2919 attenderet:
1562 2868 1784 2932 Diligite
1806 2869 2052 2919 inimicos

2175 431 2373 484 beatus
2405 432 2553 485 Goar
2603 432 2901 501 exquirere
2948 432 3082 502 quid
3129 449 3312 485 causa:
3354 439 3504 486 esset
3540 434 3695 503 quod
3746 450 3871 487 eum

2176 520 2245 572 ad
2292 536 2351 572 se
2407 521 2709 589 episcopus
2757 520 3107 574 evocandum
3166 526 3440 590 putasset,
3500 521 3610 575 sibi
3662 523 3869 575 mirum

2176 608 2349 661 videri
2378 608 2513 678 quid
2544 608 2759 679 negotii
2790 626 2979 662 secum
3010 611 3261 679 pontifex
3293 611 3502 664 habere
3536 611 3691 664 velit.
3734 612 3870 663 Nam

2173 711 2299 761 nos,
2341 696 2629 765 inquiens,
2676 696 3061 750 obedientiam
3104 698 3355 767 praelatis
3399 698 3675 751 exhibere
3710 698 3871 751 debe-

2178 799 2324 851 mus,
2359 800 2461 837 nec
2501 784 2619 836 sine
2666 801 2834 837 causa
2884 792 2968 838 est
3006 786 3156 856 quod
3206 786 3398 838 divina
3448 787 3597 839 circa
3628 804 3734 840 nos
3781 805 3871 856 po-

2172 873 2350 925 tentia
2393 873 2670 941 perferas
2705 874 2873 927 hodie
2905 880 3222 927 monstrare
3260 875 3495 943 dignata
3526 882 3633 928 est.
3678 876 3775 928 sed
3814 882 3873 928 ut

2173 953 2503 1005 ostenderet
2559 970 2729 1022 quam
2796 960 2957 1021 gerat
3003 970 3237 1006 suorum
3291 970 3587 1007 servorum
3652 971 3866 1013 curam.

2172 1046 2229 1092 et
2284 1057 2453 1110 quam
2517 1058 2631 1093 non
2698 1040 2922 1093 deserat
2973 1040 3032 1093 in
3086 1057 3142 1092 se
3200 1047 3515 1109 sperantes,
3589 1043 3865 1111 quoniam

2170 1134 2375 1197 potens
2434 1135 2518 1182 est
2577 1130 2851 1183 Dominus
2917 1145 3116 1196 parare
3182 1145 3437 1181 mensam
3489 1129 3547 1181 in
3618 1130 3864 1193 deserto,

2172 1222 2227 1270 et
2271 1233 2443 1287 quam
2495 1217 2855 1288 magniticata
2899 1222 3031 1268 sunt
3071 1232 3242 1285 opera
3289 1222 3406 1275 tua,
3456 1217 3722 1270 Domine.
3775 1219 3867 1271 llic

2169 1303 2253 1356 illi
2306 1306 2509 1358 timore
2561 1311 2612 1358 et
2660 1310 2810 1356 metu
2855 1304 3111 1373 depressi
3156 1303 3297 1357 nillil
3350 1305 3725 1372 respondere,
3774 1306 3865 1357 sed

2170 1399 2370 1460 putare
2403 1410 2460 1445 se
2508 1400 2744 1462 repente
2788 1394 3140 1458 interituros,
3174 1393 3320 1463 quod
3356 1392 3415 1445 in
3449 1410 3612 1446 servo
3657 1395 3865 1447 Christi

2171 1485 2385 1532 tantam
2446 1487 2747 1535 cernerent
2795 1481 3015 1534 virtutis
3063 1480 3401 1542 efﬁcaciam,
3455 1499 3630 1551 quem
3683 1490 3868 1537 essent

2171 1568 2291 1619 ausi
2334 1568 2696 1637 aliquatenus
2735 1569 3094 1622 Contristare.
3144 1570 3255 1622 lter
3290 1578 3413 1638 post
3456 1570 3576 1623 haec
3610 1578 3861 1640 agentes,

2099 1649 2137 1700 Β
2174 1659 2350 1709 multa
2382 1658 2472 1709 die
2508 1658 2767 1709 Treviros
2799 1664 3218 1727 pervenerunt.
3253 1675 3365 1727 quo
3401 1666 3460 1712 ut
3491 1665 3733 1711 ventum
3765 1665 3861 1721 est,

2169 1746 2513 1811 virsanctus,
2532 1752 2593 1799 ut
2618 1747 2698 1799 illi
2723 1747 2982 1816 perpetui
3004 1748 3177 1799 moris
3196 1755 3336 1812 erat,
3359 1748 3659 1801 ecclesiam
3684 1755 3769 1801 est
3791 1750 3861 1800 in-

2167 1850 2417 1903 gressus,
2443 1836 2525 1888 uti
2548 1851 2605 1888 se
2629 1840 2682 1888 et
2706 1852 2933 1888 causam
2958 1852 3118 1887 suam
3143 1835 3383 1890 Domino
3406 1836 3856 1889 commendaret.

2466 1951 2549 2004 Ab
2589 1953 2837 2019 episcopo
2875 1954 2931 2004 in
2965 1951 3295 2004 calumniam
3315 1955 3554 2019 rapitur.

2242 2063 2320 2111 t7.
2364 2059 2469 2122 Qui
2520 2064 2708 2112 autem
2760 2060 2924 2112 illum
2974 2058 3348 2123 deduxerant,
3400 2059 3466 2111 ad
3521 2059 3855 2129 episcopum

2165 2148 2501 2216 quantocius
2522 2148 2830 2213 venientes,
2865 2153 3066 2201 cuncta
3095 2164 3221 2218 qua-
3252 2148 3310 2200 in
3343 2149 3549 2202 itinere
3579 2151 3855 2219 contigis-

2163 2241 2307 2299 sent,
2338 2252 2579 2306 qumque
2602 2236 2663 2289 in
2697 2237 2795 2289 Dei
2826 2236 3059 2289 homine
3090 2238 3521 2306 conspexissent
3553 2253 3619 2291 ex
3659 2238 3855 2292 ordine

2162 2324 2501 2376 retulerunt.
2540 2325 2639 2376 Ille
2683 2341 2810 2376 cum
2848 2324 3110 2377 debuerit
3142 2325 3197 2377 in
3244 2324 3691 2378 admirationem
3723 2326 3854 2379 divi-

2163 2427 2367 2464 norum
2393 2427 2631 2480 operum
2655 2412 2927 2477 converti,
2965 2417 3019 2463 et
3050 2412 3229 2464 Deum
3263 2412 3322 2463 in
3356 2418 3552 2464 sancto
3582 2412 3713 2479 ejus
3744 2413 3853 2464 lau-

2164 2498 2319 2562 dare,
2352 2499 2410 2550 in
2452 2498 2703 2551 furorem
2743 2514 3013 2551 accensus
3053 2498 3222 2568 caapit
3260 2498 3367 2551 sibi
3412 2499 3741 2551 astantibus
3772 2499 3853 2551 di-

2161 2603 2305 2652 cere,
2336 2604 2400 2639 ea
2431 2604 2558 2657 quas
2590 2590 2736 2641 Goar
2768 2588 2966 2657 egerit,
3000 2604 3110 2641 non
3138 2594 3257 2640 tam
3292 2603 3397 2656 ope
3431 2588 3650 2653 divina,
3685 2604 3854 2658 quam

2160 2676 2382 2745 magica
2415 2680 2533 2729 arte
2566 2682 2622 2730 et
2658 2676 2948 2729 maleliciis
2979 2677 3049 2729 ab
3084 2693 3150 2728 eo
3192 2692 3313 2729 esse
3351 2681 3613 2745 patrata:
3658 2693 3761 2729 nec
3801 2678 3853 2727 in

2162 2764 2260 2816 illo
2308 2763 2537 2834 aliquod
2588 2781 2735 2817 verae
2784 2764 3009 2817 virtutis
3057 2764 3333 2817 indicium
3386 2781 3550 2834 posse
3589 2765 3853 2831 existere,

2161 2852 2260 2922 qui
2290 2852 2441 2905 carni
2470 2858 2524 2905 et
2555 2853 2736 2906 ventri
2767 2853 3025 2906 subditus
3069 2868 3239 2906 mane
3272 2852 3538 2906 comedat
3565 2869 3633 2906 ac
3679 2854 3851 2917 bibat,

357 2964 580 3024 vestros,
607 2958 899 3023 benefacite
932 2958 1015 3009 his
1048 2958 1142 3023 qui
1166 2956 1394 3009 oderunt
1422 2969 1512 3008 vos
1553 2955 1607 3024 (I
1631 2956 1837 3008 Joann.
1864 2955 1965 3024 in),
1999 2955 2048 3008 ei

2205 2941 2447 3010 tjejunii
2482 2941 2800 3011 inediaeque
2830 2942 2902 2994 sit
2940 2942 3223 3011 inpatiens
3250 2958 3260 2994 :
3304 2958 3434 2994 cum
3462 2942 3693 3011 antiqui
3730 2958 3852 2994 san-

360 3048 460 3117 qui
512 3064 571 3101 se
614 3046 852 3116 rogabat
913 3045 1247 3116 respondit:
1307 3044 1431 3107 Fili,
1480 3044 1762 3097 recordari
1822 3049 2053 3113 oportet

358 3137 494 3207 quia
525 3137 675 3191 Deus
720 3136 966 3189 cbaritas
1008 3140 1091 3187 est
1123 3138 1178 3186 et
1205 3134 1302 3203 qui
1340 3138 1528 3187 manet
1578 3134 1635 3186 in
1683 3134 1957 3187 charitate
1991 3134 2049 3187 in

358 3228 473 3281 Deo
514 3230 728 3291 manet,
764 3230 818 3277 et
866 3225 1013 3277 Deus
1066 3224 1125 3275 in
1159 3239 1247 3275 eo.
1304 3223 1546 3275 Proinde
1579 3222 1751 3275 hodie
1796 3239 1925 3276 cum
1961 3238 2050 3276 me

356 3316 515 3370 vobis
556 3330 659 3384 pro
694 3328 888 3366 amore
930 3311 1138 3365 Christi
1180 3311 1369 3364 cibum
1413 3310 1745 3364 otl'erentem
1778 3318 1832 3364 et
1862 3312 2049 3381 ipsum

356 3403 769 3475 percipientem
811 3401 1046 3466 vidistis,
1080 3415 1195 3451 non
1235 3399 1560 3452 debueratis
1596 3400 1888 3454 charitatis
1922 3400 2048 3454 ofﬁ-

357 3493 509 3547 cium
568 3506 848 3544 recusare.
902 3490 1062 3541 Nunc
1120 3494 1310 3540 autem
1367 3488 1436 3540 ad
1482 3489 1893 3541 correctionem
1956 3507 2048 3543 ve—

358 3588 535 3636 stram
575 3584 843 3650 Operatur
882 3579 1003 3631 hanc
1041 3578 1205 3641 Deus,
1243 3580 1304 3629 ut
1335 3578 1455 3647 ejus
1497 3577 1889 3631 admonitione
1933 3595 2051 3631 cor-

359 3670 498 3723 recti
560 3668 791 3722 discatis
853 3667 1187 3720 charitatem
1252 3682 1379 3736 quae
1436 3670 1519 3719 est
1569 3665 1860 3719 vinculum
1915 3685 2049 3737 per-

358 3757 618 3811 fectionis
650 3756 937 3826 amplecti.
980 3758 1122 3808 Dum
1152 3755 1273 3808 haec
1305 3753 1581 3824 loquitur,
1616 3755 1890 3825 conspicit
1920 3757 2053 3809 emi.

359 3862 466 3900 nus
517 3852 629 3899 tres
678 3861 870 3899 cervas
917 3843 1165 3913 ingentis
1217 3843 1438 3908 formae,
1483 3849 1755 3914 tanquam
1803 3861 1904 3898 suo
1939 3861 2049 3897 nu—

358 3951 516 3989 mero
569 3934 856 3988 Trinitatis
905 3932 1238 4003 mysterium
1300 3932 1734 4001 prmsignantes.
1788 3935 2049 3987 [avocata

357 4040 491 4078 mox
528 4023 816 4077 Trinitatis
847 4023 1074 4085 virtute,
1109 4038 1300 4073 cervas
1324 4022 1628 4074 consistere
1663 4022 1852 4090 quoad
1882 4023 2050 4075 vellet

356 4113 479 4183 ipse
524 4113 816 4183 praecepit.
854 4112 969 4163 lllis
1016 4111 1314 4163 confestim
1348 4110 1747 4162 obedientibus
1787 4115 1841 4162 et
1880 4110 2047 4163 bruto

355 4200 489 4255 licet
536 4216 702 4253 sensu
738 4199 959 4252 nomini
992 4197 1182 4251 divino
1231 4196 1589 4263 cedentibus,
1630 4212 1693 4249 ac
1741 4196 1907 4249 tacite
1946 4199 2041 4250 ho-

355 4289 579 4343 minum
610 4289 880 4342 duritiam
913 4293 969 4340 et
1010 4286 1457 4339 inobedientiam
1499 4286 1911 4348 accusantibus,
1947 4303 2042 4339 va-

356 4379 577 4432 sculum
610 4377 825 4447 accepit
855 4380 910 4429 et
941 4376 1006 4429 ad
1039 4391 1232 4429 cervas
1261 4373 1597 4444 perveniens
1632 4391 1828 4427 earum
1870 4376 2047 4430 ubera

355 4465 567 4520 mulsit.
603 4467 746 4519 Tum
775 4481 868 4518 eas
908 4464 1065 4518 abire
1102 4464 1464 4533 permittens,
1516 4464 1658 4516 lacte
1700 4464 1855 4533 quod
1901 4466 2043 4518 mul-

356 4560 508 4608 serat
536 4554 763 4608 illorum
796 4553 894 4623 qui
922 4558 981 4606 ut
1011 4553 1296 4606 exanimes
1320 4552 1592 4622 jacebant
1620 4554 1878 4607 membra
1911 4571 2046 4624 per—

354 4634 635 4702 trectavit,
686 4635 993 4703 statimque
1046 4651 1140 4688 eos
1173 4634 1430 4704 pristinas
1475 4634 1671 4686 virtuti
1724 4640 1778 4687 et
1825 4635 2045 4689 incolu-

354 4724 542 4779 mitati
587 4724 854 4777 restituit.
908 4724 1183 4794 Praecepit
1229 4723 1434 4777 deinde
1468 4728 1529 4776 ut
1573 4723 1643 4776 ad
1676 4723 1923 4777 rivulum
1959 4740 2043 4777 re-

354 4815 501 4869 versi
542 4831 748 4885 aquam
798 4814 1114 4880 haurirent,
1151 4830 1214 4866 ac
1264 4814 1330 4867 de
1391 4813 1628 4867 sacculis
1688 4813 1842 4867 cibos
1901 4814 2045 4867 acci-

353 4903 577 4974 pientes
625 4903 826 4973 jejuna
870 4917 1108 4970 corpora
1152 4902 1491 4955 relevarent.
1545 4901 1634 4955 Sic
1674 4901 1888 4955 factum
1939 4906 2043 4965 est,

355 4998 421 5047 ut
447 4993 546 5063 qui
585 4993 743 5063 prius
774 4998 1011 5061 propter
1040 4989 1315 5043 offensam
1351 4990 1455 5043 viri
1490 4990 1669 5043 sancti
1711 5006 1885 5043 vacua
1915 5005 2048 5042 vasa

356 5087 413 5136 et
442 5087 696 5135 arentem
728 5080 913 5133 rivum
945 5078 1302 5145 invenerant,
1337 5078 1460 5147 ejus
1492 5077 1855 5147 postmodum
1880 5076 2047 5129 venia

356 5168 661 5239 impetrata
709 5172 766 5221 et
794 5167 853 5220 in
910 5165 1024 5218 rivo
1071 5180 1279 5234 aquam
1325 5164 1703 5218 sufﬁcientem
1744 5171 1800 5220 et
1841 5165 1899 5218 in
1932 5180 2048 5218 vas-

358 5257 499 5310 culis
532 5257 650 5310 suis
681 5271 834 5309 escas
864 5270 1006 5324 quas
1035 5257 1347 5322 posuerant
1379 5253 1718 5322 reperirent.

694 5371 939 5425 Praelatis
971 5367 1319 5423 obedientium
1350 5382 1459 5422 esse
1487 5368 1702 5436 probat.

429 5476 514 5529 l6.
550 5475 641 5528 Eis
674 5491 810 5545 ergo
844 5473 1341 5543 manducantibus,
1377 5479 1432 5528 et
1461 5489 1587 5543 quae
1620 5490 1754 5544 erga
1796 5490 1853 5527 se
1894 5473 2046 5545 ipsos

2160 3028 2233 3082 cti
2290 3035 2346 3082 et
2391 3030 2533 3099 justi
2590 3046 2692 3100 per
2741 3030 3026 3099 jejunium
3095 3035 3149 3083 et
3202 3030 3608 3083 abstinentiam
3688 3037 3853 3101 atque

2161 3120 2551 3187 eleemosynas
2606 3121 2717 3172 Deo
2756 3120 3093 3188 placuerint.
3159 3121 3286 3172 Hzec
3346 3120 3419 3171 ita
3465 3118 3849 3188 jactabantur.

2160 3212 2433 3277 tanquam
2492 3208 2611 3260 sola
2668 3207 3013 3260 abstinentia
3070 3208 3199 3278 quis
3246 3207 3577 3278 aliquando,
3636 3214 3693 3260 et
3750 3225 3850 3260 non

2158 3295 2430 3349 charitate
2472 3297 2813 3367 sinceraque
2844 3297 2901 3349 in
2934 3298 3115 3350 Deum
3157 3312 3350 3349 amore
3403 3303 3635 3350 sanctus
3681 3297 3849 3350 exsti—

2160 3385 2309 3437 terit.

2452 3476 2703 3543 Cappam
2734 3474 2808 3527 ad
2836 3476 2962 3529 solis
2992 3474 3212 3527 radium
3251 3474 3554 3544 suspendit.

2236 3582 2317 3631 18.
2354 3579 2498 3631 Dum
2532 3578 2647 3631 haec
2687 3579 2837 3648 apud
2873 3579 3203 3649 episcopum
3235 3585 3537 3649 geruntur,
3573 3588 3848 3649 praesente

2159 3666 2307 3719 clero
2354 3666 2628 3728 ecclesiae,
2677 3669 3016 3721 venerabilis
3059 3669 3320 3722 sacerdos
3359 3659 3596 3723 domum
3640 3672 3699 3724 in
3742 3688 3847 3741 qua

2158 3771 2287 3808 cum
2319 3755 2435 3808 suis
2467 3756 2691 3809 rusticis
2728 3757 3027 3826 episcopus
3059 3758 3395 3811 consederat
3419 3758 3715 3828 ingressus
3748 3766 3843 3823 est,

2159 3844 2442 3914 coepitque
2485 3845 2809 3914 prospicere
2846 3862 3017 3915 quam
3063 3847 3120 3899 in
3159 3851 3381 3916 partem
3415 3848 3499 3899 vel
3535 3848 3846 3919 discipulus

2158 3948 2271 4002 quo
2304 3932 2507 3986 comite
2561 3938 2792 3987 venerat
2839 3934 3197 4001 concederet,
3252 3936 3335 3989 vel
3392 3936 3510 4006 ipse
3560 3938 3844 3990 cucullum

2158 4036 2326 4074 suum
2361 4027 2554 4091 posset
2602 4023 2967 4093 appendere:
3004 4039 3131 4077 cum
3162 4039 3292 4077 ecce
3325 4024 3480 4078 videt
3527 4025 3589 4078 in
3637 4027 3845 4096 angulo

2159 4108 2364 4163 domus
2402 4115 2674 4181 tanquam
2709 4118 2923 4166 vectem
2966 4112 3221 4182 ligneum
3264 4113 3470 4183 parieti
3505 4114 3843 4179 haerentem,

2159 4198 2301 4267 (erat
2331 4204 2523 4252 autem
2554 4200 2685 4253 solis
2720 4201 2915 4254 radius
2952 4218 3053 4271 per
3088 4202 3372 4255 modicam
3415 4202 3727 4257 fenestram
3766 4204 3845 4257 in-

2158 4287 2442 4358 grediens)
2475 4288 2544 4341 ad
2576 4305 2748 4359 quem
2781 4290 3070 4355 accedens,
3097 4290 3366 4361 quoniam
3401 4296 3463 4344 ut
3491 4291 3713 4345 dictum
3746 4297 3842 4357 est,

2156 4382 2369 4431 vectem
2396 4377 2652 4447 putabat,
2683 4378 2743 4431 in
2776 4394 2843 4431 eo
2866 4395 3106 4449 cappam
3139 4396 3299 4432 suam
3328 4380 3628 4449 appendit,
3660 4382 3842 4450 juxta-

2157 4481 2267 4536 que
2290 4465 2636 4536 discipulum
2664 4470 2810 4519 stare
2840 4467 3131 4537 praecepit.
3168 4469 3363 4537 Neque
3397 4468 3733 4523 mirandum
3766 4473 3843 4522 est

2155 4554 2292 4608 solis
2317 4554 2543 4608 radium
2575 4554 2646 4608 ad
2676 4554 3017 4626 obsequium
3048 4556 3156 4609 viri
3184 4556 3362 4610 sancti
3400 4558 3543 4627 ligni
3575 4558 3838 4611 duritiam

2156 4644 2491 4714 praebuisse,
2522 4660 2651 4697 cum
2679 4644 2777 4715 qui
2812 4645 3065 4699 Creatori
3098 4646 3299 4699 devote
3332 4646 3667 4714 famulatur,
3702 4648 3753 4700 ei
3780 4648 3840 4698 sit

2158 4733 2328 4787 etiam
2355 4738 2615 4787 creatura
2637 4749 2705 4787 ex
2728 4733 3003 4787 Creatoris
3039 4735 3327 4787 voluntate
3360 4735 3635 4804 subjecta.

2406 4840 2629 4904 Magicae
2655 4844 2795 4895 artis
2822 4842 3148 4895 calumniam
3174 4857 3207 4894 a
3239 4856 3293 4895 se
3322 4843 3595 4910 propellit.

2236 4948 2314 4999 l9.
2372 4946 2485 4998 Hoc
2544 4946 2681 5001 dum
2744 4949 3041 5019 episcopus
3101 4953 3379 5013 cerneret,
3436 4948 3621 5018 quaeri
3682 4946 3835 5016 coapit

2158 5033 2295 5105 quid
2327 5033 2437 5087 sibi
2467 5036 2654 5101 vellet,
2698 5038 2846 5107 quod
2889 5038 2957 5091 ad
2989 5038 3123 5091 solis
3164 5038 3387 5091 radium
3430 5042 3644 5090 vestem
3689 5051 3830 5090 suam

2158 5124 2302 5177 Goar
2334 5125 2722 5192 appenderet:
2753 5143 2868 5180 non
2909 5142 3030 5180 esse
3071 5126 3129 5180 id
3168 5126 3347 5180 divini
3380 5126 3664 5190 miraculi,
3698 5122 3829 5194 quod

2155 5211 2327 5265 homo
2379 5212 2644 5266 infirmus
2697 5219 2854 5267 tanta
2891 5222 3235 5285 praesumat:
3287 5215 3469 5283 magis
3520 5216 3683 5268 illum
3723 5213 3827 5265 haec

2149 5299 2423 5368 jactantia
2459 5306 2515 5356 et
2556 5304 2865 5373 praestigiis
2915 5303 3050 5356 artis
3103 5302 3357 5371 magicm,
3406 5319 3583 5373 quam
3626 5298 3825 5355 virtutis

2156 5388 2359 5442 merito
2406 5390 2609 5445 facere.
2666 5392 2907 5446 Proinde
2957 5392 3244 5447 accederet
3292 5392 3529 5462 propius
3582 5396 3639 5445 et
3679 5388 3824 5443 ratio-

2156 5491 2291 5533 nem
2326 5494 2560 5534 suorum
2611 5496 2848 5552 operum
2897 5480 3193 5535 redderet:
3243 5481 3347 5534 sibi
3388 5480 3600 5535 mirum
3646 5475 3817 5535 videri.
