4044 6174
437 269 530 319 63H
1519 260 2031 316 WANDALBERTI
2074 258 2492 315 PRUMIENSIS
2530 257 2839 313 MONACHI
3802 264 3890 315 6232

439 402 582 470 quod
638 417 743 455 non
782 400 1059 463 reveletur,
1112 402 1160 449 ct
1211 398 1493 463 occultum,
1554 397 1698 465 quod
1767 413 1872 450 non
1919 398 2125 450 sciatur
2164 396 2211 449 A

442 493 658 562 (Matth.
711 493 789 557 x).
835 487 1082 542 Proinde
1133 487 1370 539 suadere
1420 502 1497 552 se,
1551 486 1634 539 uti
1676 484 1929 540 consiliis
1980 485 2133 538 salu-

438 581 635 634 bribus
666 578 1046 647 acquiescens,
1072 574 1341 643 suscipiat
1364 592 1465 645 pro
1488 578 1649 627 reatu
1670 575 1905 644 proprio
1928 574 2132 627 duram

436 667 833 738 prolixamque
889 664 1282 734 paenitentiam
1354 680 1421 716 ex
1480 664 1698 732 judicio
1754 663 2131 729 sacerdotum,

440 760 495 807 et
525 756 694 808 talem
724 771 853 825 quae
887 770 1003 806 non
1038 752 1223 805 verbis
1263 753 1624 806 solummodo
1655 757 1895 818 constet,
1935 753 2031 805 sed
2068 768 2131 804 ex

436 846 643 898 mentis
685 848 899 897 secreto
950 842 1241 913 procedat,
1301 842 1563 911 verisque
1614 842 1991 910 lacrymarum
2045 855 2137 909 ge-

441 933 679 986 mitibus
723 938 893 1003 atque
949 930 1296 983 contritione
1351 930 1586 999 spiritus
1641 931 1773 993 Deo,
1829 930 1927 1000 qui
1959 929 2133 983 vitam

438 1027 773 1076 cunctorum
836 1020 1139 1080 desideret.
1230 1018 1552 1071 satisfaciat.
1611 1018 1852 1072 Laboret
1916 1018 2133 1071 intente

439 1110 922 1182 quemadmodam
957 1107 1207 1172 diabolo,
1244 1107 1333 1160 cui
1377 1106 1678 1159 commisso
1714 1112 1870 1159 tanto
1902 1107 2131 1171 scelere,

439 1202 663 1254 lucrum
698 1200 765 1253 de
816 1214 874 1251 se
920 1196 1175 1249 lmtitiam
1218 1195 1433 1260 fecerit,
1484 1195 1775 1248 tristitiam
1825 1201 1879 1248 et
1932 1194 2131 1248 confu-

440 1289 679 1353 sionem,
723 1291 847 1340 acta
892 1286 1171 1353 condigne
1213 1284 1550 1353 peenitentia
1607 1283 1804 1349 faciat;
1863 1300 1977 1335 non
2012 1299 2133 1336 esse

441 1376 729 1445 cuiquam,
758 1374 972 1426 nedum
1004 1372 1111 1441 ipsi
1139 1372 1207 1424 de
1233 1371 1397 1424 venia
1429 1371 1867 1441 desperandum,
1903 1368 2133 1439 quando

439 1465 558 1534 ipse
594 1463 869 1516 Dominus
920 1477 1023 1530 per
1072 1460 1411 1529 prophetam
1450 1460 1684 1511 clamet:
1742 1460 1871 1511 Nolo
1915 1462 2136 1510 mortem

440 1557 761 1624 peccatoris,
799 1554 891 1607 sed
919 1558 977 1606 ut
1025 1557 1370 1605 convertatur
1413 1556 1463 1603 et
1519 1553 1686 1614 vivat,
1722 1556 1769 1603 et
1804 1553 1859 1603 in
1900 1565 2137 1617 quacun-

441 1661 541 1712 que
596 1643 688 1697 die
724 1648 970 1711 peccator
1017 1655 1299 1693 conversus
1348 1642 1540 1705 fuerit,
1593 1641 1829 1691 omnium
1862 1640 2130 1706 iniquita-

440 1738 552 1787 tum
605 1732 720 1801 ejus
790 1731 1082 1783 obliviscar
1138 1729 1343 1798 (Ezech.
1431 1730 1625 1795 xviii);
1679 1732 1734 1780 et
1800 1743 1903 1797 per
1961 1742 2018 1779 se
2072 1726 2132 1778 in

440 1820 748 1890 Evangelio
786 1819 935 1871 dicat
970 1834 981 1870 :
1033 1820 1149 1872 Non
1193 1819 1315 1870 veni
1361 1834 1550 1870 vocare
1579 1816 1781 1885 justas,
1813 1816 1905 1869 sed
1944 1831 2135 1883 pecca-

442 1916 578 1963 tores
612 1909 683 1961 ad
721 1910 1091 1976 ptenitentiam
1122 1909 1272 1975 (Luc.
1310 1910 1385 1971 v).
1422 1908 1679 1975 Cumque
1730 1905 1795 1957 ad
1843 1904 2135 1956 dimitten-

440 2000 575 2052 dum
603 2013 848 2067 superna
882 1996 1180 2049 clementia
1214 1996 1286 2047 sit
1316 2000 1533 2063 parata,
1568 1999 1834 2063 oportere
1874 1992 2137 2045 homines

441 2104 562 2141 esse
596 2087 665 2139 ad
707 2086 1103 2155 paenitendum
1144 2083 1640 2152 promptissimos;
1685 2099 1741 2135 se
1792 2098 1921 2134 vero
1962 2097 2028 2133 eo
2078 2080 2139 2133 in

442 2176 606 2229 illum
630 2190 750 2226 esse
775 2174 987 2237 animo,
1013 2178 1091 2236 ut,
1112 2173 1275 2241 juxta
1299 2171 1505 2223 virium
1533 2170 2009 2233 mediocritatem,
2037 2185 2137 2238 pro

442 2269 670 2334 peccato
704 2263 826 2332 ejus
868 2266 1085 2331 septem
1133 2260 1296 2313 annis
1330 2259 1729 2328 paenitentiam
1766 2258 2052 2327 suscipere
2085 2261 2140 2309 et

442 2366 844 2405 consummare
876 2348 1029 2411 velit,
1069 2347 1427 2417 assiduisque
1479 2346 1741 2416 precibus
1781 2350 1835 2398 et
1876 2346 2140 2398 lamentis

446 2443 623 2494 Deum
656 2456 760 2509 pro
794 2438 889 2491 illo
914 2437 1109 2505 cupiat
1134 2452 1399 2488 exorare:
1452 2451 1780 2505 quanquam
1830 2451 1943 2486 non
1975 2434 2137 2503 igno-

445 2534 531 2580 ret
561 2528 786 2580 futuros
830 2526 1024 2594 plures
1070 2525 1249 2577 bonos
1305 2530 1357 2576 et
1407 2524 1673 2577 meliores
1704 2524 1855 2575 viros
1890 2523 1986 2593 qui
2019 2523 2141 2591 ejus

446 2618 668 2685 lapsum
701 2615 970 2683 plangere
1005 2619 1060 2666 et
1086 2613 1201 2665 suis
1240 2613 1595 2665 orationibus
1646 2612 1912 2665 studeant
1960 2612 2142 2664 suble-

444 2721 597 2770 vare,
624 2704 785 2772 juxta
835 2703 975 2755 illud
1007 2700 1246 2771 apostoli
1276 2700 1467 2754 Jacobi
1496 2718 1506 2753 :
1544 2702 1706 2755 Orate
1742 2716 1842 2768 pro
1892 2702 2139 2764 invicem,

446 2799 505 2847 ut
528 2794 814 2847 salvemini
853 2790 994 2859 (Jac.
1041 2794 1117 2859 v).
1155 2790 1249 2843 His
1298 2790 1482 2843 verbis
1513 2796 1569 2842 et
1614 2789 1896 2842 similibus
1927 2789 1995 2841 ad
2028 2805 2145 2858 pas-

448 2881 750 2936 nitentiam
793 2885 847 2932 et
903 2878 1347 2932 satisfactionem
1424 2878 1759 2948 episcopum
1813 2878 2142 2930 exhortatus

449 2977 548 3034 est,
585 2975 642 3024 et
693 2970 965 3022 charitate
1023 2984 1133 3037 qua
1190 2984 1324 3036 erga
1386 2971 1616 3019 cunctos
1678 2966 1931 3019 fervebat
1988 2966 2141 3019 illius
2180 2980 2219 3034 (ς

447 3058 601 3110 casui
649 3058 1023 3126 compatiens,
1071 3056 1295 3108 veniam
1326 3055 1376 3107 ei
1422 3071 1452 3106 a
1498 3054 1737 3107 Domino
1792 3054 2138 3123 postulabat,

447 3163 670 3199 memor
714 3145 1007 3198 sententiae
1050 3144 1409 3213 apostolica}:
1462 3144 1725 3208 Quoniam
1766 3146 1862 3210 qui
1907 3145 2143 3196 converti

446 3238 637 3302 fecerit
668 3240 999 3304 peccatorcm
1047 3233 1114 3285 ab
1176 3249 1352 3286 errore
1406 3234 1505 3285 vim
1552 3247 1680 3297 suae,
1742 3231 1981 3286 saltabit
2019 3232 2139 3284 ani-

448 3341 589 3377 mam
619 3325 734 3391 ejus
765 3340 798 3375 a
838 3328 1003 3375 morte
1034 3321 1245 3391 (Ιὸἰά.).

448 3421 681 3475 Modeste
722 3420 786 3473 de
832 3435 886 3473 se
939 3435 999 3471 ac
1054 3418 1119 3471 de
1166 3420 1405 3540 ίιρὶεσᾶιιὶ
1450 3419 1671 3470 crimine
1719 3417 1987 3484 Sigiberto
2027 3431 2140 3470 res-

1192 3505 1295 3540 von
1339 3494 1406 3540 et.

1191 3494 1406 3555 pondet.

521 3590 607 3641 23.
647 3588 774 3639 Haec
800 3590 1102 3656 postquam
1134 3584 1211 3637 ita
1244 3588 1401 3653 gesta
1433 3588 1583 3648 sunt,
1630 3584 1782 3637 fama
1817 3585 2025 3638 horum
2070 3584 2141 3637 ad

452 3691 644 3745 regem
678 3674 1027 3744 Sigibertum
1066 3672 1415 3726 velocissime
1442 3673 1597 3726 venit
1624 3690 1636 3737 ;
1670 3673 1980 3744 statimque
2011 3688 2141 3726 suos

450 3765 522 3818 ad
581 3765 810 3817 beatum
854 3764 1092 3817 Goarem
1149 3763 1366 3831 legatos
1432 3762 1705 3831 dirigens,
1769 3779 1900 3816 eum
1963 3763 2033 3816 ad
2084 3778 2141 3815 se

454 3853 881 3907 accersiendum
919 3852 1154 3905 curavit.
1200 3852 1434 3923 Moxque
1480 3857 1539 3905 ut
1569 3853 1716 3923 apud
1750 3868 1807 3904 se
1846 3868 1968 3905 esse
2010 3866 2140 3921 cog-

452 3942 609 3996 novit
642 3943 903 4008 accitum,
943 3941 1261 4011 interrogat
1307 3958 1480 4011 super
1528 3942 1615 3993 his
1669 3956 1917 4009 quorum
1970 3940 2037 3993 ad
2083 3956 2141 3993 se

451 4037 597 4085 esset
628 4031 781 4083 fama
830 4030 1036 4096 delata,
1084 4029 1289 4098 legatis
1335 4029 1545 4081 scilicet
1600 4028 1853 4098 episcopi
1910 4030 1965 4081 et
2012 4027 2143 4081 feris

451 4137 591 4190 quas
624 4120 917 4176 mulserat,
960 4120 1228 4187 episcopo
1271 4132 1498 4186 quoque
1536 4116 1660 4185 ipso
1696 4122 1749 4169 et
1777 4116 2015 4182 infante,
2045 4117 2144 4186 qui

450 4211 658 4275 praeter
691 4211 915 4275 tempus
948 4210 1095 4256 esset
1125 4205 1347 4256 locutus
1387 4203 1582 4257 aetatis.
1623 4204 1707 4257 Ad
1738 4203 1857 4257 haec
1889 4220 2015 4257 cum
2047 4205 2143 4257 ille

451 4294 594 4347 nihil
651 4294 885 4347 omnino
944 4292 1338 4361 responderet,
1391 4308 1462 4345 ne
1513 4291 1651 4362 quid
1710 4293 1777 4346 de
1835 4310 1892 4345 se
1929 4294 2141 4363 passim

443 4383 660 4451 jactare
713 4382 1021 4445 videretur,
1080 4385 1401 4433 commotus
1453 4397 1543 4433 rex
1608 4398 1708 4451 per
1759 4382 2141 4436 obedientiam

452 4486 624 4540 quam
659 4470 777 4538 ipse
808 4469 890 4522 vir
920 4469 1017 4521 Dei
1050 4468 1305 4539 regibus,
1346 4468 1814 4540 principibusque
1863 4475 1921 4524 et
1968 4486 2143 4524 sacer-

452 4559 683 4612 dotibus
712 4559 935 4618 debeat,
965 4557 1224 4627 praecipit
1252 4564 1313 4609 ut
1336 4574 1561 4627 semper
1595 4561 1803 4628 quibus
1836 4558 2146 4630 interroga-

454 4652 610 4700 retur
638 4664 740 4717 per
771 4648 1034 4700 ordinem
1062 4647 1331 4716 aperiret.
1372 4648 1514 4700 Tum
1545 4648 1778 4700 demum
1808 4649 2143 4701 necessitate

452 4737 797 4805 compulsus,
847 4751 911 4788 ex
959 4740 1364 4805 percunctante
1420 4752 1554 4805 rege
1615 4736 1820 4805 quaerit
1875 4753 2002 4806 quae
2033 4738 2147 4790 sint

452 4841 580 4894 quas
615 4841 648 4878 a
678 4841 735 4877 se
794 4823 931 4876 velit
978 4824 1191 4877 audire.
1227 4824 1366 4878 Cum
1402 4824 1495 4876 ille
1530 4824 1597 4877 de
1652 4823 1854 4895 legatis
1907 4829 1963 4877 et
1989 4823 2142 4889 feris,

453 4918 622 4983 atque
648 4912 916 4983 episcopo
952 4929 1009 4965 se
1045 4929 1303 4982 quaerere
1338 4912 1741 4983 respondisset,
1775 4917 2029 4982 :sanctus
2058 4912 2147 4965 vir

451 5002 617 5070 petiit
653 5008 715 5055 ut
743 5002 865 5071 ipse.
898 5018 992 5054 rex
1028 5002 1521 5071 quemadmodum
1561 5018 1652 5054 res
1684 5006 1867 5071 gestas
1893 5002 2147 5054 audisset

452 5088 721 5142 ediceret.
759 5090 825 5141 Lit
857 5088 959 5141 hoc
992 5104 1023 5140 a
1067 5103 1197 5157 rege
1229 5088 1439 5141 factum
1472 5093 1575 5154 est,
1629 5094 1684 5140 et
1723 5104 1824 5157 per
1861 5088 2142 5154 ordinem,

453 5182 517 5230 ut
539 5193 732 5229 rerum
773 5181 1063 5246 gestarum
1115 5176 1253 5229 ﬁdes
1286 5176 1356 5228 ad
1408 5192 1466 5229 se
1511 5174 1864 5244 pervenisset
1911 5176 2143 5245 explici—

454 5270 600 5329 tum,
633 5264 829 5317 beatus
860 5264 1007 5317 Guar
1036 5264 1332 5332 subjunxit
1359 5280 1370 5316 :
1412 5263 1808 5317 Obedientiam
1856 5265 2145 5333 negligere

454 5369 567 5405 non
599 5352 969 5414 debeo,nihil
1024 5358 1215 5405 tamen
1268 5351 1423 5405 aliud
1474 5368 1541 5404 ex
1600 5368 1689 5405 me
1748 5352 1945 5405 audies
1973 5368 2146 5422 quam

454 5440 611 5508 quod
636 5441 754 5510 ipse
779 5440 991 5506 dixisti,
1027 5456 1159 5493 nam
1183 5440 1308 5493 aliis
1338 5441 1415 5493 sic
1448 5440 1673 5494 videtur
1706 5441 1917 5495 factum
1945 5457 2144 5511 quem-

455 5528 763 5582 admodum
795 5529 874 5581 ibi
904 5531 1145 5583 relatum
1175 5534 1279 5582 est.

2762 396 3147 462 EpiscOpatum
3176 399 3407 447 recusat.

2312 519 2399 571 '25.
2431 519 2587 571 Tunc
2633 533 2729 571 rex
2776 516 3152 570 admiratione
3205 517 3475 587 repletus,
3528 519 3687 589 coepit
3726 521 3891 589 palam

2243 607 2509 660 omnibus
2540 622 2808 659 enarrare
2862 621 2989 676 quae
3046 606 3166 675 ipse
3213 606 3280 658 de
3333 606 3439 658 viri
3488 608 3659 659 sancti
3707 608 3894 661 actibus

2244 696 2581 767 agnovisset.
2647 696 2905 764 Cumque
2987 695 3107 747 haec
3151 699 3612 764 prosequeretur,
3672 697 3893 750 universi

2245 786 2555 839 acclamare
2588 784 2826 853 dignum
2869 799 2989 836 esse
3028 784 3270 837 Goarem
3319 784 3440 853 qui,
3475 785 3702 853 expulso
3728 785 3894 839 Busti-

2242 891 2331 942 co,
2361 874 2723 929 Trevirorum
2765 873 3061 944 episcopus
3108 873 3290 940 ﬁeret,
3322 889 3437 925 non
3485 873 3541 925 id
3586 878 3763 926 actum
3794 874 3895 928 sine

2242 964 2602 1016 ordinatione
2660 962 2870 1026 divina,
2932 961 3137 1015 debere
3200 978 3441 1031 praeesse
3486 961 3734 1015 Ecclesiae
3785 978 3896 1016 eum

2243 1050 2341 1121 qui
2373 1050 2549 1120 signis
2595 1056 2651 1103 et
2706 1049 3033 1115 virtutibus,
3074 1050 3320 1119 vitaeque
3374 1050 3593 1102 meritis
3624 1052 3894 1119 pastoralis

2245 1140 2415 1192 ofticii
2444 1139 2780 1209 dignitatem
2811 1144 3004 1209 posset
3047 1138 3105 1190 in
3153 1138 3419 1191 omnibus
3468 1139 3753 1191 adornare.
3799 1140 3895 1192 Rex

2244 1229 2416 1282 etiam
2452 1229 2578 1281 laeto
2610 1234 2663 1281 et
2695 1228 2864 1280 alacri
2907 1230 3099 1280 animo
3144 1227 3580 1280 acclamantium
3627 1244 3779 1280 voces
3823 1245 3899 1280 cu-

2242 1317 2438 1387 piebat
2467 1317 2727 1386 implere.
2784 1318 3001 1386 Itaque,
3036 1332 3165 1369 cum
3220 1316 3407 1369 favore
3438 1333 3633 1369 eorum
3664 1318 3753 1386 qni
3784 1318 3897 1370 ade-

2243 1412 2373 1460 rant
2404 1408 2764 1459 sacerdotum
2795 1410 2849 1458 et
2897 1406 3213 1474 primorum
3266 1405 3482 1474 palatii,
3537 1406 3791 1475 praecepit
3832 1406 3899 1458 uti

2245 1498 2638 1565 episcopatum
2679 1494 2966 1563 jamdictze
3021 1494 3278 1546 Ecclesia?
3315 1495 3462 1547 Goar
3503 1495 3787 1563 acciperet.
3818 1494 3898 1545 llle

2242 1602 2377 1638 vero
2409 1586 2507 1654 qui
2538 1600 2653 1637 non
2693 1602 2793 1636 sua
2826 1588 3129 1653 quaereret,
3166 1585 3264 1636 sed
3296 1600 3423 1653 quae
3453 1583 3711 1651 aliorum,
3741 1589 3792 1636 et
3819 1583 3902 1652 qui

2173 1681 2212 1733 Β
2247 1673 2387 1727 illud
2421 1673 2526 1725 viri
2552 1672 2825 1741 sapientis
2855 1688 3098 1735 servare,
3136 1673 3302 1724 sciret
3328 1688 3340 1737 ;
3371 1672 3583 1736 Quanto
3614 1686 3821 1737 magnus
3840 1687 3898 1731 es,

2244 1764 2473 1815 humilia
2518 1768 2565 1815 te
2613 1764 2671 1814 in
2721 1761 2965 1813 omnibus
3024 1762 3211 1829 (Eccli.
3248 1762 3327 1829 ιιι)
3363 1778 3375 1825 ;
3409 1767 3464 1812 et
3498 1760 3639 1813 illud
3672 1760 3903 1812 Domini~

2245 1867 2371 1903 cum
2395 1867 2408 1916 ;
2435 1851 2564 1905 Cum
2596 1851 2778 1902 omnia
2802 1852 3065 1913 feceritis,
3101 1850 3281 1913 dicite,
3313 1851 3454 1901 servi
3484 1850 3698 1901 inutiles
3725 1862 3898 1909 sumus,

2246 1940 2391 2009 quod
2448 1940 2727 1992 debuimus
2772 1941 2952 2003 facere
3000 1940 3226 2003 fecimus
3285 1938 3433 2007 (Luc.
3483 1938 3639 2005 xvu),
3695 1952 3901 1989 moerere

2246 2035 2301 2081 et
2326 2027 2668 2093 contristari,
2705 2026 2969 2097 regisque
2998 2026 3305 2095 imperium
3336 2027 3583 2095 graviter
3614 2026 3772 2087 ferre,
3800 2041 3902 2076 me-

2248 2116 2471 2185 liusque
2504 2116 2689 2168 dicere
2730 2116 2833 2167 sibi
2881 2130 3000 2166 esse
3036 2114 3180 2166 mori
3227 2130 3397 2183 quam
3448 2114 3696 2183 episc0pi
3740 2114 3901 2166 sedem

2249 2203 2521 2272 arripere,
2554 2204 2761 2256 debere
2791 2219 2983 2273 regem
3033 2203 3090 2254 in
3139 2203 3427 2255 sacerdote
3463 2203 3712 2255 divinam
3757 2202 3904 2254 consi-

2250 2293 2451 2345 derare
2504 2293 2800 2346 scientiam
2867 2310 2980 2362 qua
3031 2292 3283 2345 dicitur:
3328 2294 3443 2347 Non
3509 2298 3587 2345 est
3640 2292 3905 2359 discipulus

2246 2396 2408 2450 super
2464 2386 2810 2449 magistrum,
2870 2397 3039 2448 neque
3100 2396 3283 2433 servus
3336 2381 3515 2447 major
3571 2382 3781 2433 Domino
3829 2394 3903 2431 suo

2249 2472 2465 2537 (Matth.
2500 2470 2551 2538 x)
2588 2487 2601 2535 ;
2636 2476 2688 2522 et
2720 2487 2731 2523 :
2768 2470 2829 2524 Si
2872 2474 3085 2538 patrem
3143 2470 3390 2532 familias
3444 2468 3733 2522 Beelzebud
3776 2482 3902 2518 voca-

2248 2565 2458 2623 verunt,
2512 2564 2713 2626 quanto
2762 2561 2936 2625 magis
3009 2558 3321 2610 domesticos
3388 2556 3504 2625 ejus
3556 2557 3904 2625 (lbid.)?non

2250 2666 2372 2701 esse
2400 2649 2730 2718 negandum
2764 2650 3027 2717 episcopo
3059 2646 3403 2716 pcenitentiae
3438 2651 3645 2705 locum,
3679 2644 3904 2697 omnium

2250 2739 2309 2789 in
2341 2737 2493 2789 caelis
2527 2753 2714 2804 regem
2751 2752 2871 2788 esse
2912 2736 3010 2804 qui
3043 2736 3110 2787 de
3143 2735 3386 2803 singulis
3406 2735 3645 2803 judicet,
3679 2750 3708 2785 a
3730 2750 3831 2803 quo
3857 2737 3907 2783 ut

2250 2827 2384 2879 velit
2412 2827 2531 2896 ipse
2576 2842 2669 2878 rex
2704 2825 2811 2877 sibi
2860 2830 3090 2895 peccata
3120 2823 3352 2887 dimitti,
3398 2824 3477 2876 sic
3519 2823 3717 2876 debeat
3747 2821 3903 2875 Rusti-

2250 2931 2379 2967 cum
2426 2914 2757 2984 permittere
2806 2920 2866 2965 ut
2905 2929 2970 2965 ex
3017 2912 3114 2963 illo
3156 2928 3384 2964 suorum
3438 2918 3667 2964 actuum
3715 2909 3905 2962 veniam

2252 3002 2485 3055 sedulus
2514 3006 2777 3070 expetat;
2830 3017 2948 3053 non
3003 3016 3122 3053 esse
3170 3004 3286 3051 tam
3337 3000 3502 3052 facile
3564 2998 3905 3068 dejiciendum

2252 3090 2437 3144 oflicio
2472 3090 2846 3150 sacerdotem,
2879 3090 3110 3159 quando
3153 3104 3352 3140 omnes
3402 3090 3673 3141 mortales
3712 3086 3907 3155 fragiles

2252 3180 2430 3232 simus
2477 3186 2533 3232 et
2580 3179 2648 3231 ad
2698 3179 3047 3249 peccandum
3089 3193 3152 3231 ex
3201 3177 3387 3229 carnis
3436 3177 3762 3229 infirmitate
3798 3190 3904 3243 pro-

2250 3268 2440 3321 clives.

2675 3382 2812 3447 Rege
2839 3384 3059 3447 urgente
3082 3380 3331 3433 inducias
3356 3383 3519 3449 petit.

2320 3501 2407 3550 25.
2467 3497 2552 3550 Ad
2608 3496 2729 3549 haec
2794 3512 2923 3565 quae
3016 3495 3131 3548 visa
3203 3500 3335 3548 sunt
3420 3511 3515 3548 rex
3611 3491 3900 3563 respondit:

2252 3585 2432 3639 exitus
2481 3591 2671 3637 tamen
2724 3584 3001 3637 orationis
3085 3583 3208 3650 fuit,
3285 3599 3343 3636 se
3428 3600 3617 3654 neque
3675 3583 3902 3652 episcopo

2252 3673 2649 3745 paenitentiam
2692 3674 2995 3742 denegare,
3042 3678 3096 3725 et
3140 3672 3390 3725 consiliis
3432 3673 3559 3741 ejus
3614 3688 3713 3742 per
3766 3684 3906 3740 quem

2251 3764 2387 3817 talia
2434 3762 2547 3815 sint
2610 3765 2831 3831 patrata
2893 3760 3169 3814 miracula
3226 3761 3373 3814 velle
3422 3760 3481 3814 id
3532 3760 3788 3813 omnibus
3826 3755 3905 3807 ob-

2251 3852 2444 3915 edire;
2502 3866 2685 3920 neque
2759 3855 2950 3903 tamen
3036 3866 3199 3919 posse
3281 3850 3647 3903 sacerdotum
3728 3848 3911 3898 senten-

2250 3941 2346 3994 tiae
2407 3944 2462 3993 et
2513 3939 2728 4009 judicio
2786 3938 2983 4009 populi
3040 3938 3342 4005 contraire,
3412 3938 3556 4008 quin
3623 3938 3798 4007 ipsum
3861 3936 3909 3984 ut

2252 4033 2481 4099 petatur
2542 4028 2611 4081 ad
2686 4027 3081 4097 episcopatum
3165 4027 3332 4081 faciat
3394 4026 3738 4096 promoveri.
3784 4024 3910 4074 Tunc

2253 4118 2341 4169 vir
2372 4116 2779 4181 sanctissimus,
2809 4116 2902 4169 ubi
2936 4115 3220 4169 obstinate
3249 4115 3358 4169 sibi
3389 4131 3592 4184 regem
3620 4114 3752 4169 vidit
3784 4109 3907 4164 obsi-

2254 4212 2420 4270 stere,
2455 4205 2748 4258 humiliter
2775 4220 2907 4257 eum
2951 4208 3167 4257 etcum
3216 4204 3483 4273 lacrymis
3534 4203 3718 4274 petiit,
3758 4204 3813 4254 ut
3835 4213 3909 4250 co-

2253 4294 2407 4365 piam
2453 4294 2559 4346 sibi
2604 4293 2781 4346 eundi
2821 4292 2889 4345 ad
2941 4293 3205 4345 cellulam
3249 4291 3545 4361 prOpriam
3596 4292 3811 4349 faceret,
3848 4282 3909 4335 uti

2251 4399 2441 4437 secum
2473 4382 2806 4452 aliquandiu
2841 4381 3075 4434 liberius
3104 4386 3367 4448 tractare,
3399 4384 3456 4433 et
3485 4380 3567 4433 sic
3599 4379 3818 4432 demum
3845 4370 3907 4423 illl

2252 4472 2407 4542 quod
2461 4470 2749 4524 videretur
2799 4486 3118 4539 congruum
3176 4468 3530 4538 respondere
3591 4468 3807 4520 valeret.
3864 4457 3908 4511 Id

2253 4559 2522 4614 continuo
2556 4576 2688 4628 rege
2722 4559 3107 4628 permittente,
3142 4562 3197 4611 et
3226 4563 3288 4609 ut
3319 4562 3446 4627 post
3488 4556 3695 4626 viginti
3727 4553 3831 4607 dies
3857 4546 3908 4599 ad

2253 4665 2311 4702 se
2342 4648 2827 4702 Mediomatricum
2858 4648 3077 4713 urbem,
3116 4663 3243 4716 quae
3278 4662 3432 4700 nunc
3470 4646 3659 4699 Mettis
3693 4644 3909 4695 vocatur.

2254 4736 2442 4789 redire
2482 4734 2874 4804 praecipiente,
2908 4734 3137 4788 recessit
3170 4734 3237 4787 ad
3282 4734 3575 4799 cellulam,
3624 4730 3771 4786 aliud
3814 4727 3909 4779 sine

2256 4824 2431 4877 dubio
2463 4824 2695 4878 interim
2726 4839 2893 4893 agere
2943 4823 3252 4893 disponens
3295 4840 3408 4893 quo
3444 4824 3631 4894 possit
3668 4819 3807 4891 regis
3834 4815 3908 4868 de-

2254 4914 2466 4966 clinare
2512 4912 2891 4982 propositum.
2958 4912 3026 4966 Ut
3076 4928 3212 4982 ergo
3276 4912 3541 4983 pervenit
3601 4911 3667 4965 ad
3722 4908 3906 4962 cellam.

2256 5018 2376 5055 sese
2406 5002 2464 5054 in
2515 5001 2829 5055 orationem
2879 5006 3266 5071 prosternens,
3314 5001 3627 5053 Dominum
3669 4992 3911 5067 cmpitin-

2255 5096 2410 5144 tente
2444 5097 2501 5143 et
2530 5106 2657 5143 cum
2702 5089 2919 5159 gemitu
2964 5089 3278 5159 deprecari,
3325 5094 3387 5142 ut
3418 5105 3475 5141 se
3509 5107 3542 5142 a
3574 5093 3728 5141 tanto
3770 5094 3909 5137 onere

2254 5194 2405 5234 cura:
2454 5180 2753 5248 pastoralis
2813 5177 3255 5231 misericorditer
3304 5178 3647 5248 dignaretur
3687 5175 3908 5243 eripere;

2256 5266 2516 5320 sufﬁcere
2544 5267 2651 5319 sibi
2678 5272 2741 5319 ut
2770 5272 2982 5320 secreto
3017 5272 3073 5320 et
3104 5267 3161 5319 in
3207 5266 3414 5320 abditis
3440 5264 3797 5319 conscientia:
3825 5254 3909 5326 ipsi

2255 5356 2458 5409 diebus
2497 5356 2628 5409 vitae
2659 5372 2775 5409 suae
2808 5355 3063 5420 serviret,
3090 5372 3196 5409 nec
3218 5371 3275 5409 se
3305 5370 3468 5424 posse
3492 5370 3642 5407 onus
3668 5348 3809 5422 quod
3836 5356 3910 5398 rex

2256 5443 2424 5495 vellet
2458 5442 2755 5512 imponere
2810 5442 3108 5495 sustinere.
3160 5443 3414 5512 Cumque
3468 5441 3531 5494 in
3567 5441 3657 5494 his
3685 5434 3911 5509 precibus

2256 5530 2563 5601 persistens
2601 5531 2972 5600 semetipsum
3019 5530 3317 5600 afﬂigeret,
3379 5546 3445 5583 ex
3493 5529 3785 5582 voluntate
3832 5517 3905 5574 Dei
