4044 6174
127 290 210 337 otii}

1214 283 1302 338 DE
1343 282 1505 339 VITA
1545 285 1635 340 ET
1674 286 2049 341 MIRACULIS
2090 285 2143 339 S.
2189 287 2462 343 GOARIS.

3480 294 3582 347 utili

122 423 253 475 febre
281 419 449 472 valida
482 423 772 487 correptus
816 421 1095 487 aegrotare
1126 419 1314 489 coepit,
1349 425 1403 473 et
1434 421 1604 490 longo
1654 438 1778 475 cor-
1818 423 1861 476 A
1896 421 2111 485 Quibus
2144 422 2236 475 ille
2278 423 2567 491 respondit
2601 441 2612 477 :
2668 424 2867 478 Petitio
2902 442 3030 479 mea
3074 427 3191 480 sola
3233 427 3353 481 haec
3403 434 3487 482 est
3518 434 3584 483 ut

120 511 247 581 poris
288 508 639 562 incommodo
673 508 918 577 fatigari.
964 508 1106 571 Quid
1157 509 1363 578 plura?
1404 510 1494 563 Sic
1534 527 1622 563 res
1672 528 1769 565 ac-

118 600 232 655 cidit
268 604 318 652 et
363 614 488 650 eum
538 596 739 650 habuit
788 596 1022 661 exitum,
1072 602 1136 650 ut
1181 614 1354 668 quem
1399 603 1526 667 post
1567 600 1771 669 viginti

118 690 309 743 dierum
355 702 647 740 excursum
693 686 945 739 visurum
999 703 1057 739 se
1107 702 1198 739 rex
1241 688 1618 740 aestimavcrat
1669 706 1770 743 nec

116 780 161 831 in
188 783 381 846 septem
433 792 708 828 annorum
749 776 930 844 spatio
963 776 1196 829 videret.
1247 782 1431 846 Atque
1481 794 1545 830 eo
1598 779 1769 831 modo

115 868 234 919 circa
265 865 531 918 famulum
582 880 750 916 suum
799 864 988 917 divina
1047 864 1410 917 Providentia
1443 866 1577 934 agit,
1624 872 1683 918 ut
1715 873 1771 919 et

116 955 403 1009 instantiam
435 953 580 1023 regis
607 953 672 1005 ad
704 954 1096 1023 episcopatum
1129 969 1185 1005 se
1220 954 1502 1022 cupientis
1544 970 1770 1023 promo-

114 1061 218 1096 vere
246 1042 561 1105 declinaret,
613 1049 663 1094 et
715 1041 867 1110 quod
912 1041 1176 1111 episcopo
1241 1042 1525 1109 pollicitus
1579 1043 1769 1095 fuerat

115 1138 295 1201 septem
320 1132 524 1184 scilicet
544 1146 825 1182 annorum
848 1146 953 1199 pro
975 1146 1041 1182 eo
1064 1130 1538 1199 supplicationem
1560 1130 1687 1183 licet
1712 1131 1767 1183 in

116 1222 403 1274 infirmitate
438 1219 653 1290 positus
684 1219 1043 1287 adimpleret.
1097 1220 1235 1271 Nam
1266 1234 1393 1270 cum
1437 1219 1594 1271 omni
1640 1219 1766 1271 vitae

116 1327 208 1362 sua!
234 1315 496 1378 tempore,
521 1313 640 1360 tum
674 1308 919 1360 maxime
939 1307 1048 1359 illis
1071 1313 1287 1375 septem
1316 1308 1479 1359 anuis
1520 1307 1767 1359 orationi

117 1398 310 1463 vacavit,
342 1413 507 1450 orans
539 1397 683 1449 sicut
713 1396 1021 1465 Apostolus
1055 1396 1317 1465 praecipit
1345 1413 1448 1465 pro
1501 1397 1768 1450 omnibus

116 1486 422 1549 hominibus,
456 1502 557 1555 pro
593 1484 822 1554 regibus
854 1488 909 1535 et
936 1484 1203 1535 omnibus
1240 1484 1335 1553 qui
1395 1484 1451 1535 in
1502 1484 1766 1536 sublimi-

117 1582 203 1627 tate
227 1580 373 1627 erant
395 1580 455 1627 ut
498 1573 752 1643 quietam
799 1578 853 1623 et
884 1572 1253 1641 tranquillam
1298 1573 1470 1625 vitam
1534 1579 1769 1641 agerent

117 1664 161 1716 in
186 1663 321 1716 omni
348 1662 557 1733 pietate
589 1666 643 1714 et
672 1661 928 1714 castitate
962 1661 1005 1729 (ι
1036 1663 1170 1713 Tim.
1198 1662 1274 1725 ii).
1322 1661 1543 1714 Eisdem
1578 1666 1766 1713 autem

117 1753 247 1805 annis
273 1757 481 1821 septem
529 1750 756 1812 exactis,
790 1749 912 1802 sine
958 1749 1271 1802 cessatione
1316 1749 1594 1818 lacrymas
1640 1750 1767 1802 fun-

117 1842 270 1908 debat,
299 1847 349 1893 et
377 1841 602 1893 assidue
634 1838 941 1894 Dominum
986 1839 1347 1907 pri-cabatur,
1394 1854 1616 1891 memor
1650 1838 1769 1908 ejus

116 1930 367 1982 sententiae
416 1946 428 1981 :
475 1928 749 1999 quoniam
797 1926 893 1997 qui
944 1928 1231 1980 seminant
1272 1927 1328 1979 in
1392 1927 1655 1996 lacrj'mis
1708 1928 1768 1980 in

117 2018 285 2086 gaudio
324 2023 536 2071 metent
564 2017 727 2087 (Psal.
764 2015 920 2085 cxxv)
948 2033 960 2079 ;
995 2021 1049 2067 et
1080 2016 1260 2067 sciens
1290 2016 1464 2068 finem
1493 2016 1619 2068 vitm
1651 2032 1767 2070 suae

117 2124 205 2160 non
232 2109 459 2161 multum
491 2106 710 2169 abesse,
740 2105 1093 2174 cupiensque
1124 2103 1355 2156 dissolvi
1384 2110 1439 2156 et
1483 2120 1604 2157 esse
1637 2120 1764 2156 cum

117 2196 297 2248 Christo
324 2196 544 2265 (Philip.
578 2195 660 2261 ii).

254 2304 575 2369 Sigibertum
606 2317 719 2369 pra:
745 2302 1063 2367 inﬁrmitate
1089 2300 1243 2353 adire
1264 2316 1367 2353 non
1390 2306 1585 2368 potest.

170 2412 240 2463 '26.
288 2410 474 2479 Itaque
542 2412 844 2477 postquam
911 2422 1193 2459 annorum
1239 2412 1459 2475 septem
1516 2406 1763 2476 spatium

119 2500 361 2551 evolutum
393 2501 535 2561 erat,
572 2496 856 2566 Sigiberto
887 2495 1008 2565 regi
1045 2494 1104 2547 in
1138 2501 1385 2547 mentem
1426 2495 1580 2548 venit
1626 2496 1761 2566 quid

119 2604 257 2656 super
280 2592 462 2640 sancto
497 2588 678 2640 Goare
711 2590 826 2637 tam
854 2584 975 2642 sibi,
1011 2600 1183 2653 quam
1216 2584 1430 2653 p0pulo
1462 2589 1517 2636 et
1566 2600 1763 2654 proce-

118 2677 243 2729 ribus
269 2675 453 2746 palatii
496 2673 829 2745 placuisset;
892 2678 1059 2742 atque
1108 2689 1136 2724 e
1166 2672 1405 2741 vestigio
1444 2672 1643 2741 legatis
1692 2673 1761 2725 ad

118 2766 247 2818 illum
289 2765 485 2829 missis,
543 2767 670 2816 orat
716 2762 798 2814 uti
845 2764 909 2813 ad
944 2777 1001 2813 se
1052 2760 1247 2812 venire
1282 2760 1503 2813 debeat.
1538 2760 1648 2813 Sed
1679 2761 1766 2813 vir

118 2852 283 2920 spiritu
305 2854 394 2906 Dei
425 2853 656 2922 plenus,
689 2850 787 2920 qui
817 2850 987 2901 sciret
1021 2848 1453 2901 dissolutionem
1491 2847 1599 2901 sibi
1639 2865 1763 2901 cor-

116 2941 237 3006 poris
262 2942 576 3006 imminere,
613 2939 812 3009 legatis
855 2937 1187 3008 prophetica
1227 2952 1363 2989 voce
1416 2936 1714 3005 respondit
1747 2952 1760 2990 :

119 3028 275 3095 Dicite,
305 3030 482 3095 filioli,
512 3029 748 3083 domino
781 3033 987 3089 vestro,
1031 3026 1303 3095 quoniam
1336 3024 1539 3077 faciem
1574 3040 1759 3077 meam
1801 3020 1840 3073 C

117 3133 202 3170 non
224 3125 297 3172 est
325 3120 380 3172 in
424 3118 697 3188 prmsenti
746 3116 859 3169 vita
904 3116 1145 3181 visurus,
1182 3114 1290 3167 nisi
1320 3114 1465 3167 forte
1514 3113 1647 3166 velit
1691 3113 1760 3166 ad

116 3207 331 3261 cellulam
375 3214 630 3261 nostram
680 3207 802 3275 ipse
856 3204 1066 3269 venire,
1117 3202 1392 3273 quoniam
1441 3201 1764 3254 inﬁrmitati

117 3296 396 3361 gravissima
424 3296 897 3365 comprehensus,
942 3308 1223 3362 nusquam
1259 3291 1530 3361 progredi
1569 3291 1759 3356 valeo;

118 3398 392 3453 quanquam
437 3385 563 3437 haec
612 3384 821 3436 divinas
869 3382 1094 3452 pietatis
1150 3380 1377 3450 ﬂagella
1426 3380 1597 3449 longe
1653 3380 1765 3433 sint

116 3472 226 3523 meis
250 3472 451 3525 meritis
482 3471 717 3525 leviora.
770 3471 895 3523 Haec
936 3486 1065 3522 cum
1117 3469 1284 3538 legati
1316 3469 1387 3521 ad
1435 3484 1630 3537 regem
1682 3483 1764 3520 re-

116 3574 285 3625 sponsa
327 3561 713 3631 pertulissent,
768 3558 1131 3612 contristatus
1177 3558 1271 3611 ille
1312 3558 1502 3611 dicere
1549 3554 1759 3625 coepit:

121 3662 210 3701 non
234 3665 338 3703 esse
372 3667 427 3703 se
458 3650 701 3719 dignum
744 3648 916 3701 talem
950 3646 1162 3699 habere
1214 3646 1522 3707 doctorem,
1574 3659 1763 3714 neque

120 3736 302 3801 plebem
339 3755 461 3808 quae
492 3742 720 3791 tantum
744 3740 1060 3789 mereretur
1090 3734 1377 3804 possidere
1411 3734 1761 3814 pqntiﬁcem.

117 3822 231 3878 Misit
257 3830 437 3880 tamen
464 3826 657 3880 adhuc
705 3824 862 3889 alios,
896 3840 998 3892 per
1033 3839 1173 3893 quos
1216 3821 1385 3891 petiit
1429 3821 1651 3882 obnixe,
1700 3826 1762 3875 ut

118 3927 261 3982 usque
302 3916 361 3969 ad
384 3930 551 3968 suam
592 3912 951 3984 praesentiam
1004 3911 1089 3963 vir
1135 3914 1359 3963 sanctus
1407 3909 1628 3978 fatigati
1681 3908 1767 3961 di-

118 4008 363 4071 gnaretur,
410 4020 598 4075 neque
636 4018 694 4055 se
744 3999 1089 4055 desideranti
1121 4014 1469 4069 magnOpere
1518 3997 1767 4067 principi

118 4090 395 4162 denegaret.
443 4093 554 4157 Qui
606 4096 669 4146 ut
718 4095 1000 4144 venerunt
1048 4104 1272 4143 servum
1328 4087 1533 4142 Christi
1584 4088 1764 4139 multo

117 4180 316 4234 validius
346 4183 497 4235 febre
548 4181 908 4235 laborantem
942 4183 996 4230 et
1044 4177 1319 4247 prolixius
1368 4180 1763 4245 aegrotantem,

118 4274 252 4336 atque
271 4273 323 4323 in
344 4272 439 4324 Dei
462 4270 727 4324 laudibus
743 4268 960 4339 jugiter
974 4267 1374 4337 persistentem
1400 4265 1761 4317 invenerunt.

118 4355 291 4417 Quibus
322 4362 465 4429 apud
500 4377 559 4413 se
590 4360 788 4429 positis
827 4359 911 4410 vir
944 4356 1333 4411 sanctissimus
1382 4354 1461 4407 ait
1490 4369 1502 4406 :
1558 4352 1763 4413 Nolite,

120 4444 440 4513 0ﬁlioli,aut
474 4466 576 4502 vos
606 4449 774 4517 ipsos,
827 4450 925 4499 aut
976 4460 1171 4515 regem
1225 4448 1477 4496 vestrum
1527 4440 1768 4494 ulterius

120 4532 335 4603 fatigare,
367 4538 639 4607 quoniam
672 4540 889 4589 certum
920 4534 1100 4587 habeo
1127 4537 1184 4585 et
1212 4532 1289 4585 ita
1320 4548 1383 4583 ex
1416 4531 1627 4600 pietate
1674 4543 1767 4580 su-

120 4634 264 4686 perna
291 4626 534 4691 conﬁdo,
588 4642 678 4678 me
722 4639 909 4693 neque
954 4626 1111 4676 extra
1155 4619 1403 4690 spatium
1452 4618 1561 4671 loci
1604 4616 1770 4669 istius

121 4712 323 4779 amplius
366 4730 753 4783 egressurum,
790 4728 976 4782 neque
1007 4712 1183 4764 ullam
1215 4708 1566 4763 evectionem
1599 4706 1770 4757 aliam

120 4813 259 4865 quam
287 4803 351 4856 ad
373 4804 726 4872 sepulturam
754 4801 1045 4870 propriam
1078 4799 1423 4851 subiturum.
1447 4796 1524 4848 Ita
1555 4794 1612 4846 in
1636 4808 1769 4862 pro-

121 4888 269 4952 posito
293 4908 652 4960 permanens,
694 4890 837 4943 ﬁxus
884 4889 945 4942 in
991 4888 1090 4941 Dei
1123 4886 1386 4941 laudibus
1418 4888 1475 4937 et
1512 4882 1770 4936 oratione

122 4973 338 5031 durabat.

123 5089 382 5157 Sepultum
433 5110 543 5149 sua:
597 5096 766 5149 locum
817 5097 867 5146 et
918 5093 1193 5145 ministros
1260 5106 1293 5143 α
1338 5105 1457 5155 rege
1508 5086 1770 5158 postulat.

175 5208 248 5261 27.
280 5211 418 5263 Tum
446 5210 603 5263 missi
628 5209 710 5263 illi
742 5208 838 5278 qui
869 5207 935 5261 ad
977 5223 1107 5260 eum
1159 5210 1462 5269 venerant,
1497 5204 1633 5274 quid
1667 5202 1775 5255 sibi

122 5306 202 5359 per
226 5296 367 5366 ipsos
411 5300 479 5352 ab
536 5314 666 5368 rege
722 5297 893 5350 vellet
939 5294 1237 5365 impetrari
1295 5292 1778 5363 percontabantur

1881 512 1928 563 si
1963 511 2013 563 ei
2037 512 2238 580 placet,
2277 511 2344 564 de
2385 511 2490 564 hoc
2538 513 2661 565 loco
2692 515 3188 584 amplificationem
3238 516 3579 571 meritorum

1882 604 1937 652 et
1968 614 2193 651 causam
2254 599 2649 652 retributionis
2682 607 2908 656 aeternee
2957 604 3064 656 sibi
3094 604 3151 656 in
3186 621 3363 673 regno
3409 607 3577 659 ccelo-

1880 704 2006 741 rum
2036 688 2319 757 acquirat;
2352 693 2404 741 et
2438 705 2568 741 cum
2602 694 2886 743 extremus
2915 692 3057 745 milii
3082 694 3138 745 in
3172 694 3275 747 hac
3300 694 3412 747 vita
3454 695 3576 748 dies

1878 784 1935 829 et
1966 776 2192 829 debitus
2223 776 2352 828 finis
2385 778 2695 841 advenerit,
2740 780 3076 833 auctoritate
3108 798 3207 834 sua
3240 787 3292 835 et
3325 782 3570 853 imperio

1879 866 1947 919 ad
1992 881 2082 918 me
2121 864 2503 934 Agrippinum
2559 871 2614 919 et
2664 868 2966 921 Eusebium
3019 871 3336 923 sacerdotes
3386 872 3579 925 venire

1878 954 2063 1019 faciat,
2120 954 2218 1024 qui
2268 970 2460 1008 meum
2509 957 2914 1024 corpusculum
2966 957 3209 1010 debeant
3269 960 3577 1029 sepulturae

1877 1042 2170 1095 mandare.
2208 1043 2321 1094 Hoc
2352 1049 2581 1112 accepto
2604 1058 2897 1112 responso,
2946 1045 3012 1097 ad
3052 1061 3242 1113 regem
3275 1047 3373 1114 qui
3420 1048 3578 1103 missi

1878 1129 2105 1182 fuerant
2158 1134 2540 1196 revertuntur,
2591 1132 2763 1183 verba
2811 1133 3113 1186 sacerdotis
3166 1140 3221 1186 et
3269 1151 3463 1203 preces
3509 1154 3574 1191 ex

1878 1217 2080 1271 ordine
2109 1218 2437 1271 referentes.
2476 1220 2547 1271 Ea
2576 1236 2669 1272 rex
2711 1225 2774 1272 ut
2806 1224 3089 1290 cognovit,
3139 1224 3387 1291 graviter
3416 1242 3580 1279 com-

1880 1306 2067 1354 motus
2103 1301 2404 1370 ingemuit,
2435 1302 2721 1372 faciesque
2753 1305 2873 1371 ejus
2924 1305 3227 1359 immutata
3276 1313 3377 1373 est,
3429 1326 3578 1377 quo-

1878 1389 2031 1442 niam
2090 1395 2310 1442 tantum
2368 1391 2553 1442 virum
2612 1392 2721 1443 cito
2797 1409 2856 1445 se
2908 1393 3256 1447 amissurum
3327 1396 3576 1450 videbat.

1877 1477 2111 1548 Moxque
2161 1479 2572 1547 suprascriplos
2622 1480 2689 1531 ad
2745 1496 2801 1531 se
2852 1482 3173 1535 sacerdotes
3242 1486 3577 1548 accersiens,

1878 1583 1981 1636 pro
2012 1568 2301 1620 voluntate
2330 1568 2433 1619 viri
2467 1568 2642 1621 sancti
2667 1584 2761 1620 eos
2792 1570 3074 1638 proficisci
3106 1572 3171 1624 ad
3196 1573 3395 1626 cellam
3421 1574 3576 1628 illitis

1876 1656 2058 1724 jubet,
2094 1657 2448 1708 mandansut
2476 1672 2603 1725 quae
2635 1656 2727 1709 ille
2752 1658 3089 1728 praeciperet
3136 1676 3263 1714 cum
3303 1662 3459 1714 omni
3492 1662 3577 1715 di-

1882 1742 2113 1813 ligentia
2147 1748 2201 1795 et
2230 1743 2413 1795 studio
2436 1744 2830 1813 adimplerent.

2411 1834 2641 1885 Moritur
2675 1849 2735 1885 ac
2768 1835 3041 1901 sepelitur.

1950 1924 2035 1974 ‘28.
2062 1921 2254 1990 Itaque
2292 1924 2417 1989 post
2474 1921 2599 1973 illos
2650 1930 2692 1986 τι,
2729 1939 2868 1991 quos
2904 1923 3347 1976 memoravimus
3379 1939 3572 1993 supra,

1877 2013 2095 2079 septem
2132 2024 2332 2070 annos,
2368 2008 2613 2061 triennio
2644 2014 2698 2063 et
2728 2010 2909 2062 tribus
2960 2011 3254 2064 mensibus
3305 2012 3363 2064 in
3404 2012 3576 2065 infir-

1877 2098 2073 2149 mitate
2106 2103 2161 2149 et
2194 2097 2292 2149 Dei
2326 2097 2590 2150 laudibus
2619 2098 2827 2151 exactis
2859 2098 2945 2151 vir
2969 2099 3329 2153 beatissimus
3372 2103 3577 2171 plenus

1876 2186 2100 2239 dierum
2143 2193 2199 2239 et
2238 2185 2507 2255 operibus
2548 2186 2728 2252 bonis,
2784 2188 3119 2258 actibusque
3160 2189 3399 2257 justitize
3440 2205 3573 2242 con-

1876 2280 2211 2339 summatus,
2243 2275 2438 2344 positis
2466 2291 2655 2327 coram
2696 2276 3033 2345 supradictis
3083 2277 3475 2331 sacerdotibus
3520 2283 3576 2332 et

1875 2363 2267 2435 compluribus
2325 2364 2448 2416 aliis
2486 2364 2651 2416 bonis
2700 2370 2754 2417 et
2811 2365 3062 2418 honestis
3112 2366 3460 2430 hominibus,
3515 2367 3575 2420 in

1874 2454 2074 2505 cellula
2107 2469 2206 2505 sua
2238 2453 2295 2505 in
2327 2469 2439 2523 qua
2471 2452 2679 2505 multos
2711 2470 2887 2505 annos
2922 2455 3034 2507 Deo
3066 2455 3315 2507 serviens
3357 2459 3571 2524 egerat,

1873 2541 2111 2595 decessit
2165 2542 2349 2610 pridie
2407 2542 2593 2594 Nonas
2655 2541 2852 2607 Julias,
2933 2543 3261 2612 relinquens
3332 2559 3575 2611 corpore

1874 2630 2163 2691 saeculum,
2190 2631 2349 2698 cujus
2370 2631 2690 2700 voluptates
2713 2636 2769 2683 et
2789 2631 3070 2684 desideria
3092 2631 3226 2684 olim
3252 2647 3355 2701 pro
3376 2647 3573 2685 amore

1873 2719 2074 2787 patria:
2115 2735 2373 2787 superna:
2424 2720 2765 2788 reliquerat;
2797 2727 2852 2772 et
2882 2722 2953 2774 ad
2985 2736 3117 2773 eum
3155 2737 3326 2790 quem
3382 2721 3571 2774 inces-

1873 2811 2064 2860 santer
2088 2807 2487 2876 concupiverat
2535 2823 2727 2875 regem
2775 2808 3065 2861 Christum
3126 2808 3571 2879 felicitatemque

1872 2895 2113 2949 caelestis
2136 2896 2263 2948 vitm
2297 2895 2654 2964 perveniens,
2712 2895 2937 2949 futurus
2988 2896 3067 2949 ibi
3114 2896 3234 2949 sine
3280 2897 3394 2950 ﬁne
3438 2914 3571 2967 pos-

1873 3001 2059 3038 sessor
2098 2989 2445 3037 mternorum
2496 2984 2799 3049 bonorum,
2845 2985 2943 3054 qui
2986 2984 3075 3037 hic
3108 2986 3256 3038 bona
3292 3002 3419 3055 quas
3472 3002 3572 3055 pu-

1872 3077 2065 3126 tantur
2094 3073 2385 3143 praasentis
2416 3072 2690 3141 temporis
2720 3088 2847 3125 cum
2887 3073 3136 3142 potuerit
3166 3073 3350 3126 noluit
3386 3074 3573 3143 possi-

1872 3163 2029 3229 dere,
2066 3166 2122 3215 et
2148 3162 2447 3214 habiturus
2478 3177 2605 3214 cum
2656 3162 2877 3215 Christo
2923 3162 3159 3215 domum
3208 3178 3321 3214 non
3363 3177 3569 3215 manu-

1870 3250 2076 3303 factam
2104 3254 2375 3303 zeternam
2401 3250 2455 3302 in
2480 3250 2655 3317 caelis,
2691 3249 2781 3302 cui
2812 3250 2869 3302 in
2893 3249 3009 3302 suis
3031 3249 3303 3302 membris
3332 3250 3569 3304 domum

1871 3355 2033 3393 suam
2081 3354 2393 3409 pauperem
2428 3345 2484 3391 et
2514 3343 2804 3393 terrenam
2852 3339 3061 3392 fecerat
3085 3338 3413 3409 frequenter
3467 3339 3571 3392 ho-

1871 3428 2127 3498 spitium.
2183 3429 2313 3497 Ejus
2360 3429 2480 3497 jam
2531 3427 2793 3480 exanime
2856 3444 3061 3497 corpus
3108 3427 3458 3498 Agrippinus
3516 3432 3572 3481 et

1870 3516 2165 3577 Eusebius,
2198 3516 2406 3586 aliique
2445 3516 2542 3586 qui
2590 3516 2831 3570 aderant
2879 3516 3198 3569 sacerdotes
3248 3522 3305 3570 et
3352 3516 3571 3570 nobiles

1872 3605 1976 3658 viri
2008 3622 2136 3657 cum
2182 3620 2406 3657 summo
2446 3605 2666 3658 honore
2715 3610 2771 3657 et
2826 3604 3142 3658 reverentia
3207 3611 3568 3671 curaverunt,

1872 3699 2043 3765 atque
2075 3694 2132 3746 in
2164 3694 2365 3746 eodem
2396 3694 2521 3746 loco
2544 3698 2598 3745 et
2639 3693 2876 3746 ecclesia
2925 3708 3099 3763 quam
3138 3692 3261 3762 ipse
3306 3699 3570 3747 constru-

1870 3787 2048 3847 xerat,
2082 3782 2391 3851 sepulturae
2424 3781 2788 3833 mandarunt.

2298 3871 2555 3923 Auctoris
2586 3868 2717 3936 ﬁdes
2750 3873 2799 3921 et
2818 3870 3108 3937 peroratio.

1942 3962 2028 4012 29.
2062 3960 2190 4013 Hzec
2218 3957 2393 4010 habui
2423 3958 2490 4011 de
2521 3958 2643 4010 Vita
2674 3958 2853 4010 sancti
2892 3956 2998 4009 viri
3030 3956 3225 4010 Goaris
3262 3972 3391 4026 quas
3438 3956 3571 4009 scri-

1874 4052 2058 4117 pturas
2091 4046 2446 4111 mandarem,
2477 4051 2703 4116 accepta
2732 4062 2799 4099 ex
2830 4046 3065 4099 vetustis
3106 4050 3162 4098 et
3210 4045 3573 4115 perantiquis

1875 4136 2322 4205 exemplaribus,
2360 4150 2609 4213 quorum
2661 4151 2850 4187 rerum
2912 4138 3201 4203 gestarum
3245 4135 3573 4187 narratione

1873 4227 2168 4278 veritatem
2197 4226 2304 4277 ﬁde
2320 4225 2537 4294 integra
2567 4225 2938 4293 subsequens,
2956 4223 3131 4275 solam
3148 4222 3426 4275 sermonis
3444 4238 3575 4292 quas

1806 4319 1848 4372 D
1879 4313 2133 4365 eruditos
2154 4329 2265 4365 non
2298 4329 2502 4381 parum
2550 4312 2840 4365 otfendere
2886 4316 3108 4380 poterat
3146 4310 3575 4380 simplicitatem

1877 4417 1981 4470 pro
2010 4405 2195 4454 vestra
2245 4401 2556 4465 voluntate,
2599 4400 2686 4453 vir
2734 4400 3043 4453 clarissime
3092 4404 3364 4470 paterque
3399 4417 3577 4453 vene—

1878 4490 2075 4551 rande,
2100 4488 2384 4558 corrigere
2416 4488 2627 4555 studui,
2667 4493 2869 4558 optans
2899 4493 2954 4541 et
2982 4488 3263 4558 meipsum
3298 4493 3353 4541 et
3377 4505 3577 4542 omnes

1880 4579 1977 4647 qui
2009 4579 2129 4630 haec
2158 4577 2357 4630 lecturi
2390 4582 2541 4638 sunt,
2574 4578 2720 4630 tanti
2749 4578 2853 4630 viri
2887 4577 3293 4631 intercessione
3342 4582 3399 4631 et
3458 4594 3580 4631 me-

1880 4668 2003 4720 ritis
2034 4666 2181 4736 apud
2209 4666 2458 4719 divinam
2491 4682 2719 4736 semper
2769 4666 3028 4735 adjuvari
3074 4666 3461 4731 clementiam,
3517 4672 3577 4721 ut

1880 4756 1977 4826 qui
2005 4772 2068 4809 ex
2100 4755 2433 4808 inﬁrmitate
2465 4756 2652 4808 carnis
2683 4754 2949 4808 humanm
2983 4760 3037 4807 et
3067 4756 3394 4809 conditione
3422 4772 3577 4809 mor-

1879 4844 2008 4897 talis
2038 4843 2171 4896 vitae
2224 4844 2401 4895 multa
2450 4842 2708 4912 quotidie
2753 4848 2952 4896 contra
2995 4844 3151 4912 leges
3197 4845 3415 4897 divinas
3456 4844 3577 4913 agi-

1881 4949 2026 4997 mus,
2062 4932 2183 5001 cjus
2226 4931 2323 5000 qui
2364 4931 2545 5001 quoad
2603 4932 2741 4984 vixit
2788 4932 3011 5001 integre
3060 4932 3174 5001 legi
3214 4932 3420 4986 Christi
3462 4948 3579 4985 ser-

1882 5021 2019 5073 vivit
2078 5020 2421 5084 interventu,
2474 5024 2530 5072 et
2581 5025 2943 5089 peccatorum
2998 5022 3250 5089 pondere
3296 5019 3581 5074 sublevari

1884 5115 1940 5164 et
1970 5109 2037 5162 ad
2061 5110 2204 5161 bene
2236 5108 2542 5161 vivendum
2576 5125 2903 5162 mereamur
2934 5108 3222 5179 opitulari,
3261 5110 3579 5178 {praestante

1887 5197 2126 5252 Domino
2158 5199 2285 5250 Jesu
2330 5196 2573 5263 Christo,
2625 5196 2716 5249 cui
2748 5202 2830 5250 est
2874 5214 3003 5250 cum
3048 5198 3210 5250 Patre
3259 5202 3314 5249 et
3364 5196 3579 5267 Spiritu

1884 5292 2078 5340 sancto
2108 5286 2288 5339 honor
2320 5291 2376 5338 et
2404 5285 2585 5356 gloria
2614 5286 2672 5338 in
2720 5286 2923 5339 saecula
2966 5286 3324 5347 smculorum,
3375 5289 3578 5339 Amen.

151 5391 355 5449 Libellus
383 5396 448 5450 de
484 5398 613 5451 Vita
630 5401 678 5450 et
711 5395 921 5449 actibus
951 5395 1127 5447 sancti
1156 5408 1219 5446 ac
1267 5391 1563 5444 beatissimi
1612 5390 1812 5512 Conqs
1850 5385 2190 5450 confessoris,
2256 5384 2431 5437 editus
2486 5400 2519 5437 α
2574 5385 2998 5437 ΧΥΑΝῡΑωειιτο
3027 5383 3273 5447 diacono,
3321 5387 3548 5453 ea-plicit

1709 5460 1762 5512 fe
1788 5458 1959 5512 iciter.

1706 5458 1959 5526 feliciter.

181 5585 333 5657 fimo
364 5604 430 5641 ex
462 5588 722 5657 primarii
761 5587 1007 5641 auctoris
1039 5589 1249 5657 mente,
1280 5587 1393 5636 tres
1414 5582 1779 5651 anniquibus

131 5649 170 5702 S.
197 5655 327 5711 Goar
353 5649 565 5713 aftli'cta
594 5659 699 5711 fuit
746 5658 1091 5723 valetudine,
1139 5649 1292 5707 inter
1334 5658 1553 5723 septem
1588 5649 1781 5705 annos

1887 5577 2013 5630 illos
2043 5577 2413 5647 computandi
2446 5581 2593 5628 sunt.
