4022 6178
431 264 535 320 655

1521 254 2032 315 WANDALBEBTI
2073 259 2160 314 PR
2174 253 2495 317 UMIENSIS
2533 255 2850 315 MONACHI

3824 258 3907 317 656

1769 531 2181 604 INCIPIT
2253 531 2598 603 ALTER

612 687 704 748 De
731 687 1039 748 miraculis
1069 704 1202 767 qua?
1229 695 1397 764 gesta
1425 696 1563 744 sunt
1593 685 1758 766 apud
1783 686 2234 845 Memoria)???
2273 685 2508 778 Goaris,
2543 703 2621 746 ex
2649 705 2764 766 quo
2794 685 3042 746 ecclesia
3073 687 3208 766 ejus
3237 686 3541 767 mdiﬁeari
3566 698 3756 767 capta

1995 777 2079 825 est
2142 785 2172 825 e
2200 776 2392 826 mter.

1995 777 2079 825 est
2112 776 2392 826 feliciter.

536 1094 791 1147 Auctoris
824 1091 1104 1157 Prologus.
1150 1090 1472 1160 Scr-iptionis
1504 1090 1665 1158 hujus
1695 1091 2012 1142 auctoritas.

506 1193 553 1244 l.
590 1187 1015 1258 Explicitisjam
1045 1203 1173 1257 quas
1209 1187 1277 1240 de
1321 1187 1448 1240 Vita
1479 1192 1536 1239 et
1565 1185 1797 1239 Actibus
1830 1187 1887 1238 Β.
1930 1183 2128 1239 Goaris

429 1278 725 1348 scripturas
782 1293 815 1329 a
865 1276 1179 1345 majoribus
1235 1282 1524 1346 utcunque
1584 1275 1853 1327 mandata
1915 1272 2124 1342 reperi,

430 1383 677 1437 quaeque
719 1366 949 1418 hortatu
995 1371 1204 1428 vestro,
1275 1370 1436 1434 pater
1480 1364 1540 1416 in
1593 1364 1862 1416 omnibus
1907 1362 2126 1430 ample-

430 1456 653 1520 ctende,
704 1459 768 1506 ut
823 1452 982 1522 potui
1032 1453 1323 1522 corrigere
1395 1452 1608 1512 studui,
1675 1450 2128 1520 aggrediendum

433 1543 575 1596 mihi
610 1559 817 1595 novum
841 1559 984 1611 opus
1005 1543 1193 1606 video;
1223 1547 1301 1606 ut,
1325 1540 1814 1610 quemadmodum
1840 1539 1896 1591 in
1921 1537 2128 1607 prioris

428 1633 604 1685 libelli
639 1631 972 1701 praefatione
1005 1631 1266 1700 promisi,
1301 1647 1367 1683 ea
1388 1647 1514 1699 quas
1546 1630 1614 1683 de
1650 1628 1938 1682 miraculis
1979 1628 2126 1696 apud

431 1721 868 1775 sacratissimam
916 1720 1250 1772 memoriam
1301 1719 1609 1788 supradicti
1659 1715 1994 1770 confessoris
2052 1716 2131 1770 di-

431 1809 645 1861 vinitus
666 1808 837 1877 gestis
867 1824 900 1859 a
933 1808 1197 1860 ﬁdelibus
1231 1807 1423 1872 didici,
1457 1807 1744 1861 memoriae
1767 1812 2127 1878 posterorum

432 1897 730 1951 scribendo
764 1913 1078 1966 proponere
1111 1896 1367 1949 debeam.
1403 1897 1624 1965 Quippe
1670 1913 1799 1966 quas
1851 1902 1966 1948 tam
2008 1911 2128 1948 esse

433 1990 584 2040 clara
623 1987 966 2056 pervideam,
1010 1993 1071 2037 ut
1121 1986 1272 2055 quod
1310 1987 1586 2038 hactenus
1632 1989 1838 2054 przeter
1902 1984 2130 2053 paucis-

434 2075 606 2128 simos
637 2091 782 2144 quos
818 2075 897 2127 eis
926 2074 1200 2127 interesse
1245 2075 1330 2126 vel
1361 2074 1432 2126 ab
1479 2073 1569 2126 his
1618 2075 1717 2143 qui
1766 2073 2132 2126 interfuerint

435 2164 659 2217 audisse
709 2162 968 2232 conligit,
1019 2161 1254 2232 reliquis
1285 2172 1309 2195 ⁸
1354 2162 1593 2215 omnino
1648 2163 1959 2224 latuerunt,
2012 2177 2128 2213 non

433 2253 541 2306 levi
589 2253 771 2322 culpa:
820 2252 1214 2321 deputandum
1275 2252 1586 2316 crederem,
1629 2251 1738 2303 nisi
1799 2251 1945 2303 hanc
1992 2250 2128 2302 scri-

432 2347 660 2412 ptorum
693 2346 983 2394 excusaret
1028 2341 1244 2410 inopia,
1297 2346 1353 2393 et
1401 2356 1538 2392 usus
1581 2340 1677 2392 ille
1722 2339 1821 2409 qui
1853 2354 2124 2408 quorum-

433 2433 562 2484 dam
593 2431 807 2484 desidia
852 2435 908 2483 et
963 2436 1190 2499 torpore
1241 2430 1540 2498 surrepsit,
1591 2446 1703 2499 quo
1746 2427 2128 2497 negligentius

434 2520 626 2572 divina
652 2536 826 2589 opera
858 2519 1144 2587 suspicere
1196 2523 1251 2570 et
1299 2519 1574 2570 beneﬁcia
1613 2518 1820 2571 nostris
1865 2533 2129 2570 concessa

434 2608 791 2676 temporibus
848 2612 912 2659 ut
973 2607 1116 2659 levia
1175 2607 1334 2674 parvi
1391 2607 1644 2675 pendere
1705 2605 2124 2678 consuevimus.

436 2698 555 2766 Ego
586 2712 718 2749 vero
753 2696 809 2749 in
842 2697 927 2748 his
957 2695 1342 2748 describendis
1386 2696 1557 2748 ﬁdem
1610 2711 1811 2748 eorum
1863 2693 1961 2764 qui
2010 2693 2132 2746 haec

435 2785 579 2837 mihi
608 2785 852 2838 retulere
880 2785 1208 2854 plenissime
1240 2785 1611 2853 subsequens,
1639 2801 1705 2836 ea
1731 2783 2130 2836 tantummodo

436 2873 921 2942 comprehendam
971 2889 1101 2943 qua!
1150 2874 1233 2926 vel
1285 2878 1595 2942 praesentes
1639 2888 1696 2925 se
1739 2872 1847 2942 ipsi
1905 2871 2130 2931 vidisse.

434 2963 521 3014 vel
556 2963 625 3014 ab
652 2962 736 3016 eis
771 2962 871 3031 qui
903 2962 1146 3015 viderint
1195 2963 1478 3030 accepisse
1523 2961 1883 3014 conﬁrmant.
1940 2960 2131 3023 Quan-

437 3067 610 3121 quam
638 3067 704 3102 ea
728 3066 955 3120 quoque
1004 3053 1085 3103 tot
1122 3049 1234 3103 sint
1281 3067 1344 3102 ac
1383 3054 1559 3116 tanta,
1611 3055 1674 3102 ut
1714 3049 1758 3102 si
1805 3049 1998 3102 omnia
2047 3049 2134 3102 lit-

435 3139 574 3192 teris
615 3139 837 3192 tradere
868 3138 1116 3208 cupiam,
1154 3139 1387 3191 modum
1430 3154 1502 3191 ne
1568 3138 1787 3191 videam
1843 3137 1987 3206 justi
2030 3154 2130 3191 vo-

435 3228 672 3281 luminis
698 3243 1083 3280 excessurum.
1113 3227 1267 3280 Unde
1297 3227 1579 3279 aestimare
1607 3227 1771 3280 facile
1806 3242 2129 3296 possumus,

437 3322 655 3386 quanta
683 3315 780 3368 illa
828 3315 1056 3376 fuerint,
1112 3331 1240 3384 quae.
1269 3331 1371 3384 per
1413 3315 1587 3384 longa
1629 3319 1779 3368 retro
1806 3319 2130 3384 temporum

438 3405 622 3474 spatia
659 3406 776 3473 geri
830 3403 1052 3456 meritis
1101 3404 1222 3471 ejus
1279 3402 1383 3455 viri
1440 3408 1497 3455 et
1550 3405 1755 3455 virtute
1817 3401 2130 3470 potuerint,

437 3508 568 3545 cum
593 3493 652 3544 in
676 3497 895 3544 tantam
927 3491 1282 3543 excreverint
1313 3491 1690 3559 quantitatem
1719 3506 1847 3560 qua:
1873 3491 1943 3543 ab
1965 3491 2133 3542 annis

437 3581 566 3648 plus
607 3580 800 3633 minus
840 3583 1056 3649 septem
1103 3583 1160 3632 et
1189 3578 1552 3648 septuaginta
1600 3585 1759 3648 gesta
1804 3584 1858 3631 et
1907 3580 1975 3633 ad
2022 3595 2132 3632 no-

439 3675 614 3720 stram
651 3668 910 3720 notitiam
944 3668 1161 3737 perlata
1195 3673 1526 3721 noscuntur.
1570 3669 1763 3738 Neque
1813 3669 1964 3721 enim
2011 3685 2130 3723 cre-

438 3756 613 3809 dibile
645 3762 727 3809 est
780 3757 956 3810 sancti
1005 3757 1111 3809 viri
1141 3757 1344 3810 merita
1376 3757 1433 3810 in
1479 3757 1826 3811 exhibitione
1900 3757 2139 3811 miracu-

436 3847 624 3899 lorum
658 3846 865 3899 nostris
917 3847 1170 3916 primum
1204 3847 1405 3900 diebus
1433 3847 1665 3918 cmpisse
1697 3849 2028 3910 clarescere,
2083 3853 2138 3900 et

436 3952 553 3989 non
583 3936 754 3990 etiam
788 3937 966 4007 priori
1015 3941 1276 4006 tempore
1326 3938 1525 3991 eadem
1569 3953 1696 4006 qua:
1745 3953 1894 3989 nunc
1944 3937 2136 3990 confe-

436 4031 645 4079 runtur
695 4025 1060 4079 credentibus
1109 4031 1166 4078 et
1215 4025 1432 4078 devotis
1485 4041 1588 4094 per
1644 4025 1805 4077 illum
1864 4025 2137 4078 beneﬁcia

436 4129 559 4166 esse
591 4115 810 4172 collata,
840 4113 1066 4165 tametsi
1119 4130 1184 4165 e1
1233 4129 1360 4182 quae
1411 4113 1656 4180 posteris
1694 4112 1902 4181 scripto
1951 4113 2135 4165 trade-

438 4207 564 4253 rent
603 4202 852 4256 defuere.
899 4201 956 4252 I._l
997 4201 1168 4252 etiam
1217 4206 1450 4252 cunctos
1498 4201 1557 4253 in
1591 4216 1836 4270 quorum
1870 4201 1993 4254 hazc
2023 4217 2139 4254 ma-

436 4305 545 4340 nus
590 4291 820 4341 venient
863 4289 1005 4340 scire
1061 4289 1249 4352 velim,
1310 4303 1401 4340 me
1454 4288 1512 4341 in
1565 4289 1768 4342 horum
1820 4289 2136 4343 assertione

437 4392 554 4429 non
578 4376 934 4445 quibuslibet
976 4375 1149 4428 ﬁdem
1199 4377 1682 4441 accommodasse,
1719 4378 1813 4431 sed
1860 4377 1993 4431 viris
2024 4378 2136 4432 ﬁde

436 4465 644 4529 dignis,
667 4469 722 4517 et
752 4465 820 4518 de
843 4481 1088 4534 quorum
1123 4465 1302 4518 veraci
1336 4466 1618 4520 relatione
1659 4482 1754 4518 vos
1795 4466 1922 4537 ipsi,
1956 4484 2133 4521 vene-

438 4552 634 4605 rabilis
662 4558 842 4621 pater,
876 4554 1086 4607 arbiter
1117 4554 1356 4620 fueritis,
1385 4555 1788 4626 praecipueque
1835 4556 2132 4621 lIerirado,

436 4646 634 4694 vestrae
693 4643 1152 4711 congregationis
1211 4645 1490 4697 monacho
1539 4649 1708 4714 atque
1777 4644 2133 4714 presbytero,

437 4735 491 4784 et
515 4729 869 4796 Theodrado,
899 4731 1053 4784 cellas
1083 4731 1136 4786 S.
1171 4733 1367 4786 Goaris
1398 4733 1621 4799 clerico,
1656 4732 1755 4803 qui
1784 4738 1841 4786 et
1875 4734 2135 4803 zevojam

442 4819 782 4873 maturiores
831 4824 1041 4884 essent,
1090 4825 1145 4872 et
1182 4838 1216 4873 a
1260 4837 1440 4890 puero
1494 4822 1641 4876 circa
1698 4822 1886 4875 locum
1943 4821 2131 4892 ipsum

439 4907 706 4964 diversati
735 4906 998 4960 fuissent.

543 5022 586 5076 Ῑ.
629 5051 697 5062 -
728 5038 794 5074 DE
841 5034 1238 5075 TRANSLATIONE
1281 5037 1537 5076 CORPORIS
1576 5039 1754 5077 SANCTI
1808 5040 2022 5077 GOARIS.

439 5136 596 5192 Cella
627 5139 682 5192 S.
723 5136 921 5191 Goaris
962 5139 1192 5198 Asuero,
1246 5135 1553 5188 Prumiensi
1601 5136 1792 5190 abbati
1839 5153 1870 5189 α
1904 5139 2133 5205 Pippino

507 5209 790 5263 tribuitur.
833 5206 1067 5260 Ecclesia
1104 5219 1209 5256 non
1243 5207 1358 5258 sine
1396 5206 1656 5260 miraculo
1696 5209 2058 5260 instauratur.

504 5327 557 5378 2.
589 5323 697 5378 Sed
729 5328 790 5377 ut
817 5322 888 5376 ad
935 5319 1320 5374 narrationem
1353 5318 1600 5388 veniam,
1651 5320 1795 5373 cella
1833 5321 1885 5374 S.
1937 5319 2135 5373 Goaris

2159 1092 2207 1144 A

2167 2389 2208 2441 Β

2175 3686 2215 3741 C

2235 1091 2363 1169 post
2393 1089 2604 1142 multos
2634 1105 2808 1159 quam
2856 1089 2976 1160 ipse
3005 1088 3324 1144 decesserat
3353 1107 3557 1157 annos,
3589 1108 3725 1146 cum
3775 1093 3832 1147 in
3869 1111 3917 1148 ea

2230 1167 2352 1229 jam
2375 1167 2563 1220 clerici
2598 1170 2697 1238 qui
2727 1168 2920 1222 divina
2965 1170 3155 1222 ofﬁcia
3197 1176 3434 1240 agerent
3479 1172 3673 1226 alendi
3721 1175 3913 1244 stipen-

2237 1255 2346 1310 diis
2372 1257 2624 1310 ecclesiae
2658 1257 3026 1325 haberentur,
3059 1263 3114 1311 ct
3147 1260 3345 1328 populi
3390 1260 3717 1330 frequentia
3759 1265 3917 1332 major

2234 1343 2296 1397 in
2321 1344 2440 1397 dies
2474 1350 2839 1412 excresceret,
2886 1364 2919 1398 a
2955 1346 3236 1417 religioso
3277 1348 3626 1402 Francorum
3679 1350 3916 1420 principe

2236 1432 2498 1502 Pippino,
2531 1440 2690 1503 patre
2723 1441 2980 1504 augustae
3015 1436 3306 1488 memorias
3328 1436 3698 1505 imperatoris
3730 1439 3914 1503 Caroli,

2236 1522 2550 1574 venerabili
2573 1528 2809 1588 Asuero,
2843 1523 2942 1592 qui
2973 1531 3090 1576 tum
3123 1525 3469 1578 monasterio
3497 1527 3746 1580 Prumia:
3788 1529 3916 1597 qned

2235 1609 2438 1661 tertius
2463 1625 2611 1662 nunc
2634 1612 2703 1663 ab
2753 1612 2870 1676 illo,
2922 1617 3085 1680 pater
3131 1613 3370 1681 optime,
3430 1614 3653 1683 regitis,
3722 1616 3918 1684 primus

2238 1701 2500 1764 praeerat,
2533 1701 2617 1749 est
2647 1698 2969 1764 commissa,
2999 1704 3058 1751 ut
3084 1700 3207 1768 ejus
3240 1701 3426 1753 studio
3448 1707 3503 1753 et
3551 1702 3710 1754 locus
3746 1704 3918 1755 melio-

2237 1790 2477 1846 raretur,
2510 1790 2568 1838 et
2600 1786 2700 1855 qui
2731 1786 2789 1838 in
2821 1787 2944 1855 ipso
2976 1786 3250 1855 degerent
3296 1787 3486 1840 clerici
3540 1788 3597 1840 in
3649 1790 3920 1859 religionis

2236 1875 2389 1925 cultu
2416 1874 2671 1927 etstudio
2705 1875 3062 1927 docerentur.
3097 1875 3276 1937 Quam
3306 1876 3399 1928 ille
3422 1883 3754 1945 susceptam
3787 1878 3918 1930 omni

2238 1963 2368 2016 nisu
2424 1965 2682 2016 excolere
2749 1979 2813 2016 ac
2872 1964 3176 2016 nobilitare
3237 1965 3584 2029 desiderans,
3647 1966 3918 2018 basilicam

2239 2067 2410 2120 supra
2445 2068 2651 2120 corpus
2677 2051 2780 2103 viri
2809 2051 2984 2104 sancti
3016 2051 3295 2104 teliﬁcare
3337 2053 3526 2122 coepit,
3570 2069 3704 2122 quae
3739 2059 3795 2106 et
3824 2071 3918 2106 am-

2238 2140 2520 2210 plitudine
2555 2139 2642 2192 sui
2673 2140 2886 2209 populo
2910 2139 3236 2209 recipiendo
3290 2140 3597 2205 sufﬁceret,
3644 2146 3702 2194 et
3744 2143 3919 2194 decore

2238 2229 2648 2298 congruentior
2693 2228 2911 2280 meritis
2946 2229 3003 2280 Β.
3037 2229 3370 2281 confessoris
3401 2229 3691 2282 existeret.
3722 2230 3918 2299 Quippe

2238 2317 2396 2386 prius
2437 2316 2515 2369 ibi
2573 2316 2697 2369 duce
2747 2315 2995 2369 ecclesia
3041 2333 3155 2369 non
3205 2317 3386 2370 multo
3423 2335 3455 2369 a
3504 2334 3564 2370 se
3616 2320 3808 2387 spatio
3851 2321 3918 2371 di-

2240 2411 2452 2458 stantes
2474 2411 2656 2472 erant,
2689 2421 2932 2473 quarum
2963 2421 3091 2476 qua:
3122 2406 3235 2459 situ
3286 2407 3474 2458 minor
3533 2413 3680 2472 erat,
3739 2424 3920 2478 corpus

2241 2494 2565 2547 venerabile
2599 2495 2655 2546 in
2697 2501 2861 2547 terra:
2912 2495 3040 2547 sinu
3089 2494 3381 2548 continere
3432 2495 3797 2562 credebatur,
3843 2497 3919 2549 sed

2241 2582 2397 2635 locus
2432 2583 2552 2651 ipse
2587 2582 2832 2652 sepulcri
2864 2582 3115 2634 incertus
3145 2583 3410 2636 omnibus
3438 2589 3578 2637 erat.
3627 2587 3702 2637 Ea
3750 2586 3808 2638 in
3853 2585 3919 2637 sui

2240 2671 2568 2740 integritate
2594 2671 2806 2735 relicta,
2839 2671 3224 2724 fundamentis
3265 2687 3366 2740 per
3402 2673 3708 2726 circuitum
3753 2675 3916 2743 jactis,

2241 2759 2386 2812 hanc
2409 2776 2535 2829 quae
2561 2776 2711 2813 nunc
2741 2776 2919 2828 usque
2950 2766 3144 2813 manet
3173 2761 3590 2831 suprascriptus
3632 2762 3781 2815 abba
3811 2779 3919 2816 con-

2243 2849 2465 2915 struxit,
2493 2865 2596 2901 nec
2625 2849 2783 2918 prior
2815 2853 2898 2901 est
2925 2852 3056 2901 ante
3089 2848 3300 2915 diruta,
3347 2865 3521 2918 quam
3570 2867 3744 2905 omne
3796 2867 3918 2921 prae-

2243 2937 2419 2991 sentis
2446 2937 2753 2991 aediﬁcium
2800 2938 3204 3006 compleretur.
3246 2939 3367 3000 Quo
3405 2938 3467 2992 in
3503 2941 3773 3009 tempore
3820 2956 3919 2993 rem

2243 3027 2449 3078 miram
2508 3026 2605 3095 qui
2660 3027 2796 3079 bene
2870 3031 3157 3079 noverunt
3220 3026 3554 3095 provenisse
3606 3033 3919 3081 testantur:

2241 3115 2393 3185 quod
2427 3115 2607 3168 donec
2634 3116 2913 3168 aediﬁcata
2953 3120 3039 3168 est
3070 3114 3299 3169 basilica
3332 3116 3538 3181 omnis,
3585 3117 3733 3170 nihil
3784 3133 3919 3187 aquae

2241 3205 2468 3275 penitus
2499 3221 2565 3257 ex
2615 3204 2896 3258 imbribus
2926 3205 3154 3257 tametsi
3201 3205 3610 3274 copiosissimis
3655 3207 3716 3260 in
3766 3223 3913 3259 omne

2245 3294 2347 3346 loci
2397 3294 2646 3363 spatium
2687 3294 2758 3346 sit
2815 3293 3142 3362 delapsum;
3199 3294 3294 3348 sed
3337 3310 3467 3347 cum
3523 3295 3676 3348 forte
3734 3297 3916 3365 pluvia?

2242 3383 2464 3445 ﬁerent,
2499 3383 2567 3436 ad
2603 3382 2856 3436 medium
2890 3383 3077 3436 Rheni
3110 3384 3357 3453 spatium
3380 3389 3436 3436 et
3460 3399 3737 3438 cacumen
3778 3401 3917 3438 mon-

2242 3473 2316 3524 tis
2364 3489 2466 3542 per
2511 3473 2816 3526 circuitum
2847 3472 3042 3541 pluvia
3088 3472 3388 3538 decidens,
3439 3460 3728 3543 reliquum
3777 3475 3915 3545 quod

2242 3561 2517 3615 intererat
2580 3561 2857 3614 intactum
2915 3561 3142 3631 penitus
3201 3562 3582 3631 relinquebat.
3618 3563 3700 3615 Ita
3751 3563 3918 3616 divino

2244 3650 2520 3705 miraculo
2569 3649 2756 3719 palam
2806 3648 3000 3715 ﬁebat,
3053 3665 3225 3718 quam
3271 3655 3495 3719 gratum
3537 3651 3675 3704 illud
3719 3651 3920 3704 aediﬁcii

2247 3758 2392 3812 opus
2431 3755 2677 3810 superno
2707 3739 2988 3808 respectui
3037 3739 3204 3804 foret,
3258 3739 3418 3808 cujus
3456 3739 3783 3793 instantiam
3828 3741 3919 3791 im-

2243 3831 2372 3884 bres
2393 3830 2751 3900 aliquatenus
2784 3827 3060 3895 impedire
3087 3827 3563 3898 prohibebantur.

2316 3919 2644 3973 3.Ecclesia
2701 3917 3005 3970 dedicatur.
3053 3917 3301 3970 Perfecta
3360 3916 3612 3982 basilica,
3676 3917 3769 3970 ubi
3815 3917 3920 3985 jam

2247 4011 2471 4075 tempus
2520 4023 2633 4076 quo
2672 4005 2865 4060 divino
2914 4004 3136 4058 nomini
3178 4008 3327 4058 esset
3365 4007 3758 4060 consecranda
3807 4022 3923 4058 suc—

2244 4095 2431 4161 cessit,
2488 4095 2643 4147 missi
2697 4099 2830 4147 sunt
2886 4094 2954 4146 ab
3016 4093 3496 4147 excellentissimo
3540 4095 3803 4165 principe
3842 4094 3924 4147 Ca-

2245 4185 2366 4236 rolo
2421 4184 2548 4237 LUL.
2622 4184 2859 4254 [Lullus]
2915 4183 3253 4254 Mogontiaci
3329 4183 3808 4255 archiepiscopus,
3850 4184 3922 4234 vir

2245 4287 2308 4324 ex
2340 4273 2687 4342 Angelorum
2718 4277 2888 4342 gente
2922 4272 3176 4326 moribus
3213 4277 3271 4326 et
3301 4273 3412 4326 vita
3455 4273 3780 4338 laudabilis,
3831 4273 3921 4325 Ba-

2243 4360 2399 4414 sinus
2453 4361 2674 4414 Nemeti
2715 4377 2844 4430 quae
2889 4361 3082 4414 civitas
3140 4378 3292 4415 nunc
3342 4361 3506 4431 Spira
3569 4369 3821 4423 vocatur,
3874 4365 3920 4411 et

2244 4450 2621 4520 Mehingodus
2650 4451 2807 4503 urbis
2839 4466 2968 4520 qua:
3008 4455 3164 4504 trans
3204 4451 3469 4504 Rhenum
3529 4450 3638 4504 sita
3681 4464 3919 4504 sermone

2243 4540 2483 4594 barbaro
2536 4540 2844 4594 Wirziburc
2893 4541 3229 4610 appellatur,
3277 4539 3554 4610 episcopi,
3601 4541 3703 4611 qui
3745 4553 3920 4594 omnes

2243 4645 2273 4682 a
2301 4631 2359 4682 Β.
2388 4628 2687 4682 Bonefacio
2719 4628 2984 4697 pontiﬁce
3018 4633 3074 4681 et
3102 4633 3352 4697 martyre
3391 4628 3620 4682 fuerant
3664 4626 3916 4686 ordinati,

2242 4721 2306 4771 ut
2326 4733 2430 4787 per
2455 4733 2551 4770 eos
2582 4722 2636 4770 et
2673 4717 2908 4770 ecclesia
2938 4717 3278 4782 consecrari,
3311 4720 3365 4770 et
3404 4733 3610 4788 corpus
3653 4717 3759 4770 viri
3804 4715 3920 4768 bea-

2241 4805 2446 4860 tissimi
2475 4805 2532 4857 in
2565 4821 2696 4858 eum
2716 4823 2830 4876 quo
2882 4822 3030 4860 nunc
3056 4805 3227 4860 situm
3271 4809 3357 4858 est
3407 4809 3596 4859 locum
3647 4802 3917 4859 transferri

2242 4894 2493 4948 deberet.

2244 5037 2514 5104 Reliquiae
2552 5037 2614 5091 S.
2649 5036 2840 5091 Goaris
2877 5036 3133 5092 triduano
3173 5037 3386 5105 jeiunio
3423 5041 3473 5090 et
3515 5041 3757 5092 oratione
3796 5049 3915 5104 quz-

2347 5111 2566 5160 runtur.
2599 5108 2851 5176 Iuventae,
2895 5110 3146 5162 clericum
3170 5124 3336 5161 manu
3361 5108 3591 5161 debilem
3623 5114 3827 5162 curant.

2313 5233 2364 5286 4.
2426 5233 2669 5286 Ventum
2726 5238 2845 5287 erat
2903 5233 2972 5287 ad
3032 5235 3222 5289 locum
3280 5238 3336 5287 et
3387 5242 3719 5290 consecrata
3771 5235 3919 5290 domo

2242 5320 2541 5374 translatio
2571 5323 2821 5392 corporis
2853 5322 3186 5401 parabatur,
3245 5324 3444 5379 aderat
3487 5328 3741 5380 Asuerus
3793 5320 3918 5376 abba

504 5489 528 5512 ⁸
561 5480 931 5536 Ciceroniana
953 5481 1122 5552 plane
1151 5479 1354 5543 oratio,
1385 5479 1444 5531 in
1468 5475 1675 5529 scholis
1699 5475 1920 5545 alioqui
1945 5475 2127 5530 ferula
2167 5477 2519 5548 castiganda.
