4044 6174
149 323 234 373 657
1231 321 1318 374 DE
1362 319 1515 375 VITA
1559 321 1644 374 ET
1689 319 2068 376 MIRACULIS
2109 323 2162 376 S.
2205 324 2476 380 GUARIS.
3500 335 3604 387 658

145 469 254 507 cum
292 452 566 505 monachis
601 451 913 514 nonnullis,
939 458 994 504 et
1027 451 1319 505 infinitum
1353 453 1557 521 vulgus
1602 452 1788 505 unde-
1828 457 1874 508 A
1903 458 1992 507 ter
2021 459 2079 508 et
2107 470 2238 509 cum
2269 456 2474 510 humili
2506 457 2806 511 devotione
2841 459 3091 513 levatum
3114 459 3184 513 ab
3216 459 3340 530 ipsa
3366 461 3602 515 ecclesia

145 557 341 612 cunque
381 540 746 594 conﬂuxerat.
824 541 1018 593 Visum
1059 547 1143 594 est
1189 541 1472 610 episcopis
1527 541 1795 594 triduano
1905 543 1965 596 in
1995 559 2199 596 novam
2231 545 2468 598 domum
2501 562 2605 615 per
2635 547 2776 600 illud
2809 549 2959 618 quod
2993 548 3268 602 intererat
3299 550 3468 620 spatii
3500 568 3594 605 rc-
3647 560 3652 563 ‘

144 631 280 701 prius
300 629 508 699 jejunio
542 628 772 683 Domini
815 629 1171 682 voluntatem
1203 630 1592 700 qumrendam,
1633 635 1689 683 et
1719 630 1798 683 sic
1908 633 2140 701 portari,
2177 650 2361 702 neque
2395 635 2460 687 ad
2505 635 2658 704 vulgi
2709 635 2959 689 favorem
3011 638 3236 706 longius
3285 644 3350 691 ut
3378 644 3599 693 statue-

143 720 200 774 ad
226 719 472 772 levandas
519 717 788 788 reliquias
832 717 1086 787 corporis
1139 717 1546 772 accedendum.
1585 719 1658 771 Eo
1689 718 1795 787 igi-
1905 727 2037 774 rant
2065 721 2433 776 circumduci.
2471 723 2565 775 Vix
2604 723 2860 792 pontifex
2892 725 3059 778 verba
3089 727 3336 791 finierat,
3383 733 3437 780 et
3467 744 3597 782 mo-

143 815 220 861 tur
243 808 304 861 ab
335 807 592 860 omnibus
624 807 826 861 devote
872 811 1120 876 peracto.
1174 806 1293 860 Lul.
1341 807 1798 877 archiepiscopus
1905 814 2029 863 tum
2069 811 2344 864 continuo
2390 813 2663 865 feretrum
2715 817 2868 866 tanta
2901 813 3168 868 facilitate
3199 815 3446 869 levatum
3490 823 3592 883 est,

140 897 189 950 in
212 895 430 966 antiqua
481 895 598 948 aade
657 912 787 949 suos
843 895 1034 949 fodere
1092 895 1384 966 praecepit,
1429 896 1510 948 uti
1553 903 1789 965 repente
1907 915 1970 951 ac
2003 899 2049 950 si
2079 900 2268 952 oneris
2311 900 2526 969 aliquid
2579 901 2872 954 habuisset
2903 918 3240 972 nunquam;
3286 905 3596 974 relataeque

142 985 366 1054 reliquiae
427 984 782 1037 venerabiles
842 984 1016 1038 levari
1076 984 1566 1054 transportarique
1627 985 1793 1038 debe-
1904 983 1962 1036 in
1993 986 2173 1036 aedem
2216 1001 2424 1037 novam
2478 1001 2578 1053 per
2608 985 2904 1056 episcopos
2937 991 2990 1038 et
3022 987 3285 1041 abbatem
3335 990 3594 1060 reliquiae

142 1079 266 1126 rent.
296 1072 398 1126 Sed
423 1088 550 1126 cum
581 1088 753 1126 omne
785 1072 908 1141 ejus
938 1073 1124 1126 solum
1164 1072 1450 1125 defossum
1503 1079 1795 1142 pertenta-
1905 1072 2278 1137 venerabiles,
2325 1071 2383 1125 in
2434 1089 2499 1124 eo
2544 1089 2655 1143 qua
2698 1090 2849 1127 nunc
2894 1075 3159 1128 coluntur
3206 1076 3326 1129 loco
3373 1094 3596 1130 summo

142 1168 347 1232 tumque
375 1167 538 1226 esset,
591 1177 694 1214 nec
738 1166 928 1214 tamen
971 1162 1092 1231 ejus
1141 1161 1241 1231 qui
1273 1161 1638 1230 quaerebatur
1668 1162 1794 1215 the-
1905 1159 2122 1213 honore
2150 1165 2280 1213 sunt
2306 1163 2361 1213 et
2394 1161 2710 1214 reverentia
2740 1162 3020 1228 conditae;
3069 1163 3316 1234 denique
3359 1165 3597 1234 pallium

142 1250 267 1302 sauri
312 1249 532 1320 aliquod
577 1253 866 1320 repertum
906 1249 1203 1314 iudicium,
1245 1249 1509 1302 turbatus
1571 1250 1794 1320 episco-
1904 1248 2059 1318 quod
2091 1265 2262 1318 supra
2295 1250 2715 1319 sarcophagum
2767 1257 3056 1321 repertum
3108 1268 3280 1322 supra
3325 1253 3594 1321 diximus,

141 1356 230 1409 pus
271 1355 330 1392 ex
377 1339 577 1392 abbate
623 1338 849 1409 quaerit,
892 1337 939 1390 si
983 1338 1043 1391 in
1088 1339 1211 1391 loco
1263 1338 1480 1408 aliquid
1531 1337 1629 1408 qui
1682 1339 1795 1392 Deo
1904 1336 2190 1406 hodieque
2221 1354 2394 1407 super
2443 1340 2619 1392 altare
2667 1340 2920 1392 ecclesia:
2965 1339 3361 1410 incorruptum
3412 1358 3600 1411 perse-

142 1428 384 1480 servirent
424 1427 614 1481 clerici
660 1428 1025 1481 haberentur.
1076 1427 1216 1481 Cum
1263 1427 1358 1480 ille
1391 1443 1485 1480 sex
1517 1443 1638 1480 esse
1670 1432 1788 1480 tan-
1903 1429 2074 1478 verat.
2104 1425 2192 1478 Sic
2222 1442 2327 1495 per
2356 1427 2630 1496 longioris
2673 1427 2779 1480 aevi
2815 1433 3071 1496 tempora
3113 1429 3283 1481 vestis
3326 1429 3478 1482 illius
3509 1431 3596 1482 in-

141 1516 403 1570 tummodo
445 1515 848 1585 respondisset,
900 1533 996 1569 eos
1045 1516 1112 1569 ad
1170 1532 1229 1569 se
1291 1516 1544 1585 pontifex
1589 1516 1796 1569 accitos
1902 1517 2067 1582 tegra
2097 1518 2307 1579 manet,
2341 1515 2504 1584 cujus
2532 1517 2677 1586 apud
2729 1517 2902 1568 Deum
2939 1518 3140 1569 merita
3171 1534 3396 1586 semper
3434 1519 3595 1571 iude-

140 1604 378 1670 hortatur,
416 1605 498 1658 uti
544 1621 648 1674 pro
675 1605 1020 1658 inveniendo
1060 1605 1285 1674 patroni
1319 1605 1404 1657 sui
1435 1621 1675 1674 corpore
1707 1605 1791 1656 di-
1902 1602 2046 1655 facta
2095 1603 2428 1670 perdurant.
2477 1604 2881 1658 Consummata
2948 1606 3006 1658 in
3059 1606 3214 1658 omni
3270 1623 3441 1675 opere
3495 1625 3596 1660 suo

139 1691 258 1745 vinze
294 1693 693 1746 misericordiae
743 1693 1166 1763 supplicarent;
1216 1693 1355 1745 alios
1404 1693 1502 1762 qui
1557 1694 1795 1746 aderant
1834 1754 1872 1764 ﬁ
1905 1690 2158 1757 basilica,
2192 1695 2249 1745 et
2277 1693 2556 1746 memoria
2584 1693 2763 1746 sancti
2809 1693 2912 1745 viri
2948 1701 3008 1746 ut
3041 1693 3340 1764 oportebat
3370 1703 3592 1762 ornata,

140 1781 188 1834 in
216 1797 304 1834 sua
343 1781 406 1834 ad
450 1788 680 1851 tempus
728 1798 788 1835 se
831 1782 1085 1850 recipere
1133 1782 1430 1846 mandans,
1491 1782 1612 1850 ipse
1663 1797 1790 1834 cum
1834 1754 1874 1807 Β
1905 1784 2199 1849 coeperunt
2229 1780 2505 1834 miracula
2547 1781 2625 1833 ibi
2666 1781 3058 1852 beneficiaque
3111 1781 3306 1834 divina
3353 1783 3594 1836 subinde

141 1869 310 1922 abbate
359 1875 413 1922 et
468 1869 821 1939 coepiscopis
893 1869 965 1922 ad
1023 1870 1440 1922 convivandum
1501 1871 1790 1924 abscessit.
1900 1868 2217 1922 cumulari:
2249 1869 2316 1922 de
2349 1869 2556 1939 quibus
2602 1869 2736 1924 hinc
2768 1870 2957 1940 aliqua
3005 1871 3052 1923 si
3100 1871 3311 1939 possim
3363 1873 3594 1924 tentaho

139 1957 253 2009 Tum
280 1957 367 2026 qui
401 1962 796 2010 remanserant
839 1956 1028 2010 clerici
1074 1956 1313 2010 sollicite
1362 1957 1649 2011 Christum
1699 1973 1793 2011 ro-
1900 1957 2302 2027 perstringere,
2337 1959 2473 2028 quid
2509 1959 2614 2012 sub
2646 1975 2760 2028 quo
2803 1964 3025 2028 gestum
3071 1959 3243 2013 fuerit
3269 1960 3472 2014 abbate
3503 1977 3594 2013 or-

142 2060 266 2111 gare,
300 2050 354 2098 ut
385 2045 617 2098 ubinam
647 2045 984 2098 veneranda:
1010 2044 1266 2114 reliquiae
1283 2045 1528 2098 conditae
1554 2046 1796 2099 laterent
1899 2045 2032 2099 dine
2065 2051 2284 2099 servato
2325 2063 2802 2100 commemorans.

141 2133 352 2201 reperire
382 2134 655 2186 valerent.
693 2135 826 2186 Erat
856 2134 1006 2186 inter
1035 2133 1174 2185 alios
1205 2133 1439 2203 quidam
1472 2134 1794 2187 Madalber-
2031 2153 2100 2208 Π,
2134 2184 2201 2192 _
2233 2170 2502 2207 “meum
2536 2171 2695 2208 FACTA
2724 2170 2966 2208 Tum“
2995 2171 3186 2208 ASUER,
3217 2171 3454 2208 “BM-,5.

142 2227 211 2273 tus
234 2223 447 2275 nomine
475 2222 718 2275 clericus
753 2237 926 2274 manu
959 2222 1191 2274 dextera
1222 2237 1535 2291 gressuque
1567 2222 1790 2274 debilis.
2279 2245 2351 2296 De
2379 2245 2502 2296 υέηο
2533 2243 2678 2311 quod
2715 2246 2950 2297 ρωσνρυίι
2977 2246 3034 2295 in
3059 2259 3216 2312 cupa.

142 2309 181 2361 ls
203 2315 437 2378 correpto
469 2311 667 2379 ligone
697 2309 1068 2378 simpliciter:
1104 2309 1281 2374 Nunc,
1317 2310 1522 2380 inquit,
1554 2311 1601 2362 si
1647 2311 1792 2363 Deus

141 2397 278 2462 volet,
307 2398 396 2451 ubi
424 2415 585 2452 meus
621 2399 889 2451 dominus
919 2398 1060 2450 situs
1103 2398 1194 2462 sit,
1242 2400 1428 2468 palam
1476 2399 1605 2450 erit.
1639 2399 1793 2452 Con-

141 2485 401 2556 festimque
431 2493 594 2540 extra
623 2487 871 2555 spatium
904 2486 1059 2539 illius
1090 2486 1341 2556 antiqua:
1363 2487 1501 2539 aedis
1534 2503 1792 2556 progres-

141 2590 238 2639 sus;
267 2582 317 2628 et
343 2592 448 2628 non
481 2576 656 2646 longe
685 2575 755 2628 ab
787 2575 1054 2628 orientali
1084 2575 1204 2644 ejus
1230 2576 1448 2644 pariete
1480 2580 1695 2628 terram
1725 2576 1791 2628 li-

141 2678 256 2722 gone
283 2664 621 2732 percutiens,
668 2663 906 2716 laterem
955 2663 1071 2716 ictu
1115 2668 1334 2716 motum
1390 2664 1626 2727 levavit;
1677 2681 1788 2734 quo

142 2752 291 2802 levato
325 2759 377 2803 et
429 2752 656 2805 modico
704 2752 987 2804 foramine
1035 2751 1342 2820 patefacto,
1393 2751 1637 2804 debilem
1677 2768 1791 2804 ma-

141 2853 250 2891 num
279 2840 550 2905 adhibuit,
587 2847 643 2892 et
691 2839 1064 2892 holosericam
1097 2845 1329 2904 vestem,
1368 2855 1480 2910 qua
1518 2839 1664 2892 infra
1710 2857 1791 2893 se-

140 2931 268 2993 ptum
299 2929 540 2982 latericio
574 2928 792 2998 pariete
824 2933 1099 2980 structum
1133 2928 1552 2997 sarcophagum
1586 2945 1787 2997 corpo-

141 3015 199 3066 ris
224 3018 499 3086 tegebatur
524 3017 1000 3086 comprehensam
1051 3016 1246 3083 traxit,
1291 3032 1534 3086 moxque
1584 3033 1785 3070 manus
1824 3036 1861 3090 ρ

140 3102 238 3168 ejus
286 3107 511 3158 antehac
571 3105 776 3160 debilis
829 3105 1058 3158 sanitati
1110 3110 1195 3158 est
1250 3105 1532 3158 restituta.
1594 3107 1786 3175 Itaque

140 3190 305 3246 festiue
340 3195 553 3248 detecto
586 3195 955 3264 sarcophago,
994 3200 1050 3247 et
1073 3193 1140 3247 ad
1175 3209 1294 3246 rem
1351 3209 1557 3247 novam
1589 3195 1786 3262 signo-

140 3295 242 3332 rum
299 3284 677 3336 commotione
746 3283 1025 3353 episcopis
1074 3289 1131 3334 et
1182 3283 1393 3351 populo
1448 3283 1783 3345 convocatis,

140 3370 472 3440 omnibusque
501 3372 604 3441 qui
636 3371 870 3424 aderant
906 3372 1018 3424 Deo
1047 3371 1246 3424 laudes
1292 3375 1346 3423 et
1391 3372 1600 3440 gratias
1643 3371 1786 3423 refe-

139 3459 369 3527 rentibus,
418 3477 628 3530 corpus
673 3460 778 3513 viri
827 3459 1006 3513 sancti
1065 3459 1218 3512 intra
1260 3461 1678 3528 sarc0phagum
1727 3459 1788 3511 in

140 3545 302 3600 locello
331 3551 597 3618 plumbeo
631 3556 921 3619 repertum
958 3554 1062 3602 est.
1108 3549 1270 3612 Quod
1316 3549 1466 3602 illico
1509 3549 1781 3613 levatum,

139 3638 274 3704 atque
314 3637 367 3690 in
398 3638 610 3691 feretro
656 3637 1064 3707 compositum,
1099 3653 1163 3690 ex
1207 3653 1275 3690 eo
1321 3637 1442 3689 loco
1491 3637 1559 3688 ad
1594 3642 1781 3689 orato-

139 3722 256 3774 rium
289 3726 336 3778 B.
380 3726 590 3789 Mariae,
646 3725 794 3795 quod
851 3741 916 3778 ex
975 3726 1210 3794 antiquo
1264 3724 1324 3778 in
1382 3725 1566 3777 vicino
1610 3725 1784 3777 situm

137 3817 248 3874 erat,
278 3813 552 3866 sublatum
588 3818 694 3879 est,
740 3813 1105 3866 referendum
1138 3814 1306 3883 paulo
1337 3819 1466 3883 post
1494 3819 1784 3882 spectante

136 3901 311 3965 populo
339 3902 391 3954 in
420 3903 556 3956 aedis
589 3918 750 3955 novae
784 3903 971 3955 locum
1020 3903 1074 3956 ei
1121 3903 1450 3972 recipiendo
1496 3909 1781 3972 paratum.

191 3990 230 4039 5.
259 3989 532 4058 Reliquiae,
584 3993 762 4058 primo
793 3991 1109 4056 immobiles,
1163 3993 1220 4044 in
1265 4007 1459 4044 novam
1510 3991 1784 4044 ecclesiam

134 4073 430 4138 deferuntur.
474 4110 544 4118 —-
592 4079 787 4132 Visum
827 4079 1033 4133 deinde
1072 4079 1350 4149 episcopis
1400 4085 1502 4146 est,
1546 4084 1605 4131 ut
1636 4095 1781 4150 quo-

135 4161 257 4217 niam
295 4173 522 4237 propter
575 4169 870 4238 angustias
916 4168 1021 4220 loci
1085 4170 1236 4236 (nam
1285 4185 1348 4220 ex
1405 4169 1581 4222 altera
1620 4174 1782 4238 parte

135 4250 297 4307 Rheno
325 4257 580 4321 flumine,
625 4273 689 4310 ex
731 4258 905 4310 altera
947 4266 1141 4309 monte
1191 4257 1469 4310 altissimo
1511 4257 1778 4326 cingitur)

133 4343 300 4412 vulgus
324 4361 490 4400 omne
516 4347 672 4400 coire
701 4345 759 4399 in
790 4362 974 4400 unum
1006 4361 1123 4399 non
1156 4351 1395 4416 poterat,
1448 4345 1506 4398 in
1541 4347 1777 4415 longum
1818 4334 1862 4390 Ι)

133 4431 250 4486 circa
299 4435 508 4488 radices
547 4437 758 4489 montis
817 4435 1268 4500 diffunderetur;
1326 4441 1381 4488 et
1412 4435 1489 4487 ita
1520 4435 1782 4504 reliquiae

134 4524 449 4588 venerandae,
477 4530 714 4595 propter
743 4525 1124 4602 frequentiam
1156 4529 1212 4578 et
1245 4524 1592 4578 desiderium
1634 4524 1784 4576 mul-

133 4606 352 4663 titudinis
393 4613 564 4682 paulo
625 4613 852 4683 longius
893 4617 1202 4683 exportata
1258 4629 1361 4682 per
1424 4612 1778 4679 superiorem

133 4695 252 4749 viam
278 4715 400 4770 quae
429 4701 578 4754 circa
610 4703 826 4756 radices
871 4701 1080 4754 montis
1111 4701 1360 4765 deducit,
1393 4701 1452 4753 in
1486 4701 1781 4754 ecclesiam

132 4796 302 4840 novam
348 4795 764 4843 revocarentur.
804 4791 916 4844 Hoc
954 4789 1181 4859 prolato
1225 4789 1485 4856 consilio,
1533 4805 1659 4842 cum
1704 4789 1782 4842 le-

131 4885 237 4926 vare
264 4875 529 4930 feretrum
576 4877 824 4948 episcopi
858 4879 1190 4940 voluissent,
1233 4878 1310 4930 ita
1350 4882 1435 4931 est
1465 4893 1783 4948 praegrava-

2039 4866 2107 4917 De
2134 4878 2285 4916 servo
2325 4861 2573 4916 Widonis
2606 4862 2895 4931 cujusdam
2923 4863 3116 4918 claudo
3145 4869 3195 4918 et
3222 4867 3433 4918 sanato.

132 4961 229 5014 tum
258 4970 314 5016 ut
359 4967 573 5020 moveri
618 4967 860 5020 omnino
918 4983 1031 5020 non
1080 4975 1288 5036 posset.
1341 4967 1481 5020 Hinc
1512 4967 1782 5020 omnibus
1961 4952 2011 5004 8·
2038 4951 2145 5004 Per
2177 4951 2326 5003 idem
2357 4956 2582 5019 tempus
2603 4967 2734 5004 cum
2766 4951 2837 5004 ad
2877 4952 3064 5005 locum
3103 4950 3356 5005 Widonis
3389 4951 3578 5019 cuius”

134 5053 382 5117 suspensis
430 5054 750 5108 diutissime
780 5059 837 5108 et
879 5055 1251 5120 haerentibus,
1303 5055 1779 5126 archiepiscopus,
1889 5039 2020 5092 dam
2047 5039 2115 5092 de
2148 5038 2434 5092 nobilibus
2465 5055 2659 5092 servus
2684 5039 3007 5094 claudicans
3039 5039 3359 5094 advenisset
3380 5043 3436 5092 et
3466 5054 3581 5090 me-

136 5133 226 5188 Deo
252 5143 309 5192 ιιι
356 5148 482 5209 post
535 5143 737 5197 claruit
789 5143 1121 5212 inspiratus,
1173 5125 1779 5214 unoquimr’pjeb’em,
1888 5125 2011 5180 ritis
2086 5126 2264 5180 sancti
2324 5127 2428 5179 viri
2485 5133 2738 5196 sanatus,
2797 5128 3173 5184 ecclesiastico
3236 5144 3293 5182 se
3349 5126 3579 5181 servitio

133 5220 327 5281 δεδίασι
354 5231 589 5284 Goarem
621 5231 810 5302 quoad
842 5232 1046 5286 vixerit
1076 5231 1308 5285 inanem
1347 5231 1585 5301 gloriam
1622 5249 1785 5285 mum-
1889 5214 2256 5284 permittente
2301 5230 2405 5266 suo
2455 5214 2692 5268 domino
2744 5215 3109 5286 mancipavit,
3162 5231 3225 5268 ac
3277 5230 3393 5266 non
3448 5221 3580 5283 post

135 5309 196 5375 di,
222 5315 554 5389 plaususque
583 5320 884 5374 hominum
922 5325 978 5373 et
1004 5321 1244 5386 favores,
1276 5326 1339 5374 ut
1369 5336 1490 5373 rem
1521 5320 1780 5389 fragilem
1891 5305 2137 5356 multum
2175 5303 2446 5373 temporis
2489 5303 2783 5374 presbyter
2832 5305 3013 5357 factus
3053 5303 3238 5357 adhuc
3284 5318 3412 5356 cum
3460 5303 3582 5356 Ιιατο

137 5404 178 5450 et
222 5405 476 5460 caducam
537 5424 727 5462 amore
785 5409 1073 5462 bonorum
1127 5409 1468 5479 perennium
1522 5414 1780 5460 contem-

1965 5391 2287 5446 ribebantur
2307 5393 2366 5446 in
2393 5394 2498 5446 hac
2519 5393 2631 5445 vita
2659 5397 2974 5462 supererat.

138 5487 318 5557 psisse;
350 5509 413 5547 ea
445 5495 568 5566 ipsa
598 5497 974 5551 nihilominus
1005 5513 1136 5551 eum
1161 5501 1286 5567 post
1311 5496 1526 5550 obitum
1555 5512 1783 5566 quoque
2229 5502 2298 5554 De
2327 5499 2562 5568 quodam
2588 5499 2840 5564 Freculfo
2869 5502 3040 5552 mente
3068 5502 3244 5567 capto.

140 5582 481 5639 contemnere.
519 5585 760 5641 Proinde
793 5591 1057 5658 oportere
1099 5601 1304 5658 corpus
1350 5586 1474 5657 ejus
1505 5585 1782 5656 simplici-
1965 5590 2018 5643 9.
2053 5585 2169 5642 Sub
2201 5587 2403 5642 eodem
2451 5591 2662 5642 Asuero
2713 5584 2945 5657 quidam
2994 5584 3180 5657 major
3223 5584 3397 5658 regite
3433 5587 3582 5642 villae

1968 2351 2018 2402 6.
2073 2347 2274 2401 Asueri
2322 2349 2419 2419 qui
2471 2350 2692 2418 primus
2741 2349 3002 2403 coenobio
3064 2349 3310 2403 Prumize
3363 2352 3592 2421 praefuit

1898 2442 2156 2506 tempore
2187 2435 2328 2489 forte
2367 2437 2589 2502 accidit,
2626 2443 2686 2490 ut
2733 2439 2940 2490 assolet
2969 2455 3034 2491 ex
3063 2444 3228 2492 terra:
3268 2439 3590 2505 sterilitate,

1896 2525 2179 2578 minorem
2211 2523 2271 2578 in
2303 2525 2528 2578 Gallicis
2560 2525 2892 2595 regionibus
2942 2527 3057 2579 vini
3109 2527 3333 2596 copiam
3387 2545 3586 2597 prove-

1897 2613 2064 2664 nisse.
2100 2615 2339 2682 Jamque
2376 2630 2533 2666 novm
2581 2614 2881 2667 vindemiae
2934 2620 3193 2685 tempora
3227 2617 3586 2686 propinqua-

1896 2700 2050 2765 bant,
2083 2704 2138 2753 et
2167 2700 2388 2753 clericis
2438 2701 2497 2754 in
2532 2702 2675 2754 cella
2707 2702 2811 2754 viri
2861 2703 3039 2755 sancti
3084 2704 3444 2771 degentibus,
3481 2722 3594 2757 una

1898 2789 2261 2842 solummodo
2311 2789 2432 2843 vini
2483 2806 2628 2859 cupa
2677 2796 2993 2860 supererat.
3051 2792 3120 2844 Ea
3169 2808 3297 2844 cum
3330 2793 3593 2861 coepisset

1898 2878 2163 2946 expendi,
2198 2883 2255 2931 et
2285 2879 2540 2948 quotidie
2571 2895 2699 2932 cum
2734 2880 2944 2932 eisdem
2976 2880 3212 2942 clericis,
3246 2887 3364 2932 tum
3395 2881 3589 2950 hospi-

1897 2966 2049 3019 tibus
2101 2982 2348 3036 quorum
2400 2967 2480 3018 ibi
2537 2967 2857 3036 frequentia
2905 2984 3016 3019 non
3068 2968 3306 3020 minima
3364 2985 3590 3038 semper

1897 3054 2102 3120 existit,
2136 3071 2200 3107 ex
2231 3070 2297 3108 ea
2327 3054 2532 3124 pocula
2562 3053 2976 3124 praeberentur,
3021 3056 3206 3125 spatio
3236 3072 3442 3109 novem
3472 3057 3587 3110 sive

1897 3149 2021 3197 octo
2055 3145 2277 3197 dierum
2309 3149 2614 3208 transacto,
2649 3161 2774 3197 cum
2815 3145 2896 3197 vix
2932 3145 3119 3197 media
3151 3145 3271 3212 ejus
3297 3151 3457 3214 parte
3503 3148 3588 3199 vel

1896 3234 2061 3287 tertia
2092 3233 2288 3286 vinum
2323 3233 2603 3286 contineri
2652 3239 2972 3302 putaretur,
3026 3239 3260 3303 repente
3309 3236 3367 3286 in
3406 3251 3470 3287 ea
3517 3237 3588 3288 ad

1895 3337 2187 3375 summum
2231 3338 2413 3392 usque
2454 3325 2745 3390 repertum
2797 3327 2876 3375 est
2921 3321 3256 3385 excrevisse,
3290 3327 3354 3374 ut
3395 3322 3583 3390 subja-

1895 3428 2029 3464 cens
2059 3428 2286 3481 quoque
2337 3412 2726 3480 pavimentum
2775 3412 2966 3463 vinum
3013 3416 3368 3463 excresccnte
3415 3412 3590 3464 fuerit

1897 3501 2296 3553 madefactum.
2346 3501 2411 3553 Et
2439 3500 2640 3552 merito
2671 3499 2946 3569 quoniam
2981 3500 3063 3552 vir
3103 3499 3302 3552 beatus
3335 3499 3586 3570 hospita-

1895 3587 2110 3641 litatem
2173 3588 2406 3658 proprie
2479 3593 2534 3640 et
2593 3587 2810 3640 sincere
2863 3589 3051 3658 quoad
3115 3588 3252 3640 vixit
3312 3589 3584 3653 exercuit,

1893 3682 2082 3730 actum
2115 3686 2217 3743 est,
2250 3695 2320 3730 ne
2355 3677 2436 3730 vel
2492 3677 2629 3746 ipsis
2675 3677 3070 3742 servientibus,
3124 3678 3210 3729 vel
3262 3677 3587 3746 hospitibus

1895 3767 1993 3836 qui
2023 3766 2458 3835 supervenirent
2485 3766 2634 3818 unde
2658 3765 2854 3817 viuum
2888 3765 3314 3819 ministraretur
3345 3766 3582 3819 deesset.

2107 3875 2177 3925 Dc
2205 3875 2328 3925 vino
2350 3873 2494 3939 quod
2514 3878 2699 3940 aperto
2719 3887 2866 3939 cupa
2885 3873 3126 3924 cuniculo
3148 3874 3368 3924 mansit.

1963 3966 2015 4014 7.
2050 3962 2113 4014 Et
2145 3968 2202 4013 ut
2232 3961 2569 4014 miraculum
2608 3959 2794 4012 simile
2824 3960 3062 4014 subdam
3091 3975 3102 4012 :
3152 3961 3400 4029 quodam
3433 3965 3582 4014 tem-

1890 4066 2032 4120 pore
2059 4065 2188 4103 cum
2220 4049 2548 4102 cellerarius
2578 4049 2685 4102 loci
2729 4049 2966 4101 nomine
3009 4048 3338 4102 Horduinus
3391 4049 3584 4103 immi-

1893 4144 2064 4192 nente
2091 4139 2208 4207 jam
2244 4138 2420 4190 noctis
2439 4137 2652 4207 quiete,
2678 4137 2875 4191 vinum
2906 4138 2974 4191 de
3001 4154 3145 4208 cupa
3174 4137 3422 4208 quadam
3445 4138 3584 4191 hau-

1893 4228 2074 4291 sisset,
2108 4226 2347 4296 contigit
2375 4231 2440 4279 ut
2465 4242 2625 4295 cupa;
2653 4226 2980 4279 cuniculum
3016 4226 3171 4279 aliud
3218 4226 3364 4280 forte
3395 4227 3584 4280 medi-

1892 4321 2018 4370 tans
2047 4315 2274 4368 infirme
2325 4314 2617 4368 clauderet
2657 4319 2712 4367 et
2761 4314 2960 4368 abiret.
3013 4315 3274 4385 Cumque
3325 4316 3586 4385 sequenti

1893 4405 1985 4458 die
2015 4419 2308 4472 regressus
2337 4403 2406 4456 ad
2442 4403 2704 4456 eamdem
2729 4419 2932 4472 cupam
2955 4403 3220 4470 venisset,
3253 4403 3584 4458 cuniculum

1891 4493 2124 4564 quidem
2158 4499 2417 4563 apertum
2451 4492 2686 4558 invenit,
2719 4498 2776 4545 et
2791 4497 2921 4545 ante
2944 4492 3107 4545 illum
3137 4493 3365 4546 ductam
3389 4494 3586 4546 aranei

1891 4582 2102 4643 telam;
2135 4581 2230 4633 sed
2259 4580 2337 4634 ita
2381 4579 2575 4633 vinum
2624 4579 2684 4632 in
2732 4596 2879 4650 cupa
2924 4584 3177 4646 steterat,
3222 4586 3382 4634 utne
3411 4581 3584 4634 unius

1891 4668 2124 4738 quidem
2149 4675 2326 4737 guttae
2357 4669 2425 4722 de
2453 4685 2521 4722 ea
2549 4668 2718 4738 lapsae
2746 4667 3022 4722 indicium
3041 4668 3101 4722 in
3133 4669 3456 4740 pavimento
3489 4686 3584 4723 re-

1890 4757 2066 4828 periri
2094 4759 2324 4811 valeret.
