4022 6178
413 311 517 364 659

1462 303 1978 357 WANDALBERTI
2019 301 2440 357 PRUMIENSIS
2481 301 2788 355 MONACHI

3825 299 3925 349 664i

418 457 551 513 quae
601 456 717 495 non
774 442 944 509 longe
996 436 1183 507 posita
1216 435 1455 489 Wasalia
1487 435 1715 503 dicitur,
1770 434 2117 500 Frecholfus,
2160 435 2198 487 A
2234 431 2593 500 stultissimo,
2619 430 2734 484 imo
2764 428 3177 499 superbissimo
3211 427 3405 481 animo
3452 426 3564 481 loci
3595 426 3921 492 venerandi,

417 531 652 585 nomine
683 533 871 583 mente
917 531 1133 597 captus,
1167 542 1297 579 cum
1341 530 1488 579 esset
1517 542 1550 578 a
1580 526 1696 578 suis
1728 526 1797 578 ad
1829 540 2108 578 veneran-

414 621 545 675 dam
576 617 916 672 memoriam
947 616 1243 679 deductus,
1279 615 1487 668 mentis
1528 614 1831 667 sanitatem
1868 612 2103 682 recepit.

664 736 735 787 De
770 733 1038 787 Waltario
1070 732 1281 785 homine
1310 731 1479 784 nobili
1509 730 1852 784 daemoniaco.

486 850 569 902 tO.
611 846 913 900 Waltarius
953 846 1209 916 quidam,
1250 845 1422 898 homo
1472 844 1787 898 secundum
1837 844 2106 897 saeculum

412 936 636 1001 nobilis,
680 936 779 1007 qui
829 952 981 988 nunc
1011 952 1190 1005 usque
1248 938 1528 1004 superest,
1583 950 1710 987 cum
1745 934 2107 986 vexationum

413 1026 807 1097 gravissimam
841 1030 1152 1094 pateretur,
1185 1029 1241 1077 et
1272 1022 1510 1076 indubie
1546 1022 1753 1092 spiritu
1790 1022 2105 1075 dwmonico

414 1122 701 1186 ageretur,
734 1116 955 1168 insutus
984 1115 1139 1167 corio
1174 1114 1239 1166 ad
1283 1113 1668 1166 venerabilem
1704 1114 1993 1165 tumulum
2026 1116 2109 1163 est

414 1205 751 1274 deportatus
778 1224 791 1270 ;
824 1203 921 1257 ubi
950 1220 1080 1256 cum
1113 1202 1441 1273 aliquandiu
1500 1203 1781 1272 iacuisset,
1828 1200 2109 1270 protensis

415 1294 701 1359 manibus,
750 1293 997 1363 seipsum
1033 1308 1247 1362 suaque
1304 1292 1495 1345 omnia
1540 1296 1732 1344 sancto
1784 1290 1949 1343 Goari
1981 1306 2104 1342 ma-

415 1397 543 1451 gum
575 1380 725 1433 vocis
774 1380 1125 1449 professione
1162 1379 1423 1449 subjecit,
1473 1385 1529 1432 et
1561 1379 1839 1447 optimam
1873 1377 2110 1446 insuper

415 1470 638 1523 vineam
694 1470 865 1534 dedit,
939 1485 1068 1539 quas
1118 1484 1270 1521 nunc
1320 1484 1496 1537 usque
1537 1467 1595 1519 in
1640 1468 1891 1536 ejusdem
1944 1467 2107 1519 Cellae

415 1558 772 1628 possessione
801 1557 1103 1626 perdurat;
1154 1557 1541 1626 continuoque
1589 1573 1653 1608 ea
1684 1572 1857 1625 quam
1906 1555 2104 1608 diutis-

415 1647 558 1700 sime
589 1662 791 1716 passus
818 1646 1004 1698 fuerat
1035 1645 1282 1698 amentia
1308 1645 1505 1698 caruit.
1561 1645 1609 1697 Is
1656 1644 1941 1713 hodieque
1976 1642 2108 1696 licet

415 1736 476 1789 in
534 1736 794 1789 libertate
833 1734 1065 1804 propria
1130 1738 1379 1799 maneat,
1430 1739 1481 1785 et
1530 1732 1817 1785 interdum
1858 1732 2109 1785 avaritiae
2152 1721 2189 1773 Β

417 1829 556 1877 testu
597 1840 901 1877 succensus
944 1826 1089 1892 (uta
1134 1822 1329 1875 multis
1378 1822 1689 1887 incusatur)
1748 1820 1935 1873 aliena
1978 1836 2113 1890 quo-

418 1926 530 1979 que
563 1909 815 1979 diripiat,
860 1924 1083 1961 servum
1128 1923 1183 1960 se
1230 1912 1422 1960 tamen
1464 1906 1644 1959 sancti
1695 1906 1911 1971 Goaris,
1954 1906 2113 1960 etab

419 2016 486 2052 eo
514 2003 777 2051 sanatum
810 2014 929 2050 esse
963 2012 1093 2048 voce
1124 1994 1413 2049 liberrima
1444 1998 1813 2064 protestatur.

420 2117 501 2169 De
533 2115 832 2181 Reginario
865 2112 1105 2181 ejusdem
1158 2112 1416 2233 Waltfu'ii
1461 2114 1666 2178 patruo
1710 2125 1811 2178 pro
1860 2110 2114 2179 superbia

1163 2198 1295 2233 num
1325 2200 1371 2233 Ο.

1161 2198 1371 2250 punito.

494 2304 578 2353 11.
644 2298 906 2368 Ejusdem
966 2296 1217 2349 Waltarii
1269 2300 1504 2364 patruus
1560 2294 1793 2347 nomine
1876 2294 2115 2363 Regina-

421 2390 560 2454 rius,
593 2389 768 2441 homo
801 2386 928 2439 licet
961 2385 1190 2449 nobilis,
1240 2384 1495 2438 moribus
1526 2389 1716 2437 tamen
1751 2388 1804 2437 et
1836 2389 1963 2437 actu
1994 2400 2115 2437 cru-

424 2475 644 2528 delitati
693 2480 863 2544 atque
926 2472 1177 2525 avaritia:
1222 2473 1502 2533 subditus,
1558 2489 1687 2525 cum
1762 2473 1945 2524 locum
1996 2487 2116 2524 san-

424 2570 579 2616 ctum
641 2567 948 2631 sperneret,
1010 2566 1065 2614 ct
1122 2578 1320 2613 omnes
1374 2562 1695 2614 Romanaeu
1756 2560 2003 2613 nationis
2054 2576 2117 2613 ac

425 2652 636 2721 linguas
665 2650 910 2703 hominis
953 2650 1030 2702 ita
1061 2650 1309 2720 quodam
1361 2650 1643 2720 gentilitio
1692 2649 1822 2701 odio
1868 2665 2117 2702 exsecra-

427 2748 603 2805 retur,
637 2744 700 2792 ut
728 2756 795 2792 ne
828 2738 1022 2791 videre
1045 2738 1275 2809 quidem
1310 2755 1505 2791 eorum
1554 2738 1804 2808 aliquem
1853 2737 2115 2807 aequani-

426 2830 596 2883 miter
622 2829 809 2889 vellet,
845 2844 907 2881 ac
938 2827 983 2879 si
1018 2843 1157 2896 quos
1188 2828 1327 2879 forte
1360 2843 1423 2879 ex
1465 2826 1663 2880 eadem
1715 2826 1930 2879 familia
1960 2842 2118 2878 com-

428 2917 779 2987 prehendere
812 2916 1107 2986 potuisset,
1161 2916 1468 2969 crudeliter
1521 2931 1941 2986 nonnunquam
1998 2917 2117 2968 affi-

2217 521 2594 591 virorumque
2637 520 2925 573 bonorum
2976 522 3316 588 conspectus
3383 517 3709 579 horruerat,
3774 517 3926 585 justo

2218 610 2318 663 Dei
2346 609 2586 679 judicio,
2621 613 2677 661 et
2702 608 2829 662 luce
2856 606 3195 661 mortalibus
3216 605 3613 659 communiter
3646 605 3926 658 attributa

2224 704 2279 751 et
2316 699 2430 752 vita
2461 697 2661 751 caruit.

2290 892 2367 944 De
2392 889 2635 958 piscibus
2664 890 2724 941 in
2742 888 3043 954 festivitate
3064 887 3120 941 S.
3146 886 3345 941 Goaris
3375 884 3655 938 divinitus
3684 884 3849 939 datis.

2294 1062 2375 1111 12.
2426 1058 2565 1110 Cum
2626 1058 2694 1111 ad
2750 1057 3113 1111 festivitatem
3169 1056 3349 1108 sancti
3398 1055 3598 1109 Goaris
3670 1055 3917 1125 quodam

2219 1162 2370 1199 anno
2401 1162 2467 1198 ex
2501 1146 2846 1199 monasterio
2894 1145 3127 1198 Prumia
3169 1149 3415 1198 Asuerus
3446 1144 3624 1197 abbas
3652 1144 3919 1197 venisset.

2221 1249 2448 1303 unaque
2494 1250 2561 1285 ex
2619 1233 2909 1285 monachis
2967 1232 3251 1297 nonnulli,
3307 1231 3513 1283 accidit
3574 1236 3637 1282 ut
3688 1237 3919 1300 propter

2220 1323 2402 1375 Rheni
2459 1322 2714 1375 fluminis
2768 1321 3208 1375 inundationem
3260 1320 3441 1390 pisces
3489 1319 3593 1389 qui
3643 1319 3835 1372 abbati
3864 1326 3918 1372 et

2217 1410 2488 1464 fratribus
2520 1414 2753 1479 possent
2801 1409 3115 1462 ministrari
3170 1410 3445 1462 deessent.
3510 1408 3772 1477 Cumque
3796 1409 3913 1475 jam

2217 1499 2338 1569 ipse
2388 1499 2766 1551 solemnitatis
2805 1499 2925 1552 dies
2965 1498 3264 1559 illuxisset,
3326 1503 3383 1550 et
3437 1504 3569 1550 ante
3621 1498 3913 1550 ecclesiam

2225 1604 2391 1641 mane
2422 1588 2589 1657 pauci
2613 1604 2642 1641 e
2672 1588 2942 1641 fratribus
2972 1588 3312 1651 residerent,
3335 1586 3644 1655 Ansegilus
3685 1587 3915 1657 quidam

2220 1676 2383 1729 bona:
2431 1677 2559 1729 vitae
2611 1676 2922 1729 monachus
2975 1692 3087 1728 una
3142 1676 3395 1729 residens
3448 1691 3552 1745 per
3601 1675 3805 1744 jocum
3836 1676 3915 1728 lo-

2223 1769 2388 1817 cutus
2415 1764 2528 1818 ait:
2563 1764 2604 1818 0
2632 1764 2795 1817 beate
2852 1767 3019 1830 tioar,
3052 1781 3177 1817 ecce
3208 1781 3381 1834 quam
3421 1764 3609 1817 bonus
3658 1780 3719 1816 es
3763 1779 3914 1815 mer-

2221 1852 2374 1905 cedis
2405 1857 2890 1922 recompensator,
2926 1870 3031 1906 nos
3058 1853 3161 1905 tibi
3194 1854 3493 1913 servimus,
3528 1859 3584 1906 et
3614 1854 3675 1904 in
3710 1852 3913 1921 vigiliis

2224 1944 2396 2010 atque
2435 1942 2752 2010 psalmodia
2802 1947 2915 1995 tuae
2966 1941 3286 1994 festivitatis
3327 1941 3510 2010 gratia
3560 1942 3909 2003 laboramus;

2223 2028 2396 2083 hodie
2444 2046 2516 2083 ne
2550 2047 2726 2083 unum
2777 2030 3009 2100 quidem
3041 2030 3208 2083 nobis
3240 2046 3355 2100 quo
3397 2030 3728 2082 reﬁciamur
3758 2029 3914 2099 pisci-

2223 2118 2415 2171 culum
2444 2119 2678 2188 praebes.
2737 2120 2837 2171 Vix
2886 2119 3006 2172 haec
3060 2118 3154 2172 ille
3200 2119 3369 2171 verba
3417 2118 3668 2185 ﬁnierat,
3724 2125 3779 2171 et
3808 2134 3910 2171 non

2224 2212 2352 2276 post
2380 2207 2613 2276 longum
2638 2207 2911 2276 temporis
2941 2207 3305 2260 intervallum
3339 2208 3398 2260 in
3427 2207 3571 2259 vasis
3604 2223 3672 2259 ex
3704 2206 3909 2259 vimine

2224 2295 2460 2348 salicum
2484 2296 2552 2349 ad
2586 2295 2921 2365 piscandum
2945 2297 3175 2365 paratis,
3206 2312 3333 2365 quae
3363 2311 3544 2365 nuper
3571 2311 3603 2347 a
3633 2296 3908 2364 piscatore

2224 2384 2292 2436 de
2323 2384 2568 2454 quadam
2601 2384 2803 2436 arbore
2844 2384 2898 2435 in
2935 2384 3203 2453 praeripio
3236 2387 3259 2425 b
3308 2384 3563 2436 fluminis
3613 2398 3903 2451 suspensa,

2222 2477 2581 2525 excrescente
2643 2478 2838 2541 postea
2882 2472 3120 2525 ﬂumine
3176 2472 3234 2524 in
3291 2488 3438 2541 aqua
3497 2478 3904 2536 remanserant,

2226 2562 2339 2615 duo
2372 2577 2489 2613 non
2522 2560 2732 2613 modici
2762 2560 2960 2630 pisces,
3004 2577 3145 2630 quos
3188 2561 3356 2629 vulgo
3389 2560 3604 2613 selures
3646 2560 3902 2625 dicimus,

2225 2649 2437 2719 reperti
2468 2655 2619 2717 sunt,
2660 2655 2828 2719 atque
2882 2649 2938 2701 in
2992 2650 3354 2719 prmsentiam
3418 2650 3660 2703 fratrum
3707 2666 3771 2701 eo
3801 2665 3905 2718 quo

2226 2738 2597 2791 consederant
2636 2738 2760 2790 loco
2789 2738 2979 2791 delati.
3034 2738 3147 2790 Hoc
3189 2744 3381 2791 autem
3428 2740 3580 2807 pisce
3629 2753 3797 2789 causa
3826 2738 3903 2788 in-

2228 2827 2518 2880 firmitatis
2540 2827 2711 2879 abbas
2741 2843 2856 2879 non
2886 2826 3175 2879 utebatur.
3208 2828 3347 2879 Tum
3380 2828 3474 2879 ille
3502 2827 3601 2897 qui
3632 2833 3689 2879 et
3722 2827 3903 2896 prius:

2231 2918 2337 2969 Pro
2392 2915 2578 2983 nobis,
2622 2915 2828 2985 inquit,
2876 2931 3029 2968 nunc
3075 2915 3220 2968 bene
3266 2916 3432 2985 egisti
3479 2916 3661 2985 pisces
3706 2923 3903 2968 nostrae

428 3011 612 3071 ceret;
650 3022 895 3076 cumque
926 3006 1125 3058 eodem
1159 3006 1329 3057 stulto
1362 3005 1490 3057 odio
1544 3010 1598 3057 et
1631 3004 1823 3057 animo
1873 3004 2115 3058 barbaro
2157 3021 2195 3075 (ι
2230 3006 2533 3059 refectione
2564 3006 2888 3074 providens,
2923 3005 3018 3059 sed
3047 3006 3209 3057 illum
3234 3021 3429 3058 senem
3455 3006 3722 3058 abbatem
3752 3011 3902 3058 tuum

427 3095 819 3148 venerabilem
840 3098 1142 3157 Asuerum,
1177 3094 1413 3163 ejusque
1453 3093 1764 3145 nonnullos
1811 3093 2119 3145 monachos

428 3184 827 3249 detestaretur,
861 3200 991 3236 casu
1036 3182 1160 3253 ipso
1194 3182 1397 3235 abbate
1444 3182 1505 3234 in
1536 3182 1677 3234 cella
1724 3181 1968 3250 degente
2019 3196 2120 3249 per

430 3272 616 3325 locum
678 3278 908 3325 coactus
961 3276 1043 3324 est
1096 3270 1318 3323 itineris
1369 3269 1703 3323 necessitate
1755 3269 2029 3334 transire;
2065 3273 2121 3321 et

430 3377 556 3413 cum
581 3361 700 3429 jam
731 3360 975 3413 ecclesiae
1029 3359 1485 3430 propinquasset,
1539 3363 1700 3426 rogat
1756 3372 1979 3409 servum
2020 3356 2118 3425 qui

430 3446 832 3513 comitabatur,
871 3452 934 3499 ut
960 3448 1004 3499 si
1034 3446 1213 3516 possit
1257 3463 1323 3498 ea
1370 3462 1427 3499 se
1475 3446 1563 3497 via
1595 3446 1800 3509 ducat;
1839 3460 1950 3513 qua
1983 3460 2119 3497 con-

432 3540 689 3604 spectum
738 3536 983 3588 basilica»,
1015 3535 1211 3588 Goaris
1242 3535 1747 3603 Romanorumque
1796 3532 2115 3594 hominum,

432 3624 632 3678 Asueri
666 3624 877 3677 scilicet
908 3624 1126 3677 abbatis
1175 3629 1229 3677 et
1261 3625 1384 3692 ejus
1427 3623 1700 3675 comitum
1751 3622 2119 3691 praesentiam

432 3714 615 3766 valeat
636 3713 959 3779 declinare;
1018 3718 1177 3766 tanta
1235 3713 1356 3782 ejus
1409 3713 1663 3765 animum
1710 3711 1905 3763 innata
1951 3727 2014 3763 ex
2046 3711 2123 3764 fe-

436 3803 599 3855 ritate
644 3802 939 3856 barbarica
980 3802 1261 3856 stoliditas
1310 3801 1787 3872 apprehenderat,
1846 3805 1907 3853 ut
1953 3816 2022 3852 ne
2062 3799 2120 3852 in

433 3893 673 3946 transitu
705 3892 939 3963 quidem
977 3893 1247 3946 Romanas
1280 3892 1492 3960 linguae
1528 3891 1610 3943 vel
1643 3889 1828 3959 gentis
1860 3888 2121 3941 homines

433 3987 489 4036 et
522 3982 671 4051 ipsos
703 3997 928 4052 quoque
962 3982 1141 4035 bonos
1174 3981 1321 4033 viros
1351 3997 1414 4033 ac
1444 3978 1663 4031 nobiles
1692 3977 1933 4030 libenter
1969 3976 2123 4045 aspi-

432 4086 560 4125 cere
591 4076 795 4140 posset.
834 4070 1118 4123 Promittit
1148 4085 1342 4121 servus
1388 4085 1444 4120 se
1497 4083 1661 4135 posse
1703 4065 1852 4134 quod
1887 4064 2119 4132 peteba-

434 4166 529 4215 tur
557 4159 817 4229 implere.
856 4159 923 4211 Ut
953 4174 1089 4225 ergo
1132 4156 1355 4209 itineris
1400 4154 1823 4223 aliquantulum
1861 4152 2122 4205 confece-

434 4250 567 4299 runt
600 4250 655 4298 et
676 4245 745 4297 ad
777 4246 966 4313 ipsum
998 4242 1332 4295 monasterii
1381 4241 1743 4309 basilicasque
1787 4239 1972 4292 locum
2004 4255 2124 4308 per-

435 4340 665 4387 ventum
707 4340 811 4399 est,
856 4338 1053 4386 monet
1092 4331 1391 4384 dominum
1440 4347 1650 4395 servus,
1688 4330 1734 4383 si
1786 4335 2121 4399 conspectus

434 4438 631 4474 eorum
665 4438 806 4491 quos
838 4422 1064 4475 horreat
1095 4420 1272 4473 vitare
1310 4420 1465 4487 velit,
1500 4420 1833 4473 brevissimo
1860 4429 2121 4489 tempore

434 4508 607 4578 pallio
638 4513 809 4577 caput
838 4510 1074 4579 operiat.
1119 4509 1216 4563 llle
1250 4525 1377 4563 cum
1410 4526 1439 4563 e
1473 4509 1708 4580 vestigio
1739 4512 1891 4580 quod
1928 4527 2121 4564 mone-

432 4597 603 4650 batur
640 4597 953 4666 implesset,
986 4604 1040 4651 et
1090 4605 1249 4671 extra
1290 4599 1396 4652 loci
1442 4600 1689 4669 spatium
1727 4601 2119 4669 processisset:

436 4686 617 4750 Modo,
652 4686 841 4756 inquit
881 4704 1096 4757 servus,
1134 4695 1287 4751 retro,
1314 4705 1445 4742 cave
1477 4689 1766 4757 respicias,
1795 4705 1927 4742 nam
1961 4691 2124 4743 aliter

433 4791 631 4830 eorum
678 4792 819 4846 quos
874 4781 933 4829 ut
974 4794 1164 4846 posses
1215 4778 1499 4831 declinare
1548 4777 1760 4847 petisti,
1809 4778 2123 4846 conspicies

434 4864 745 4917 neminem.
797 4863 897 4916 Vix
944 4879 1007 4915 ea
1054 4879 1248 4916 servus
1296 4864 1650 4934 impleverat,
1709 4864 2121 4932 confestimque

432 4958 487 5007 et
517 4952 621 5005 sub
648 4952 851 5006 eodem
882 4967 1028 5021 pene
1070 4958 1362 5004 momento
1389 4952 1726 5021 praedictum
1768 4952 2119 5019 reginarium

431 5041 644 5095 ventris
686 5038 1065 5111 apprehendit
1140 5038 1357 5100 effusio,
1428 5055 1532 5091 nec
1583 5054 1786 5107 magna
1835 5054 1993 5091 mora
2026 5054 2119 5090 se-

430 5136 559 5186 cuta
594 5136 720 5201 post
803 5127 1178 5200 paucissimos
1242 5126 1361 5179 dies
1417 5126 1591 5179 vitam
1648 5127 1850 5180 tinivit.
1908 5128 1989 5180 Ita
2021 5127 2120 5196 qui

498 5311 523 5336 ⁸
548 5302 607 5356 Id
636 5306 719 5355 est
744 5298 1080 5355 Gallienum:
1137 5312 1272 5349 nam
1319 5294 1503 5347 Gallos
1541 5295 1787 5364 antiquis
1833 5296 2120 5349 Romanos

428 5372 607 5426 dictos
640 5390 755 5426 non
795 5370 970 5426 semel
1030 5366 1473 5421 observavimus.
1516 5366 1582 5417 Et
1638 5367 2117 5435 Lutzemburgum

427 5443 723 5511 oppidum,
806 5443 898 5495 cui
984 5439 1216 5494 ﬁnitimi
1292 5442 1423 5511 sunt
1493 5436 1855 5511 Trevirenses
1921 5437 2117 5511 Gallias

429 5509 666 5580 Belgicae
727 5514 944 5583 populi,
993 5515 1249 5583 Augusta
1306 5510 1695 5563 Romanorum
1746 5522 1779 5559 a
1826 5509 2117 5562 Ptolomeo

429 5583 768 5635 appellatur.

425 5588 768 5652 appellatur.

2229 3096 2521 3164 negligere
2557 3111 2675 3147 non
2705 3094 2909 3159 debes;
2963 3110 3076 3146 non
3126 3094 3280 3147 enim
3324 3095 3371 3147 is
3410 3095 3508 3147 ille
3552 3095 3762 3164 poterit
3809 3094 3901 3147 uti.

2230 3186 2358 3237 Haec
2415 3182 2764 3236 monachus:
2822 3188 2876 3236 et
2927 3183 3149 3236 modico
3195 3188 3453 3252 tempore
3495 3184 3681 3253 lapso,
3726 3199 3901 3236 cuma

2230 3272 2559 3325 molendino
2586 3271 2832 3324 farinam
2864 3272 3123 3324 navicula
3158 3274 3337 3342 pistor
3385 3273 3713 3339 deveheret,
3752 3272 3900 3342 piscis

2230 3378 2402 3431 quem
2424 3360 2639 3414 lucium
2667 3376 2951 3425 vocamus,
2986 3376 3189 3413 navem
3241 3362 3387 3414 saltu
3436 3362 3727 3431 ingressus
3761 3378 3899 3414 com-

2232 3450 2546 3520 prehensus
2573 3453 2657 3502 est
2689 3466 2721 3501 a
2752 3448 2987 3517 pistore,
3024 3455 3079 3502 et
3116 3450 3175 3502 in
3206 3466 3469 3503 consessu
3500 3452 3897 3504 monachorum

2232 3537 2497 3605 (necdum
2557 3536 2769 3606 quippe
2832 3537 2900 3589 de
2969 3537 3094 3589 loco
3161 3538 3550 3606 surrexerant)
3602 3538 3896 3607 expositus.

2230 3627 2409 3692 Nunc,
2459 3624 2646 3693 inquit
2723 3623 3053 3689 monachus,
3118 3625 3407 3693 integrum
3465 3643 3697 3689 munus,
3754 3627 3900 3680 beate

2231 3716 2396 3779 Goar,
2443 3712 2712 3782 implesti,
2758 3729 2886 3765 cum
2920 3718 2975 3766 et
3024 3714 3189 3767 nobis
3244 3721 3300 3767 et
3347 3716 3470 3767 seni
3509 3721 3608 3769 tuo
3647 3716 3903 3769 alimenta

2231 3819 2487 3873 congrua
2521 3801 2833 3872 providisti.
2896 3802 3003 3855 Res
3046 3802 3188 3855 mira
3232 3803 3479 3856 ludentis
3520 3804 3716 3872 potius
3750 3819 3904 3873 quam

2230 3891 2487 3960 rogantis
2518 3906 2681 3943 voces
2711 3894 2828 3942 tam
2868 3891 3031 3943 facile
3080 3890 3407 3944 exauditas!
3442 3893 3539 3944 sed
3580 3892 3705 3945 haec
3744 3892 3906 3946 meri-

2232 3979 2303 4031 tis
2343 3978 2494 4032 beati
2536 3980 2874 4031 confessoris
2922 3996 3037 4032 nou
3086 3986 3220 4032 sunt
3264 3980 3603 4034 dissimilia:
3649 3981 3906 4050 quoniam

2232 4067 2332 4135 qui
2397 4067 2457 4119 in
2502 4082 2671 4120 carne
2716 4068 2908 4120 vivens
2958 4067 3346 4137 indigentibus
3395 4085 3495 4120 sua
3550 4085 3652 4138 pro
3705 4070 3909 4124 Christo

2233 4155 2529 4218 tribuerat,
2565 4159 2619 4207 et
2650 4155 2960 4224 hospitium
2995 4155 3478 4225 refectionemque
3510 4162 3734 4225 gratam
3770 4172 3909 4210 sem-

2233 4258 2336 4312 per
2382 4243 2678 4310 habuerat,
2729 4244 2935 4298 merito
2991 4250 3117 4314 post
3183 4245 3405 4298 obitum
3450 4262 3684 4316 quoque
3739 4248 3911 4317 potuit

2162 4346 2204 4399 ι)
2231 4332 2338 4385 sibi
2370 4331 2745 4385 servientibus
2768 4334 2903 4385 talia
2926 4349 3255 4403 procurare.
3292 4335 3433 4386 Nam
3460 4344 3745 4404 quantum
3772 4332 3909 4404 apud

2231 4422 2422 4476 divina
2468 4422 2684 4492 judicia
2733 4423 3000 4476 meritum
3045 4422 3251 4476 habeat
3300 4424 3476 4476 virtus
3516 4424 3909 4494 hospitalitatis

2232 4526 2406 4581 quam
2460 4509 2544 4561 vir
2599 4508 2798 4562 beatus
2856 4510 3220 4580 singulariter
3275 4510 3411 4564 dum
3461 4510 3600 4565 vixit
3658 4512 3903 4571 excoluit,

2232 4603 2627 4667 quantumque
2676 4597 3011 4650 reverentiae
3059 4597 3178 4649 loco
3215 4597 3296 4650 illi
3344 4597 3400 4650 in
3438 4614 3553 4667 quo
3597 4599 3762 4653 beata
3800 4600 3906 4667 ejus

2232 4685 2488 4739 membra
2522 4685 2818 4753 quiescant
2847 4685 2918 4736 sit
2954 4684 3111 4737 omni
3150 4689 3410 4753 tempore
3458 4686 3901 4756 dependendum,

2231 4777 2510 4825 testantur
2535 4788 2599 4824 ea
2632 4789 2755 4842 quae
2783 4774 2871 4825 vel
2912 4774 3077 4826 illum
3117 4774 3552 4843 frequentantes
3582 4776 3774 4829 divino
3819 4774 3902 4827 be.

2230 4860 2435 4912 neticio
2466 4867 2912 4930 consequuntur,
2963 4862 3047 4914 vel
3092 4862 3453 4931 negligentes
3486 4868 3545 4916 et
3587 4864 3776 4934 aliqua
3805 4861 3899 4914 dis-

2228 4947 2595 5000 simulatione
2622 4954 3037 5017 praetereuntes
3071 4949 3262 5003 divino
3293 4950 3670 5005 nihilominus
3706 4949 3899 5021 judicio

2227 5036 2526 5104 patiuntur
2549 5052 2561 5101 ;
2583 5038 2734 5106 quod
2766 5038 2956 5107 ipsum
2992 5039 3347 5092 manifestius
3367 5042 3636 5109 exempla
3673 5040 3901 5107 subjecta

2231 5125 2645 5180 monstrabunt.

2298 5299 2323 5339 ἰ)
2346 5297 2406 5370 Id
2424 5303 2517 5370 est
2548 5298 2607 5351 in
2649 5298 2773 5351 loco
2804 5299 2945 5368 ripae
2972 5300 3268 5367 proximo:
3305 5315 3418 5370 quo
3460 5300 3734 5353 vocabulo
3780 5310 3893 5370 usus

2228 5372 2311 5439 est
2360 5367 2479 5421 Odo
2528 5370 2699 5422 abbas
2737 5365 3214 5424 Glannafoliensis
3267 5365 3340 5423 in'
3383 5371 3626 5439 epistola
3684 5370 3808 5421 Viue
3844 5365 3890 5417 S.

2227 5438 2564 5563 bliauriiQaSbb.
2594 5442 2928 5509 prazmissa:
2964 5447 3021 5495 et
3063 5438 3499 5496 Wandalbertus
3541 5443 3739 5495 iterum
3783 5452 3887 5505 cap.

2330 5526 2359 5561 e
2492 5550 2505 5563 .
