4044 6174
159 358 234 406 ﬁh‘l
1233 351 1318 404 DE
1364 352 1521 404 VI'I‘A
1564 352 1652 406 ET
1693 351 2073 409 MIHACULIS
2113 356 2149 407 S
2224 353 2499 409 GOARIS.

273 486 337 536 De
370 482 634 534 Heriwino
661 480 848 532 comite
869 480 1079 547 ﬂagello
1104 480 1288 534 divino
1316 482 1650 536 commonita.

216 594 292 645 13.
343 590 535 644 Comes
587 587 819 657 quidam
870 588 1104 641 nomine
1158 588 1495 654 Heriwinus,
1544 605 1674 642 cum
1709 606 1811 658 per

157 681 317 733 locum
346 677 620 731 transiens
648 676 1009 744 declinasset,
1054 682 1109 729 et
1148 677 1277 730 licet
1312 697 1343 729 a
1376 678 1491 729 suis
1523 682 1583 730 ut
1616 684 1807 731 oraret

155 766 445 821 admonitus
494 781 594 835 pro
641 764 971 817 festinantia
1029 764 1249 817 itineris
1307 765 1639 833 distulisset,
1692 782 1809 819 non

154 858 297 925 longe
327 853 599 922 profectus
631 852 700 906 de
731 868 882 922 equo
914 852 1132 917 cecidit,
1167 851 1618 921 gravissimoque
1647 854 1808 924 lapsu

153 943 401 997 contritus
428 942 495 995 ad
535 940 829 995 ecclesiam
862 956 1095 993 suorum
1143 940 1406 993 manibus
1438 947 1763 1009 reportatur
1792 959 1803 996 :

153 1032 218 1085 ibi
260 1030 404 1084 brevi
443 1030 803 1093 decumbens,
856 1028 1009 1098 apud
1050 1028 1385 1083 memoriam
1429 1032 1806 1085 venerandam

152 1119 377 1173 sanitatis
407 1123 487 1172 est
516 1117 860 1172 beneﬁcium
891 1123 1203 1171 assecutus.

333 1230 401 1280 De
424 1227 660 1293 Euﬁmia
689 1224 969 1278 abbatissa
994 1226 1250 1278 similiter
1281 1226 1583 1278 emendata.

214 1333 281 1386 t-i.
315 1331 516 1384 Eodem
570 1330 740 1384 modo
788 1329 1074 1383 abbatissa
1118 1330 1326 1383 nobilis
1376 1348 1443 1383 ex
1492 1332 1633 1384 urbe
1686 1348 1803 1385 me-

149 1421 581 1475 diomatricorum
631 1420 891 1486 Eutimia,
929 1435 1057 1471 cum
1090 1419 1198 1472 iter
1243 1436 1419 1488 agens
1466 1420 1600 1472 illuc
1630 1420 1805 1473 deve-

149 1510 315 1571 nisset,
355 1513 407 1561 et
449 1524 552 1561 nec
596 1513 839 1560 oratum.
894 1512 956 1560 ut
1003 1523 1201 1561 omnes
1248 1516 1663 1561 consueverant
1706 1510 1801 1563 de-

148 1597 439 1661 scendisset,
487 1598 659 1665 paulo
704 1600 833 1666 post
876 1596 943 1649 de
996 1612 1144 1666 equo
1193 1596 1413 1660 cecidit,
1466 1604 1521 1649 et
1572 1598 1801 1651 etfracto

148 1702 282 1739 crure
325 1702 445 1755 quae
498 1690 699 1756 sponte
750 1686 1012 1737 noluerat
1068 1686 1137 1737 ad
1187 1686 1482 1739 ecclesiam
1542 1692 1804 1755 portatur

146 1776 310 1835 invita,
344 1781 397 1828 et
445 1775 771 1841 sanitatem,
821 1790 994 1844 quam
1043 1790 1146 1827 suo
1195 1776 1539 1843 perdiderat,
1593 1777 1798 1829 merito

148 1863 270 1916 beati
301 1864 397 1916 viri
427 1863 657 1932 recepit.

182 1973 240 2023 De
258 1974 567 2039 imperatore
597 1971 787 2025 Carolo
819 1970 881 2023 ob
915 1970 1400 2025 dissimulationem
1426 1972 1759 2039 periclitata.

206 2082 278 2134 15.
320 2080 506 2149 Neque
549 2077 843 2131 dissimilis
896 2078 1229 2131 meritorum
1279 2080 1402 2147 ejus
1435 2080 1692 2149 potentia
1741 2079 1798 2132 in

146 2166 429 2235 puniendis,
464 2165 885 2235 monendisque
917 2166 1089 2219 etiam
1124 2166 1355 2234 regibus
1395 2166 1623 2219 exstitit.
1659 2168 1799 2220 Nam

146 2255 359 2320 Carolus,
415 2255 905 2308 excellentissima:
971 2256 1265 2307 memoriae
1324 2255 1635 2324 imperator
1683 2259 1797 2308 Au-

143 2350 326 2411 gustus,
368 2360 398 2395 a
438 2344 654 2412 palatio
687 2360 789 2395 suo
825 2344 977 2413 quod
1020 2344 1079 2396 in
1121 2344 1406 2413 prreripiis
1456 2344 1636 2396 Rheni
1687 2346 1795 2397 ilu-

144 2432 282 2483 minis
319 2432 382 2485 ab
420 2432 546 2501 ipso
591 2438 978 2485 constructum
1020 2434 1376 2499 Ingilinheim
1409 2434 1616 2485 dicitur
1649 2450 1793 2503 quo-

142 2520 249 2572 dam
277 2525 523 2590 tempore
554 2521 877 2590 navigabat,
913 2522 972 2573 in
999 2522 1296 2574 castellum
1329 2522 1481 2590 quod
1514 2521 1687 2574 situm
1716 2527 1801 2575 est

142 2625 282 2677 super
329 2612 711 2663 conﬂuentem
780 2610 1023 2663 Mosellae
1080 2615 1135 2663 et
1194 2609 1374 2664 Rheni
1432 2610 1795 2676 descendere,

140 2697 303 2767 ibique
332 2698 637 2769 disponens
671 2704 833 2751 nocte
865 2715 1121 2764 manere,
1169 2700 1545 2768 sequentibus
1577 2716 1709 2751 eum
1740 2700 1799 2751 in

143 2787 345 2855 singulis
375 2789 611 2841 navibus
642 2788 777 2840 filiis
811 2788 1011 2841 Carolo
1040 2793 1207 2857 atque
1240 2788 1504 2858 Pippino.
1541 2788 1798 2858 Cumque

143 2875 195 2927 ad
230 2877 627 2929 monasterium
663 2877 1004 2930 confessoris
1049 2878 1226 2929 sancti
1266 2876 1580 2945 imperator
1632 2878 1797 2929 navi-

142 2963 217 3031 gio
275 2966 636 3033 pervenisset,
690 2965 891 3018 obvius
948 2965 1033 3017 illi
1093 2966 1274 3018 factus
1322 2966 1496 3018 abbas
1549 2971 1797 3019 Asuerus

142 3058 277 3119 rogat
316 3054 393 3105 uti
438 3054 507 3106 ad
558 3054 785 3106 beatum
835 3054 1074 3107 Goarem
1121 3054 1273 3106 exire
1305 3060 1361 3107 et
1394 3054 1452 3106 in
1501 3056 1640 3106 cella
1672 3054 1794 3120 ejus

142 3140 433 3195 charitatem
476 3143 565 3211 (ut
615 3143 785 3195 verbo
820 3143 1023 3195 usitato
1076 3144 1296 3212 loquar)
1340 3143 1525 3195 facere
1572 3144 1790 3196 debeat.

144 3227 293 3297 Negat
328 3247 483 3284 suam
535 3231 899 3300 praesentiam
946 3230 1274 3300 imperator,
1310 3236 1365 3285 et
1410 3239 1537 3301 post
1565 3249 1621 3284 se
1660 3249 1795 3284 con-

139 3332 301 3371 versus
347 3336 513 3372 manu
565 3320 896 3389 cognomini
942 3320 1061 3373 tilio
1107 3320 1329 3385 annuit,
1388 3326 1451 3373 ut
1497 3320 1683 3373 navim
1728 3320 1797 3374 ad

140 3406 393 3460 ecclesiam
427 3414 695 3461 oraturus
735 3408 1082 3477 egrediatur,
1116 3409 1236 3478 ipse
1272 3410 1570 3477 proposito
1616 3410 1797 3463 tendit

138 3493 327 3549 itinere.
372 3498 609 3566 Egresso
662 3497 733 3551 ad
768 3504 977 3550 terram
1026 3497 1271 3567 Augusti
1312 3498 1449 3564 tilio,
1499 3498 1642 3551 alter
1674 3499 1795 3567 ejus

138 3583 265 3635 tilins
292 3585 560 3655 Pippinus
612 3586 709 3655 qui
756 3592 882 3656 post
915 3588 1147 3640 fratrem
1180 3587 1306 3639 navi
1348 3586 1630 3650 veniebat,
1682 3603 1794 3655 pu-

136 3675 239 3724 tans
262 3676 426 3741 patris
453 3691 575 3728 esse
600 3675 789 3728 navim
814 3691 986 3745 quam
1018 3676 1193 3729 littori
1222 3674 1440 3728 videret
1470 3676 1792 3744 appulsam,

138 3773 362 3828 egressus
411 3769 464 3817 et
520 3764 641 3834 ipse
692 3769 796 3829 est,
841 3764 1118 3834 fratrique
1162 3763 1420 3817 nesciens
1458 3764 1515 3816 in
1564 3764 1797 3817 ecclesia

137 3849 365 3904 sociatus.
447 3854 529 3907 Ibi
600 3853 753 3923 quod
820 3853 970 3906 inter
1035 3870 1129 3906 eos
1196 3869 1393 3922 graves
1456 3852 1795 3919 aliquandiu

139 3937 415 3993 simultates
445 3947 501 3995 et
542 3942 861 3995 inimicitiae
903 3943 1147 4009 fuerant,
1190 3942 1506 4011 inspirante
1545 3957 1796 4009 superna

138 4025 406 4082 clementia
445 4035 501 4083 et
531 4030 852 4099 opitulante
901 4028 1236 4082 confessoris
1282 4028 1625 4081 sanctissimi
1674 4044 1793 4081 me-

136 4114 242 4178 rito,
287 4118 341 4169 in
388 4118 700 4172 fraternam
759 4117 1123 4171 concordiam
1172 4122 1229 4170 et
1285 4117 1466 4170 foedus
1526 4116 1794 4169 amicitiae

138 4201 376 4258 coierunt.
429 4206 567 4260 Cibo
618 4206 827 4259 deinde
870 4211 1126 4275 potuque
1175 4212 1425 4275 sumpto,
1477 4207 1688 4258 alacres
1742 4209 1795 4256 et

138 4289 232 4343 laeti
258 4293 321 4346 ad
371 4294 561 4347 locum
603 4310 776 4364 supra
825 4295 1185 4347 nominatum
1231 4309 1402 4363 quem
1452 4310 1579 4347 cum
1633 4298 1793 4363 patre

137 4384 300 4445 petere
340 4388 647 4453 coeperant,
691 4382 957 4435 omnibus
1002 4383 1119 4435 suis
1159 4382 1543 4435 incolumibus
1591 4398 1793 4452 perve-

137 4475 329 4525 nerunt.
380 4474 701 4541 Imperator
728 4487 860 4524 vero
892 4471 992 4542 qui
1025 4471 1155 4524 ﬁliis
1199 4471 1441 4541 egressis
1480 4472 1631 4523 solus
1663 4486 1793 4523 cum

138 4556 231 4607 suis
257 4557 310 4611 in
353 4561 482 4613 navi
529 4565 905 4624 remanserat,
948 4576 1076 4613 cum
1110 4560 1175 4613 ad
1223 4560 1558 4629 praedictum
1604 4561 1793 4613 locum

136 4645 339 4701 tendere
383 4650 575 4715 vellet,
628 4654 824 4702 coorta
876 4654 1111 4719 repente
1160 4648 1501 4702 densissima
1540 4649 1691 4701 nube
1740 4653 1793 4701 et

136 4732 327 4787 nebulis
383 4736 859 4791 tenebrosissimis
918 4737 1249 4803 subsecutis,
1311 4738 1387 4789 ita
1446 4737 1505 4790 in
1560 4737 1795 4790 ﬂumine

135 4819 400 4891 deerravit,
428 4832 491 4879 ut
534 4843 721 4896 neque
759 4827 901 4894 ipse,
936 4842 1124 4895 neque
1164 4826 1438 4879 comitum
1486 4826 1794 4895 quispiam,

137 4910 213 4961 sed
257 4928 431 4983 neque
480 4915 641 4967 navis
684 4916 1038 4986 gubernator
1089 4930 1202 4984 quo
1266 4916 1567 4967 tenderent
1616 4931 1796 4983 quove

138 4997 298 5053 navim
343 5008 581 5073 agerent
628 5004 909 5057 ullatenus
958 5003 1121 5069 scire,
1158 5005 1243 5055 vel
1286 5004 1475 5056 videre
1525 5004 1794 5058 valerent.

136 5083 207 5137 Sic
234 5103 326 5156 per
355 5091 641 5161 reliquum
673 5092 825 5161 quod
867 5096 1163 5161 supererat
1194 5092 1308 5145 diei
1335 5092 1394 5145 in
1427 5092 1632 5162 pelago
1663 5092 1797 5145 fati-

137 5175 250 5241 gati,
296 5178 379 5231 vix
433 5185 742 5249 postquam
784 5196 946 5233 suam
987 5181 1217 5250 culpam
1266 5181 1581 5251 imperator
1620 5197 1798 5250 agno-

138 5278 266 5317 scere
308 5272 359 5319 et
413 5268 583 5322 beato
631 5269 799 5322 Goari
830 5268 1152 5337 supplicare
1208 5269 1397 5337 coepit,
1452 5267 1636 5321 multa
1678 5267 1800 5336 jam

141 5349 214 5403 die
247 5358 296 5406 et
324 5354 627 5427 ingruente
670 5362 837 5410 nocte
877 5358 935 5409 in
969 5357 1360 5411 continentem
1403 5356 1613 5425 egressi
1648 5362 1799 5420 sunt,

142 5440 299 5493 tribus
326 5449 519 5498 tamen
552 5449 646 5499 aut
679 5446 849 5516 paulo
881 5447 1128 5515 amplius
1163 5464 1194 5499 a
1227 5448 1348 5499 loco
1381 5447 1436 5499 in
1470 5462 1639 5516 quem
1672 5462 1801 5515 pro-

145 5537 419 5592 posuerant
468 5535 662 5603 egredi
714 5534 985 5601 millibus,
1039 5534 1140 5588 ubi
1178 5540 1235 5587 et
1265 5551 1328 5587 ea
1370 5550 1604 5588 manere
1639 5539 1803 5587 nocte

145 5628 242 5668 non
270 5619 384 5673 sine
412 5638 608 5677 rerum
645 5624 1103 5678 necessariarum
1132 5624 1326 5695 inopia
1360 5623 1690 5694 compulsus
1722 5626 1804 5678 est

3516 359 3618 409 662

1833 488 1877 538 Α
1908 482 2237 554 imperator.
2275 484 2556 553 Factoque
2588 482 2677 537 die
2706 484 2928 553 publice
2956 488 3196 538 testatus
3228 490 3329 553 est,
3368 486 3459 539 sui
3495 503 3617 541 esse

1919 572 2133 642 peccati
2166 578 2221 625 et
2255 572 2443 625 meriti
2478 572 2632 642 quod
2668 573 3019 642 periclitatus
3060 573 3117 627 in
3152 574 3412 643 ﬂumine,
3458 578 3616 645 quod

1920 678 1951 714 a
1981 661 2385 714 commoditate
2418 661 2642 714 itineris
2683 668 2737 714 et
2777 672 3051 731 apparatu
3093 664 3265 733 regiae
3301 665 3615 719 mansionis

1919 750 1989 803 sit
2020 749 2345 818 longissime
2395 749 2761 819 disparatus;
2804 766 2915 802 non
2956 751 3165 803 frustra
3209 753 3319 805 sibi
3366 753 3487 806 haec
3521 771 3610 807 ac-

1918 838 2143 902 cidisse,
2177 837 2272 890 sed
2317 838 2551 890 beatum
2597 838 2838 891 Goarem
2886 854 3080 907 poenas
3129 856 3232 908 pro
3274 846 3605 911 contemptu

1919 927 2149 980 meritas
2206 927 2502 996 repetisse,
2551 942 2725 996 seque
2774 926 3054 995 supplicia
3104 929 3439 996 expendisse
3488 946 3609 983 me-

1916 1024 2181 1083 rentem;
2230 1033 2429 1070 vovere
2460 1033 2518 1069 se
2558 1022 2612 1069 et
2654 1017 2981 1070 firmissime
3012 1017 3268 1086 polliceri
3310 1036 3609 1089 nunquam

1916 1106 2103 1157 locum
2148 1105 2255 1158 viri
2301 1105 2639 1158 sanctissimi
2684 1106 2799 1158 ulla
2840 1104 3098 1174 quamvis
3141 1122 3347 1176 magna
3390 1109 3609 1162 itineris

1915 1192 2261 1259 festinantia,
2300 1193 2346 1246 si
2376 1194 2446 1247 ad
2478 1210 2608 1247 eum
2632 1194 2691 1247 in
2721 1194 2902 1247 vicino
2930 1194 3134 1261 veniat,
3162 1195 3605 1261 declinaturum,

1916 1298 2089 1350 quem
2135 1282 2235 1334 tali
2281 1281 2645 1335 incommodo
2680 1283 2750 1334 sit
2790 1289 3057 1351 expertus
3095 1300 3260 1351 posse
3294 1284 3361 1337 de
3393 1284 3479 1337 his
3511 1286 3610 1354 qui

1916 1384 1973 1421 se
2013 1369 2427 1439 negligendum
2469 1372 2797 1440 putaverint
2841 1376 3106 1440 expetere
3143 1388 3313 1441 quam
3366 1373 3611 1426 voluerit

1917 1458 2210 1511 ultionem.
2248 1458 2343 1510 His
2375 1459 2516 1511 votis
2565 1459 2632 1511 ad
2668 1460 2881 1513 Cellain
2933 1459 3133 1528 viginti
3180 1461 3355 1514 libras
3389 1462 3609 1529 argenti

1914 1549 1971 1597 et
2017 1546 2168 1614 palia
2216 1546 2536 1600 holoserica
2577 1548 2689 1599 duo
2739 1548 2914 1611 misit,
2977 1566 3078 1602 nec
3126 1550 3391 1619 deinceps
3444 1550 3601 1603 omni

1914 1635 2026 1687 vita
2080 1651 2183 1688 sua
2246 1637 2397 1705 quod
2455 1642 2681 1689 voverat
2738 1637 2931 1705 aliqua
2979 1654 3042 1691 ex
3091 1654 3258 1691 causa
3329 1639 3600 1707 neglexit.

1912 1723 2165 1793 Denique
2197 1723 2242 1777 is
2278 1724 2378 1795 qui
2410 1730 2532 1778 tum
2558 1726 2731 1795 regiae
2767 1726 2923 1778 navis
2964 1726 3312 1796 gubernator
3364 1728 3474 1779 fuit
3505 1728 3609 1780 hu-

1909 1827 2120 1881 cusque
2161 1819 2442 1882 superest,
2477 1814 2675 1884 reique
2721 1821 2893 1882 gesta:
2935 1815 3312 1869 indubitabile
3344 1817 3599 1868 testimo-

1908 1900 2069 1953 nium
2119 1902 2403 1970 perhibet.
2457 1904 2567 1956 Nec
2624 1903 2913 1957 immerito
2967 1920 3169 1973 regum
3226 1904 3308 1956 illi
3354 1904 3496 1958 ﬁdes
3548 1910 3601 1958 et

1908 1989 2133 2043 devotio
2164 1990 2435 2060 subjacet,
2470 1992 2569 2061 qui
2605 2008 2706 2062 pro
2739 1993 2959 2046 Christo
2991 2010 3105 2046 non
3138 1993 3321 2046 solum
3364 2010 3601 2063 magnos

1907 2083 1963 2131 et
1992 2078 2349 2147 appetibiles,
2387 2080 2486 2132 sed
2527 2096 2725 2133 omnes
2758 2081 2986 2150 penitus
3019 2081 3218 2135 mundi
3249 2081 3500 2135 honores
3536 2088 3591 2135 et

1907 2167 2144 2219 caducas
2174 2167 2482 2236 dignitates
2528 2170 2904 2239 contempsit;
2937 2175 2992 2222 et
3034 2186 3161 2223 cum
3208 2175 3418 2239 posset,
3471 2170 3594 2239 epi-

1906 2271 2109 2324 scopus
2136 2255 2261 2309 fieri
2295 2257 2495 2323 noluit,
2532 2259 2833 2327 potiusque
2865 2259 2923 2311 in
2955 2258 3158 2311 humili
3190 2264 3339 2312 statu
3370 2275 3601 2312 manere

1907 2342 2119 2412 delegit
2153 2360 2324 2413 quam
2369 2345 2653 2398 honorum
2693 2346 2939 2399 fascibus
2988 2348 3354 2415 praegravari.
3405 2348 3600 2411 Quan-

1905 2448 2079 2501 quam
2132 2433 2191 2485 in
2243 2434 2576 2487 Christianis
2630 2435 2985 2505 principibus
3044 2437 3162 2488 haec
3209 2436 3357 2488 circa
3408 2452 3601 2487 servos

1906 2522 2006 2574 Dei
2036 2522 2258 2575 affectio
2298 2528 2415 2576 tam
2466 2524 2538 2575 sit
2586 2529 2901 2594 Spontanea
2940 2529 2995 2577 et
3043 2524 3264 2589 devota,
3317 2540 3491 2593 quam
3544 2540 3602 2576 se

1905 2616 2189 2663 noverunt
2244 2616 2401 2664 tanto
2456 2613 2635 2680 magis
2682 2614 2795 2665 Deo
2853 2612 3130 2681 gratiores
3182 2613 3323 2678 fore,
3382 2618 3599 2683 quanto

1906 2698 2004 2767 qui
2031 2700 2098 2752 ad
2130 2707 2357 2769 tempus
2386 2701 2595 2754 elevari
2622 2718 2724 2771 per
2752 2708 3033 2754 tumorem
3070 2702 3387 2771 majestatis
3427 2702 3601 2771 regiae

1904 2792 2188 2856 poterant,
2223 2789 2446 2858 eligunt
2478 2789 2651 2841 servis
2680 2790 2887 2844 Christi
2925 2806 2981 2841 se
3013 2796 3206 2842 mente
3223 2790 3594 2843 submittere.

2270 2906 2344 2956 De
2380 2908 2571 2971 regina
2602 2906 2877 2959 Fastrada
2907 2905 2985 2957 ibi
3014 2910 3229 2958 sanata.

1982 3021 2062 3071 16.
2117 3019 2377 3087 Ejusdem
2430 3019 2705 3089 principis
2755 3020 2958 3087 conjux
3007 3019 3274 3072 Fastrada
3323 3035 3454 3073 cum
3501 3037 3597 3072 ve-

1838 3088 2336 3160 Chementissimo
2388 3088 2649 3161 dentium
2708 3109 2903 3161 dolore
2976 3113 3362 3177 torqueretur,
3431 3113 3487 3161 et
3530 3109 3601 3163 ad

1905 3194 2093 3247 locum
2138 3195 2209 3247 ob
2254 3198 2575 3249 remedium
2627 3197 2748 3265 ejus
2797 3196 3008 3249 doloris
3058 3203 3280 3250 oratum
3332 3197 3596 3263 venisset,

1904 3284 2178 3337 continuo
2212 3290 2275 3337 ut
2294 3287 2531 3354 supplex
2564 3285 2709 3338 facta
2737 3290 2839 3352 est,
2878 3285 3241 3337 incommodo
3272 3284 3490 3350 caruit;
3528 3286 3599 3338 ob

1905 3387 2078 3440 quam
2114 3389 2231 3426 rem
2264 3373 2394 3427 data
2426 3380 2509 3427 est
2537 3374 2607 3427 ah
2642 3374 2986 3443 imperatore
3024 3373 3155 3425 villa
3186 3389 3313 3443 quae
3353 3373 3599 3426 Nasonia

1904 3470 2288 3533 nuncupatur,
2320 3469 2374 3516 et
2401 3464 2457 3515 in
2482 3464 2611 3533 jure
2645 3464 2747 3515 loci
2782 3464 3051 3515 hactenus
3083 3462 3379 3514 retinetur.

2002 3580 2073 3630 De
2096 3593 2152 3631 eo
2182 3581 2279 3645 qui
2308 3580 2591 3632 ambulans
2606 3594 2779 3702 tsupfr
2807 3579 3032 3701 glaciem
3059 3578 3402 3646 periclitatus
3422 3582 3498 3630 est

2576 3666 2598 3701 ρ
2655 3664 2718 3702 sa
2743 3666 2811 3701 va
2840 3664 2920 3702 us.

2576 3664 2626 3701 et
2655 3664 2920 3703 salvatus.

1978 3766 2060 3815 t7.
2090 3764 2194 3815 Per
2223 3762 2373 3816 idem
2404 3768 2631 3832 tempus
2664 3763 2864 3816 accidit
2892 3762 3074 3817 Rheni
3096 3763 3351 3816 ﬂuminis
3384 3779 3594 3833 aquam

1905 3849 2084 3903 nimio
2116 3851 2325 3920 frigore
2374 3853 2793 3920 congelascere,
2842 3852 2919 3904 ita
2966 3857 3029 3904 ut
3068 3852 3321 3904 incessus
3372 3867 3598 3921 quoque

1901 3955 2147 4010 quorum
2201 3940 2333 3993 libet
2378 3941 2713 3993 animalium
2759 3946 2813 3993 et
2856 3940 3251 3993 vehiculorum
3300 3940 3447 3992 ferre
3501 3956 3595 3991 va-

1902 4028 2063 4081 leret.
2106 4031 2234 4083 Erat
2272 4029 2507 4100 quidam
2554 4029 2723 4099 regite
2764 4030 2911 4082 villae
2946 4028 3181 4081 colonus
3213 4042 3383 4097 quam
3424 4040 3598 4095 supra

1908 4117 2206 4170 Wasaliam
2246 4118 2495 4171 diximus
2537 4118 2837 4187 appellari,
2882 4119 3042 4186 cujus
3074 4116 3239 4169 vinea
3272 4115 3421 4168 haud
3460 4130 3594 4183 pro-

1903 4206 1994 4258 cul
2034 4223 2064 4258 a
2098 4207 2442 4260 monasterio
2490 4206 2667 4259 vineis
2714 4208 2773 4260 B.
2806 4206 2999 4259 Goaris
3043 4204 3403 4269 cohaerebat;
3448 4207 3504 4257 et
3535 4207 3599 4254 ut

1904 4310 2322 4364 nonnunquam
2347 4295 2554 4360 evenit,
2588 4294 2692 4348 hac
2719 4295 2812 4349 ille
2846 4295 3140 4348 occasione
3172 4292 3388 4346 solebat
3420 4291 3595 4344 inter-

1838 4370 1877 4423 ί)
1908 4383 2043 4436 dum
2083 4384 2391 4452 particulas
2432 4384 2649 4454 aliquas
2682 4385 3013 4437 earumdem
3043 4382 3355 4452 praeripere
3396 4381 3593 4433 vinea—

1903 4488 2053 4533 rum,
2084 4478 2139 4525 et
2170 4488 2285 4525 sum
2326 4472 2526 4525 fraude
2565 4473 2803 4525 humani
2844 4472 3058 4541 ingenii
3101 4472 3335 4523 sociare.
3374 4469 3426 4522 Is
3467 4486 3597 4522 cum

1903 4560 1994 4614 die
2029 4562 2275 4629 quadarn
2308 4577 2479 4631 super
2506 4562 2746 4629 glaciem
2790 4560 3047 4613 ﬂuminis
3078 4560 3417 4624 ambularet,
3447 4562 3502 4611 et
3528 4558 3596 4610 ad

1904 4649 2027 4718 ejus
2061 4650 2316 4702 medium
2357 4665 2537 4718 prope
2576 4650 2841 4714 venisset,
2883 4654 3118 4718 repente
3160 4648 3219 4701 in
3252 4646 3598 4717 multiplices

1904 4742 2095 4807 partes
2142 4753 2246 4806 per
2291 4738 2635 4792 latissimum
2669 4738 2926 4792 ﬂuminis
2975 4736 3225 4808 spatium
3272 4735 3483 4805 glacies
3515 4739 3600 4787 est

1904 4826 2171 4888 resoluta,
2212 4830 2381 4896 atque
2428 4827 2521 4879 ille
2575 4827 2777 4897 glaciei
2824 4826 3015 4879 fractae
3064 4823 3595 4895 superincumbens,

1906 4914 2218 4967 secundum
2252 4916 2464 4968 ﬂumen
2490 4914 2624 4968 ferri
2654 4921 2904 4968 tremens
2932 4919 2988 4968 et
3016 4914 3220 4967 anxius
3248 4912 3437 4981 ccepit.
3470 4911 3600 4963 Erat

1907 5020 1996 5057 res
2034 5002 2244 5055 summi
2275 5002 2515 5071 periculi
2549 5008 2604 5056 et
2628 5003 3045 5074 desperationis
3077 5007 3365 5066 extremae,
3412 4998 3601 5051 homi-

1906 5108 2036 5145 nem
2072 5091 2130 5143 in
2155 5090 2409 5144 ﬂuminis
2430 5093 2777 5159 rapidissimi
2796 5097 2967 5163 atque
2986 5090 3250 5145 latissimi
3272 5090 3598 5159 fragmento

1908 5179 2109 5249 glaciei
2146 5180 2497 5234 tenuissimae
2531 5181 2684 5247 ferri,
2714 5198 2817 5235 nec
2848 5197 2967 5233 esse
3001 5178 3243 5233 remedii
3276 5176 3595 5246 quidquam

1911 5268 2181 5339 quoniam
2216 5268 2320 5334 illi,
2357 5271 2842 5339 quemadmodum
2874 5270 3130 5323 humano
3159 5266 3369 5319 auxilio
3400 5264 3601 5316 subve-

1912 5356 2063 5411 niret
2088 5362 2279 5426 posset
2309 5364 2430 5411 erat
2457 5359 2690 5412 omnino
2721 5358 2883 5411 nihil.
2908 5358 3050 5409 Tum
3082 5356 3175 5409 ille
3206 5354 3296 5406 cui
3328 5351 3604 5406 evadendi

1912 5445 2231 5515 periculum
2252 5462 2353 5499 nec
2366 5463 2493 5517 spes
2508 5448 2644 5511 ulla,
2666 5462 2769 5499 nec
2782 5445 3014 5515 aliquod
3032 5444 3336 5497 consilium
3352 5457 3608 5511 superes-

1914 5540 2016 5600 set,
2042 5534 2246 5589 divinaa
2273 5536 2634 5590 solummodo
2660 5533 3064 5588 misericordia:
3092 5532 3431 5603 supplicare,
3466 5535 3521 5583 et
3544 5531 3605 5583 Β.

1919 5623 2116 5678 Goaris
2138 5624 2342 5679 merita
2370 5623 2429 5677 in
2452 5624 2540 5678 sui
2573 5622 2975 5678 liberationem
2995 5636 3325 5693 exposcere,
3350 5618 3609 5689 magnis-
