4044 6174
421 306 521 358 663

422 539 552 576 cum
567 523 806 575 salutem
819 524 1046 590 penitus
1068 520 1442 591 desperasset,
1460 522 1721 575 eductam
1741 522 2022 576 manicam
2046 524 2114 576 de

421 628 597 665 manu
627 609 886 680 projecit,
913 609 1341 679 respiciensque
1363 610 1676 677 basilicam,
1700 612 1924 665 vineam
1953 628 2114 665 suam

420 700 600 753 sancti
645 699 748 751 viri
780 697 1037 752 dominio
1088 699 1339 752 tradidit.
1376 701 1485 752 Nec
1524 716 1687 753 mora
1727 706 1870 767 acta,
1910 700 2117 755 virtute

424 787 615 841 divina
647 787 855 856 glacies
889 787 1067 840 instar
1099 788 1373 840 navicula
1414 788 1482 840 ad
1513 787 1673 841 littus
1704 790 1891 841 evexit
1928 789 2116 843 homi-

423 894 576 945 nem,
599 882 655 930 et
679 876 1027 930 incolumem
1050 876 1108 928 in
1130 877 1523 930 continentem
1545 879 1835 946 exposuit;
1868 879 1967 948 qui
1992 894 2119 931 mox

419 966 669 1029 vineam,
694 966 760 1019 de
782 981 895 1035 qua
922 964 1165 1019 diximus
1195 982 1383 1035 supra,
1405 966 1656 1019 ecclesia
1676 967 2035 1035 mancipavit,
2059 968 2119 1020 in

421 1055 583 1125 cujus
616 1070 767 1108 nunc
797 1054 969 1107 etiam
1010 1054 1137 1123 jure
1176 1060 1517 1124 perseverat.
1553 1056 1643 1108 Sic
1688 1056 1743 1107 Β.
1780 1056 2120 1108 confessoris

427 1144 693 1196 meritum
716 1143 1009 1196 hominem
1041 1148 1096 1197 et
1119 1159 1219 1213 pro
1248 1143 1416 1212 culpa
1445 1143 1934 1213 quemadmodum
1957 1160 2122 1214 opor-

424 1231 531 1285 tuit
549 1230 843 1300 castigavit
856 1237 910 1284 et
924 1232 1157 1285 anxium
1176 1232 1244 1285 de
1258 1232 1511 1301 periculo
1533 1231 1872 1286 mirabiliter
1886 1231 2116 1301 eripuit.

477 1340 550 1391 De
581 1338 813 1407 quodam
835 1338 1157 1400 Isara/tardo,
1191 1342 1541 1404 procuratore
1560 1338 1703 1391 villa:
1729 1340 1911 1404 regiae,
1939 1353 2070 1392 caeso

1116 1414 1165 1463 et
1203 1414 1413 1461 sanato.

501 1519 583 1569 18.
621 1514 982 1580 Isanhardus,
1016 1513 1136 1567 ﬁsci
1174 1514 1317 1583 regii
1357 1518 1714 1582 procurator,
1750 1531 1878 1567 eum
1921 1514 2121 1584 inique

426 1606 608 1659 multa
633 1609 832 1657 contra
869 1604 1147 1656 familiam
1179 1603 1239 1656 B.
1274 1602 1467 1656 Goaris
1498 1609 1713 1672 ageret,
1768 1603 2024 1657 visitatus
2050 1604 2121 1657 ab

427 1694 523 1747 illo
568 1709 670 1763 per
717 1692 1005 1745 somnium
1055 1696 1158 1758 est,
1196 1696 1254 1745 et
1296 1697 1426 1762 post
1474 1691 1923 1761 increpationem
1961 1708 2119 1746 seve-

428 1781 650 1835 rissime
681 1796 896 1845 casus;
934 1780 1011 1832 ita
1046 1785 1105 1832 ut
1146 1780 1236 1833 die
1284 1784 1516 1849 postero
1549 1795 1744 1848 gressu
1781 1796 1896 1832 non
1930 1780 2122 1834 valens

435 1871 718 1931 incedere,
750 1869 880 1922 navi
918 1869 983 1923 ad
1020 1869 1311 1922 ecclesiam
1362 1868 1684 1931 duceretur,
1718 1868 1812 1921 ubi
1859 1868 2121 1937 aliquan-

425 1961 520 2013 diu
549 1960 836 2012 decubans
869 1959 1153 2027 integram
1184 1957 1481 2010 sanitatem
1519 1961 1751 2027 excepto
1783 1958 2123 2025 genitalium

429 2048 681 2119 pondere
724 2046 971 2112 meruit;
1006 2063 1133 2115 quae
1166 2045 1339 2099 etiam
1383 2046 1690 2098 inﬁrmitas
1726 2044 2125 2100 indubitanter

427 2154 596 2190 causa
628 2136 824 2189 salutis
853 2136 938 2188 illi
969 2135 1167 2188 relicta
1191 2134 1569 2204 cognoscitur,

504 2227 632 2280 Haec
676 2224 825 2277 inter
858 2223 971 2276 alia
1011 2240 1138 2292 qua
1192 2223 1518 2293 compendii
1581 2239 1749 2276 causa
1808 2222 2121 2292 snppressi,

428 2313 785 2378 temporibus
829 2312 1032 2366 Asueri
1085 2312 1301 2366 abbatis
1341 2311 1533 2366 divina
1562 2311 1623 2364 in
1661 2312 1785 2365 loco
1830 2312 2038 2365 virtute
2069 2316 2125 2365 et

430 2402 769 2456 confessoris
810 2402 962 2455 beati
1012 2402 1218 2454 merito
1272 2405 1691 2470 provenerunt;
1743 2400 1941 2453 diebus
1990 2417 2123 2455 vero

429 2491 723 2555 Tancradi,
758 2490 857 2560 qui
897 2494 1113 2543 Asuero
1155 2490 1396 2542 feliciter
1426 2505 1489 2542 ex
1538 2490 1643 2542 hac
1683 2489 1799 2541 vita
1830 2491 2120 2543 subtracto

431 2578 490 2630 in
521 2577 801 2645 regimine
845 2575 1176 2628 monasterii
1228 2575 1476 2629 Prumia
1521 2575 1808 2645 simulque
1859 2577 2017 2629 cella
2066 2576 2121 2629 S.

433 2667 629 2719 Goaris
663 2664 949 2729 successit,
991 2665 1111 2717 hac
1141 2681 1267 2734 quae
1303 2680 1552 2733 superna
1592 2663 1982 2718 misericordia
2026 2665 2125 2717 tri-

432 2756 644 2809 buente
675 2754 954 2821 subjicere
978 2753 1145 2822 cupio
1170 2752 1553 2822 contigerunt,
1588 2769 1715 2822 qua
1739 2758 1795 2805 et
1814 2753 1898 2806 illi
1918 2753 2126 2823 quibus

436 2842 810 2896 referentibus
843 2842 1049 2895 horum
1080 2841 1345 2895 notitiam
1377 2840 1540 2910 attigi
1581 2840 1831 2893 maxima
1872 2857 1935 2894 ex
1967 2846 2126 2911 parte

435 2948 627 2985 coram
658 2930 825 3000 positi
853 2936 1214 3000 aspexerunt.

491 3066 582 3119 llI.
623 3095 693 3105 —
725 3081 997 3120 muscum.
1038 3080 1197 3117 FACTA
1236 3078 1488 3117 TEMPORE
1526 3078 1792 3116 uacuam
1830 3078 2069 3117 ABBATIS.

436 3183 508 3233 De
554 3182 726 3233 nimia
775 3180 944 3233 rivuli
993 3178 1357 3231 erundatione
1396 3182 1445 3230 et
1505 3179 1781 3232 turricula:
1828 3179 2128 3232 salvatione

1146 3250 1412 3301 mirabili.

508 3360 591 3410 19.
629 3356 853 3411 Accidit
898 3355 1206 3424 aliquando
1238 3371 1305 3407 ex
1357 3355 1677 3424 pluviarum
1727 3356 1891 3425 copia
1940 3355 2127 3410 subito

438 3446 686 3499 rivulum
723 3461 893 3514 quem
930 3446 1255 3497 Woccaram
1297 3444 1585 3497 nominari
1625 3444 1686 3497 in
1727 3445 1915 3497 libello
1950 3444 2130 3513 priori

434 3534 699 3598 diximus,
734 3534 874 3586 adeo
904 3533 1237 3598 exundasse,
1279 3539 1339 3585 ut
1370 3533 1428 3586 in
1467 3549 1734 3603 magnam
1787 3533 1997 3587 molem
2030 3550 2126 3586 ex-

436 3638 694 3690 surgens,
733 3619 896 3674 obvia
933 3637 1177 3691 quaque
1228 3637 1343 3674 non
1382 3622 1503 3673 sine
1550 3621 1802 3690 periculo
1836 3627 1890 3674 et
1921 3622 2131 3675 damna

439 3711 753 3763 multorum
784 3709 1015 3763 eruerit.
1065 3710 1287 3780 Quippe
1324 3726 1451 3763 cum
1486 3709 1771 3762 exundare
1804 3710 1988 3779 primo
2026 3727 2131 3765 coe-

437 3799 630 3869 pisset,
665 3799 944 3851 incertum
979 3816 1091 3868 quo
1143 3799 1433 3853 obstaculo
1478 3816 1509 3851 a
1541 3814 1705 3850 cursu
1741 3814 1842 3850 suo
1876 3798 2130 3868 prohibi-

439 3895 550 3953 tus,
603 3888 1080 3941 descendentibus
1131 3904 1195 3940 ex
1239 3888 1584 3940 concavitate
1642 3886 1923 3939 montium
1965 3886 2130 3957 aquis

439 3977 498 4029 in
523 3981 747 4030 tantum
765 3977 1029 4039 excrevit,
1058 3981 1117 4028 ut
1139 3976 1207 4029 ad
1228 3976 1493 4028 ultimum
1519 3976 1699 4044 ruptis
1722 3974 1981 4027 obicibus
2002 3991 2133 4043 pro-

440 4067 641 4131 tluens,
676 4066 847 4117 etiam
882 4065 1126 4133 grandes
1157 4068 1213 4117 et
1242 4064 1595 4117 firmissimas
1628 4063 1829 4116 domos
1860 4079 1891 4115 a
1923 4063 2129 4116 funda-

441 4155 646 4207 mentis
676 4160 868 4206 erutas
917 4154 976 4206 in
1026 4154 1290 4206 Rhenum
1334 4153 1387 4203 vi
1420 4168 1524 4204 sua
1568 4152 1856 4219 dejecerit.
1899 4152 2019 4215 Quo
2072 4152 2131 4204 in

437 4247 694 4312 tempore
712 4260 799 4294 res
828 4241 1100 4295 miraculo
1126 4242 1299 4310 digna
1320 4239 1609 4309 provenit:
1638 4240 1775 4293 Nam
1801 4240 1859 4292 in
1883 4240 2130 4310 quadam

439 4347 638 4385 earum
673 4347 801 4401 qua
843 4336 1022 4383 eruta
1065 4334 1197 4382 sunt
1240 4329 1568 4395 domorum,
1604 4328 1878 4382 turricula
1910 4329 1980 4382 de
2021 4347 2133 4400 qua

437 4422 599 4489 signa
657 4419 975 4488 penderent
1019 4418 1202 4471 stabat
1254 4422 1561 4483 exstructa,
1609 4433 1738 4487 qua
1793 4433 2132 4488 nuncusque

438 4515 584 4563 tecto
624 4507 875 4560 ecclesia
923 4506 1285 4575 superposita
1332 4510 1562 4571 manet;
1607 4522 1736 4576 qua
1785 4522 1913 4559 cum
1950 4507 2131 4561 multo

439 4596 771 4650 infirmioris
810 4600 959 4648 esset
989 4599 1288 4648 structura
1319 4610 1493 4664 quam
1523 4595 1727 4648 domus
1776 4595 1900 4664 ipsa
1927 4596 1987 4647 in
2019 4612 2132 4665 qua

440 4685 768 4755 parabatur,
828 4689 885 4737 et
940 4684 1101 4753 aquis
1161 4683 1698 4753 supervenientibus
1757 4682 1830 4735 ad
1882 4684 2130 4737 medium

441 4774 621 4827 ferme
661 4788 860 4825 cursus
894 4771 1175 4841 impetum
1211 4776 1358 4825 esset
1387 4772 1554 4825 obvia
1585 4770 1752 4837 facta,
1785 4771 2017 4840 penitus
2047 4776 2131 4825 ta-

442 4879 574 4917 men
606 4863 784 4915 illasa
816 4861 1078 4927 duravit;
1110 4861 1380 4931 quodque
1426 4861 1659 4930 majoris
1700 4859 1958 4912 miraculi
1991 4859 2120 4925 fuit,

442 4952 648 5006 domus
682 4951 741 5003 in
787 4966 899 5019 qua
933 4950 1114 5003 stabat
1154 4950 1391 5018 integris
1438 4949 1861 5017 compactisque
1896 4947 2044 5001 inter
2074 4964 2132 5001 se

441 5039 755 5109 parietibus
786 5043 969 5102 eruta,
1004 5053 1191 5107 neque
1234 5054 1426 5091 secum
1468 5037 1623 5089 illam
1663 5036 1886 5089 trahere
1921 5037 2127 5105 potuit,

440 5135 496 5183 et
526 5145 637 5198 qua
668 5142 795 5180 eam
830 5126 919 5180 sui
967 5132 1235 5195 apertura
1264 5131 1319 5178 et
1358 5125 1642 5177 solutione
1687 5123 1976 5177 transierit
2026 5141 2130 5177 nu-

441 5218 527 5270 lus
557 5216 859 5269 hominum
890 5215 1156 5284 deinceps
1187 5214 1327 5267 scire
1358 5214 1444 5266 vel
1482 5213 1908 5282 deprehendere
1936 5213 2130 5267 valuit.

444 5305 698 5375 Denique
718 5309 1019 5373 postquam
1042 5319 1250 5371 agmen
1282 5301 1421 5354 illud
1443 5317 1720 5371 aquarum
1747 5302 2043 5371 prateriit,
2074 5302 2132 5355 in

444 5392 560 5445 imo
589 5393 711 5462 ejus
751 5392 1042 5445 turricula
1083 5390 1211 5444 dua
1256 5406 1385 5443 cum
1419 5390 1543 5443 oleo
1592 5390 1858 5459 ampulla
1892 5394 2131 5459 reperta

445 5486 599 5545 sunt,
631 5496 772 5550 quas
803 5481 903 5550 qui
936 5479 1238 5533 hominum
1292 5478 1545 5548 posuerit
1577 5478 1665 5532 vel
1698 5478 1847 5532 unde
1892 5478 2130 5548 provisa

445 5566 560 5621 sint
592 5584 926 5638 nuncusque
950 5568 1218 5621 nescitur.

1464 304 1977 359 WANDALBERTI
2019 304 2439 360 PRUMIENSIS
2479 305 2788 361 MONACHI
3809 308 3884 359 664

422 450 536 505 que
558 433 788 488 vocibus
804 433 1025 485 veniam
1048 440 1105 485 et
1128 431 1405 485 auxilium
1428 432 1704 502 ﬂagitare.
1730 432 1810 487 Ad
1842 433 2109 487 ultimum
2148 438 2195 489 Α

2327 438 2402 489 De
2432 436 2655 489 muliere
2684 435 2922 503 quadam
2959 437 3185 491 Scoticae
3210 438 3450 490 nationis
3479 437 3558 490 ibi
3588 442 3799 491 sanata.

2296 552 2382 605 20.
2429 550 2628 604 Mulier
2675 550 2939 619 quadam
2970 550 3039 604 de
3082 551 3312 604 natione
3346 551 3644 605 Scotorum
3689 551 3887 605 nomine

2227 639 2474 709 Brigida,
2509 639 2708 693 debilis
2731 656 2930 708 gressu
2956 656 2989 693 a
3017 641 3351 709 parentibus
3382 641 3496 693 suis
3526 646 3583 694 et
3611 640 3819 693 civibus
3840 642 3889 695 ab

2226 729 2366 782 urbe
2413 728 2784 781 redeuntibus
2833 745 2984 792 u'gt‘a
3022 729 3097 782 ibi
3144 730 3335 782 relicta
3384 734 3483 782 est.
3534 730 3599 781 Et
3644 745 3773 782 cum
3803 729 3889 782 ali-

2227 819 2569 886 quantulum
2600 817 2681 869 ibi
2709 821 2983 887 temporis
3014 818 3399 887 irinsegisset,
3432 818 3534 871 sub
3568 819 3659 870 die
3701 819 3890 871 solem-

2226 906 2422 961 nitatis
2456 923 2682 971 annua,
2718 910 2935 960 astante
2966 905 3151 976 plebis
3184 906 3571 971 multitudine,
3609 912 3802 959 sanata
3831 912 3892 959 est

2228 1000 2283 1047 et
2309 1001 2514 1049 erecta.

2426 1115 2494 1165 De
2524 1113 2724 1166 ancilla
2746 1111 3032 1182 cujusdam
3057 1110 3366 1165 Hadebaldi
3393 1112 3474 1164 bis
3503 1116 3724 1165 sanata.

2297 1228 2385 1279 2t.
2424 1227 2563 1278 Item
2598 1226 2910 1279 Hadehaldi
2936 1226 3231 1293 cujusdam
3265 1226 3382 1278 noti
3414 1225 3663 1278 hominis
3693 1226 3897 1293 ancilla,

2229 1331 2359 1385 qua
2390 1320 2442 1367 et
2492 1330 2638 1367 caca
2671 1319 2817 1367 esset
2842 1320 2899 1367 et
2928 1319 3105 1380 muta,
3141 1313 3212 1367 ad
3252 1313 3589 1366 memoriam
3644 1329 3893 1366 veneran-

2231 1404 2361 1457 dam
2407 1404 2619 1472 populo
2668 1408 2812 1456 teste
2843 1407 3041 1455 sanata
3079 1408 3182 1455 est.
3230 1402 3333 1455 Sed
3385 1418 3515 1455 cum
3552 1402 3642 1454 liis
3694 1402 3899 1471 agnitis,

2231 1492 2500 1545 dominus
2530 1491 2631 1561 qui
2679 1491 2969 1544 inﬁrmam
3018 1491 3268 1553 miserat,
3314 1490 3381 1543 ad
3414 1507 3581 1544 suum
3626 1491 3900 1543 servitium

2223 1581 2344 1650 jam
2372 1580 2715 1636 incolumem
2755 1586 3084 1647 revocasset,
3125 1596 3248 1633 mox
3285 1580 3344 1633 in
3381 1581 3541 1633 illam
3572 1580 3729 1650 prior
3757 1580 3902 1633 debi-

2230 1670 2359 1722 litas
2404 1668 2592 1723 rediit.
2643 1670 2881 1723 Coactus
2931 1668 3123 1741 itaque
3172 1667 3424 1722 evidenti
3472 1668 3750 1721 miraculo
3800 1670 3903 1737 ejus

2230 1758 2496 1812 dominus
2547 1758 2960 1811 manumissum
3011 1757 3079 1810 ad
3127 1759 3316 1810 locum
3368 1757 3574 1810 reverti
3624 1758 3785 1823 fecit;
3820 1773 3904 1810 nec

2234 1848 2415 1900 multo
2447 1852 2569 1915 post
2597 1846 2807 1899 sanitas
2838 1863 2965 1917 qua
2998 1847 3205 1899 collata
3234 1851 3364 1899 ante
3394 1846 3598 1910 fuerat,
3634 1847 3729 1899 sed
3757 1853 3906 1899 teme-

2234 1937 2401 1990 ritate
2447 1936 2699 1989 hominis
2742 1935 3075 2005 prapedita,
3121 1940 3375 1989 correcto
3424 1935 3655 1988 domino
3706 1935 3903 1989 ancilla

2234 2031 2318 2077 est
2364 2024 2666 2091 restituta;
2711 2041 2839 2095 qua
2872 2029 2927 2077 et
2971 2025 3259 2093 reliquum
3291 2024 3420 2077 vita
3451 2040 3567 2077 sua
3612 2024 3674 2076 in
3722 2024 3903 2077 eodem

2233 2114 2357 2167 loco
2387 2113 2626 2183 peregit.
2667 2112 2919 2183 Denique
2950 2112 3138 2165 adhuc
3171 2112 3246 2165 ibi
3281 2128 3443 2165 soror
3487 2112 3608 2181 ejus
3654 2111 3825 2183 degit,
3860 2116 3903 2164 et

2233 2202 2549 2256 certissima
2574 2202 2657 2257 rei
2683 2207 2840 2273 geste
2871 2200 3028 2255 testis
3059 2201 3285 2255 assistit.

2882 2319 2957 2370 De
2982 2317 3097 2370 alia
3123 2331 3279 2370 caca.

2304 2425 2391 2476 22.
2419 2424 2524 2476 Per
2554 2422 2707 2475 idem
2737 2427 2964 2492 tempus
2996 2427 3052 2476 et
3089 2422 3199 2474 alia
3232 2421 3438 2474 mulier
3486 2438 3638 2475 caca
3687 2421 3789 2474 sub
3820 2420 3905 2474 ab-

2234 2509 2379 2563 batis
2430 2511 2704 2563 Tancradi
2749 2510 3056 2579 praesentia
3103 2510 3283 2562 visum
3336 2509 3569 2578 recepit,
3620 2511 3909 2580 pluresque

2234 2599 2315 2653 ibi
2345 2605 2539 2670 postea
2569 2599 2711 2653 vixit
2740 2616 2942 2653 annos.

2356 2716 2434 2768 De
2460 2715 2746 2783 cujusdam
2776 2716 2987 2769 ancilla
3011 2715 3127 2779 filio
3153 2716 3384 2783 parvulo
3414 2730 3544 2768 caeo
3566 2718 3615 2767 et
3646 2720 3805 2767 muto.

2308 2832 2396 2883 23.
2421 2828 2675 2893 Quodam
2708 2827 2847 2881 item
2878 2834 3139 2898 tempore
3169 2832 3451 2897 prasente
3489 2828 3692 2881 eodem
3724 2827 3910 2881 abbate

2237 2933 2366 2971 cum
2409 2918 2642 2987 populo,
2695 2917 2959 2987 quadam
3004 2932 3069 2970 ex
3103 2917 3325 2969 ancillis
3371 2916 3702 2970 monasterii
3742 2916 3911 2970 ﬁlium

2167 3019 2206 3073 ρ
2239 3005 2538 3075 parvulum
2572 3005 2670 3074 qui
2702 3005 2773 3059 ab
2819 3009 2949 3058 ortu
2978 3020 3161 3058 cacus
3211 3004 3477 3057 manebat
3510 3010 3568 3057 et
3613 3007 3820 3069 mutus,
3852 3003 3912 3055 ad

2236 3093 2532 3148 ecclesiam
2577 3093 2919 3163 deportavit,
2969 3109 3145 3163 quam
3207 3098 3268 3146 ut
3316 3098 3401 3145 est
3446 3108 3590 3162 puer
3638 3093 3911 3162 ingressus

2235 3180 2508 3232 continuo
2540 3195 2670 3232 cum
2701 3184 2883 3233 matre
2914 3178 3073 3249 loqui
3104 3186 3161 3233 et
3191 3180 3436 3233 basilica
3478 3180 3725 3249 picturas
3756 3179 3806 3232 ei
3834 3180 3908 3231 di-

2236 3268 2353 3337 gito
2385 3269 2555 3338 coepit
2584 3268 2902 3322 ostendere.
2940 3269 3136 3321 Mirata
3167 3284 3289 3321 rem
3329 3274 3531 3331 mater,
3564 3270 3659 3321 sed
3694 3274 3909 3338 propter

2236 3357 2601 3427 repentinum
2634 3362 2901 3410 eventum
2935 3356 3211 3425 insperati
3246 3355 3505 3409 miraculi
3536 3373 3651 3409 non
3678 3363 3761 3409 est
3789 3370 3909 3408 ausa

2235 3447 2462 3514 publice
2492 3446 2645 3516 quod
2678 3446 2899 3499 viderat
2948 3445 3227 3499 conﬁteri.
3280 3446 3415 3508 Qua
3445 3460 3574 3498 mox
3610 3449 3673 3498 ut
3706 3451 3788 3498 est
3817 3444 3911 3497 do-

2236 3550 2397 3587 mum
2428 3550 2683 3603 regressa
2714 3551 2844 3588 cum
2875 3536 3132 3604 parvulo,
3167 3534 3466 3587 confestim
3497 3533 3559 3587 in
3588 3534 3752 3586 illum
3782 3531 3915 3586 debi-

2237 3623 2363 3676 litas
2392 3623 2634 3692 pristina
2674 3623 2887 3677 rediit:
2931 3629 2993 3675 ut
3037 3624 3222 3693 palam
3270 3623 3453 3685 tieret,
3504 3638 3619 3675 non
3668 3622 3909 3675 debuisse

2237 3716 2481 3764 matrem
2509 3712 2663 3781 quod
2692 3712 2885 3764 divino
2916 3712 3024 3764 sibi
3055 3711 3333 3764 beneﬁcio
3369 3712 3643 3763 collatum
3675 3716 3815 3764 esset
3843 3708 3910 3761 si.

2238 3800 2417 3852 lentio
2434 3815 2715 3869 premere.
2738 3801 2935 3869 Itaque
2958 3799 3295 3852 causamilla
3312 3805 3664 3868 pertractans
3688 3799 3914 3868 culpam-

2238 3904 2351 3958 que
2382 3888 2730 3958 intelligens,
2766 3894 3060 3957 arreptum
3090 3887 3292 3941 festiue
3319 3888 3503 3940 tilium
3532 3887 3602 3939 ad
3636 3885 3911 3940 ecclesiam

2238 3973 2450 4038 retulit,
2487 3979 2543 4026 et
2573 3989 2694 4026 rem
2715 3989 2946 4026 omnem
2982 3979 3041 4025 ut
3062 3990 3119 4025 se
3152 3973 3386 4025 haberet
3416 3971 3608 4024 abbati
3633 3977 3686 4024 et
3715 3970 3908 4041 populo

2241 4062 2522 4130 patefecit.
2580 4063 2691 4115 Nec
2738 4061 2980 4115 dilatum
3032 4066 3116 4114 est
3162 4061 3259 4113 diu
3305 4060 3669 4125 beneﬁcium,
3722 4060 3808 4112 cui
3849 4056 3909 4109 ad

2240 4150 2439 4203 horam
2470 4150 2654 4203 fuerat
2700 4149 3113 4219 impedimento
3160 4149 3433 4202 timiditas
3469 4150 3702 4214 matris;
3737 4147 3825 4200 sed
3858 4150 3907 4197 ut

2240 4239 2338 4292 illa
2365 4240 2541 4292 tinem
2569 4239 2842 4292 narrandi
2879 4238 3032 4307 fecit,
3082 4238 3534 4292 incolumitatem
3586 4237 3737 4289 illico
3784 4248 3911 4305 puer

2175 4316 2218 4368 D
2248 4327 2508 4381 obtinuit.

2490 4438 2563 4489 De
2593 4435 2813 4488 muliere
2844 4434 3040 4487 clauda
3068 4450 3135 4487 ex
3159 4434 3291 4487 urbe
3320 4434 3681 4499 Mogontiaco.

2312 4542 2397 4594 24.
2429 4541 2499 4593 Ex
2532 4541 2674 4593 urbe
2707 4540 3056 4609 Mogontiaco
3097 4540 3164 4592 ad
3208 4538 3573 4591 festivitatem
3629 4539 3685 4590 Β.
3735 4532 3907 4590 Goaris

2242 4628 2449 4682 mulier
2478 4628 2681 4682 clauda
2711 4628 2893 4698 posito
2937 4644 3131 4681 coram
3174 4627 3378 4680 abbate
3410 4626 3703 4679 Tancrado
3751 4622 3905 4686 venit,

2242 4722 2298 4770 et
2344 4733 2472 4770 cum
2516 4717 2574 4769 in
2620 4717 2945 4786 vigiliarum
2997 4716 3065 4769 de
3118 4715 3427 4784 vespertini
3478 4714 3684 4784 psalmi
3714 4728 3744 4765 a
3772 4711 3904 4764 clero

2241 4807 2690 4875 complerentur,
2726 4811 2922 4858 sanata
2952 4810 3053 4857 est.

2277 4924 2348 4974 De
2370 4921 2551 4988 ﬁgulis
2578 4920 2639 4973 ob
2669 4924 3033 4990 contemptum
3064 4920 3294 4986 punitis,
3329 4922 3378 4970 et
3406 4918 3622 4981 infante
3650 4914 3876 4968 liberato.

2311 5040 2399 5090 25.
2425 5037 2535 5091 Sed
2574 5041 2634 5089 ut
2663 5052 2730 5090 ea
2762 5053 2912 5089 nunc
2946 5052 3176 5105 quoque
3220 5049 3694 5099 commemorem,
3724 5028 3913 5100 quibus

2241 5126 2430 5196 palam
2459 5126 2555 5179 ﬁat
2584 5127 2683 5197 qui
2714 5126 2863 5179 beati
2889 5125 2995 5178 viri
3017 5125 3285 5178 meritum
3314 5128 3370 5177 et
3401 5121 3777 5175 reverentiam
3798 5130 3914 5169 con-

2242 5221 2496 5267 temnere
2517 5214 2876 5283 aliquatenus
2894 5216 3404 5282 prasumpserunt,
3438 5206 3911 5280 quemadmodum

2240 5303 2327 5354 vel
2368 5302 2654 5355 emendati
2680 5302 2813 5369 sint,
2845 5302 2932 5354 vel
2978 5301 3194 5370 puniti:
3228 5300 3480 5370 quodam
3516 5304 3775 5368 tempore
3799 5306 3913 5346 cum

2240 5406 2340 5459 per
2372 5391 2634 5444 Rhenum
2658 5391 2873 5443 ﬂumen
2907 5390 3139 5459 quidam
3172 5389 3333 5459 liguli
3355 5389 3497 5441 ollas
3520 5388 3705 5456 pretio
3737 5383 3920 5437 distra-

2240 5479 2453 5533 hendas
2498 5480 2558 5532 in
2609 5479 2868 5531 navicula
2913 5480 3204 5545 veherent,
3256 5477 3456 5530 accidit
3504 5492 3618 5528 una
3660 5488 3783 5527 cum
3822 5466 3917 5521 illis

2241 5568 2512 5622 feminam
2542 5568 2849 5638 quamdam
2880 5568 3109 5622 iidelem
3132 5583 3262 5620 cum
3289 5566 3530 5636 parvulo
3557 5563 3674 5619 tilio
3702 5561 3915 5614 adverso
