4022 6178
179 342 285 393 665

1302 336 1392 391 DE
1434 336 1592 391 VlTA
1631 334 1723 390 ET
1763 333 2141 390 MIRACULIS
2178 336 2232 388 S.
2274 334 2552 391 GOARIS.

3574 340 3676 393 666

177 478 427 533 flumine
460 477 751 549 navigare.
798 478 1055 547 Cumque
1094 477 1163 531 ad
1199 476 1610 531 monasterium
1641 479 1873 529 ventum
1912 475 1960 527 Α
1989 476 2062 527 De
2127 474 2453 540 Willigelmo
2510 473 2744 541 quodam
2807 474 3067 528 daemonio
3128 474 3333 528 tradito
3391 482 3442 529 et
3496 480 3680 544 postea

177 573 353 633 esset,
403 572 569 637 rogat
618 566 827 620 mulier
870 565 1123 632 comites,
1168 567 1250 619 uti
1284 571 1381 619 aut
1420 581 1619 619 omnes
1653 570 1879 617 oratum

176 656 240 709 in
274 654 577 709 ecclesiam
611 659 872 725 pergant,
909 659 1008 706 aut
1039 654 1084 706 si
1114 654 1167 706 id
1199 654 1399 718 nolint,
1434 653 1674 723 appulsa
1700 652 1879 705 littori

177 745 452 798 navicula
485 760 543 796 se
582 744 643 796 in
684 743 1075 797 continentem
1108 748 1416 811 exponant,
1462 743 1880 812 paululumque

176 833 240 886 in
297 833 427 885 loco
470 838 626 885 certo
675 831 1016 899 sustineant,
1062 832 1241 885 donec
1272 831 1451 901 possit
1482 830 1605 900 ipsa
1635 831 1706 884 ab
1748 847 1881 883 ora-

175 920 345 972 tione
379 919 604 972 reverti.
646 918 882 987 Egressa
912 918 1104 987 itaque
1138 918 1255 971 sola
1284 917 1474 987 pergit
1504 922 1753 982 oratum,
1787 932 1879 969 re-

175 1007 321 1059 licto
358 1006 417 1058 in
458 1004 585 1058 navi
621 1021 749 1058 cum
785 1004 1087 1059 comitibus
1117 1006 1235 1059 filio
1267 1005 1576 1059 admodum
1622 1004 1876 1074 parvulo.

176 1094 291 1153 Illi,
325 1094 568 1147 deducta
599 1093 658 1145 in
689 1094 1043 1160 superiorem
1072 1094 1262 1147 locum
1298 1094 1447 1159 navi,
1481 1110 1611 1146 cum
1637 1109 1761 1146 eam
1784 1093 1883 1145 ali-

177 1181 449 1251 quandiu
483 1180 903 1247 sustinuissent,
939 1197 1127 1234 moras
1158 1182 1281 1250 ejus
1321 1196 1439 1233 non
1482 1180 1746 1246 ferentes,
1782 1180 1883 1232 ab-

176 1271 358 1324 ducta
393 1269 524 1322 navi
556 1270 663 1323 iter
693 1269 1047 1339 propositum
1088 1275 1541 1340 persequuntur;
1592 1269 1688 1323 sed
1738 1269 1881 1322 ultio

176 1358 381 1413 divina
410 1374 542 1411 mox
572 1364 875 1411 consecuta
906 1363 1010 1423 est,
1039 1375 1153 1428 qua
1184 1359 1551 1412 manifestum
1583 1358 1745 1411 ﬁeret
1768 1374 1880 1410 non

176 1446 454 1499 debuisse
485 1445 614 1498 illos
646 1446 732 1498 vel
766 1446 1012 1499 abeunte
1044 1447 1141 1499 illa
1167 1446 1653 1517 opportunitatem
1682 1446 1879 1499 orandi

172 1536 505 1605 negligere,
539 1535 625 1587 vel
654 1535 825 1587 finem
860 1536 1180 1589 sustinendi
1213 1553 1399 1589 moras
1422 1537 1543 1604 ejus
1566 1536 1880 1605 przesertim

171 1624 387 1678 breves
418 1627 804 1677 contemnere.
843 1625 980 1677 Nam
1012 1641 1143 1677 cum
1175 1625 1408 1677 adverso
1432 1624 1669 1677 flumine
1691 1624 1881 1677 navim

175 1717 421 1783 agentes
460 1717 660 1765 contra
708 1728 838 1766 eum
890 1713 1078 1766 locum
1125 1713 1431 1779 venissent,
1464 1714 1563 1767 ubi
1603 1730 1667 1766 ex
1700 1714 1882 1767 laten-

172 1804 331 1857 tium
367 1803 473 1855 sub
508 1818 655 1871 aqua
688 1817 953 1854 saxorum
995 1803 1261 1872 voragine
1304 1809 1359 1856 et
1400 1803 1682 1856 undarum
1720 1802 1880 1855 colli-

176 1892 344 1945 sione
378 1890 759 1960 rapidissima,
794 1892 986 1959 gravia
1014 1909 1164 1960 smpe
1195 1892 1528 1961 navigantes
1556 1890 1884 1945 discrimina

174 1980 514 2050 patiuntur,
546 1977 646 2047 qui
676 1978 833 2030 locus
865 1979 921 2031 in
954 1981 1194 2033 flumine
1226 1982 1296 2034 ab
1325 1981 1559 2034 ecclesia
1592 1981 1652 2033 Β.
1687 1980 1885 2033 Goaris

176 2067 451 2138 passibus
494 2065 611 2119 fere
653 2072 879 2119 centum
920 2074 1018 2121 aut
1056 2069 1227 2136 paulo
1259 2069 1484 2135 longius
1514 2068 1689 2133 abest,
1726 2073 1887 2138 rapta

179 2157 603 2224 submersaque
655 2156 913 2208 navicula
956 2155 1267 2224 perierunt.
1330 2156 1435 2211 Sed
1491 2156 1711 2210 inutilis
1763 2173 1885 2211 esse

179 2261 304 2299 non
350 2243 537 2313 potuit
577 2242 791 2296 devotae
835 2242 1091 2296 mulieris
1135 2244 1336 2309 oratio,
1370 2244 1531 2314 cujus
1564 2244 1668 2298 etsi
1700 2245 1886 2298 comi-

180 2340 269 2388 tes
299 2349 452 2403 aqua
495 2332 818 2397 submersit,
854 2332 1037 2385 tilium
1069 2338 1263 2384 tamen
1296 2332 1490 2386 divina
1528 2333 1738 2385 virtute
1768 2333 1887 2385 sal-

179 2428 387 2476 vatum
425 2425 479 2475 et
511 2421 716 2474 merito
758 2422 937 2473 sancti
980 2426 1296 2490 protectum
1344 2438 1707 2491 nequaquam
1752 2438 1886 2490 per-

183 2513 325 2566 dere
360 2509 557 2562 valuit.
594 2509 812 2578 Quippe
854 2508 948 2561 illa
994 2513 1053 2560 ut
1090 2508 1159 2561 ab
1201 2508 1457 2561 oratione
1491 2510 1717 2563 rediens
1748 2512 1887 2563 ollas

182 2616 366 2670 super
404 2614 611 2668 aquam
662 2597 797 2649 ferri
851 2597 1161 2666 conspexit,
1214 2596 1495 2650 intellexit
1540 2598 1691 2667 quod
1744 2603 1883 2663 erat,

185 2689 377 2741 socias
417 2702 731 2755 navemque
776 2685 1008 2754 perisse,
1048 2684 1401 2754 sollicitaque
1432 2701 1533 2755 pro
1565 2686 1684 2739 filio
1715 2702 1886 2756 quem

186 2795 309 2831 una
337 2776 625 2847 perditum
661 2775 1073 2845 suspicabatur,
1107 2774 1296 2827 oculos
1330 2790 1456 2827 cum
1481 2774 1616 2827 fletu
1640 2775 1886 2827 maximo

186 2867 299 2920 hac
329 2865 576 2933 illacque
608 2862 976 2929 circumtulit,
1008 2863 1103 2916 sed
1134 2868 1368 2930 repente
1398 2863 1551 2916 videt
1581 2863 1885 2925 undarum,

190 2956 370 3007 dorso
392 2953 679 3005 sublatum
704 2951 1003 3019 parvulum
1027 2949 1165 3019 ripae
1194 2950 1445 3002 fluminis
1479 2950 1885 3019 propinquare.

1922 1773 1962 1826 Β

2748 551 2916 598 eruta.

2059 654 2148 705 27.
2202 651 2308 706 Sed
2366 655 2428 705 ut
2486 650 2845 720 prepositum
2914 666 3244 721 persequar,
3304 652 3680 720 Willigelmus

1990 740 2247 809 quidam,
2306 739 2406 809 qui
2466 754 2803 809 nuncusque
2860 745 3140 807 superest,
3190 755 3319 792 cum
3374 739 3598 793 vineam
3648 755 3681 792 a

1991 833 2171 881 matre
2204 828 2395 881 datam
2428 828 2496 881 de
2521 829 2651 897 jure
2685 834 2741 880 et
2773 828 3125 897 possessione
3154 827 3405 881 ecclesiae
3444 828 3498 881 S.
3534 829 3681 880 Goa-

1991 916 2069 970 ris
2104 917 2494 984 subtraxisset,
2538 933 2684 969 saevo
2718 916 3007 970 daemonio
3038 921 3122 969 est
3150 916 3524 985 mancipatus.
3574 916 3679 969 De-

1992 1006 2167 1076 nique
2200 1006 2271 1059 ab
2298 1022 2364 1058 eo
2396 1010 2631 1058 vexatus
2656 1005 2879 1058 vineam
2912 1005 3158 1058 reddidit
3198 1012 3253 1058 et
3282 1005 3468 1057 curari
3500 1005 3680 1057 conti-

1993 1112 2107 1148 nuo
2140 1095 2365 1159 meruit,
2402 1099 2463 1147 ut
2494 1093 2598 1146 hoc
2630 1094 2891 1162 exemplo
2921 1094 3110 1147 caeteri
3135 1098 3526 1159 mouerentur,
3552 1100 3681 1145 voto

1991 1189 2295 1253 parentum
2339 1199 2427 1236 res
2465 1182 2581 1253 juri
2629 1182 2880 1236 ecclesiae
2920 1182 3271 1252 mancipatus
3317 1182 3575 1235 subtrahi
3613 1181 3682 1235 ab

1991 1272 2315 1327 haeredibus
2343 1271 2478 1325 filiis
2511 1288 2623 1325 non
2655 1277 2937 1342 oportere.

2348 1416 2421 1467 De
2450 1412 2684 1480 quodam
2719 1412 2970 1467 Wolvone
2995 1411 3325 1480 presbytero.

2062 1539 2149 1590 28.
2190 1536 2383 1589 Wolvo
2417 1535 2652 1605 quidam
2706 1535 2775 1587 ab
2823 1535 3058 1587 ineunte
3110 1540 3276 1587 {etate
3324 1534 3405 1587 ibi
3438 1551 3469 1588 a
3504 1539 3685 1588 matre

1991 1625 2260 1691 nutritus,
2288 1641 2417 1677 cum
2450 1630 2649 1693 postea
2679 1624 2973 1694 presbyter
3003 1628 3169 1688 esset,
3196 1623 3444 1676 decimas
3469 1640 3599 1694 quae
3621 1638 3686 1676 ex

1992 1714 2175 1766 multo
2200 1713 2319 1783 jam
2360 1723 2618 1782 tempore
2652 1712 2900 1765 ecclesiae
2937 1713 2997 1765 B.
3031 1712 3230 1766 Goaris
3259 1728 3531 1781 agrorum
3557 1713 3687 1782 jure

1991 1806 2402 1870 competerent,
2446 1801 2562 1854 suis
2611 1801 2807 1854 usibus
2851 1800 2983 1853 dolo
3036 1801 3185 1853 malo
3238 1800 3532 1853 conduxit.
3577 1801 3688 1855 Nec

1992 1904 2202 1957 magna
2234 1889 2615 1958 subsequente
2657 1904 2819 1941 mora
2866 1904 3045 1940 caecus
3093 1892 3149 1939 et
3196 1892 3388 1940 mutus
3428 1888 3685 1953 effectus,

1991 1977 2061 2030 ad
2093 1977 2387 2030 basilicam
2423 1976 2527 2029 viri
2561 1976 2904 2029 sanctissimi
2954 1992 2986 2028 a
3036 1976 3153 2027 suis
3201 1976 3561 2045 perducitur;
3608 1975 3688 2029 ibi

1992 2082 2081 2119 res
2129 2065 2462 2135 patrimonii
2515 2066 2602 2118 sui
2647 2081 2777 2119 cum
2826 2064 3105 2118 restitutis
3151 2064 3387 2117 decimis
3430 2064 3683 2131 tradidit,

1994 2160 2049 2208 et
2076 2154 2399 2219 sanitatem,
2428 2154 2648 2225 placato
2681 2170 2748 2207 eo
2775 2169 2948 2224 quem
2979 2153 3315 2215 offenderat,
3351 2152 3579 2206 meruit.

1994 2318 2068 2369 De
2109 2317 2439 2382 negotiatore
2477 2316 2691 2368 nomine
2736 2312 3024 2437 Badoag'do
3062 2317 3286 2382 propter
3334 2327 3524 2366 caesum
3569 2326 3688 2366 ser-

2650 2401 2775 2437 vum
2806 2400 2921 2437 mor
2947 2399 3031 2437 uo.

2650 2401 2775 2438 vum
2806 2399 3031 2438 mortuo.

2065 2514 2153 2565 29.
2189 2509 2519 2579 Negotiator
2562 2508 2799 2579 quidam
2849 2508 3093 2562 Badoart
3142 2507 3323 2560 dictus
3370 2522 3500 2559 cum
3540 2506 3689 2559 Rhe-

1996 2616 2133 2653 num
2166 2602 2296 2651 navi
2326 2598 2678 2661 ascenderet,
2713 2614 2860 2650 unus
2885 2613 3176 2649 servorum
3215 2596 3311 2665 qui
3347 2595 3509 2647 illum
3546 2595 3691 2646 forte

1995 2688 2311 2742 offenderat
2355 2686 2703 2756 supplicium
2737 2691 2997 2739 metuens
3058 2686 3125 2737 de
3159 2687 3291 2737 navi
3332 2684 3600 2753 prosiliit,
3636 2689 3694 2736 et

1997 2778 2252 2831 concitus
2283 2777 2349 2829 ad
2384 2775 2677 2829 ecclesiam
2709 2775 2875 2844 fugit.
2909 2775 3052 2827 Tum
3086 2773 3179 2825 ille
3209 2772 3515 2843 fugitivum
3538 2786 3696 2824 secu-

1998 2872 2087 2919 tus
2134 2866 2203 2918 ab
2253 2864 2485 2917 ecclesia
2544 2863 2767 2916 trahere
2825 2861 3014 2930 ccepit,
3065 2860 3402 2929 prohibente
3459 2860 3583 2912 fieri
3640 2862 3696 2911 et

2000 2954 2234 3007 nomine
2266 2952 2461 3007 Goaris
2494 2956 2735 3020 rogante
2775 2950 2945 3003 simul
2986 2956 3043 3003 et
3079 2948 3461 3002 comminante
3494 2963 3692 3000 mona-

187 3046 494 3112 Tantaque
534 3043 640 3095 fuit
691 3040 947 3095 miraculi
994 3040 1245 3106 claritas,
1290 3046 1351 3093 ut
1392 3040 1671 3093 infantem
1712 3044 1891 3091 mater
1930 3072 1966 3123 C
1998 3043 2104 3096 cbo
2148 3042 2417 3094 llerirado
2460 3040 2558 3110 qui
2590 3055 2838 3109 praesens
2883 3039 3029 3090 forte
3068 3037 3374 3102 residebat,
3418 3051 3530 3105 quo
3576 3035 3695 3087 hac

190 3133 487 3203 excipiens
516 3132 799 3184 invenerit
832 3146 962 3183 eum
991 3146 1024 3183 a
1060 3129 1245 3183 medio
1276 3129 1596 3199 corpusculi
1617 3144 1781 3198 aqua:
1805 3144 1893 3180 su-

192 3226 619 3293 perexstantem
654 3219 848 3272 littora
877 3219 1152 3286 attigisse,
1186 3219 1337 3287 quod
1370 3235 1438 3272 ne
1471 3218 1725 3271 virorum
1761 3217 1895 3286 qui-

192 3313 331 3365 dem
370 3310 522 3363 ullus
561 3308 872 3377 aliquando
906 3307 1142 3360 natandi
1182 3306 1385 3377 peritia
1428 3312 1484 3361 et
1526 3306 1741 3360 viribus
1773 3324 1891 3359 cor-

190 3399 360 3470 poris
390 3398 582 3469 potuit
616 3398 893 3451 obtinere.

192 3600 276 3653 De
312 3598 528 3663 infante
574 3597 670 3664 qui
716 3610 848 3663 equo
894 3598 1045 3648 trans
1091 3594 1333 3647 Rhenum
1382 3593 1663 3647 incolumis
1719 3597 1895 3646 vectus

1000 3687 1095 3736 est.

268 3848 360 3900 26.
415 3847 479 3901 In
528 3842 794 3899 dissimili
847 3858 1015 3897 causa
1063 3859 1180 3895 non
1234 3841 1508 3896 dissimile
1554 3841 1893 3894 miraculum

194 3936 305 3990 sub
356 3934 558 3988 eodem
608 3938 866 4000 tempore
910 3930 1141 3994 exstitit,
1177 3931 1326 3999 quod
1364 3936 1597 3999 propter
1628 3930 1895 3983 similitu-

196 4024 396 4078 dinem
450 4021 529 4075 rei
578 4026 750 4090 gestaa
790 4018 1139 4088 praecedenti
1171 4018 1459 4086 subjunxi.
1498 4020 1672 4071 Mater
1702 4021 1894 4087 cujus-

198 4114 334 4167 dam
380 4111 610 4164 infantis
660 4111 775 4163 fere
822 4108 1233 4179 quinquennis,
1277 4125 1404 4161 cum
1449 4126 1516 4161 eo
1565 4108 1660 4178 qui
1706 4109 1893 4178 ipsum

197 4203 481 4255 infantem
525 4200 593 4253 de
633 4215 790 4251 sacro
831 4198 988 4251 fonte
1034 4203 1359 4266 susceperat
1396 4197 1525 4250 navi
1564 4198 1711 4249 circa
1744 4198 1895 4265 ripas

198 4294 379 4344 tracta
415 4304 519 4357 per
556 4288 797 4341 fluvium
837 4286 1192 4349 ascendebat,
1228 4302 1587 4355 puerumque
1618 4302 1765 4355 equo
1801 4303 1894 4338 su-

200 4378 561 4449 perpositum
592 4376 673 4444 (id
704 4376 855 4429 enim
890 4392 956 4428 ex
997 4381 1178 4427 matre
1220 4378 1276 4427 et
1315 4381 1553 4444 patrono
1599 4390 1741 4443 puer
1778 4374 1896 4444 ipse

197 4466 475 4536 petierat)
502 4466 667 4533 juxta
696 4464 756 4517 in
796 4465 982 4515 littore
1018 4479 1220 4532 parens
1265 4470 1506 4531 uterque
1539 4462 1749 4515 fecerat
1780 4479 1897 4515 am-

199 4555 425 4610 bulare.
472 4554 616 4606 Tum
649 4568 830 4621 equus
862 4557 926 4605 ut
965 4552 1084 4603 sine
1120 4556 1338 4603 rectore
1372 4551 1533 4616 liber,
1568 4550 1899 4619 navigantes

198 4642 541 4714 praeteriens
570 4646 773 4710 sponte
802 4657 860 4693 se
895 4641 953 4693 in
984 4642 1201 4692 flumen
1232 4638 1388 4692 dedit
1419 4655 1547 4691 cum
1572 4654 1769 4707 puero,
1799 4652 1899 4688 nec

198 4732 458 4787 revocari
519 4731 586 4785 ab
642 4731 837 4799 aliquo
889 4729 1087 4799 potuit.
1138 4730 1395 4798 Cumque
1453 4727 1619 4780 saluti
1666 4726 1898 4779 infantis

202 4837 407 4875 omnes
434 4819 725 4885 timerent,
760 4818 972 4888 quippe
1006 4833 1177 4888 quem
1208 4818 1267 4869 in
1303 4816 1726 4887 rapidissimum
1749 4814 1899 4867 altis-

201 4912 533 4978 simumque
578 4907 817 4961 fluvium
872 4923 933 4959 ac
981 4906 1322 4960 latissimum
1368 4922 1515 4976 equo
1557 4921 1727 4975 quem
1763 4902 1898 4956 reti-

201 5017 342 5054 nere
381 4997 638 5068 nequivit
667 4997 800 5050 ferri
831 4996 1243 5064 conspicerent,
1271 5000 1325 5048 et
1347 4995 1543 5050 Goaris
1564 4992 1899 5061 suffragium

200 5088 432 5158 magnis
488 5086 751 5157 precibus
802 5085 1173 5155 postularent,
1225 5100 1407 5154 equus
1450 5100 1579 5137 cum
1627 5080 1900 5135 incolumi

201 5194 388 5247 puero
422 5179 715 5229 transnato
750 5173 985 5227 flumine
1016 5173 1074 5226 in
1116 5173 1445 5225 ulteriorem
1489 5172 1668 5241 ripam
1705 5169 1895 5223 exivit.

204 5268 345 5331 Quae
394 5281 484 5318 res
538 5263 737 5332 utique
795 5277 1004 5331 magno
1064 5261 1338 5313 miraculo
1397 5259 1680 5330 provenit,
1733 5262 1795 5311 ut
1845 5262 1901 5310 et

205 5369 390 5425 equus
442 5351 563 5404 sine
611 5356 829 5403 rectore
876 5354 1102 5402 tantum
1152 5348 1365 5402 flumen
1410 5348 1534 5401 loco
1582 5345 1900 5416 prmsertim

204 5448 447 5511 propter
485 5455 618 5491 saxa
667 5436 1005 5491 difficillimo
1051 5442 1108 5489 et
1152 5436 1472 5506 periculoso
1515 5435 1802 5497 transiret,
1846 5439 1902 5487 et

206 5530 395 5585 infans
426 5528 527 5599 qui
569 5544 638 5580 ne
683 5527 742 5579 in
789 5526 948 5578 arido
991 5525 1226 5596 quidem
1272 5541 1418 5596 equo
1457 5524 1655 5578 sedere
1689 5529 1897 5589 nosset,

209 5620 328 5673 sine
363 5616 618 5688 periculo
654 5616 770 5667 ullo
805 5614 1084 5667 evaderet.

2002 3131 2127 3199 ipsa
2169 3130 2451 3182 referente
2499 3127 2756 3196 cognovi.
2805 3126 2912 3178 Sed
2961 3124 3288 3193 negotiator
3337 3125 3526 3175 furore
3568 3139 3695 3175 suc-

2002 3235 2201 3273 census
2232 3233 2361 3271 cum
2394 3216 2739 3269 monachum
2781 3220 3079 3283 rogantem
3136 3228 3298 3282 mque
3351 3212 3692 3264 minantem-

2004 3324 2115 3379 que
2146 3309 2558 3367 contemneret,
2591 3320 2695 3374 pro
2727 3302 2945 3357 foribus
2974 3301 3223 3354 ecclesias
3245 3301 3314 3354 ad
3338 3305 3696 3367 contemptus

2004 3400 2380 3465 augmentum
2422 3398 2663 3446 tractum
2713 3392 2782 3444 ab
2833 3390 2997 3443 altari
3040 3405 3266 3443 servum
3310 3388 3533 3441 cecidit.
3585 3388 3697 3440 Nec

2004 3485 2248 3537 multum
2283 3482 2449 3552 spatii
2486 3480 2825 3546 intercessit,
2865 3484 2926 3531 ut
2956 3478 3117 3546 cujus
3148 3476 3385 3531 arbitrio
3416 3476 3700 3546 paruisset

2004 3588 2247 3643 quemve
2283 3570 2713 3640 contempsisset
2746 3572 3097 3637 agnosceret,
3131 3565 3433 3619 immundo
3472 3563 3696 3631 spiritui

2002 3661 2269 3727 traditus,
2331 3659 2488 3712 brevi
2541 3658 2715 3711 vitam
2768 3656 2962 3710 nimiis
3020 3654 3364 3708 cruciatibus
3418 3657 3696 3705 extortam

2004 3749 2203 3803 finivit.

2004 3913 2077 3963 De
2128 3908 2415 3976 cujusdam
2466 3906 2756 3972 Humfridi
2810 3921 2959 4030 slervo
3009 3921 3043 3957 a
3089 3905 3319 3957 vinculis
3364 3902 3698 3957 mirabiliter

2758 3994 2814 4030 so
2840 3982 2949 4030 uto.

2758 3982 2949 4031 soluto.

2075 4108 2161 4159 30.
2199 4106 2340 4158 Item
2368 4101 2650 4155 Humfridi
2682 4100 2977 4170 cujusdam
3008 4097 3197 4151 clerici
3225 4096 3475 4150 ecclesim
3503 4111 3696 4148 servus

2004 4211 2134 4248 cum
2178 4210 2282 4263 pro
2330 4193 2495 4262 culpa
2539 4192 2599 4244 in
2638 4191 2933 4244 dominum
2977 4186 3278 4242 commissa
3310 4203 3342 4238 a
3372 4190 3534 4255 tergo
3573 4184 3696 4236 vin-

2004 4290 2127 4336 ctus
2158 4281 2392 4335 brachia
2420 4281 2760 4344 traheretur,
2796 4284 2851 4331 et
2881 4277 3161 4348 supplicia
3211 4291 3339 4345 quae
3390 4273 3498 4326 sibi
3544 4272 3695 4326 infe-

1936 4376 1978 4429 D
2010 4372 2185 4424 renda
2224 4371 2411 4435 sciret,
2452 4370 2645 4421 animo
2691 4368 3173 4437 perhorresceret,
3220 4362 3495 4434 quoniam
3536 4361 3701 4415 aliter

2010 4460 2238 4515 Domini
2269 4458 2633 4527 praesentiam
2665 4456 3059 4525 subterfugere
3095 4470 3207 4507 non
3249 4451 3490 4517 valebat,
3524 4450 3699 4503 eccle-

2007 4549 2149 4601 siam
2183 4546 2455 4615 respexit,
2489 4550 2547 4598 et
2578 4545 2648 4597 ad
2678 4560 2804 4597 eam
2856 4560 3047 4597 secum
3090 4558 3257 4612 prece
3297 4540 3497 4593 tacitus
3534 4538 3698 4592 incli-

2008 4637 2183 4689 navit.
2219 4636 2328 4688 Res
2356 4632 2529 4702 digna
2560 4630 2867 4685 miraculo!
2902 4631 3205 4683 confestim
3238 4628 3461 4681 vincula
3493 4624 3700 4695 quibus

2009 4726 2216 4794 ligatus
2247 4722 2582 4787 ducebatur,
2622 4721 2772 4774 dicto
2804 4722 2970 4773 citius
3005 4721 3191 4772 laxata
3222 4722 3355 4771 sunt
3399 4722 3456 4769 et
3484 4716 3695 4778 soluta;

2009 4819 2325 4882 exutusque
2365 4809 2603 4862 vinculis
2655 4824 2848 4862 servus
2895 4809 2962 4860 ad
3014 4807 3306 4860 ecclesiam
3355 4820 3474 4857 sese
3526 4801 3700 4873 prori-

2008 4903 2149 4973 puit,
2187 4916 2289 4954 nec
2316 4898 2596 4968 repetitus
2626 4914 2657 4950 a
2680 4896 2916 4948 domino
2941 4896 3211 4948 offensam
3237 4892 3699 4962 suppliciumque

2007 4990 2221 5044 vitavit.
2255 4991 2500 5043 Tantum
2536 4986 2685 5056 apud
2715 4986 3167 5055 omnipotentem
3204 4984 3378 5036 Deum
3416 4979 3697 5049 supplica-

2008 5082 2089 5133 tio
2128 5080 2297 5133 tacite
2342 5078 2465 5129 viro
2510 5081 2701 5129 sancto
2746 5075 2867 5128 fusa
2908 5073 3214 5137 convaluit,
3249 5086 3351 5123 nec
3388 5084 3583 5139 passus
3616 5071 3700 5119 est

2008 5170 2264 5225 Christus
2296 5183 2426 5221 eum
2456 5181 2689 5219 manere
2722 5164 2982 5233 ligatum,
3016 5162 3114 5232 qui
3141 5159 3472 5214 necessitate
3508 5161 3562 5209 et
3581 5154 3700 5207 ani-

2009 5274 2103 5310 mo
2152 5258 2222 5309 ad
2270 5254 2447 5309 sancti
2488 5254 2683 5307 altaris
2730 5253 3003 5306 auxilium
3051 5249 3415 5318 confugisset,
3463 5250 3527 5297 ut
3566 5242 3698 5295 hinc

2010 5362 2237 5416 quoque
2282 5344 2516 5397 daretur
2556 5341 2824 5410 intelligi,
2860 5348 3141 5411 quantum
3182 5333 3513 5390 intercessio
3545 5330 3699 5384 illius

2009 5435 2077 5488 ad
2137 5432 2460 5486 animarum
2524 5430 2791 5483 solvenda
2847 5429 3071 5481 vincula
3128 5424 3479 5496 praevaleret,
3537 5418 3699 5487 cujus

2011 5523 2292 5575 invocatio
2352 5527 2513 5573 tanta
2574 5518 2843 5573 facilitate
2902 5517 3211 5588 ligamenta
3270 5509 3527 5581 corporis
3583 5506 3701 5561 dis-

2013 5612 2285 5665 solvisset.
