4044 6174
399 309 503 362 667

406 461 485 515 De
533 461 725 515 abbate
769 460 1079 513 Maximino
1125 458 1191 582 3b
1237 458 1726 583 dlisstimulationem
1760 459 2090 526 periclitato,
2131 447 2175 499 Α

1066 545 1121 583 se
1193 544 1252 582 sa
1281 546 1346 583 va
1374 545 1420 583 ο.

1066 544 1161 583 εθα
1193 544 1420 583 εαιυαιο.

475 649 560 700 31.
616 644 871 708 Quodam
933 648 1190 713 tempore
1250 644 1454 697 abbate
1505 644 1794 697 Tancrado
1846 644 1904 696 in
1956 645 2098 697 cella

402 732 605 801 posito,
660 732 996 785 Maximinus
1041 732 1373 786 monasterii
1422 733 1476 787 S.
1531 733 1799 787 Gereonis
1847 742 1889 799 ⁸,
1942 733 2098 803 quod

402 818 553 887 apud
589 820 792 872 urbem
833 820 1229 889 Agrippinam,
1264 837 1388 890 quae
1422 836 1572 872 nunc
1604 820 1838 874 Colonia
1866 820 2094 887 dicitur,

400 908 573 960 situm
605 912 709 971 est,
741 909 914 961 abbas
948 925 976 960 a
1005 909 1297 978 provincia
1329 908 1685 977 Vangionum
1716 908 2009 981 [Wormcs]
2033 926 2098 963 ex

399 995 706 1049 vindemiis
750 1013 878 1050 cum
921 1004 1130 1050 onusta
1176 998 1306 1050 vino
1347 998 1475 1049 navi
1515 1002 1570 1050 et
1611 1014 1726 1050 non
1768 999 1963 1067 paucis
2006 1015 2098 1052 co-

403 1084 641 1138 mitibus
701 1086 1108 1151 descendebat;
1168 1092 1222 1139 et
1289 1103 1418 1139 cum
1475 1086 1594 1156 jam
1667 1086 1847 1140 sancti
1906 1088 2100 1141 Goaris

405 1175 752 1227 monasterio
818 1176 1289 1245 propinquasset,
1355 1176 1627 1228 suadetur
1692 1194 1725 1227 a
1787 1176 1953 1228 sociis
2018 1176 2098 1228 uti

402 1264 643 1333 appulsa
700 1263 758 1316 in
812 1264 1204 1317 continentem
1257 1264 1387 1317 navi
1442 1271 1663 1317 oratum
1714 1265 1783 1318 ad
1840 1271 2099 1319 sanctum

402 1353 640 1405 Goarem
694 1353 982 1405 ascendat.
1036 1353 1136 1405 llle
1186 1369 1376 1405 moras
1422 1352 1529 1405 sibi
1580 1370 1695 1406 non
1752 1354 2101 1407 necessarias

403 1440 506 1493 hac
549 1441 608 1493 in
658 1458 715 1494 re
758 1441 882 1493 fieri
926 1441 1136 1506 dicere,
1172 1442 1291 1494 fore
1336 1443 1806 1511 opportuniorem
1841 1447 2101 1512 tempore

404 1529 515 1581 alio
570 1530 769 1583 orandi
828 1531 1208 1583 occasionem.
1270 1530 1360 1583 Sic
1424 1531 1734 1584 dehortatis
1798 1532 2102 1585 comitibus

406 1618 769 1686 propositum
808 1619 918 1672 iter
955 1619 1340 1689 persequitur,
1383 1621 1477 1672 sed
1524 1636 1638 1672 non
1670 1620 1905 1689 impune
1936 1620 2098 1673 illum

407 1707 550 1759 ultio
591 1706 783 1759 divina
812 1707 1055 1760 transire
1095 1708 1373 1777 permisit.
1410 1708 1631 1778 Quippe
1665 1710 1814 1762 utin
1858 1724 2098 1777 conspe-
2138 1746 2180 1800 Β

405 1801 560 1848 ctum
594 1795 749 1848 cellas
791 1796 948 1848 navis
986 1802 1110 1849 acta
1143 1797 1422 1865 pervenit,
1459 1802 1691 1867 repente
1737 1813 1798 1849 ex
1852 1798 2101 1850 maxima

405 1884 493 1937 sui
532 1889 691 1953 parte
723 1885 999 1951 demersa,
1038 1886 1325 1955 lapsisque
1375 1886 1433 1938 in
1483 1902 1691 1955 aquam
1742 1903 1869 1955 quae
1914 1893 2102 1955 gesta-

402 1981 560 2026 verat
610 1974 775 2039 vasis,
836 1974 1135 2043 praesentis
1188 1975 1429 2043 jacturaa
1483 1979 1539 2026 et
1593 1974 1831 2044 periculi
1881 1980 2100 2027 metum

402 2063 619 2115 cunctis
668 2063 915 2115 inculsit.
961 2063 1216 2117 Clamare
1258 2078 1456 2115 omnes
1497 2066 1553 2115 et
1592 2062 1871 2115 auxilium
1918 2064 2099 2133 lacry-

404 2151 695 2204 mabiliter
722 2151 1051 2220 implorare,
1086 2152 1312 2221 culpam
1344 2152 1491 2204 abba
1522 2151 1797 2211 confiteri,
1831 2156 1881 2203 et
1906 2151 2101 2203 Goaris

402 2240 673 2291 meritum
707 2256 961 2293 exorare.
1008 2242 1146 2293 Item
1196 2239 1339 2292 abba
1385 2240 1709 2293 Tancradus
1749 2256 1815 2292 ex
1849 2240 1970 2292 loco
2006 2255 2102 2291 su-

402 2326 616 2395 periori
646 2327 1024 2396 conspiciens,
1059 2332 1113 2379 et
1152 2333 1365 2397 quanto
1405 2327 1462 2379 in
1508 2328 1761 2397 periculo
1803 2344 2099 2380 versaren-

403 2421 498 2468 tur
531 2416 718 2468 cuncti
750 2416 1140 2481 considerans,
1174 2432 1302 2467 suos
1331 2416 1605 2484 evestigio
1636 2416 1832 2481 mittit,
1866 2417 2102 2469 mandat

402 2505 721 2558 subsidium
770 2505 1159 2558 laborantibus
1205 2505 1362 2558 ferri.
1418 2506 1787 2558 Deducuntur
1828 2506 2098 2558 continuo

402 2609 590 2654 naves,
633 2599 689 2646 et
728 2594 1046 2647 subsidium
1082 2594 1263 2646 modis
1296 2593 1505 2662 quibus
1538 2600 1659 2646 erat.
1691 2594 1958 2663 possibile
1993 2596 2097 2646 mi-

403 2682 694 2734 nistratur.
723 2683 805 2735 Ita
829 2698 955 2734 cum
984 2682 1201 2735 abbatis
1227 2682 1434 2734 auxilio
1457 2688 1510 2734 et
1532 2683 1738 2735 sudore
1765 2684 2097 2745 multorum,

403 2775 524 2822 tum
562 2770 805 2822 maxime
838 2770 897 2823 Β.
937 2770 1132 2822 Goaris
1169 2769 1548 2838 opitulatione
1579 2777 1911 2840 recuperata
1945 2771 2096 2836 navi,

401 2859 665 2928 vasisque
702 2859 945 2929 receptis
977 2865 1032 2912 et
1078 2858 1298 2928 Opibus,
1334 2858 1637 2911 incolumis
1668 2860 1735 2911 ad
1766 2860 1925 2912 littus
1955 2860 2101 2913 abba

403 2950 789 3016 progreditur.
842 2949 1110 3017 Egressus
1160 2946 1349 2999 navim
1400 2953 1623 2999 oratum
1670 2947 1920 3011 festinat,
1969 2965 2097 3017 per-

403 3051 635 3088 suasum
665 3036 771 3088 sibi
804 3038 1132 3104 perenniter
1163 3035 1473 3100 afﬁrmans,
1509 3052 1579 3087 ne
1610 3036 1798 3088 locum
1826 3038 1969 3088 tanti
1994 3037 2098 3090 viri
2139 3046 2178 3100 C

406 3124 620 3177 meritis
661 3124 946 3195 insignem
992 3125 1156 3178 facile
1204 3141 1457 3194 unquam
1499 3124 1620 3177 sine
1665 3125 2098 3195 supplicationis

403 3228 643 3266 munere
675 3214 1093 3267 transeundum
1127 3214 1413 3267 existimet
1442 3216 1483 3265 ι).

544 3331 617 3381 De
648 3329 880 3396 quodam
912 3331 1130 3382 Frcsone
1156 3331 1409 3382 similiter
1432 3344 1603 3397 prope
1625 3331 1953 3397 periclitato.

476 3445 560 3495 32.
594 3440 889 3495 Consimili
916 3457 1096 3510 prope
1133 3447 1336 3494 eventu
1375 3457 1506 3495 cum
1534 3442 1767 3511 quidam
1800 3460 1867 3496 ex
1899 3445 2096 3497 Freso—

404 3546 541 3582 num
576 3534 743 3598 gente
778 3529 1104 3599 negotiator
1136 3544 1338 3581 navem
1370 3530 1516 3581 circa
1548 3530 1731 3599 ripam
1765 3531 2097 3586 ulteriorem

403 3623 615 3687 ageret,
659 3632 845 3686 neque
885 3616 1062 3669 littori
1093 3617 1151 3669 in
1186 3633 1299 3686 quo
1339 3618 1754 3672 monasterium
1800 3618 1972 3672 situm
2013 3625 2099 3675 est

405 3703 794 3774 propinquare
826 3703 1171 3774 disponeret,
1213 3704 1308 3758 ubi
1328 3705 1395 3758 ad
1420 3707 1682 3777 scopulos
1704 3708 1850 3775 illos,
1877 3708 1945 3762 de
1973 3710 2096 3780 qui-

406 3794 509 3847 bus
540 3810 711 3865 supra
742 3795 1010 3856 diximus,
1046 3795 1205 3848 navis
1244 3800 1365 3848 acta
1398 3797 1674 3866 pervenit,
1711 3798 1897 3851 subito
1934 3805 2097 3869 rapta

405 3888 460 3936 et
498 3883 557 3936 in
604 3885 891 3954 gurgitem
944 3885 1224 3939 undarum
1270 3885 1538 3939 violentia
1585 3891 1781 3954 tracta,
1828 3889 2097 3957 praesenti

403 3977 636 4026 cunctos
669 3974 1001 4027 discrimine
1033 3974 1292 4043 perculit.
1329 3974 1438 4028 Sed
1475 3991 1602 4028 cum
1637 3976 1906 4029 dominus
1939 3977 2095 4030 navis

404 4061 599 4114 Goaris
641 4079 790 4132 saepe
841 4079 1054 4116 nomen
1104 4068 1161 4115 et
1206 4064 1474 4115 meritum
1524 4063 1735 4117 iterans
1777 4065 2093 4120 subsidium

404 4150 750 4219 expetiisset,
793 4150 847 4203 in
884 4158 1116 4221 portum
1156 4152 1432 4205 continuo
1465 4152 1624 4205 navis
1652 4152 1830 4205 illaesa
1862 4154 2093 4208 devehi-

402 4245 526 4303 tur;
572 4239 666 4291 ille
716 4245 779 4291 ut
829 4241 1219 4293 continentem
1273 4240 1482 4309 attigit,
1536 4246 1760 4294 oratum
1820 4244 2091 4311 perrexit,

405 4342 468 4378 ac
497 4343 602 4394 pro
634 4328 835 4380 salutis
860 4344 1094 4380 munere
1117 4333 1329 4381 vestem
1351 4328 1731 4383 holosericam
1754 4333 2092 4386 venerandae
2134 4346 2176 4399 ι)

407 4416 702 4469 memoriae
732 4416 954 4485 tribuit,
986 4433 1115 4486 quae
1155 4417 1325 4471 etiam
1367 4418 1533 4471 vestis
1562 4422 1757 4488 postea
1789 4419 1857 4472 ab
1897 4437 1963 4474 eo
1994 4420 2095 4490 qui

406 4501 527 4555 haec
557 4503 701 4556 mihi
731 4505 928 4558 retulit
957 4506 1286 4559 Theodrado
1316 4506 1520 4560 clerico
1550 4508 1622 4561 ad
1654 4509 1944 4562 Prnmiam
1974 4525 2097 4563 mo-

403 4592 714 4645 nasterium
748 4598 833 4645 est
861 4594 1066 4647 delata.

406 4711 476 4762 De
534 4712 885 4777 negotiatoris
937 4725 1088 4764 servo
1146 4727 1212 4765 ea:
1266 4727 1423 4781 aqua:
1470 4714 1707 4781 periculo
1764 4715 2094 4768 mirabiliter

1164 4788 1334 4837 eruta.

1164 4798 1334 4837 eruta.

476 4890 561 4942 33.
599 4887 740 4941 Rem
771 4887 1032 4941 illaturus
1072 4905 1195 4942 sum
1228 4890 1681 4959 praecedentibus
1716 4891 1948 4961 quidem
1979 4907 2096 4945 non

403 4975 641 5029 omnino
688 4976 1045 5043 dissimilem,
1093 4978 1189 5031 sed
1229 4995 1357 5048 quae
1408 4979 1666 5032 miraculi
1712 4980 1927 5049 aliquid
1973 4997 2095 5034 am-

404 5065 554 5135 plius
584 5064 811 5132 habeat,
846 5072 901 5119 et
927 5067 1090 5136 cujus
1122 5071 1207 5120 tot
1234 5067 1349 5120 sint
1380 5084 1525 5137 pene
1551 5068 1870 5121 ﬁdelissimi
1903 5074 2093 5135 testes,

403 5160 542 5224 quot
584 5155 692 5208 loci
731 5155 908 5225 ipsius
947 5155 1297 5211 habitatores
1347 5162 1606 5226 tempore
1654 5173 1768 5227 quo
1812 5163 1972 5227 gesta
2014 5162 2099 5212 est

475 5314 499 5343 ³
531 5300 931 5355 Monasterium
974 5300 1029 5353 S.
1075 5301 1344 5356 Gereonis
1378 5300 1527 5355 intra
1558 5318 1755 5355 muros
1789 5301 2094 5355 Colonien-

406 5388 491 5423 ses
523 5371 831 5435 inclusum,
865 5373 923 5424 in
970 5371 1330 5442 collegiatam
1380 5373 1671 5425 ecclesiam
1708 5374 1830 5439 jam
1870 5373 2095 5435 pridem

406 5458 746 5513 conversum
796 5446 912 5508 est;
966 5459 1078 5513 qua
1126 5444 1193 5496 de
1245 5444 1478 5496 ecclesia
1520 5444 1796 5513 legendus
1842 5444 2097 5513 Aigidius

408 5511 673 5585 Gelenius
706 5514 761 5564 in
794 5513 892 5585 lib.
922 5511 1000 5566 ιη’
1015 5514 1082 5567 de
1110 5514 1347 5567 Colonia
1377 5511 1670 5585 Syntag'm.
1706 5519 1756 5567 2.

479 5584 503 5624 δ
542 5582 641 5635 Hic
686 5599 828 5649 mos,
872 5584 1060 5655 inquit
1103 5584 1368 5638 Gelenius
1418 5582 1542 5640 mox
1562 5582 1810 5648 veitatus,
1856 5586 1913 5639 in
1959 5601 2099 5656 prae-

1482 307 1991 363 WANDALBERTI
2033 308 2452 367 PRUMIENSIS
2493 310 2797 369 MONACHI

3767 328 3853 379 668

2202 459 2321 496 esse
2350 445 2662 513 potuerint.
2702 448 3034 516 Negotiator
3071 466 3137 504 ex
3178 467 3350 522 supra
3390 453 3535 507 dicta
3578 455 3856 511 Fresonum

2205 538 2373 602 gente
2418 550 2620 588 navem
2659 553 2762 605 per
2794 538 3060 592 Rhenum
3092 540 3306 593 flumen
3341 542 3557 611 agebat,
3590 550 3642 597 et
3669 550 3724 598 ut
3752 563 3859 599 mo—

2206 621 2284 674 ris
2328 626 2428 688 est,
2475 624 2610 693 quia
2655 626 2887 679 adverso
2926 626 3164 681 ﬂumine
3194 630 3516 700 navigabat,
3547 633 3674 685 fune
3703 650 3732 686 a
3760 638 3858 689 suis

2208 727 2412 765 navem
2469 713 2617 767 circa
2669 714 2828 768 littus
2876 717 3213 771 trahendam
3262 728 3571 773 curaverat.
3632 723 3857 795 Cumque

2204 801 2323 870 jam
2364 802 2521 856 cellas
2568 803 2772 858 vicinia
2808 806 3106 876 attigisset,
3142 814 3407 862 monetur
3438 827 3469 862 a
3501 811 3613 863 suis
3647 813 3857 883 aliisque

2209 890 2269 943 in
2313 891 2569 944 ﬂuminis
2602 894 2872 963 praeripio
2902 897 3361 962 consistentibus,
3399 898 3480 952 uti
3509 900 3573 953 ad
3606 901 3858 955 orandum

2210 981 2397 1034 navim
2430 983 2627 1051 egredi
2673 983 2895 1037 debeat.
2945 986 3043 1039 llle
3092 986 3199 1039 sibi
3231 988 3354 1056 ejus
3394 992 3525 1041 tunc
3555 990 3634 1042 rei
3663 991 3859 1059 cepiam

2210 1085 2324 1122 non
2354 1086 2475 1123 esse
2509 1070 2718 1139 dicere,
2757 1072 3022 1142 impediri
3058 1091 3215 1128 mora
3254 1078 3606 1146 propositum
3638 1095 3857 1145 cursum,

2210 1174 2314 1211 nec
2341 1175 2397 1211 se
2421 1176 2585 1228 posse
2608 1160 2716 1213 nisi
2738 1163 3073 1215 continuato
3096 1164 3323 1233 navigio
3348 1165 3556 1235 quietis
3578 1183 3862 1237 congruum

2210 1248 2398 1301 locum
2445 1249 2745 1319 attingere.
2794 1252 2876 1304 Ita
2923 1252 3117 1305 animo
3167 1253 3280 1307 fixo
3322 1256 3510 1307 navim
3543 1256 3735 1324 agitet
3765 1258 3864 1325 ipse

2211 1335 2268 1387 in
2302 1352 2367 1388 ea
2405 1337 2625 1390 clavum
2673 1354 2875 1407 regens
2906 1355 3036 1393 cum
3076 1358 3191 1394 uno
3232 1358 3525 1395 servorum
3557 1343 3768 1409 residet,
3800 1361 3867 1397 re-

2212 1424 2351 1494 liqui
2385 1425 2570 1478 navim
2621 1443 2722 1496 per
2766 1428 2957 1481 littora
2989 1430 3241 1483 trahunt.
3282 1432 3410 1484 Erat
3444 1431 3593 1484 inter
3626 1448 3715 1485 eos
3745 1448 3867 1484 unus

2210 1514 2309 1583 qui
2343 1519 2574 1567 cunctos
2605 1518 2946 1570 antecedens
2974 1524 3227 1573 extrema
3258 1520 3411 1573 funis
3439 1521 3604 1574 dorso
3636 1529 3687 1574 ct
3713 1521 3868 1574 ventri

2212 1603 2628 1657 circuinvoluta
2653 1610 2891 1659 teneret.
2928 1608 3168 1659 Ventum
3207 1614 3327 1661 erat
3360 1609 3428 1662 ad
3464 1610 3712 1662 fluminis
3735 1610 3869 1663 illam

2213 1692 2281 1745 de
2315 1708 2427 1761 qua
2459 1693 2517 1745 in
2552 1694 2940 1763 superioribus
2980 1695 3202 1764 egimus
3242 1697 3607 1767 rapiditatem
3654 1698 3868 1751 horribi-

2211 1781 2343 1846 lem,
2397 1797 2526 1833 cum
2577 1787 2810 1851 repente
2860 1800 3062 1837 navem
3116 1784 3285 1838 undze
3340 1786 3758 1839 violentissimas
3800 1803 3867 1839 ra-

2210 1869 2394 1938 piunt,
2446 1885 2549 1922 nec
2590 1872 2973 1939 gubernatore
3017 1873 3134 1925 ullo
3184 1873 3449 1942 praesidio
3498 1875 3713 1927 valente
3758 1875 3869 1927 resi-

2210 1962 2357 2010 stere
2389 1959 2721 2028 longissime
2765 1976 2797 2011 a
2842 1960 3030 2013 littore
3074 1961 3435 2015 subtrahunt.
3474 1963 3549 2015 Ea
3580 1967 3734 2030 rapta
3759 1978 3866 2015 cum

2210 2046 2356 2099 ferre
2409 2063 2525 2099 non
2576 2052 2803 2115 possent
2843 2048 3038 2101 funem
3084 2049 3181 2119 qui
3228 2065 3329 2118 per
3373 2049 3529 2119 ripas
3574 2050 3864 2115 trahebant,

2211 2135 2341 2188 victi
2374 2136 2736 2206 relinquunt;
2772 2138 2869 2190 sed
2901 2137 2946 2189 is
2978 2138 3079 2207 qui
3107 2144 3339 2191 cunctos
3371 2145 3867 2208 praecesserat,tam

2210 2225 2319 2277 cito
2371 2226 2650 2292 explicare
2692 2242 2750 2278 se
2792 2226 2926 2278 fune
2967 2243 3083 2279 non
3125 2228 3316 2280 valens
3349 2227 3541 2280 navim
3587 2234 3796 2280 secutus
3821 2228 3867 2279 in

2210 2314 2495 2383 gurgitem
2543 2314 2804 2379 trahitur,
2848 2330 3029 2383 neque
3078 2316 3132 2369 id
3178 2316 3449 2368 dominus
3500 2317 3655 2370 navis
3698 2317 3782 2385 qui
3823 2317 3868 2367 in

2209 2403 2393 2471 puppi
2433 2402 2685 2455 residens
2718 2402 3031 2469 laborabat,
3069 2403 3523 2458 animadvertere
3558 2406 3761 2475 potuit;
3792 2422 3869 2457 re-

2209 2492 2351 2561 liqui
2375 2491 2473 2561 qui
2497 2508 2525 2541 a
2547 2491 2682 2543 fune
2706 2492 3054 2561 refugerant,
3074 2494 3256 2562 magis
3274 2494 3508 2547 vocibus
3529 2495 3656 2547 navi
3677 2500 3727 2546 et
3746 2495 3869 2545 socio

2211 2581 2309 2650 qui
2339 2582 2441 2634 sub
2474 2597 2622 2650 aqua
2653 2582 2986 2635 trahebatur
3020 2599 3186 2650 opem
3230 2582 3483 2636 divinam
3523 2589 3576 2636 et
3610 2585 3665 2636 Β.
3706 2584 3869 2637 Goaris

2211 2670 2413 2722 merita
2447 2686 2777 2722 succurrere
2810 2670 3204 2739 postulabant;
3246 2676 3521 2739 tantaque
3571 2676 3689 2724 tum
3735 2687 3869 2740 aqua:

2209 2757 2291 2810 vis
2318 2765 2373 2810 et
2404 2758 2685 2811 undarum
2720 2775 2927 2828 vorago
2960 2759 3083 2823 fuit,
3122 2765 3183 2811 ut
3214 2776 3325 2811 non
3359 2767 3491 2813 ante
3524 2764 3675 2814 navis
3699 2762 3748 2812 in
3770 2776 3871 2812 cur-

2211 2864 2334 2900 sum
2362 2847 2533 2918 dirigi
2564 2853 2776 2917 posset,
2810 2864 2982 2917 quam
3017 2848 3346 2917 longissime
3378 2850 3546 2917 pulsa
3577 2850 3634 2901 in
3667 2849 3867 2901 ulterio-

2210 2952 2329 2990 rem
2362 2936 2546 3007 ripam
2582 2953 2697 2990 non
2729 2937 2848 2989 sine
2883 2953 3089 3005 magno
3121 2937 3507 3006 plurimorum
3542 2944 3694 2991 metu
3723 2944 3868 3006 atque

2211 3026 2448 3079 horrore
2507 3030 2925 3096 exportaretur.
2991 3026 3321 3094 Negotiator
3376 3043 3513 3079 vero
3574 3033 3634 3080 ut
3688 3033 3867 3079 terram

2209 3114 2416 3183 attigit,
2450 3115 2643 3167 funem
2678 3114 2779 3184 qui
2810 3115 2937 3167 navi
2981 3115 3275 3167 cohaerens
3323 3131 3426 3183 per
3468 3132 3675 3186 aquam
3712 3116 3869 3168 fuerat

2210 3208 2437 3269 tractus,
2471 3220 2503 3256 a
2534 3220 2695 3257 servo
2730 3203 2920 3273 colligi
2952 3204 3205 3267 mandat,
3242 3204 3341 3273 qui
3370 3204 3612 3257 collecto
3636 3204 3691 3256 in
3720 3212 3870 3256 extre-

2210 3308 2301 3345 ma
2333 3292 2451 3361 ejus
2486 3296 2645 3362 parte
2693 3309 2885 3344 servus
2934 3292 3079 3344 sicut
3116 3292 3429 3361 implicitus
3463 3294 3649 3346 fuerat
3679 3290 3868 3345 inveni-

2208 3387 2318 3434 tur.
2361 3382 2466 3444 Qui
2500 3381 2932 3450 diligentissime
2968 3386 3352 3434 contrectatus
3398 3387 3455 3434 et
3504 3382 3684 3435 modis
3728 3379 3869 3433 variis

2208 3475 2582 3540 pertentatus,
2613 3485 2731 3522 non
2761 3469 2916 3523 aliud
2948 3470 3132 3538 potuit
3158 3470 3513 3539 deprehendi
3544 3488 3712 3539 quam
3740 3484 3868 3522 mor-

2208 3565 2358 3613 tuus.
2424 3560 2679 3629 Denique
2730 3558 2985 3612 adhibito
3036 3559 3287 3628 plurimo
3335 3561 3611 3614 stramine
3662 3565 3714 3613 et
3760 3559 3869 3627 igne

2206 3648 2574 3701 circumcirca
2621 3663 2909 3713 succenso,
2960 3647 3103 3699 nihil
3152 3648 3354 3700 caloris
3393 3649 3629 3717 penitus
3667 3662 3869 3717 persen-

2206 3737 2332 3802 tire,
2380 3738 2464 3790 vel
2514 3735 2742 3806 aliquod
2793 3735 2920 3788 vitae
2966 3735 3244 3789 indicium
3290 3738 3476 3807 potuit
3527 3738 3707 3791 edere.
3747 3735 3867 3799 Quid

2206 3827 2408 3896 plura?
2439 3826 2737 3879 devehitur
2776 3841 2970 3876 rursus
3012 3825 3069 3877 in
3112 3824 3438 3878 citeriorem
3481 3826 3667 3897 ripam
3715 3841 3771 3877 ac
3812 3823 3867 3876 de

2205 3916 2324 3968 sola
2354 3915 2648 3985 sepultura
2678 3914 2943 3967 dominus
2974 3914 3094 3983 ejus
3121 3920 3179 3966 et
3207 3914 3440 3967 comites
3471 3920 3651 3984 agunt
3682 3931 3693 3966 :
3727 3928 3866 3980 roga-

2204 4010 2298 4057 tur
2330 4003 2581 4056 ecclesize
2613 4007 2802 4055 custos
2832 4008 2896 4055 ut
2930 4002 2997 4055 ad
3030 4003 3421 4072 sepeliendum
3456 4008 3743 4056 mortuum
3778 3999 3865 4054 loci

2204 4092 2445 4161 alicujus
2472 4091 2695 4161 copiam
2731 4091 2919 4145 faciat.
2962 4091 3038 4144 Eo
3071 4092 3322 4157 obtento,
3355 4092 3493 4145 dum
3540 4092 3866 4162 sepulturam

2204 4182 2490 4250 aperiunt,
2524 4180 2755 4233 interim
2789 4180 3027 4232 cadaver
3055 4185 3117 4232 ut
3165 4196 3295 4233 vere
3346 4180 3656 4250 putabatur
3701 4176 3865 4232 exani~

2205 4287 2294 4324 me
2324 4270 2384 4323 in
2423 4268 2673 4322 custodis
2712 4268 2783 4322 ad
2816 4268 3012 4321 horam
3054 4269 3351 4322 mansione
3388 4269 3712 4339 deponitur.
3746 4268 3866 4320 Tum

2204 4376 2321 4413 non
2364 4363 2494 4428 post
2524 4358 2761 4428 longum
2790 4358 3061 4427 temporis
3080 4342 3460 4411 {intervallum
3507 4358 3709 4428 incipit
3736 4369 3865 4407 reca-

2203 4448 2431 4513 lescere,
2469 4450 2523 4499 et
2554 4444 2826 4513 paulatim
2864 4461 2924 4497 os
2955 4446 3195 4515 aperire,
3238 4462 3303 4498 ac
3350 4446 3618 4515 spiritum
3666 4446 3865 4499 ducere.

2209 4535 2422 4588 Dehinc
2452 4538 2633 4587 totum
2671 4549 2730 4585 se
2776 4533 3002 4587 elevans
3048 4550 3247 4603 parum
3290 4535 3590 4604 sanguinis
3630 4550 3722 4588 ore
3750 4531 3869 4598 reje-

2204 4622 2298 4689 cit,
2333 4628 2390 4676 et
2419 4622 2714 4676 confestim
2750 4622 2993 4675 surrexit
3030 4623 3357 4683 incolumis,
3406 4624 3485 4676 ita
3537 4629 3603 4677 ut
3642 4620 3870 4675 oratione

2204 4710 2349 4765 facta
2391 4717 2448 4764 et
2488 4711 2801 4780 gratiarum
2846 4709 3065 4764 actione
3116 4712 3185 4766 ab
3235 4712 3503 4765 omnibus
3544 4710 3782 4773 reddita,
3812 4704 3870 4759 ad

2207 4800 2526 4853 ducendam
2579 4801 2724 4853 sicut
2770 4803 2924 4870 prius
2969 4801 3129 4854 navis
3185 4817 3314 4853 cum
3372 4800 3541 4853 sociis
3596 4794 3869 4853 festinarit.

2207 4891 2282 4943 Ea
2313 4888 2634 4959 negotiator
2672 4894 2735 4942 ut
2765 4890 2924 4955 vidit,
2970 4891 3339 4944 emendatum
3383 4906 3461 4957 se,
3512 4894 3571 4943 et
3599 4905 3700 4960 pro
3732 4885 3872 4953 culpa

2205 4980 2542 5050 castigatum
2567 4995 2915 5050 magnopere
2939 4980 3234 5050 gratulans
3257 4979 3477 5050 argenti
3504 4978 3706 5033 libram
3730 4970 3872 5028 altari

2206 5086 2364 5123 sacro
2395 5069 2687 5138 persolvit,
2721 5073 2778 5122 et
2815 5072 3000 5138 empto
3043 5069 3251 5123 dehinc
3295 5068 3519 5131 itinere,
3565 5066 3683 5120 suis
3719 5059 3875 5117 omni-

2204 5157 2311 5211 bus
2356 5157 2741 5211 incolumibus
2787 5157 2945 5211 abiit.
2999 5157 3258 5211 Viderint
3301 5157 3437 5227 quid
3486 5157 3557 5210 de
3602 5172 3662 5209 re
3699 5153 3873 5221 hujus-

2207 5307 2425 5377 _s_entem
2458 5302 2610 5357 diem
2645 5308 2987 5377 perseverat,
3031 5303 3253 5377 Quippe
3282 5298 3874 5377 nefas_putant.locum

2206 5374 2367 5427 illum
2402 5364 2839 5443 prtetervéhere,
2882 5373 2991 5428 nisi
3042 5364 3250 5443 injecto
3295 5374 3348 5426 in
3390 5364 3615 5443 collum
3648 5364 3873 5426 vinculo,

2208 5462 2329 5497 sese
2370 5442 2564 5518 sancto
2606 5446 2774 5498 Goari
2818 5442 3271 5518 mancipaverint
3309 5461 3321 5497 :
3359 5442 3510 5513 quod
3546 5442 3716 5518 etiam
3743 5451 3875 5518 pri?-

2209 5520 2364 5568 stant
2395 5517 2723 5569 Novatores.
2759 5516 2910 5584 apud
2957 5509 3099 5586 quos
3131 5509 3435 5586 ipsumque
3469 5513 3675 5582 vulgus
3705 5509 3875 5579 ignota

2211 5587 2445 5656 hujusce
2479 5586 2771 5657 religionis
2800 5587 2962 5641 ratio.
