4022 6178
152 1347 163 1373 1

197 318 310 367 669

1332 318 1422 372 DE
1469 321 1624 375 Vl'l‘A
1665 323 1752 377 ET
1791 323 2174 381 MIRACULIS
2213 328 2268 381 S.
2310 328 2583 381 GUARIS.

3606 340 3709 388 670

190 448 355 502 modi
413 448 604 502 caeteri
645 448 914 503 sentiant.
966 450 1079 519 Ego
1124 450 1604 506 conﬁdentissime
1653 453 1901 509 dixerim
1938 460 2132 511 Arem
2180 458 2501 527 subjiciam,
2536 458 2842 513 mulierum
2867 460 3096 515 Scoticaa
3150 462 3398 517 nationis
3430 465 3579 518 cives
3635 466 3705 520 ab

188 534 356 588 beati
408 536 513 588 viri
572 536 777 589 merita
825 542 982 589 tanto
1023 552 1142 589 esse
1192 542 1319 607 post
1366 538 1583 592 obtium
1632 540 1892 607 clariora,

188 629 418 692 quanto
476 624 774 678 sollicitius
830 625 967 677 dum
1024 625 1236 678 viveret
1275 628 1555 681 humanas
1589 629 1785 682 laudes
1843 634 1899 682 et

180 713 531 782 jactantiam
576 714 828 783 fugerit;
889 730 1074 784 neque
1130 715 1190 767 in
1245 715 1574 785 hujusmodi
1620 718 1797 787 signis
1843 723 1899 771 et

186 802 493 855 miraculis
538 802 869 855 exhibendis
908 806 1177 874 cuiquam
1234 810 1579 871 sanctorum,
1623 806 1897 875 apostolis

186 894 248 943 et
280 890 616 943 clarissimis
646 892 910 944 Ecclesiae
944 892 1289 962 martyribus
1329 894 1601 947 duntaxat
1648 894 1897 963 exceptis

186 980 365 1033 illum
394 980 727 1033 inferiorem
755 980 933 1049 videri
968 997 980 1034 :
1005 982 1218 1051 quippe
1244 982 1344 1051 qui
1376 982 1432 1033 in
1464 982 1756 1052 diligendo
1782 983 1896 1035 Deo

184 1074 246 1121 et
283 1068 548 1137 proximo
591 1086 705 1121 non
760 1069 921 1122 facile
969 1086 1261 1140 quoquam
1320 1070 1554 1124 illorum
1606 1072 1897 1140 judicetur

184 1156 459 1220 inferior,
494 1157 706 1228 quique
736 1158 958 1210 tametsi
1005 1158 1064 1211 in
1112 1158 1222 1211 vita
1253 1175 1371 1211 non
1409 1158 1603 1212 multis
1644 1175 1771 1228 qua:
1806 1160 1899 1212 ho-

184 1245 381 1298 mines
412 1247 674 1299 noverint
701 1245 989 1299 miraculis
1012 1247 1236 1313 claruit,
1272 1248 1371 1300 sed
1403 1264 1468 1300 ea
1498 1264 1627 1317 quae
1653 1248 1895 1301 miracu-

186 1334 259 1387 lis
294 1334 569 1387 omnibus
600 1334 791 1403 potior
821 1339 905 1387 est
934 1336 1205 1389 charitate
1250 1336 1598 1389 clarissimus
1653 1337 1894 1403 exstitit;

183 1422 442 1493 ideoque
476 1428 603 1491 post
635 1424 857 1477 obitum
890 1425 1146 1493 quotidie
1196 1425 1254 1478 in
1301 1424 1611 1478 viventium
1652 1426 1765 1478 ﬁde
1815 1430 1898 1479 tot

184 1513 493 1581 tantisque
520 1512 820 1565 virtutibus
850 1514 1045 1566 claret.

294 1629 375 1679 De
401 1627 600 1680 lumine
638 1627 905 1682 divinitus
930 1631 989 1682 in
1016 1631 1246 1682 lucernis
1275 1630 1501 1683 ecclesia:
1522 1644 1787 1683 succenso.

259 1743 349 1797 34η
394 1744 675 1796 Praeterea
717 1744 1019 1797 Heriradus
1069 1745 1404 1811 monachus,
1456 1745 1577 1815 qui,
1633 1750 1692 1798 ut
1744 1761 1893 1815 saepe

184 1830 413 1885 dictum
463 1837 567 1900 est,
626 1832 833 1886 horum
894 1834 1032 1886 mihi
1078 1833 1485 1887 miraculorum
1545 1835 1893 1887 certissimus

184 1920 410 1973 relator
456 1920 670 1973 exstitit
717 1928 773 1974 et
819 1921 1170 1987 verissimus,
1212 1922 1298 1974 bis
1349 1940 1405 1974 se
1438 1923 1685 1976 afﬁrmat
1734 1924 1891 1975 nullo

184 2005 540 2058 admonente
576 2008 916 2059 extrinsecus
950 2007 1082 2075 igne
1132 2008 1476 2076 lampadem,
1528 2025 1657 2079 quae
1697 2025 1891 2062 coram

189 2094 479 2146 memoria
503 2095 824 2148 veneranda
848 2096 1147 2165 dependet,
1170 2096 1357 2149 infuso
1379 2097 1647 2150 divinitus
1675 2098 1891 2151 lumine

186 2181 552 2251 splenduisse
582 2199 595 2235 :
631 2183 784 2252 quod
813 2183 998 2251 ipsum
1030 2184 1298 2252 praesenti
1328 2200 1477 2237 anno
1508 2202 1622 2254 quo
1656 2186 1763 2238 ista
1794 2186 1893 2238 de-

186 2271 527 2340 scripsimus
587 2277 643 2323 et
696 2272 970 2340 superiori
1006 2272 1307 2341 contigisse
1362 2274 1462 2343 qui
1510 2274 1894 2327 interfuerunt

188 2359 508 2412 afﬁrmant.
543 2360 646 2412 Sed
674 2360 729 2413 id
763 2377 863 2412 suo
898 2362 1019 2413 loco
1052 2362 1158 2413 erit
1179 2362 1501 2415 dicendum.

264 2451 354 2501 35.
415 2450 694 2501 Hactenus
752 2467 817 2502 ea
869 2450 1267 2519 descripserim
1321 2468 1447 2521 qum
1485 2452 1688 2505 abbate
1746 2452 1891 2504 Tan-

189 2537 368 2589 crado
403 2537 461 2588 in
512 2538 614 2590 hac
653 2538 770 2590 vita
816 2540 1117 2607 superstite
1178 2540 1321 2592 facta
1374 2540 1521 2593 inter
1578 2541 1688 2593 alia
1747 2540 1893 2594 refe-

192 2632 424 2678 runtur.
461 2627 621 2679 Nunc
661 2628 918 2694 adjutore
969 2628 1190 2681 Christo
1245 2630 1313 2681 ad
1360 2630 1659 2682 clarissimi
1715 2630 1895 2682 Patris

194 2715 550 2768 Marcuvardi
582 2722 843 2784 tempora
875 2716 971 2786 qui
1005 2718 1107 2770 hoc
1135 2718 1324 2786 ipsum
1357 2718 1498 2769 milii
1531 2734 1675 2787 opus
1708 2718 1894 2788 impo-

191 2804 331 2870 suit,
368 2810 589 2858 servato
619 2811 678 2858 ut
706 2805 974 2875 proposui
1006 2806 1206 2858 ordine
1238 2806 1483 2858 veniam.

326 2950 393 2957 --
436 2936 699 2973 MIRACULA
753 2937 926 2974 FACTA
964 2936 1209 2974 TEMPORE
1252 2937 1603 2975 MARCUVARDI
1653 2938 1891 2973 ABBATIS.

2006 545 2145 598 urbe
2172 546 2482 599 redeuntes
2513 562 2728 616 aegram
2759 555 2814 600 et
2844 565 3043 616 gressu
3069 550 3317 604 debilem
3346 552 3423 604 ibi
3456 554 3706 623 relique-

2006 638 2154 687 runt.
2188 634 2263 687 Ea
2294 639 2599 705 postquam
2629 652 2725 689 sex
2774 636 2833 688 in
2868 636 2987 689 loco
3023 654 3244 691 menses
3276 639 3411 707 egit,
3464 642 3567 694 sub
3614 642 3705 696 die

2005 723 2382 776 solemnitatis
2413 740 2618 777 annum
2650 739 2780 794 quae
2812 726 3003 794 agitur
3035 726 3217 795 pridie
3254 743 3432 780 nonas
3460 730 3594 782 Julii
3616 731 3702 782 in-

2007 816 2094 864 ter
2143 812 2498 882 vespertinus
2547 814 2801 865 Psalmos
2838 830 3067 883 gressus
3106 815 3405 868 sanitatem
3468 819 3701 886 recepit.

2013 937 2090 988 De
2114 938 2325 1003 infante
2354 935 2678 1011 daemoniaco
2718 938 2868 1005 apud
2900 942 3208 992 memoriam
3246 942 3303 993 S.
3340 943 3539 994 Goaris
3578 960 3703 1011 pro-

2464 1009 2633 1062 missa
2663 1024 2696 1061 α
2723 1014 2881 1077 patre
2912 1012 3009 1077 api
3037 1017 3243 1076 curato,

2078 1125 2164 1177 38.
2200 1122 2490 1192 Superiori
2525 1139 2674 1176 anno
2708 1130 2837 1193 post
2867 1142 2930 1177 ea
2964 1142 3091 1194 qua:
3117 1126 3183 1178 de
3220 1126 3564 1197 imperatore
3609 1146 3705 1182 re-

2006 1212 2264 1273 tulimus,
2300 1212 2505 1265 accidit
2539 1217 2598 1264 ut
2620 1213 2853 1283 quidam
2905 1230 2967 1265 ex
2999 1215 3223 1267 rusticis
3266 1216 3446 1269 lilium
3497 1234 3703 1286 parvu-

2006 1301 2125 1355 lum
2158 1301 2418 1354 daemone
2450 1301 2685 1369 plenum
2715 1302 2785 1355 ad
2818 1302 3112 1356 ecclesiam
3144 1320 3272 1357 cum
3315 1306 3452 1358 fletu
3484 1311 3539 1359 et
3569 1323 3703 1376 sup-

2004 1391 2309 1461 plicatione
2341 1391 2604 1444 deferret.
2630 1392 2807 1455 Quem
2843 1409 2972 1445 cum
3006 1399 3135 1445 ante
3195 1394 3531 1448 memoriam
3583 1396 3705 1465 eju-

2007 1479 2131 1531 lans
2184 1479 2374 1531 multis
2434 1480 2809 1549 praesentibus
2859 1482 3228 1551 exposuisset,
3287 1488 3479 1537 sancte
3535 1485 3703 1551 Coar,

2006 1567 2212 1637 inquit,
2249 1568 2421 1620 redde
2450 1584 2601 1621 nunc
2648 1569 2789 1621 mihi
2834 1586 3025 1623 meum
3070 1570 3250 1623 filium
3305 1577 3359 1623 et
3396 1573 3559 1641 pulso
3607 1573 3706 1642 qui

2005 1672 2137 1708 eum
2169 1662 2334 1709 vexat
2365 1657 2625 1710 dzemone
2650 1673 2813 1722 sana;
2855 1675 2961 1727 ego
3006 1658 3109 1712 tibi
3141 1676 3244 1729 pro
3280 1676 3516 1713 munere
3547 1662 3703 1730 apim

1936 1758 1973 1810 Β
2004 1760 2180 1798 unam
2210 1745 2308 1813 (sic
2341 1745 2495 1797 enim
2536 1761 2735 1799 vocare
2770 1746 2965 1799 rustici
2994 1763 3234 1799 examen
3263 1763 3435 1817 apum
3464 1764 3706 1801 consue-

2002 1836 2224 1900 verunt)
2258 1834 2367 1886 huc
2398 1833 2661 1902 protinus
2711 1836 2966 1888 afferam.
3003 1837 3120 1888 Non
3175 1836 3361 1888 inanis
3405 1837 3509 1889 fuit
3568 1838 3703 1891 sim-

2003 1923 2130 1991 plex
2160 1922 2278 1975 hinc
2330 1923 2579 1975 hominis
2629 1924 2822 1976 rustici
2867 1926 3171 1993 postulatio
3211 1942 3221 1978 :
3286 1925 3385 1978 sed
3430 1926 3703 1980 continuo

2004 2016 2265 2064 sanatum
2322 2012 2688 2081 integerrime
2746 2013 3050 2081 parvulum
3117 2014 3281 2066 laetus
3334 2020 3390 2067 et
3446 2015 3701 2084 gaudens

2002 2105 2165 2169 pater
2196 2100 2433 2152 domum
2484 2100 2715 2153 revexit.
2756 2101 3013 2170 Denique
3051 2118 3285 2155 examen
3326 2120 3501 2172 apum
3547 2105 3701 2174 quod

2003 2194 2067 2241 ut
2098 2188 2381 2257 pollicitus
2412 2188 2599 2242 fuerat
2644 2189 2873 2256 obtulit,
2918 2190 3205 2261 hodieque
3258 2191 3316 2243 in
3366 2192 3550 2245 hortis
3602 2194 3699 2245 Ec-

2002 2277 2186 2329 clesia:
2234 2282 2551 2345 permanet.
2612 2280 2742 2332 Haec
2795 2295 2924 2332 cum
2996 2280 3301 2349 saepedicto
3366 2282 3702 2335 Theodrado

2002 2370 2127 2419 tum
2162 2365 2475 2419 Ekkibaldo
2506 2365 2686 2435 ipsius
2717 2367 2822 2419 loci
2851 2369 3158 2437 praeposito
3189 2370 3308 2422 viro
3357 2386 3490 2423 sane
3536 2372 3702 2424 docto

2003 2461 2175 2525 atque
2208 2454 2393 2507 veraci
2425 2461 2693 2509 narrante
2724 2457 2990 2526 cognovi.

2166 2562 2254 2615 De
2277 2563 2477 2615 lumine
2510 2563 2590 2615 bis
2613 2565 2669 2615 in
2688 2564 2939 2631 lampade
2960 2579 3206 2618 succenso
3237 2565 3523 2618 divinitus.

2076 2670 2160 2721 39.
2194 2668 2259 2720 Et
2292 2666 2512 2720 utillud
2557 2668 2797 2721 inferam
2848 2670 3002 2738 quod
3052 2686 3223 2739 supra
3272 2671 3472 2723 leviter
3521 2671 3702 2740 tetigi,

2005 2772 2157 2808 anno
2190 2755 2481 2825 praeterito
2515 2756 2572 2807 in
2605 2757 2696 2809 die
2719 2758 3076 2810 sanctissimo
3107 2759 3354 2823 Pascha,
3380 2775 3509 2812 cum
3553 2776 3705 2828 prae-

2006 2844 2222 2915 positus
2277 2844 2629 2898 Ekkibaldus
2689 2847 2793 2899 sub
2851 2846 2972 2917 ipso
3019 2847 3163 2900 lucis
3224 2854 3420 2901 exortu
3506 2849 3705 2902 missas

2006 2949 2175 3002 agere
2206 2933 2396 2999 vellet,
2429 2933 2684 3002 itemque
2731 2934 2839 2987 hoc
2870 2936 3069 2988 eodem
3110 2952 3261 2989 anno
3288 2953 3401 3006 quo
3431 2938 3539 2989 ista
3569 2926 3704 2990 co‘n-

192 3037 274 3088 De
305 3037 632 3102 imperatore
660 3035 926 3088 Ludovico
982 3036 1061 3089 ibi
1106 3052 1140 3089 α
1170 3037 1368 3105 pedum
1398 3037 1593 3103 Ldolore
1640 3038 1890 3090 relevata.

2075 3022 2336 3091 ripsimus
2366 3037 2495 3073 cum
2535 3021 2689 3074 idem
2721 3022 2780 3074 in
2824 3023 3269 3093 Quadragesima
3316 3025 3515 3077 missas
3565 3042 3701 3094 age-

264 3152 353 3204 36.
390 3150 453 3202 Et
506 3155 568 3203 ut
612 3151 732 3204 hmc
777 3152 896 3221 ipsa
955 3170 1148 3207 rerum
1204 3159 1492 3225 gestarum
1543 3154 1744 3206 ordine
1795 3153 1893 3205 ali-

192 3240 541 3309 quantulum
575 3243 891 3310 postposito
924 3244 1156 3296 exordio
1186 3244 1411 3296 clariori
1454 3243 1723 3314 incipiam
1756 3260 1767 3295 :
1803 3259 1894 3296 ex-

192 3329 616 3382 cellentissimae
680 3330 909 3399 pietatis
990 3332 1409 3403 singularisque
1471 3332 1781 3385 clementiae
1840 3336 1895 3383 et

195 3434 335 3487 erga
380 3418 761 3473 Christianam
794 3421 1135 3491 religionem
1187 3423 1446 3475 omnium
1479 3422 1893 3490 imperatorum

196 3506 654 3560 studiosissimus
700 3508 1038 3574 Ludovicus,
1076 3510 1177 3580 qui
1222 3510 1407 3563 adhuc
1429 3526 1675 3580 superna
1722 3509 1892 3561 mise-

196 3595 448 3649 ricordia
479 3596 805 3665 providente
835 3613 1029 3651 rerum
1058 3615 1284 3651 summa
1333 3600 1570 3668 potitur,
1622 3616 1749 3651 cum
1801 3599 1897 3651 do-

195 3685 317 3738 lore
351 3684 561 3753 pedum
593 3686 1118 3753 vehementissimo,
1154 3704 1267 3758 qua
1283 3689 1420 3741 olim
1444 3688 1780 3741 inﬁrmitate
1814 3687 1896 3739 vir

195 3773 313 3836 ille,
355 3773 459 3826 etsi
484 3790 600 3825 non
623 3774 913 3840 continue,
939 3776 1267 3847 frequenter
1292 3782 1484 3829 tamen
1508 3777 1801 3845 affligitur,
1820 3776 1891 3828 la.

192 3860 447 3926 boraret,
481 3866 651 3929 atque
683 3877 747 3913 ex
774 3862 984 3930 palatio
1015 3879 1117 3916 suo
1149 3864 1300 3933 quod
1333 3864 1602 3916 inlittore
1636 3863 1893 3915 fluminis

195 3948 381 4002 Rheni
431 3949 603 4001 situm
658 3951 1003 4015 lngilinheim
1058 3968 1230 4021 supra
1280 3952 1527 4005 diximus
1596 3951 1892 4021 appellari,

194 4038 492 4090 evectione
528 4038 711 4090 navali
738 4039 1128 4107 descenderet,
1179 4046 1404 4094 oratum
1448 4042 1515 4094 ad
1548 4041 1603 4095 S.
1655 4041 1894 4094 Goarem

192 4125 351 4191 exiit,
386 4125 475 4178 vix
504 4125 561 4178 in
596 4130 804 4180 terram
837 4127 1008 4195 pedes
1039 4144 1155 4197 prae
1210 4129 1405 4183 dolore
1446 4129 1625 4182 nimio
1680 4143 1893 4197 ponere

192 4214 387 4266 valens
412 4258 425 4276 ,
471 4220 525 4267 et
556 4216 1001 4270 sustententium
1039 4217 1220 4287 magis
1249 4235 1420 4287 quam
1452 4219 1566 4270 suis
1606 4218 1894 4287 gressibus

194 4302 408 4356 nitens.
435 4302 693 4373 Cumque
738 4304 795 4357 in
828 4305 1121 4358 ecclesiam
1168 4307 1535 4375 pervenisset,
1587 4312 1714 4359 ante
1769 4322 1893 4357 me-

194 4391 444 4443 moriam
476 4394 860 4447 venerandam
892 4394 1214 4447 humillime
1263 4412 1320 4447 se
1368 4412 1431 4447 ac
1462 4396 1661 4448 devote
1711 4395 1894 4463 depo-

196 4481 327 4545 suit,
360 4485 417 4533 et
454 4480 511 4531 in
546 4486 696 4534 terra
744 4487 950 4534 stratus
1007 4482 1217 4535 diutius
1270 4484 1575 4553 peroravit.
1626 4483 1730 4537 Ubi
1761 4498 1892 4535 vero

198 4569 465 4634 surrexit,
500 4569 567 4621 ad
598 4569 861 4622 abbatem
912 4574 966 4623 et
1020 4570 1397 4625 clarissimum
1444 4573 1625 4625 virum
1670 4572 1895 4626 Gerun-

196 4675 333 4729 gum
358 4658 497 4710 olim
540 4657 738 4727 palatii
784 4658 1029 4724 aedilem,
1072 4675 1224 4713 nunc
1276 4661 1617 4714 monachum
1661 4676 1893 4713 conver-

199 4763 340 4800 sus:
399 4747 535 4808 Deo,
585 4746 792 4815 inquit,
846 4747 1076 4813 gratias,
1126 4764 1277 4801 nunc
1321 4748 1538 4802 meritis
1588 4749 1643 4803 S.
1698 4747 1894 4803 Goaris

202 4836 461 4887 levamen
495 4834 634 4887 milii
681 4835 875 4887 datum
912 4836 1217 4903 persentio,
1266 4854 1451 4907 neque
1484 4855 1550 4890 eo
1593 4838 1713 4907 jam
1765 4854 1891 4889 cum

199 4940 311 4992 quo
348 4924 459 4975 huc
480 4924 607 4975 veni
638 4922 836 4976 dolore
885 4925 1102 4978 laboro.
1136 4925 1224 4979 Sic
1273 4943 1304 4979 a
1347 4927 1626 4979 memoria
1672 4942 1893 4995 regres-

198 5028 290 5064 sus
321 5013 488 5065 lzetus
517 5017 575 5064 et
603 5011 788 5063 alacer
819 5011 972 5065 diem
1004 5017 1187 5066 totum
1220 5014 1396 5067 duxit.
1436 5014 1566 5068 Haec
1614 5014 1736 5082 ipso
1791 5014 1894 5066 ab-

197 5100 324 5154 bate
356 5100 458 5170 qui
490 5116 679 5153 coram
717 5101 895 5153 adfuit
920 5101 1200 5154 referente
1235 5103 1505 5172 cognovi;
1565 5118 1895 5173 quanquam

199 5205 299 5242 nec
326 5205 434 5259 ego
467 5191 588 5257 ipse
617 5189 865 5241 multum
896 5189 1198 5256 abfuerim,
1234 5192 1335 5261 qui
1380 5191 1567 5260 pridie
1614 5193 1735 5261 ejus
1783 5192 1894 5245 diei

199 5278 607 5346 imperatorem
665 5278 936 5347 praedicto
990 5278 1185 5333 dolore
1229 5280 1563 5350 gravissime
1630 5282 1894 5335 laboran-

201 5372 311 5419 tem
350 5367 408 5419 in
435 5367 646 5438 palatio
680 5367 936 5421 viderim.

344 5485 418 5536 De
444 5482 669 5535 muliere
699 5483 908 5537 Scotica
932 5483 1011 5536 ibi
1038 5501 1071 5538 a
1101 5486 1495 5539 claudicatione
1535 5493 1750 5541 sanata.

276 5590 362 5641 37.
398 5588 506 5642 Sed
535 5594 597 5642 ut
624 5588 757 5642 huic
798 5590 881 5643 rei
914 5596 1089 5659 gesta:
1123 5596 1380 5662 tempore
1422 5592 1591 5663 paulo
1639 5592 1892 5663 superio-

2004 3116 2107 3171 ret,
2141 3113 2196 3161 et
2224 3110 2419 3161 lumen
2440 3110 2691 3161 ecclesiae
2732 3110 2926 3163 deesse
2968 3117 3343 3180 quaereretur,
3399 3118 3704 3181 custosque

2002 3193 2261 3263 deposita
2286 3194 2550 3263 lampade
2584 3210 2648 3247 ac
2678 3195 2799 3247 sine
2830 3196 2963 3264 igne
3013 3202 3259 3265 reperta,
3294 3214 3399 3266 pro
3431 3214 3498 3250 eo
3556 3198 3704 3251 defe-

2002 3282 2181 3334 rendo
2207 3281 2523 3347 festinaret;
2558 3283 2746 3335 subito
2778 3284 3143 3337 cernentibus
3171 3285 3365 3338 multis
3412 3290 3612 3353 sponte
3644 3286 3703 3339 in

2004 3368 2268 3439 lampade
2314 3371 2508 3423 lumen
2555 3386 2853 3424 accensum
2900 3371 3125 3437 enituit,
3160 3372 3315 3442 quod
3357 3372 3437 3426 ibi
3482 3372 3705 3426 crebro-

2004 3458 2215 3512 factum
2248 3460 2441 3530 plures
2491 3459 2595 3512 viri
2644 3460 2840 3514 ﬁdeles
2894 3461 2993 3531 qui
3042 3460 3352 3514 interfuere
3396 3466 3700 3515 testantur.

2004 3570 2076 3621 De
2122 3569 2332 3633 infante
2375 3567 2567 3621 claudo
2614 3572 2663 3620 et
2708 3566 2971 3690 surdotet
3026 3569 3154 3621 item
3196 3567 3385 3635 puella
3435 3581 3573 3620 cwca
3627 3566 3705 3619 ibi

2743 3654 2879 3690 sana
2908 3654 2973 3690 is.

2743 3654 2973 3691 sanatis.

2072 3737 2159 3789 40.
2215 3735 2324 3789 Sed
2356 3739 2415 3787 ut
2466 3734 2585 3786 haec
2641 3732 2916 3785 miracula
2969 3748 3163 3786 rerum
3216 3732 3547 3802 nuperrime
3602 3749 3701 3802 ge-

2003 3829 2220 3877 starum
2253 3820 2579 3874 narratione
2610 3821 2680 3874 de
2708 3821 2977 3890 praesenti
3006 3822 3365 3885 concludam,
3411 3822 3515 3874 sub
3549 3821 3701 3874 idem

2004 3917 2229 3980 tempus
2260 3926 2373 3979 quo
2406 3910 2494 3962 his
2529 3908 2913 3962 describendis
2965 3924 3199 3961 manum
3259 3910 3527 3977 imposui,
3564 3925 3703 3962 nec-

2003 3999 2140 4053 dum
2171 3997 2364 4050 libello
2394 3996 2545 4049 edito
2576 4012 2704 4048 cum
2737 3998 2805 4049 ad
2839 4012 3088 4049 annuam
3123 3996 3301 4049 beatae
3329 3996 3702 4065 depositionis

2004 4085 2423 4139 solemnitatem
2452 4100 2659 4153 magna
2693 4084 3073 4155 undecunque
3102 4085 3179 4137 ita
3212 4083 3290 4137 uti
3322 4085 3468 4137 solet
3510 4084 3702 4136 homi-

2007 4190 2142 4228 num
2193 4172 2502 4226 multitudo
2550 4174 2886 4233 conflueret,
2948 4176 3085 4224 nota
3141 4188 3204 4224 ex
3255 4171 3439 4224 vicino
3495 4171 3699 4224 mulier

2005 4262 2237 4317 advenit
2283 4277 2412 4314 cum
2465 4260 2583 4314 ﬁlio
2631 4261 2747 4314 fere
2791 4260 3073 4331 septenni,
3118 4262 3217 4331 qui
3269 4261 3338 4314 ab
3389 4264 3515 4314 ortu
3575 4261 3700 4330 ipso

1933 4359 1974 4411 Ι)
2004 4350 2255 4409 claudus,
2291 4356 2500 4414 mutus,
2526 4347 2844 4419 surdusque
2877 4363 3241 4416 permanens,
3275 4347 3487 4401 infelici
3531 4347 3698 4417 geni-

2002 4438 2131 4491 trici
2156 4453 2330 4489 novos
2364 4436 2620 4505 quotidie
2648 4436 2834 4489 luctus
2875 4441 2929 4488 et
2960 4435 3188 4488 dolores
3244 4435 3489 4488 afferret.
3544 4436 3703 4489 Hunc

2005 4529 2187 4577 mater
2214 4524 2327 4576 ﬁde
2368 4522 2568 4575 devota
2615 4539 2747 4575 curn
2798 4523 2945 4576 inter
2990 4529 3297 4575 nocturnas
3344 4523 3569 4592 vigilias
3608 4540 3700 4576 co—

2006 4629 2127 4665 ram
2180 4611 2441 4680 sepulcro
2503 4610 2815 4663 venerabili
2869 4612 3241 4679 exposuisset,
3309 4612 3459 4665 circa
3526 4612 3703 4665 ﬁnem

2007 4702 2360 4755 Psalmorum
2398 4697 2834 4763 matutinorum,
2900 4713 3029 4750 cum
3076 4699 3358 4752 canticum
3413 4700 3704 4771 Evangelii

2005 4790 2189 4842 clerus
2236 4786 2487 4839 ecclesia:
2536 4790 2784 4851 caneret,
2834 4785 3148 4838 infantulus
3188 4788 3337 4839 lento
3380 4787 3583 4840 adnisu
3613 4804 3701 4840 re-

2005 4884 2175 4949 pente
2206 4874 2469 4944 surrexit,
2501 4891 2564 4928 ac
2590 4874 2831 4945 pedibus
2865 4891 3009 4945 quos
3056 4891 3231 4944 usque
3267 4876 3335 4927 ad
3380 4875 3436 4928 id
3478 4881 3700 4944 tempo-

2004 4968 2082 5020 ris
2114 4980 2411 5035 nunquam
2446 4970 2610 5017 terrae
2642 4964 2840 5017 ﬁxerat
2869 4963 3117 5028 adstans,
3171 4969 3410 5016 matrem
3451 4964 3701 5017 clamore

2004 5056 2209 5109 iterare
2270 5054 2507 5107 vocavit.
2563 5053 2725 5107 Flens
2774 5069 2889 5123 pra:
2939 5052 3149 5121 gaudio
3201 5052 3472 5105 continuo
3521 5059 3701 5105 mater

2004 5147 2266 5213 accurrit,
2327 5153 2381 5201 et
2428 5148 2611 5201 ﬁlium
2661 5164 2832 5217 quem
2885 5153 2971 5200 tot
3014 5161 3270 5215 pressum
3325 5145 3702 5199 incommodis

2005 5240 2368 5308 deposuerat,
2429 5238 2821 5291 ambulantem
2878 5236 3045 5289 simul
3099 5239 3156 5287 et
3217 5234 3549 5303 loquentem
3597 5250 3703 5288 au-

2004 5327 2373 5396 dientemque
2403 5326 2634 5395 recepit.
2670 5327 2863 5396 Neque
2896 5325 3005 5378 fuit
3035 5323 3257 5377 Christo
3288 5321 3541 5388 difﬁcile,
3597 5338 3700 5392 pro

2006 5416 2093 5468 sui
2146 5416 2351 5467 merito
2392 5413 2747 5479 confessoris,
2804 5429 2921 5466 uno
2966 5413 3280 5482 eodemque
3331 5417 3586 5481 tempore
3646 5418 3704 5466 et

2005 5503 2444 5574 possibilitatem
2505 5501 2778 5573 loquendi
2808 5517 3010 5568 puero,
3073 5506 3127 5552 et
3172 5500 3467 5554 scientiam
3529 5518 3702 5571 quam

2009 5594 2254 5663 majores
2281 5592 2567 5646 audiendo
2609 5605 2900 5658 nunquam
2955 5593 3326 5658 perceperant
3375 5588 3531 5657 dare,
3573 5606 3701 5643 cum
