4044 6174
381 314 476 365 671
1232 305 1749 360 WANDALBERTI
1786 305 1874 359 DE
1916 303 2076 358 VITA
2115 303 2203 358 ET
2242 303 2614 359 MIRACULIS
2653 306 2707 358 S.
2750 304 3029 360 GOARIS.
3758 310 3845 360 67'2

381 447 455 501 sit
482 448 603 517 ipse
633 444 910 515 sapientia
959 442 1055 496 Dei
1104 458 1233 512 quae
1287 442 1471 510 aperit
1520 457 1619 494 ora
1671 445 1984 505 mutorum,
2014 442 2075 492 et
2111 440 2524 508 Aprovocatus
2580 440 2992 494 monasterium
3055 439 3508 510 suprascriptum
3552 444 3848 511 construxit,

379 535 602 604 linguas
632 532 935 585 infantium
980 530 1221 584 disertas
1252 528 1403 581 facit.
1453 528 1599 580 Tum
1632 543 1762 580 vero
1813 526 2076 580 omnium

382 624 481 693 qui
538 622 773 674 aderant
828 624 1048 672 mentes
1099 617 1246 671 tanti
1297 618 1479 686 replet
1540 622 1740 686 stupor
1792 615 2074 683 miraculi,

384 715 557 763 totam
591 707 820 760 laudem
869 705 1077 759 Christi
1125 705 1443 758 conclamat
1495 705 1751 771 ecclesia,
1801 709 1857 757 et
1908 703 2078 757 unius

381 797 648 851 infantuli
679 796 830 849 salus
881 794 1154 847 mirabilis
1204 795 1523 847 multorum
1568 793 1635 846 ad
1690 793 1867 846 ﬁdem
1906 792 2079 845 corda

381 886 692 939 succendit.

450 974 537 1027 41.
574 973 902 1042 Eodemque
935 972 1023 1025 die
1055 987 1185 1024 cum
1218 970 1523 1025 missarum
1556 970 1836 1023 solemnia
1889 985 2075 1039 popu-

380 1060 469 1111 lus
500 1064 802 1128 spectaret,
838 1064 891 1111 et
914 1058 1106 1110 divina
1136 1074 1168 1110 a
1198 1058 1484 1109 sacerdote
1530 1056 1800 1127 mysteria
1834 1071 2081 1125 ageren-

380 1152 492 1211 tur,
528 1148 718 1216 puella
749 1146 944 1198 eadem
976 1162 1153 1214 prope
1187 1162 1300 1214 qua
1330 1145 1637 1215 praedictus
1688 1146 1872 1198 infans
1917 1148 2080 1197 aetate

382 1234 477 1287 diu
538 1252 704 1302 caeca,
754 1252 881 1304 qua:
942 1241 1063 1286 tum
1128 1251 1159 1286 a
1204 1235 1539 1304 parentibus
1590 1235 1833 1287 fideliter
1885 1234 2083 1287 fuisset

381 1323 539 1376 illata
571 1364 585 1384 ,
620 1323 888 1376 amissum
924 1322 1117 1374 lumen
1142 1322 1379 1390 recepit.
1430 1323 1510 1375 Ita
1542 1322 1770 1391 gemino
1805 1320 2080 1374 miraculo

381 1412 485 1465 sub
519 1428 632 1465 uno
684 1412 773 1465 die
811 1417 865 1463 et
917 1410 1097 1463 sancti
1160 1410 1265 1462 viri
1298 1411 1568 1463 meritum
1624 1409 1810 1477 palam
1866 1406 2082 1461 cunctis

381 1501 602 1564 enituit,
637 1506 689 1553 et
716 1501 1081 1570 praesentium
1128 1500 1267 1552 lides
1305 1499 1510 1551 Christi
1559 1498 1860 1551 clementia
1908 1513 2080 1567 quam

381 1604 495 1641 non
560 1590 705 1641 desit
763 1587 1155 1640 invocantibus
1210 1586 1423 1655 ubique
1467 1602 1753 1655 praesens,
1828 1584 2077 1653 agnovit.

450 1677 536 1728 4‘2.
574 1677 700 1728 llasc
726 1684 749 1708 ⁸
779 1675 847 1728 de.
885 1674 1170 1727 miraculis
1222 1674 1281 1727 Β.
1333 1673 1527 1727 Goaris
1588 1672 1793 1725 merito
1841 1670 2081 1723 ostensis

380 1769 549 1835 atque
584 1764 852 1818 exhibitis
875 1780 1054 1833 pauca
1086 1763 1243 1816 brevi
1276 1767 1331 1815 et
1363 1768 1560 1831 aperto
1593 1766 1875 1831 quantum
1921 1761 2079 1829 potui

380 1869 641 1906 sermone
670 1852 896 1922 digessi,
944 1853 1329 1905 narrationem
1366 1852 1435 1903 ad
1488 1866 1702 1903 annum
1755 1852 1855 1903 839
1905 1851 2084 1902 Incar-

381 1942 628 1993 nationis
672 1941 982 1994 Dominicaa
1015 1940 1351 2008 perducens,
1404 1955 1584 2008 eaque
1636 1944 1861 1991 tantum
1913 1937 2082 2007 (utin

380 2028 558 2083 libelli
592 2029 762 2097 hujus
794 2027 1075 2098 principio
1108 2027 1397 2093 adnotavi)
1433 2027 1727 2096 scripturae
1784 2027 2080 2091 mandans,

380 2134 508 2187 quas
539 2120 719 2170 relatu
752 2118 1004 2170 virorum
1037 2116 1294 2169 fidelium
1327 2115 1520 2177 didici,
1566 2130 1807 2184 quaeque
1848 2130 1963 2166 non
2001 2113 2084 2166 eis

381 2205 550 2259 modo
597 2206 695 2275 qui
741 2206 1008 2272 retulere,
1064 2204 1161 2257 sed
1211 2204 1478 2257 omnibus
1524 2220 1671 2273 pene
1722 2204 1912 2256 locum
1969 2202 2082 2255 fre-

380 2296 786 2365 quent-antibus
826 2294 1023 2348 haberi
1071 2294 1367 2347 notissima
1420 2293 1693 2362 comperi.
1744 2292 2083 2361 Quanquam

380 2400 492 2437 non
529 2384 722 2436 omnia
755 2400 883 2454 quas
914 2383 983 2437 ab
1014 2383 1096 2437 eis
1127 2382 1263 2452 ipsis
1300 2398 1543 2452 quorum
1576 2381 1711 2435 tidei
1762 2381 2084 2451 specialiter

380 2472 730 2524 credendum
781 2472 975 2541 putavi
1016 2472 1193 2524 relata
1241 2476 1371 2524 sunt
1424 2470 1775 2540 scripserim,
1824 2468 2081 2538 alioquin

378 2565 476 2611 aut
509 2559 739 2612 modum
764 2560 1011 2629 suscepti
1054 2560 1244 2630 operis
1296 2560 1679 2623 excessissem,
1718 2563 1815 2611 aut
1863 2557 2083 2609 audito-

382 2648 536 2701 ribus
570 2647 793 2717 longior
818 2650 972 2717 justo
1018 2649 1410 2717 prolixiorque
1456 2648 1709 2700 fuissem.
1752 2647 1944 2715 Neque
1976 2646 2081 2697 hoc

381 2750 549 2803 opere
581 2734 906 2788 facultatem
942 2735 1068 2788 aliis
1098 2735 1166 2788 de
1207 2734 1295 2787 his
1325 2734 1611 2787 scribendi
1646 2732 1942 2802 praeripui,
1985 2732 2081 2784 sed

380 2822 575 2875 etlicec
605 2822 727 2891 ipsa
764 2838 892 2892 quas
948 2826 1238 2892 utcunque
1290 2822 1557 2875 videntur
1595 2839 1627 2875 a
1659 2837 1749 2875 me
1784 2837 1903 2874 esse
1948 2836 2080 2890 pro-

378 2911 585 2981 posita,
611 2916 881 2981 poterunt
924 2912 1024 2981 qui
1061 2913 1252 2965 volent
1292 2927 1394 2981 pro
1443 2910 1662 2963 ratione
1706 2908 1936 2979 dignius
1984 2924 2079 2960 ex-

380 2998 633 3068 planare,
670 3004 725 3051 et
748 3016 874 3069 quas
905 2999 963 3053 in
1010 2999 1295 3053 similibus
1345 2998 1636 3053 miraculis
1679 2998 1825 3051 forte
1880 3012 2080 3066 prove-
2121 3016 2160 3070 ρ

379 3086 560 3151 nient,
617 3088 879 3157 exemplo
921 3107 954 3141 a
1008 3088 1185 3154 vobis,
1246 3090 1410 3141 Pater
1461 3088 1813 3157 amplissime
1870 3087 2082 3140 Marcu-

382 3174 570 3241 varde,
603 3180 657 3227 et
692 3194 720 3228 a
753 3192 839 3229 me
870 3182 1096 3245 sumpto
1141 3176 1480 3229 describere.
1533 3175 1753 3245 Quippe
1798 3174 1844 3226 si
1890 3174 2082 3227 divina

378 3277 553 3331 Opera
603 3262 768 3316 nobis
828 3264 1200 3333 gloriﬁcanda
1258 3263 1592 3332 dignissime
1654 3268 2076 3331 proponuntur,

378 3357 615 3420 oportet
664 3356 725 3404 ut
775 3368 887 3404 non
934 3358 1186 3405 cessante
1252 3351 1479 3403 virtutis
1538 3350 1745 3404 divinas
1801 3349 2079 3402 beneﬁcio

378 3438 554 3491 etiam
607 3439 893 3491 scribendi
943 3454 1058 3491 non
1116 3444 1294 3491 cesset
1360 3438 1637 3503 intentio;
1672 3444 1727 3491 et
1762 3438 1940 3490 donec
1980 3437 2079 3507 qui

378 3525 604 3593 explere
635 3524 874 3593 possint,
909 3525 1162 3577 existunt
1219 3525 1423 3577 litteris
1471 3526 1645 3595 digna
1698 3526 2078 3579 admiratione

378 3612 693 3665 tradantur.
728 3612 911 3675 Quare
958 3612 1132 3665 etiam
1182 3620 1442 3666 vacantes
1514 3630 1888 3684 pergamenas
1948 3614 2079 3667 huic

379 3699 572 3755 libello
596 3700 874 3770 subjicere
896 3702 1131 3770 placuit,
1164 3706 1227 3755 ut
1266 3702 1414 3756 edito
1466 3719 1637 3773 opere
1672 3704 1941 3773 praesenti
1990 3703 2078 3755 fu-

380 3788 523 3842 turis
576 3794 703 3857 post
741 3789 861 3842 haec
909 3791 1262 3860 temporibus
1304 3807 1431 3861 qua:
1478 3791 1779 3846 inserenda
1824 3793 2077 3861 prudens

378 3878 583 3949 aliquis
604 3878 985 3947 aastimaverit,
1021 3886 1342 3950 opportune
1383 3882 1559 3950 possit
1589 3882 1861 3935 inserere.

382 4010 442 4061 V.
488 4041 554 4048 —
615 4010 1041 4065 COMMEMORA'I‘IO
1100 4013 1549 4079 quemadmodum
1606 4018 1654 4066 et
1702 4030 1736 4066 α
1790 4030 1892 4081 quo
1944 4015 2078 4067 cella

449 4085 626 4135 sancti
652 4084 841 4137 Gouris
889 4085 1061 4147 fuerit
1093 4088 1411 4137 monasterio
1456 4086 1699 4138 Prumiw
1744 4087 1950 4137 sociata
1979 4088 2074 4138 in-

449 4154 583 4220 cipit
603 4154 859 4217 feliciter.

451 4272 538 4325 43.
600 4273 859 4325 Decursis
908 4273 1026 4342 jam
1084 4290 1214 4345 quae
1273 4276 1340 4329 de
1412 4275 1703 4329 miraculis
1735 4274 1841 4327 viri
1899 4275 2075 4327 sancti

381 4359 680 4412 scribenda
710 4376 1092 4429 susceperam,
1131 4362 1355 4416 videtur
1400 4363 1542 4416 mihi
1577 4362 1897 4415 necessario
1934 4376 2073 4430 pau-

381 4448 459 4498 cis
504 4463 624 4500 esse
669 4449 1075 4502 montrandum
1132 4454 1187 4503 et
1238 4455 1369 4518 post
1426 4451 1611 4504 editos
1659 4452 1884 4505 libellos
1933 4450 2076 4501 duos

380 4536 633 4605 quodam
663 4538 1048 4593 extraliminio
1082 4541 1543 4607 memorandum,
1586 4539 2076 4611 quemadmodum

380 4629 436 4677 et
467 4641 575 4693 qua
603 4641 669 4677 ex
702 4641 869 4677 causa
911 4626 1049 4678 cella
1106 4628 1163 4680 Β.
1209 4628 1405 4681 Goaris
1450 4630 1793 4681 monasterio
1833 4627 2077 4681 Prumiae

379 4710 551 4765 fuerit
575 4711 807 4778 sociata,
844 4717 907 4765 ut
949 4713 1104 4765 omni
1142 4718 1401 4783 tempore
1433 4716 1537 4769 sub
1571 4716 1853 4785 regimine
1892 4720 1947 4768 et
1976 4731 2077 4784 po-

380 4804 581 4852 testate
622 4799 839 4852 abbatis
874 4800 971 4871 qui
1004 4801 1056 4854 ei
1101 4802 1446 4855 monasterio
1488 4808 1716 4857 auctore
1765 4804 1880 4856 Deo
1925 4819 2077 4873 pras—

381 4887 574 4956 fuerit,
609 4887 731 4957 ipsa
762 4904 990 4960 quoque
1024 4906 1143 4943 esse
1176 4891 1425 4945 deberet.

718 5011 1044 5065 Prumicnsis
1067 5015 1385 5066 monasterii
1408 5013 1735 5081 primordia.

452 5123 539 5177 44.
607 5124 1102 5180 Εχοθιιεηιὶδδὶσιω
1177 5127 1472 5181 memorias
1550 5144 1651 5183 rex
1736 5130 2078 5183 Francorum

381 5212 657 5281 Pippinus
686 5218 846 5282 pater
875 5214 1236 5284 imperatoris
1268 5216 1629 5270 famosissimi
1660 5217 1866 5279 Caroli,
1920 5226 2078 5288 post-

384 5316 557 5367 quam
590 5306 651 5353 ut
681 5301 950 5356 omnibus
982 5319 1157 5373 prope
1188 5310 1391 5358 notum
1422 5310 1505 5358 est
1549 5322 1743 5359 amore
1792 5307 1999 5359 Christi
2026 5315 2080 5361 et

388 5388 578 5441 uxoris
627 5405 742 5443 suae
798 5396 1005 5443 sanctas
1061 5392 1469 5446 recordationis
1525 5395 1810 5448 Bertrada:
1876 5401 2078 5466 rogatu

456 5540 676 5594 ‘Totus
732 5540 835 5597 iste
875 5542 1147 5597 articulus
1200 5543 1349 5615 apud
1406 5544 1636 5599 Surium
1702 5546 2074 5616 desideratur,

2186 530 2507 583 constitutis
2538 530 2597 583 in
2620 546 2687 584 eo
2720 530 3017 584 monachis
3049 530 3147 602 qui
3194 531 3307 584 Deo
3338 530 3443 583 sub
3490 531 3723 599 regulari
3766 548 3849 586 or-

2188 616 2320 671 dine
2343 618 2675 683 militarent,
2708 618 3095 671 venerabilem
3136 617 3605 671 virumAsuerum
3639 620 3851 687 regimi-

2188 707 2274 761 nis
2328 708 2583 779 praefecit
2638 709 2848 762 officio.
2914 708 3021 772 Qui
3070 708 3240 760 etiam
3291 706 3477 760 eidem
3532 708 3649 760 loco
3706 711 3852 763 annis

2188 798 2443 869 quinque
2492 803 2548 851 et
2594 797 2978 868 quadraginta
3036 796 3361 850 felicissime
3418 796 3655 866 praefuit.
3720 799 3853 853 Hanc

2187 902 2317 939 cum
2360 901 2463 954 pro
2514 901 2630 938 suae
2679 885 2808 937 vitae
2851 884 3057 938 merito
3097 884 3413 952 plurimum
3462 883 3683 946 coleret,
3730 884 3854 952 ejus-

2190 973 2344 1027 modi
2388 973 2811 1026 constitutionis
2851 972 2903 1025 ei
2951 972 3351 1026 auctoritatem
3401 971 3577 1037 dedit,
3636 976 3691 1023 ut
3730 972 3853 1035 lcum

2188 1063 2297 1115 iter
2319 1078 2494 1132 agens
2527 1063 2593 1115 ad
2620 1062 2869 1131 aliquem
2897 1062 3043 1131 juris
3076 1061 3218 1131 regii
3262 1061 3451 1113 locum
3498 1060 3750 1124 venisset,
3792 1058 3853 1112 li-

2189 1156 2383 1205 center
2411 1168 2538 1221 quae
2570 1150 2791 1204 itineris
2823 1153 3010 1203 essent
3048 1149 3363 1202 necessaria
3412 1153 3678 1201 sumeret.
3734 1148 3854 1201 Cum

2190 1255 2325 1308 ergo
2358 1240 2607 1308 quodam
2642 1245 2900 1308 tempore
2930 1239 3039 1291 iter
3077 1255 3109 1289 a
3157 1237 3502 1289 monasterio
3540 1236 3597 1289 in
3638 1234 3855 1302 Vangio-

2191 1344 2331 1380 num
2355 1324 2639 1398 [Wormes]
2676 1326 3029 1395 provinciam
3083 1329 3295 1393 ageret,
3334 1330 3392 1376 et
3435 1322 3723 1375 occasione
3769 1322 3857 1374 via:

2191 1417 2259 1469 ad
2315 1421 2573 1469 sanctum
2616 1416 2855 1468 Goarem
2905 1414 3270 1478 declinasset,
3318 1411 3415 1465 ubi
3473 1416 3595 1463 tum
3651 1410 3860 1463 rectoris

2191 1506 2425 1558 nomine
2474 1509 2717 1572 prmerat
2776 1503 3008 1573 quidam
3061 1501 3340 1572 Erpingus
3395 1500 3649 1562 nomine,
3696 1515 3860 1568 neque

2190 1594 2656 1647 commoditatem
2714 1593 2966 1662 aliquam
3018 1608 3212 1644 rerum
3260 1590 3703 1643 necessariarum
3737 1604 3858 1639 nan-

2192 1683 2321 1736 cisci
2350 1680 2647 1751 potuisset,
2676 1695 2793 1731 rem
2827 1686 2884 1731 ut
2915 1684 3035 1731 erat
3063 1684 3221 1748 gesta
3253 1678 3423 1747 paulo
3468 1683 3595 1744 post
3643 1674 3862 1742 principi

2193 1770 2405 1835 retulit,
2441 1770 2752 1839 pessimum
2788 1783 2906 1820 esse
2949 1766 3141 1819 dicens
3187 1782 3252 1818 eo
3299 1766 3419 1817 loco
3472 1764 3861 1817 humanitatem

2191 1858 2597 1928 hospitalitatis
2629 1872 2855 1909 omnem
2891 1854 3102 1924 negari,
3135 1854 3233 1906 ubi
3264 1855 3559 1924 quondam
3590 1854 3690 1905 sub
3720 1853 3861 1903 beato

2192 1944 2311 1997 viro
2353 1944 2718 2013 singulariter
2764 1942 2938 1995 virtus
2985 1942 3181 1995 eadem
3240 1941 3535 2011 viguisset.
3582 1942 3862 1995 Pollicetur

2194 2048 2289 2084 rex
2314 2032 2432 2085 fore
2465 2032 2585 2084 hinc
2615 2030 2974 2083 emendanda
3004 2046 3131 2082 cum
3172 2029 3449 2099 temporis
3489 2028 3860 2099 opportunitas

2191 2120 2489 2172 arrisisset.
2527 2122 2719 2189 Itaque
2768 2136 2882 2171 non
2914 2119 3093 2171 multo
3134 2124 3258 2188 post
3300 2119 3517 2188 positus
3564 2118 3623 2171 in
3671 2116 3860 2187 palatio

2191 2210 2345 2280 quod
2378 2208 2723 2262 Attiniacum
2779 2205 3030 2277 [Atligny
3060 2206 3119 2259 in
3151 2206 3457 2277 Campania
3488 2207 3560 2259 ad
3608 2203 3855 2275 Asonam]

2191 2304 2438 2363 vocatur,
2470 2313 2600 2350 cum
2622 2296 2690 2349 ad
2720 2297 3046 2366 generalem
3093 2294 3290 2365 populi
3320 2300 3665 2348 conventum
3714 2294 3859 2346 simul

2191 2387 2337 2440 abba
2366 2390 2613 2439 Asuerus
2644 2385 2908 2450 venisset,
2943 2390 3239 2437 evocatum
3276 2385 3345 2436 ad
3380 2399 3437 2435 se
3488 2383 3748 2451 princeps
3780 2399 3859 2432 su-

2193 2492 2293 2544 per
2335 2475 2422 2528 liis
2482 2490 2607 2543 qua:
2638 2474 2706 2527 de
2735 2474 2873 2525 cella
2916 2473 3067 2525 beati
3102 2472 3206 2524 viri
3230 2472 3379 2525 dicta
3413 2470 3482 2523 ab
3530 2487 3600 2523 eo
3660 2470 3861 2522 fuerant

2191 2563 2652 2628 commonefacit,
2696 2563 2861 2632 eique
2907 2561 3215 2630 regendam
3259 2560 3591 2625 committit,
3630 2559 3859 2611 hortatus

2191 2659 2255 2705 ut
2276 2670 2399 2705 eam
2430 2668 2681 2721 congrue
2730 2652 3051 2720 disponere,
3084 2654 3255 2718 atque
3302 2648 3680 2717 hospitalitati
3711 2661 3860 2717 quam

2191 2741 2247 2793 in
2285 2730 2497 2794 ea'non
2536 2740 2606 2792 sit
2641 2744 2907 2809 expertus
2939 2742 3357 2808 competentem
3393 2738 3623 2790 eflicere
3664 2736 3857 2789 debeat.

2119 2917 2129 2929 ο
2191 2893 2464 2948 Contcnlio
2496 2891 2560 2945 de
2597 2892 2729 2945 cella
2759 2891 2816 2945 S.
2870 2891 3067 2943 Goaris
3107 2906 3141 2942 a
3176 2890 3365 2944 Carolo
3388 2890 3621 2957 ,Magno
3670 2902 3861 2955 compo-

2952 2964 3124 3014 nitur.

2260 3098 2347 3149 45.
2386 3098 2511 3149 Haec
2558 3095 2741 3165 prima
2774 3095 2881 3147 fuit
2922 3095 3078 3147 cellae
3105 3092 3395 3163 jamdictas
3439 3108 3573 3146 cum
3604 3094 3858 3145 monaste-

2190 3185 2275 3239 rio
2304 3184 2533 3240 Prumia
2562 3185 2705 3238 facta
2738 3200 2801 3236 ex
2836 3182 2987 3252 regis
3028 3182 3255 3252 Pippini
3287 3182 3556 3235 mandato
3590 3186 3645 3233 et
3686 3180 3859 3231 volun-

2188 3280 2303 3329 tate
2334 3274 2681 3343 conjunctio,
2712 3272 2941 3343 quando
2976 3288 3087 3324 non
3130 3271 3240 3341 ipsi
3276 3271 3623 3324 monasterio
3654 3274 3707 3322 et
3751 3284 3858 3320 mo-

2188 3364 2387 3417 nachis
2417 3364 2689 3433 subjecta,
2736 3362 2832 3414 sed
2879 3361 3070 3414 abbati
3114 3365 3339 3414 tantum
3388 3365 3473 3413 est
3518 3357 3769 3413 beneﬁcii
3805 3354 3859 3407 ad

2186 3453 2506 3522 regendum
2541 3453 2671 3521 jure
2707 3450 3031 3503 commissa.
3082 3450 3378 3518 Regnante
3424 3465 3559 3502 vero
3615 3450 3731 3517 post
3774 3460 3859 3513 pa-

2184 3541 2286 3592 tris
2334 3540 2555 3593 obitum
2606 3540 2807 3608 Magno
2853 3538 3076 3602 Carolo,
3124 3544 3249 3590 orta
3316 3541 3399 3589 est
3444 3538 3599 3590 inter
3635 3534 3862 3589 Treviro-

2186 3646 2314 3682 rum
2352 3628 2678 3697 pontificem
2720 3634 2856 3680 tunc
2887 3626 3261 3679 Weomadum
3301 3630 3357 3677 et
3399 3625 3667 3679 abbatem
3712 3629 3861 3676 Asue.

2186 3734 2313 3771 rum
2347 3734 2448 3787 pro
2488 3716 2686 3769 eadem
2735 3715 2876 3768 cella
2915 3714 3228 3776 contentio,
3282 3720 3572 3766 asserente
3620 3712 3859 3782 episcopo

2187 3806 2406 3859 eamad
2453 3822 2569 3858 suae
2614 3804 2873 3857 Ecclesiae
2915 3804 3009 3871 jus
3064 3802 3370 3872 pertinere,
3432 3802 3639 3855 abbate
3691 3802 3862 3852 contra

2187 3895 2411 3948 dicente
2445 3910 2565 3947 esse
2612 3893 2772 3946 illam
2814 3892 2962 3961 regis
2995 3892 3117 3959 lege
3172 3890 3535 3943 hmreditaria
3580 3887 3860 3961 possessio-

2187 3999 2337 4047 nem,
2374 3998 2558 4051 neque
2592 3980 2650 4033 in
2685 3997 2751 4033 ea
2798 3996 2961 4048 posse
3002 3979 3108 4031 sibi
3156 3979 3373 4048 aliquid
3426 3979 3664 4031 ecclesia
3710 3973 3862 4027 vindi-

2185 4086 2333 4135 care,
2368 4086 2497 4140 qua:
2530 4075 2582 4122 et
2613 4068 2719 4121 sibi
2754 4076 2900 4121 esset
2932 4085 2959 4120 a
3003 4084 3135 4137 rege
3168 4067 3408 4137 Pippino
3456 4067 3773 4127 commissa,
3817 4066 3864 4112 et

2185 4158 2243 4211 in
2303 4157 2624 4210 dominium
2700 4158 2995 4210 clarissimi
3052 4156 3237 4211 Caroli
3292 4154 3665 4208 successionis
3752 4152 3861 4218 jure

2187 4247 2537 4300 transmissa.
2587 4248 2670 4299 Ita
2722 4246 2804 4299 eis
2866 4246 2964 4299 diu
3007 4246 3370 4314 multumque
3423 4241 3766 4297 certantibus
3818 4241 3864 4290 et

2114 4326 2157 4378 D
2187 4351 2245 4387 re
2277 4335 2347 4388 ad
2396 4334 2841 4387 controversiam
2888 4350 3037 4404 szepe
3094 4334 3357 4398 deducta,
3401 4332 3604 4386 directi
3648 4337 3862 4383 suntex

2184 4426 2361 4476 latere
2398 4423 2548 4492 regis
2578 4428 2631 4476 et
2678 4424 2853 4476 semel
2910 4430 2964 4475 et
3012 4422 3218 4475 iterum
3280 4438 3343 4474 ac
3400 4422 3574 4474 tertio
3608 4418 3771 4488 legati
3807 4416 3863 4468 ti-

2186 4511 2408 4565 dissimi
2450 4518 2505 4565 et
2552 4527 2794 4577 veraces,
2844 4511 2942 4580 qui
2993 4527 3222 4564 causam
3261 4510 3571 4579 diligenter
3624 4506 3862 4577 inquire-

2186 4606 2330 4661 rent,
2387 4599 2659 4668 litemque
2708 4615 2958 4667 congrue
3016 4600 3420 4663 terminarent;
3471 4598 3688 4667 quique
3759 4606 3861 4646 rem

2187 4687 2602 4744 examinantes.
2635 4702 2749 4739 non
2792 4686 2945 4738 aliud
2994 4702 3167 4755 quam
3201 4685 3354 4755 quod
3395 4685 3569 4737 abbas
3602 4686 3863 4754 protesta-

2186 4782 2277 4831 tus
2344 4775 2528 4828 fuerat
2582 4774 2945 4838 invenerunt,
3004 4774 3151 4844 regii
3204 4773 3415 4826 scilicet
3464 4774 3617 4841 [ευρ.
3673 4770 3861 4841 potius}

2187 4881 2360 4935 quam
2409 4863 2769 4916 ecclesiastici
2819 4863 2967 4932 juris
3025 4861 3442 4933 possessionem
3490 4863 3600 4915 loci
3643 4857 3861 4929 saepedi-

2185 4954 2260 5007 cti
2293 4952 2552 5005 existere.

2256 5042 2342 5095 46.
2377 5040 2485 5094 Sed
2520 5055 2650 5093 cum
2682 5038 2947 5109 episcopo
2978 5038 3100 5091 haec
3132 5054 3495 5108 nequaquam
3530 5037 3863 5097 sufﬁcerent,

2184 5128 2598 5183 famosissimus
2630 5130 2917 5198 princeps,
2953 5128 3147 5181 habito
3187 5128 3244 5180 in
3276 5128 3517 5181 Saxonia
3553 5140 3724 5196 super
3750 5122 3863 5175 fon-

2187 5225 2302 5271 tem
2334 5217 2432 5287 qui
2465 5217 2663 5287 Lippia
2714 5216 2899 5286 [Surio
2941 5217 3139 5286 Lupia]
3190 5217 3398 5271 dicitur
3453 5214 3711 5283 generali
3751 5225 3865 5264 con-

2186 5311 2380 5367 ventu,
2436 5306 2538 5358 sub
2571 5306 2877 5376 praesentia
2914 5306 3086 5358 totius
3120 5323 3295 5376 prope
3344 5306 3505 5374 regni
3545 5304 3860 5373 primatum,

2186 5402 2242 5449 et
2294 5396 2589 5465 utriusque
2640 5394 2858 5448 ordinis
2920 5396 3366 5448 clarissimorum
3420 5394 3698 5457 virorum,
3756 5401 3862 5441 rem

2188 5562 2361 5617 quem
2393 5562 2457 5599 ex
2491 5546 2687 5599 eodem
2724 5545 2943 5615 Remig.
2982 5544 3464 5616 deprompsimus.
3500 5543 3659 5596 Conf.
3699 5556 3752 5593 n.
3784 5538 3859 5591 36.
