4038 6174
201 260 315 312 673

909 254 1369 313 APPENDIX.—
1407 256 1843 316 TRANSLATIO
1881 258 1973 316 SS.
2019 260 2145 316 MM.
2188 260 2576 319 CHRYSANTI
2620 263 2708 319 ET
2751 263 3014 321 DARUE.

3612 271 3716 326 6⁸74

193 411 315 465 per
353 412 411 449 se
448 393 889 449 examinandam
922 396 1187 465 suscepit,
1223 397 1600 468 omniumque
1647 399 1745 469 qui
1786 404 1907 453 tum
1946 401 1987 454 A
2020 400 2150 454 dem
2182 401 2337 454 cellas
2370 400 2692 455 dominium
2725 401 3021 474 retineret,
3053 404 3148 459 sed
3179 410 3237 459 et
3268 405 3378 461 illis
3396 422 3525 479 quae
3559 408 3712 462 futu-

193 480 445 534 adfuere
469 482 709 550 judicio,
738 481 1117 551 jurisjurandi
1159 483 1412 535 conditio
1462 483 1749 537 causidico
1783 500 1909 538 mo—

195 571 467 631 nasterii,
522 576 659 624 tunc
704 571 950 624 Raberto
1009 571 1241 625 nomine
1289 576 1371 625 est
1419 574 1745 634 constituta,
1796 591 1911 644 qua

189 658 299 712 ille
334 664 533 728 postea
576 674 706 711 cum
738 659 866 712 aliis
917 660 1220 713 duodecim
1280 661 1550 727 firmavit,
1602 664 1905 732 possessio-

190 762 340 799 nem
391 747 757 817 szepedictam
800 764 914 801 non
962 748 1221 802 Ecclesia:
1264 750 1647 817 Trevirorum,
1691 752 1784 805 sed
1818 752 1912 805 do-

190 836 387 889 minio
422 836 581 905 regio
628 842 852 889 tantum
897 841 1245 905 competere.
1293 839 1401 891 Hoc
1460 855 1595 909 ergo
1646 840 1815 893 modo
1849 856 1908 892 re

189 924 445 978 definita
486 930 539 978 et
592 925 860 995 episcopo
913 927 1144 979 tandem
1197 927 1609 995 acquiescente,
1647 927 1906 980 famosis-

190 1012 388 1066 simus
422 1029 517 1065 rex
550 1029 681 1066 cum
710 1030 944 1066 suorum
1002 1030 1282 1067 consensu
1331 1016 1529 1068 cellam
1581 1016 1759 1069 sancti
1804 1016 1909 1070 viri

190 1102 559 1156 monasterio
612 1102 859 1155 Prumiae
898 1103 1152 1169 tradidit,
1204 1104 1358 1157 edito
1398 1105 1720 1158 traditionis
1764 1107 1909 1175 ejus-

189 1191 333 1244 dem
368 1191 689 1260 privilegio,
735 1207 850 1261 quo
880 1192 1130 1245 firmavit
1160 1197 1511 1263 testatusque
1549 1200 1652 1259 est,
1696 1212 1753 1247 se
1805 1212 1907 1263 pro

191 1296 403 1333 amore
436 1280 640 1333 Christi
676 1284 731 1333 et
760 1281 1124 1349 eleemosyna
1155 1288 1456 1350 parentum
1480 1299 1734 1345 suorum,
1774 1284 1909 1354 Pip-

190 1368 325 1437 pini
356 1368 619 1421 videlicet
649 1368 796 1437 regis
825 1373 880 1421 et
910 1369 1122 1437 regium
1159 1370 1458 1437 Bertradae,
1490 1373 1688 1424 cellam
1724 1372 1907 1441 ipsam

191 1456 307 1508 hac
338 1457 470 1523 lege
497 1456 770 1526 jamdicto
805 1458 1151 1511 monasterio
1204 1459 1465 1523 subdere,
1524 1466 1587 1512 ut
1621 1460 1777 1513 omni
1809 1462 1905 1513 de-

193 1546 407 1613 inceps
466 1550 722 1614 tempore
773 1551 1022 1598 rectores
1072 1548 1404 1599 monasterii
1464 1549 1719 1616 ejusdem
1781 1565 1905 1601 eam

192 1641 425 1699 tenere,
459 1639 514 1685 et
548 1635 713 1685 rebus
753 1635 872 1702 ejus
925 1636 1100 1687 libera
1133 1636 1459 1688 conditione
1506 1638 1561 1688 in
1597 1654 1729 1689 usus
1769 1654 1906 1691 suo-

195 1738 335 1774 rum
373 1724 602 1791 Deoque
638 1723 1010 1775 servientium
1044 1724 1280 1776 fratrum
1326 1726 1673 1777 necessarios
1704 1725 1807 1791 uti,
1846 1742 1908 1778 ac

192 1811 322 1863 sine
399 1812 512 1862 ulla
562 1811 902 1881 cujusquam
962 1812 1433 1879 contradictione,
1494 1830 1622 1883 qua:
1672 1814 1906 1867 utilitati

190 1900 500 1951 communi
550 1906 938 1969 competerent
971 1901 1038 1953 de
1086 1917 1151 1953 ea
1193 1902 1375 1954 facere
1412 1906 1465 1953 et
1506 1903 1769 1955 ordinare
1810 1903 1907 1956 de-

193 1989 451 2051 berent;
490 2005 676 2058 neque
707 1990 879 2041 rebus
912 1990 1276 2044 solummodo
1330 2008 1470 2061 quas
1518 1996 1778 2061 tempore
1810 2008 1905 2045 eo-

2019 488 2097 542 ris
2159 490 2609 543 successionibus
2653 492 2985 561 acquisisset
3028 492 3158 563 jure
3208 495 3539 551 ﬁrmissimo
3590 503 3711 551 ule-

2019 580 2237 627 rentur.

2088 661 2175 714 47.
2210 663 2341 717 Haec
2397 664 2885 733 quemadmodum
2929 665 3044 719 sint
3083 672 3238 737 gesta
3288 673 3459 739 atque
3503 676 3714 725 statuta

2018 752 2233 818 poterit
2261 752 2359 823 qui
2390 752 2541 805 volet
2568 752 2776 805 relecto
2806 755 3004 807 eodem
3055 756 3152 825 qui
3211 755 3492 826 hodieque
3533 757 3589 810 in
3624 775 3712 811 ar-

2017 839 2192 891 chivis
2222 840 2401 910 ipsius
2426 842 2755 894 monasterii
2804 842 3211 912 integerrimus
3244 852 3436 897 manet
3480 846 3713 915 privile-

2017 928 2112 997 gio
2146 929 2315 982 scire.
2357 930 2526 983 Nobis
2558 946 2677 982 rem
2728 930 2979 984 breviter
3022 947 3504 986 commemorasse
3537 935 3712 987 suffe-

2016 1016 2176 1079 cerit,
2212 1034 2283 1070 ne
2322 1018 2378 1071 id
2414 1018 2566 1088 quod
2614 1024 2761 1072 esset
2793 1020 2931 1072 utile
2985 1021 3334 1089 cognitioni,
3388 1022 3617 1091 penitus
3646 1023 3715 1075 si-

2016 1105 2211 1171 luisse,
2238 1113 2294 1159 et
2325 1106 2383 1159 in
2409 1108 2511 1159 hac
2541 1112 2701 1176 parte
2729 1107 2876 1159 circa
2906 1108 2965 1161 Β.
2992 1109 3229 1161 Goarem
3254 1110 3440 1162 ofticio
3464 1110 3710 1163 defuisse

2017 1195 2221 1247 merito
2245 1198 2743 1263 redargueremur.

2087 1284 2173 1337 48.
2213 1284 2468 1354 Denique
2499 1301 2627 1337 cum
2665 1288 2784 1337 hanc
2829 1284 3231 1352 scriberemus,
3286 1285 3431 1338 sicut
3472 1285 3530 1338 in
3564 1287 3713 1357 regi-

2018 1371 2170 1424 mine
2204 1372 2541 1424 monasterii
2590 1371 2859 1433 Prumire,
2904 1373 2980 1424 sic
3032 1373 3203 1425 etiam
3254 1374 3312 1425 in
3353 1374 3715 1441 possessione

2016 1462 2169 1512 cella:
2204 1461 2257 1514 S.
2307 1461 2504 1514 Goaris
2557 1466 2773 1514 Asuero
2812 1462 3156 1523 Tancradus,
3209 1467 3265 1515 et
3315 1463 3366 1514 ei
3391 1463 3715 1515 Marcuvar-

2019 1549 2123 1601 dus
2152 1548 2359 1601 vicaria
2390 1550 2706 1601 mutatione
2743 1558 3147 1603 successerant.

2088 1639 2175 1690 49.
2212 1639 2288 1690 De
2323 1638 2522 1690 abbate
2564 1654 2736 1707 porro
2770 1641 2986 1691 Asuero
3036 1644 3091 1691 et
3121 1640 3261 1691 cella
3302 1638 3475 1691 sancti
3508 1639 3612 1692 viri
3648 1657 3713 1693 ea

2018 1742 2145 1795 qua
2180 1726 2366 1794 primo
2417 1726 2715 1778 retulimus
2757 1726 2835 1779 ita
2866 1743 2986 1779 esse
3018 1732 3195 1795 gesta,
3233 1728 3467 1797 quidam
3520 1744 3586 1780 ex
3626 1744 3716 1780 se-

2020 1814 2277 1867 nioribus
2310 1830 2420 1867 nou
2456 1815 2725 1883 indignus
2757 1814 2865 1867 fide
2903 1814 2969 1867 ab
3020 1815 3218 1868 eodem
3254 1815 3455 1868 abbate
3506 1832 3562 1868 se
3612 1833 3709 1869 au-

2019 1902 2167 1955 disse
2194 1909 2280 1955 est
2310 1908 2674 1973 protestatus.

1482 2301 2430 2423 APPENDIX

442 2629 1127 2739 HISTORIA
1213 2630 2376 2739 TBANSLATIONIS
2468 2632 3478 2761 RELIQUIARUM

1632 2822 1750 2884 SS.
1800 2823 2303 2884 MARTYRUM

1167 2964 1971 3068 CHRYSANTI
2040 2966 2217 3065 ET
2290 2965 2763 3066 DARLZE

1492 3135 1583 3195 Ex
1616 3135 1771 3195 urbe
1804 3135 2011 3196 Roma
2042 3135 2102 3194 in
2136 3134 2427 3195 Galliam.

1013 3269 1181 3333 (Apud
1238 3270 1438 3319 Mabill.
1491 3271 1602 3320 Act.
1659 3269 1748 3319 SS.
1805 3270 1919 3320 ord.
1971 3269 2023 3319 S.
2076 3270 2266 3319 Bened.
2323 3274 2455 3319 tom.
2511 3270 2598 3331 IV,
2651 3284 2701 3333 p.
2756 3270 2888 3331 6H.)

943 3503 1069 3557 CAP.
1114 3504 1157 3557 Ι.

270 3578 443 3629 Anno
498 3574 803 3628 Dominicae
836 3574 1251 3645 Incarnationis
1282 3575 1405 3640 844,
1440 3574 1759 3645 imperante
1790 3575 1896 3627 Lo-

196 3648 392 3701 thario
424 3649 704 3715 Augusto,
736 3646 854 3699 tilio
902 3644 1252 3698 serenissimi
1298 3644 1663 3715 imperatoris
1712 3647 1897 3698 Ludo-

196 3718 333 3776 vici.
367 3718 759 3781 Marcwardus,
786 3716 929 3769 abba
980 3717 1227 3769 Prumiae
1271 3718 1620 3777 monasterii,
1658 3718 1896 3769 Romam

196 3791 284 3842 ire
318 3788 652 3856 disponens,
694 3787 993 3840 memorati
1038 3788 1309 3857 principis
1358 3787 1685 3856 impetravit
1726 3786 1899 3839 licen-

195 3859 344 3911 tiam
372 3866 429 3911 et
459 3860 726 3926 epistolas
749 3859 814 3910 ad
844 3858 1173 3927 pontificem
1220 3858 1367 3910 sedis
1404 3858 1731 3927 apostolica:
1765 3859 1897 3909 Gre-

196 3931 453 3998 gorium,
488 3930 546 3981 in
598 3929 806 3998 quibus
866 3930 1022 3997 regia
1071 3929 1514 3981 eonveniebatur
1561 3928 1897 3981 auctoritate

195 4006 264 4053 ut
295 4000 535 4068 alicujus
568 4000 980 4069 pramlarissimi
1010 4000 1275 4068 martyris
1306 4016 1512 4068 corpus
1557 4000 1607 4052 ei
1642 3999 1763 4053 dari
1796 3999 1899 4051 de-

194 4071 363 4124 beret
395 4072 559 4123 famae
586 4070 933 4135 celebrioris,
982 4071 1051 4122 de
1106 4073 1267 4139 cujus
1322 4071 1583 4139 passione
1630 4086 1693 4122 ac
1726 4084 1896 4122 vene-

196 4142 425 4194 ratione
486 4142 675 4193 nullus
731 4141 984 4194 fidelium
1040 4146 1229 4209 posset
1282 4142 1593 4209 ambigere.
1654 4143 1896 4209 Arrepto

196 4228 455 4281 namque
496 4214 613 4279 jam
660 4212 885 4275 itinere,
936 4228 1065 4264 cum
1122 4212 1491 4281 comperisset
1544 4212 1896 4265 antedictum

196 4299 413 4353 papam
449 4282 635 4335 obisse
668 4283 1021 4351 Gregorium,
1058 4283 1351 4351 aliumque
1380 4298 1481 4351 pro
1513 4299 1580 4335 eo
1612 4282 1896 4335 constitu-

197 4362 324 4407 tum
363 4353 596 4406 nomine
627 4353 911 4422 Sergium,
949 4354 1120 4405 missa
1176 4353 1245 4407 ad
1295 4354 1698 4422 imperatorem
1749 4353 1896 4405 rela-

196 4425 381 4485 tione,
417 4424 772 4493 receptisque
812 4440 940 4476 mox
978 4424 1043 4476 ad
1077 4440 1261 4491 nuper
1290 4430 1543 4477 creatum
1584 4423 1896 4475 antistitem

198 4495 509 4555 mandatis,
544 4495 774 4547 tandem
812 4500 941 4562 post
970 4495 1139 4561 longa
1186 4495 1408 4547 itineris
1443 4494 1623 4564 spatia
1656 4495 1895 4547 Romam

196 4567 547 4635 ingreditur.
572 4568 876 4634 Susceptus
890 4566 1145 4634 denique
1168 4566 1479 4618 honorifice
1498 4566 1567 4618 ab
1586 4566 1898 4635 apostolico

198 4653 373 4707 papa,
412 4637 680 4706 epistolas
718 4636 767 4688 ei
799 4637 983 4705 regias
1034 4636 1291 4690 tradidit.
1350 4637 1471 4697 Ille,
1515 4636 1687 4705 jussis
1720 4636 1899 4707 impe-

198 4706 445 4760 rialibus
492 4708 729 4776 ejusque
776 4708 1149 4775 petitionibus
1204 4706 1587 4760 favorabiliter
1632 4706 1689 4759 in
1718 4706 1900 4759 omni-

200 4779 306 4831 bus
373 4793 656 4855 annuens,
716 4778 1049 4855 sp_opondi_t_
1078 4794 1136 4830 se
1168 4782 1406 4855 cuncta
1433 4780 1715 4855 facturum
1758 4793 1893 4855 quas
1934 4802 1977 4855 ι)

200 4854 581 4919 suggesserat.
619 4850 751 4901 Post
776 4848 896 4901 haec
927 4848 1082 4901 misit
1127 4851 1179 4900 ei
1210 4864 1313 4917 per
1362 4848 1635 4901 Marinum
1679 4848 1895 4917 episco-

200 4936 341 4989 pum
370 4920 583 4973 librum
612 4925 937 4972 sanctorum
985 4919 1375 4972 continentem
1423 4919 1735 4989 passiones,
1780 4919 1898 4987 jus-

202 4991 389 5060 sitque
419 4992 744 5059 passionem
784 4990 961 5043 sancti
1011 4990 1309 5059 Chrysanti
1360 4995 1415 5043 et
1463 4990 1645 5043 Darite
1694 4990 1897 5042 litteris

201 5062 449 5121 tradere,
510 5060 797 5129 pollicitus
858 5077 1059 5114 eorum
1118 5076 1359 5129 corpora
1406 5077 1463 5113 se
1518 5060 1569 5113 ei
1602 5061 1892 5114 daturum.

201 5132 523 5186 Constituta
551 5132 743 5201 itaque
770 5132 862 5185 die
906 5132 973 5185 ad
1035 5132 1465 5185 Lateranensem
1513 5135 1785 5200 properat
1813 5147 1899 5184 ec-

200 5203 458 5256 clesiam.
538 5205 793 5273 Cumque
840 5203 1034 5272 jussus
1096 5202 1167 5255 ad
1236 5203 1559 5255 Romanum
1606 5202 1897 5271 ingressus

199 5273 398 5327 fuisset
424 5274 776 5345 pontificem,
806 5273 1010 5344 positis
1037 5273 1096 5327 in
1128 5273 1326 5327 locello
1360 5289 1531 5342 super
1562 5274 1737 5326 altare
1765 5288 1897 5326 cor-

269 5458 293 5482 ⁸
326 5451 401 5503 De
451 5449 595 5503 cella
652 5448 833 5502 sancti
890 5448 1109 5515 Goaris,
1174 5466 1238 5503 ac
1283 5450 1353 5503 de
1404 5450 1528 5519 ejus
1587 5450 1895 5504 donatione

198 5522 416 5573 Asuero
450 5519 771 5573 Prumiensi
806 5536 909 5590 per
939 5521 1247 5590 Pippinum
1274 5537 1467 5591 regem
1506 5521 1671 5587 facta,
1699 5523 1895 5591 legen-

1936 3505 1975 3559 C
2008 3504 2263 3573 poribus,
2311 3507 2483 3574 atque
2532 3520 2597 3557 ex
2642 3508 2880 3573 utraque
2930 3508 3090 3573 parte
3136 3503 3418 3557 stantibus
3467 3502 3707 3557 clerico-

2009 3591 2137 3627 rum
2169 3575 2489 3635 ordinibus,
2523 3580 2578 3626 et
2610 3574 2963 3635 canentibus,
2990 3574 3222 3628 tradidit
3254 3576 3305 3628 ei
3327 3592 3453 3627 cum
3480 3590 3705 3627 summa

2008 3646 2375 3699 veneratione
2422 3651 2477 3698 et
2529 3645 2745 3698 honore
2796 3646 3167 3714 prmfatorum
3220 3651 3533 3716 martyrum
3582 3662 3705 3698 cor-

2009 3732 2172 3783 pora,
2212 3717 2316 3768 sub
2370 3716 2729 3768 invocatione
2778 3717 3027 3769 nominis
3086 3717 3310 3769 Domini
3362 3718 3703 3786 praecipiens

2008 3803 2139 3839 eum
2173 3786 2321 3838 circa
2355 3787 2777 3839 venerationem
2811 3803 3010 3839 eorum
3041 3787 3357 3850 intendere,
3394 3806 3507 3856 quo
3553 3792 3706 3840 uter-

2010 3872 2121 3925 que
2156 3857 2254 3909 Dei
2287 3857 2694 3925 omnipotentis
2728 3857 3000 3909 olfensam
3057 3858 3233 3926 possit
3266 3858 3551 3925 ell‘ugere:
3587 3859 3706 3926 ipse

2009 3927 2240 3997 quidem
2277 3929 2428 3996 quod
2464 3927 2703 3991 dederit,
2760 3928 2853 3979 ille
2885 3944 3016 3978 vero
3069 3929 3221 3996 quod
3280 3930 3422 3980 datis
3455 3929 3705 3981 debitam

2010 4014 2121 4050 non
2183 3998 2495 4066 providerit
2550 3999 2999 4050 venerationem.
3058 3998 3314 4051 Tradidit
3365 3999 3415 4050 ei
3472 4014 3705 4067 quoque

2008 4069 2282 4138 reliquias
2314 4068 2697 4138 quadraginta
2744 4086 2839 4121 sex
2889 4074 3219 4121 sanctorum
3267 4076 3607 4138 martyrum,
3643 4085 3703 4121 ac

2010 4140 2279 4208 praicepit
2309 4140 2367 4191 in
2396 4141 2618 4192 tumulo
2652 4156 2743 4191 eas
2790 4146 3235 4193 memoratorum
3288 4139 3518 4192 recondi
3565 4155 3703 4191 sau-

2008 4216 2249 4263 ctorum.
2302 4210 2586 4280 Susceptis
2639 4211 2832 4281 itaque
2878 4226 3007 4263 cum
3055 4226 3278 4263 summa
3337 4210 3702 4262 veneratione

2006 4282 2361 4351 corporibus,
2400 4298 2600 4335 omnes
2628 4281 2989 4350 praecipitans
3021 4298 3210 4334 moras
3234 4282 3539 4334 maturavit
3570 4296 3705 4350 pro—

2008 4352 2334 4405 fectionem.
2369 4352 2643 4406 Omnibus
2674 4353 2849 4419 igitur
2878 4352 3284 4417 incolumibus,
3335 4353 3701 4422 quinquage-

2009 4424 2152 4475 simo
2186 4422 2275 4475 die
2307 4429 2610 4493 postquam
2662 4424 2730 4475 ab
2766 4424 2910 4476 Urbe
2945 4440 3200 4493 gressum
3254 4424 3595 4489 extulerant,
3642 4423 3703 4475 in

2006 4494 2431 4562 possessionem
2479 4494 2713 4545 veniunt
2757 4496 3111 4559 monasterii,
3162 4496 3429 4547 videlicet
3475 4494 3535 4546 in
3590 4494 3702 4546 cel-

2010 4566 2119 4615 lam
2146 4562 2323 4614 sancti
2369 4563 2561 4616 Goaris
2591 4572 2645 4615 u:
2701 4564 2798 4615 ubi
2848 4581 2950 4632 per
2997 4565 3235 4617 biduum
3288 4569 3698 4628 commoratus,

2009 4633 2287 4686 ordinatis
2316 4633 2607 4693 fratribus,
2640 4648 2767 4685 cum
2798 4636 3139 4687 venerandis
3170 4636 3506 4704 corporibus
3547 4651 3702 4704 pras-

2010 4704 2183 4756 inittit
2214 4719 2308 4756 eos
2338 4704 2406 4756 ad
2438 4704 2725 4756 Prumiam
2760 4706 3189 4770 monasterium,
3221 4723 3467 4774 quorum
3500 4707 3701 4759 fratres

2008 4776 2253 4827 adventu
2278 4780 2589 4843 comperto,
2626 4790 2753 4827 cum
2806 4774 3049 4827 maxima
3100 4778 3483 4845 gratulatione
3531 4776 3701 4829 sacris

2009 4846 2192 4899 induti
2224 4844 2491 4898 festinant
2526 4860 2823 4897 occurrere
2852 4861 2979 4897 cum
3034 4847 3387 4899 caudelabris
3436 4852 3492 4900 et
3523 4847 3701 4899 cruci-

2008 4918 2131 4969 bus.
2166 4916 2301 4979 Quee
2330 4932 2463 4969 vero
2494 4915 2552 4968 in
2600 4915 2706 4967 hoc
2749 4916 2931 4984 spatio
2980 4916 3202 4969 itineris
3249 4917 3517 4969 miracula
3554 4917 3701 4969 Deus

2006 4987 2076 5040 ad
2112 4986 2462 5040 ostendenda
2508 4991 2834 5039 sanctorum
2867 5002 3101 5039 suorum
3137 4988 3341 5039 merita
3373 4987 3698 5039 declarave-

2006 5058 2099 5119 rit,
2133 5058 2503 5111 translatione
2537 5073 2737 5111 eorum
2771 5062 2997 5126 peracta
3045 5057 3365 5127 expediam.
3418 5060 3560 5111 Cum
3607 5056 3694 5109 in-

2004 5129 2163 5199 genti
2204 5129 2395 5197 itaque
2420 5128 2723 5181 devotione
2755 5134 2809 5182 et
2831 5128 3037 5197 gaudio
3062 5130 3336 5198 susceptis
3367 5133 3695 5181 sanctorum

2003 5200 2283 5280 reliquiis,
2318 5200 2859 5280 omnibusquenqua‘:
2892 5199 3139 5280 tempori
3180 5199 3694 5280 congruebantca-

2005 5270 2294 5336 nentibus,
2331 5286 2383 5323 IV
2415 5268 2765 5324 Nonas’Julii
2819 5270 3083 5324 deferunt
3136 5287 3232 5324 eas
3290 5268 3349 5323 in
3400 5268 3696 5323 Prumiam

2003 5450 2107 5504 dus
2138 5450 2524 5505 Wandalberti
2576 5450 2725 5505 liber
2770 5449 2839 5503 de
2896 5446 3188 5502 miraculis
3248 5446 3424 5501 sancti
3482 5444 3697 5511 Goaris,

2009 5538 2132 5591 cap.
2168 5526 2223 5589 5,
2256 5539 2448 5593 supra.
