4038 6174
378 249 479 300 675

1561 247 1903 303 APPENDIX
1942 248 2034 302 AD
2078 247 2682 304 WANDALBERTUM.
3754 262 3843 307 (ΠΒ

380 376 795 431 monasterium
821 393 848 451 ς’
878 375 1298 451 jacueruntque
1348 374 1403 451 in
1453 392 1519 427 eo
1568 393 1681 445 quo
1716 377 1903 451 delata
1946 377 2067 451 fue-
2108 385 2146 437 Α
2180 379 2314 431 illuc
2350 379 2600 441 veniens,
2631 379 2792 448 cujus
2823 396 2988 433 aures
3018 385 3311 451 perpetuae
3342 384 3630 437 surditatis
3672 390 3847 443 tumor

382 455 513 502 rant
544 449 751 501 feretro
784 448 851 499 ad
905 446 1195 499 dexteram
1238 448 1432 499 altaris
1476 464 1655 517 usque
1700 464 1755 500 x1
1792 450 2072 502 Kalenda-

383 535 509 573 rum
545 519 946 573 Novembrium
977 518 1088 590 die,
1141 518 1353 570 scilicet.
1402 533 1699 588 quousque
1746 536 1878 588 pars
1918 537 2073 590 quaa-

381 592 513 645 dam
556 590 773 658 antiqui
825 589 1023 657 templi
1078 592 1433 657 complanata
1465 590 1523 641 in
1583 590 1829 659 spatium
1889 589 2072 659 proli-

379 662 505 715 xius
536 662 952 724 extenderetur,
1008 661 1229 711 tumulo
1282 660 1487 727 dignus
1542 662 1903 714 conderetur.
1952 664 2072 725 Quo

382 733 605 801 expleto
642 735 918 799 tempore,
971 736 1285 782 memorata
1332 731 1423 782 die
1469 734 1739 784 translata
1786 736 1917 785 sunt
1947 749 2072 784 san-

381 800 598 855 ctorum
628 817 866 869 corpora
897 806 951 852 et
979 801 1048 872 ab
1082 800 1345 870 episcopo
1394 803 1787 872 Theganberto
1819 816 1842 843 ιι
1874 805 2070 856 admu-

380 874 515 926 dum
568 873 834 939 religioso
869 888 961 923 viu
1002 871 1389 924 Kalendarum
1437 871 1865 933 Novembrium,
1914 876 2068 927 vide-

379 946 511 997 licet
550 944 829 1013 passionis
886 958 1083 994 eorum
1131 943 1243 1008 die,
1288 943 1345 995 in
1381 945 1501 996 loco
1548 960 1661 1013 quo
1710 961 1863 997 nunc
1901 961 2070 999 vene-

379 1021 599 1079 rantur,
644 1015 855 1066 scilicet
897 1014 955 1064 in
1004 1014 1357 1080 possessione
1408 1018 1586 1067 sancti
1633 1016 1962 1083 Salvatoris,
2010 1017 2067 1070 in

380 1087 523 1139 cella
555 1101 683 1154 quia
714 1085 929 1137 Novum
965 1084 1369 1137 Monasterium
1400 1091 1653 1149 vocatur,
1687 1102 1816 1139 cum
1846 1104 2071 1140 summo

380 1158 598 1210 honore
624 1156 999 1223 omniumque
1032 1156 1413 1222 gratulatione
1454 1158 1761 1211 tumulata:
1798 1158 1893 1210 ubi
1924 1175 2071 1212 nunc

382 1244 579 1280 eorum
612 1224 1110 1278 intercessionibus
1141 1226 1207 1277 ad
1241 1226 1467 1279 Iaudem
1502 1228 1587 1279 sui
1624 1229 1871 1280 nominis
1903 1246 2069 1282 oran-

380 1304 466 1350 tes
496 1298 751 1368 Christus
782 1297 1025 1361 exaudit,
1062 1298 1208 1348 sicut
1245 1314 1309 1349 ex
1363 1298 1628 1366 subjectis
1669 1301 2072 1368 comprobatur

380 1368 690 1421 miraculis.
725 1367 830 1419 Sed
864 1374 1171 1435 antequam
1204 1368 1301 1420 illa
1333 1385 1461 1437 quae
1490 1376 1617 1438 post
1647 1367 1845 1423 eorum
1876 1378 2069 1424 tumu-

386 1440 653 1492 lationcm
706 1444 826 1512 acta
884 1443 1015 1489 sunt
1062 1440 1342 1512 nui-acula
1403 1441 1787 1509 proferantur,
1830 1458 1895 1493 ea
1944 1458 2071 1512 quas

382 1512 556 1580 paulo
588 1510 851 1577 superius
886 1510 1277 1578 promisimus,
1303 1512 1594 1564 reddenda
1626 1513 1785 1580 prius
1813 1513 1871 1565 in
1903 1510 2069 1566 initio

384 1582 669 1634 videntur.

1110 1651 1234 1703 CAP.
1280 1652 1344 1705 II.

455 1740 633 1808 Igitur
681 1754 811 1791 cum
854 1737 922 1791 ab
972 1738 1130 1791 Italia
1178 1739 1429 1809 degressi
1470 1741 1539 1793 ad
1595 1740 1885 1794 basilicam
1923 1740 2072 1793 beati

385 1811 579 1864 Coaris
626 1825 882 1878 gressum
937 1809 1270 1878 dirigerent,
1339 1812 1552 1863 femina
1610 1813 1896 1881 quaadam,
1960 1828 2073 1864 non

384 1882 578 1949 ignota
607 1882 821 1933 civibus
847 1880 984 1945 suis,
1018 1896 1145 1932 cum
1176 1882 1353 1934 nimio
1399 1880 1948 1935 reuium’teueretur
1972 1883 2072 1935 do-

386 1956 523 2017 lore,
553 1953 743 2005 audito
777 1958 1099 2003 sanctorum
1132 1954 1398 2017 adventu,
1445 1956 1609 2022 petiit
1639 1970 1695 2006 se
1725 1970 1924 2006 eorum
1969 1955 2072 2006 ob-

382 2025 532 2075 viam
582 2024 730 2075 duci.
780 2023 1036 2090 Cumque
1087 2023 1216 2074 hinc
1243 2024 1373 2075 inde
1408 2039 1440 2075 a
1470 2025 1689 2077 duobus
1738 2030 2069 2084 sustentata,

383 2095 471 2146 vix
506 2094 575 2146 ad
607 2094 794 2145 locum
836 2092 1206 2160 pervenisset,
1266 2110 1393 2146 mox
1452 2101 1513 2147 ut
1572 2095 1755 2163 tetigit
1800 2096 2074 2147 feretrum

385 2182 497 2234 quo
531 2171 724 2216 sancta
765 2163 1121 2215 vehebantur
1161 2166 1436 2227 membra,
1493 2168 1680 2217 omnis
1730 2166 1808 2217 ita
1851 2167 2075 2233 fugatus

386 2242 470 2287 est
498 2236 681 2297 dolor,
708 2240 771 2286 ut
808 2234 1072 2285 omnibus
1104 2236 1535 2304 inspicientibus
1573 2237 1749 2289 libero
1792 2242 1922 2288 ante
1977 2252 2073 2303 ge-

386 2306 686 2358 statorium
720 2321 911 2374 gressu
936 2312 1205 2357 curreret.
1256 2308 1381 2358 Haec
1427 2308 1614 2375 prima
1660 2308 1822 2359 nobis
1855 2314 2075 2360 sancto-

384 2392 512 2429 rum
558 2378 767 2428 enituit
813 2376 1029 2427 virtus:
1081 2377 1210 2428 licet
1256 2377 1441 2429 fidelis
1494 2384 1618 2444 post
1659 2377 1762 2429 viri
1803 2379 2076 2430 relatione

386 2448 813 2515 comperissem.
865 2446 1047 2517 adhuc
1099 2448 1259 2499 nobis
1310 2450 1365 2499 in
1412 2448 1569 2500 Italia
1617 2448 1837 2517 positis,
1900 2450 2077 2501 simili

385 2520 554 2571 modo
583 2533 780 2569 eorum
813 2516 1166 2569 orationibus
1206 2518 1513 2587 quamdam
1545 2516 1815 2571 feminam
1857 2526 2080 2572 contra-

387 2595 537 2641 ctam
570 2588 742 2640 fuisse
774 2591 1039 2639 erectam.

1092 2658 1218 2713 CAP.
1275 2659 1364 2711 III.

458 2747 692 2801 Femina
723 2745 983 2816 quaedam
1016 2752 1136 2799 erat
1156 2762 1271 2799 non
1296 2747 1582 2816 ignobilis,
1604 2764 1749 2801 uxor
1781 2748 2077 2817 cujusdam

389 2818 653 2887 Wauingi
688 2818 938 2881 nomine,
965 2818 1124 2885 cujus
1156 2818 1329 2887 pedes
1358 2825 1415 2871 et
1458 2834 1624 2871 crura
1671 2821 1748 2871 ita
1778 2821 2079 2873 intumue—

387 2896 537 2955 rant,
571 2898 630 2941 ut
655 2906 799 2958 pene
831 2888 975 2939 lecto
1002 2889 1371 2941 detineretur.
1401 2890 1548 2953 Hmc,
1579 2891 1775 2943 audita
1804 2891 2076 2959 opinione

2185 451 2527 523 obtinuerat,
2562 467 2689 503 cum
2714 456 3040 504 sanctorum
3065 453 3278 506 ibidem
3311 458 3729 523 praestolaretur
3757 462 3847 512 de-

2184 528 2348 574 votus
2397 522 2757 591 suffragium,
2807 524 3177 576 sanctissimis
3222 522 3415 577 eorum
3452 528 3667 580 meritis
3704 531 3846 584 audi-

2182 598 2305 645 tum
2334 593 2427 645 diu
2457 593 2562 645 sibi
2595 594 2940 661 denegatum
2974 596 3224 664 recipere
3257 596 3487 649 meruit.

2880 676 3006 730 CAP.
3062 677 3171 728 VII.

2251 754 2392 806 Item
2412 753 2644 823 quidam
2665 754 2862 807 debilis
2884 754 3137 817 brachio,
3168 755 3243 808 ita
3270 761 3331 809 ut
3352 755 3418 808 ab
3442 756 3681 810 humero
3703 758 3850 811 deor-

2181 840 2304 876 sum
2338 825 2612 892 penderet
2641 826 2890 889 aridum,
2915 833 3192 893 praeterea
3223 827 3502 881 surditate
3533 828 3847 891 damnatus;

2180 911 2309 949 cum
2340 896 2409 948 ad
2440 901 2765 948 sanctorum
2800 898 3123 965 sepulcrum
3156 914 3285 950 cum
3327 899 3438 950 tide
3472 900 3775 963 accederet,
3804 914 3851 955 et

2179 967 2476 1019 brachium
2502 966 2806 1035 pristinum
2846 968 3177 1036 recognovit
3225 968 3501 1033 officium,
3552 977 3607 1023 et
3648 971 3850 1024 obstru-

2179 1043 2282 1090 cta?
2315 1054 2479 1091 aures
2509 1038 2763 1091 auditum
2800 1054 3086 1107 recepere.

2866 1118 2992 1172 CAP.
3043 1119 3179 1171 VIII.

2248 1194 2405 1249 Alius
2436 1195 2670 1265 quidam
2724 1194 2830 1249 fuit
2877 1198 2975 1265 qui
3038 1198 3115 1249 ita
3171 1213 3400 1250 manum
3464 1214 3598 1251 cum
3640 1198 3849 1253 brachio

2180 1267 2428 1320 debilem
2461 1268 2726 1333 habebat,
2758 1272 2817 1319 ut
2850 1284 3078 1336 semper
3100 1268 3365 1321 deorsum
3399 1272 3659 1338 pendens
3688 1272 3850 1323 omni-

2179 1338 2285 1391 bus
2306 1338 2561 1407 corporis
2610 1338 2809 1390 ofliciis
2864 1339 3198 1393 redderetur
3254 1340 3504 1395 inutilis.
3568 1342 3663 1394 Hic
3711 1344 3849 1393 fasci-

2180 1410 2371 1461 culum
2405 1409 2502 1461 lini
2540 1410 2732 1461 manui
2766 1410 3033 1464 innexum
3065 1410 3236 1463 aridm
3268 1427 3396 1463 cum
3431 1414 3503 1464 ad
3538 1414 3849 1464 memoriam

2180 1482 2266 1544 (ut
2295 1480 2612 1547 oportebat)
2646 1482 2889 1533 venisset
2921 1489 3256 1550 martyrum,
3294 1489 3467 1551 atque
3502 1500 3674 1551 super
3696 1484 3850 1536 altare

2180 1556 2440 1623 poneret,
2489 1551 2751 1619 protinus
2780 1568 2811 1604 a
2850 1553 3150 1621 regiditate
3204 1569 3304 1605 sua
3353 1554 3672 1606 resolutum
3722 1556 3853 1623 prior

2181 1621 2349 1673 rediit
2371 1622 2570 1675 virtus.

2336 1712 2342 1720 ‘
2904 1702 3012 1756 CAP
3052 1702 3137 1755 IX.

2255 1788 2525 1850 Quaedam
2558 1788 2692 1841 item
2732 1788 2944 1842 femina
2991 1791 3225 1859 cupiens
3269 1792 3378 1844 Deo
3411 1797 3469 1844 et
3505 1792 3711 1845 sanctis
3738 1809 3858 1844 mar-

2184 1860 2402 1932 tyribus
2433 1860 2548 1911 illic
2587 1860 2985 1923 servientibus,
3022 1862 3287 1915 subsidiis
3318 1864 3710 1932 corporalibus
3742 1864 3851 1916 sub-

2185 1930 2397 1987 venire.
2426 1936 2698 2004 onustum
2719 1932 3038 2004 plaustrum
3060 1948 3189 1985 cum
3214 1930 3435 2002 paneet
3454 1940 3620 2004 potu,
3643 1935 3854 2003 aliisque

2186 2003 2515 2074 necessariis
2572 2018 2767 2074 secum,
2824 2003 3054 2067 ducens,
3119 2004 3184 2057 ad
3257 2003 3464 2057 locum
3516 2006 3853 2074 properabat.

2186 2072 2393 2123 Verum
2433 2087 2561 2124 cum
2596 2073 2715 2141 jam
2758 2072 2815 2125 in
2856 2074 3115 2141 proximo
3157 2081 3324 2135 esset,
3384 2072 3677 2144 praecessit
3709 2076 3855 2144 plau-

2188 2148 2387 2194 strum.
2423 2146 2679 2212 Cumque
2710 2148 3031 2212 sepulcrum
3082 2145 3319 2198 minime
3354 2162 3495 2199 auro
3525 2149 3614 2200 vel
3647 2152 3855 2214 argento

2186 2220 2444 2265 cerneret
2504 2215 2742 2282 fulgere,
2802 2220 2865 2267 ut
2920 2216 3143 2268 stolida:
3197 2222 3254 2269 et
3308 2218 3650 2281 irreligiosus
3697 2218 3857 2269 solent

2187 2290 2428 2358 mentes,
2490 2285 2747 2358 despexit
2786 2290 2841 2337 et
2899 2286 3355 2358 irrisitglocum;
3415 2294 3591 2358 atque
3649 2303 3855 2340 suorum

2187 2354 2407 2407 obviam
2426 2357 2662 2429 concito
2703 2372 2933 2429 reversa
2967 2357 3171 2429 gradu,
3214 2357 3384 2425 jussit
3422 2354 3524 2411 eos
3556 2376 3667 2429 qua
3710 2375 3854 2410 vene-

2186 2432 2317 2477 rant
2346 2426 2550 2491 redire,
2612 2427 2802 2479 dicens
2860 2428 3001 2479 nihil
3071 2428 3151 2481 ibi
3210 2430 3531 2489 sanctitatis
3574 2426 3851 2481 contineri.

2186 2497 2341 2549 Tunc
2400 2498 2676 2550 multione
2713 2496 2827 2568 [al.,
2860 2497 3211 2567 multatione]
3263 2506 3592 2553 sanctorum
3656 2515 3853 2552 carrum

2188 2567 2543 2640 confractum
2572 2574 2673 2640 est,
2708 2576 2989 2638 potusque
3040 2570 3299 2635 dilfusus,
3344 2576 3522 2640 atque
3568 2571 3748 2623 omnia
3774 2586 3855 2622 su-

2186 2639 2476 2707 perposita
2510 2639 2585 2690 ita
2628 2638 2882 2707 dispersa
2930 2645 3084 2702 sunt,
3119 2647 3181 2693 ut
3222 2642 3381 2694 nullo
3418 2638 3550 2693 usui
3597 2650 3719 2710 apta
3748 2640 3853 2693 red-

2187 2710 2476 2761 derentur.
2513 2710 2635 2777 Ipsa
2669 2711 2918 2779 denique
2949 2712 3113 2763 tertia
3162 2712 3254 2764 die
3306 2713 3377 2765 ob
3413 2713 3719 2767 vindictam
3747 2728 3854 2764 con-

2188 2786 2441 2848 temptus
2465 2780 2665 2833 mortis
2688 2796 2860 2849 paena
2890 2782 3130 2834 multata
3158 2788 3261 2836 est.

2897 2871 3021 2923 CAP.
3066 2874 3128 2925 X.

389 2954 736 3019 sanctorum,
767 2961 1131 3031 sulivectione
1153 2960 1285 3028 equi
1320 2954 1874 3031 obscquentiumque
1896 2962 2081 3015 admi-
2122 2970 2161 3025 C
2260 2955 2385 3008 Alia
2425 2954 2561 3008 item
2585 2955 2795 3031 femina
2826 2973 2952 3010 cum
2986 2958 3174 3031 valida
3210 2957 3418 3021 seubie,
3465 2959 3856 3031 omuipreme-

388 3032 579 3085 niculo
602 3032 824 3085 obviam
858 3030 1044 3095 ducta,
1099 3031 1187 3083 vix
1220 3036 1366 3083 tacto
1413 3032 1623 3085 feretro
1656 3033 1735 3085 ita
1782 3030 1915 3084 Sana
1949 3034 2083 3085 elle-

387 3109 476 3155 cta
506 3108 608 3168 est,
647 3110 708 3154 ut
760 3118 861 3171 per
920 3106 1103 3154 totum
1162 3106 1439 3165 montem,
1493 3104 1655 3171 cujus
1711 3104 1771 3156 in
1804 3104 1913 3155 illis
1945 3104 2081 3156 locis

386 3174 566 3227 nimia
616 3175 889 3242 asperitas
924 3179 981 3223 et
1016 3173 1255 3225 altitudo
1287 3180 1391 3237 est,
1426 3190 1541 3225 una
1570 3179 1717 3226 esset
1758 3190 1823 3227 ex
1853 3182 2080 3242 gestan-

387 3245 539 3297 tibus
586 3243 880 3298 feretrum.
928 3246 1159 3297 Postero
1203 3250 1393 3296 autem
1435 3244 1545 3309 die,
1597 3261 1726 3298 eum
1776 3245 2080 3299 missarum

387 3315 665 3368 solemnia
698 3316 1146 3380 celebrarentur,
1180 3314 1450 3367 ancillula
1490 3322 1821 3368 memoratae
1856 3316 2082 3369 femina:

388 3386 539 3439 inter
595 3386 897 3439 missarum
944 3386 1385 3438 celebrationem
1426 3385 1505 3437 ita
1554 3392 1838 3438 contracta
1884 3393 1986 3448 est,
2020 3393 2084 3439 ut

389 3473 516 3525 quae
570 3457 811 3525 pedibus
853 3461 1104 3519 venerat,
1152 3456 1385 3507 alterius
1425 3456 1690 3508 manibus
1736 3458 2078 3510 tolleretur:

389 3529 719 3595 ignoramus
750 3532 943 3579 tamen
967 3526 1103 3595 quid
1144 3540 1328 3577 causae
1367 3525 1556 3579 fuerit.
1587 3527 1791 3595 Opinio
1821 3544 1953 3580 vero
1975 3527 2083 3580 fuit

432 3597 544 3649 uod
587 3597 881 3650 servitium
933 3596 1276 3649 recusaverit
1326 3600 1676 3662 sanctorum,
1711 3598 1902 3649 volens
1956 3614 2080 3650 eam

432 3613 544 3649 uoa
587 3613 881 3650 servmum
933 3613 1276 3649 recusaverit
1326 3613 1676 3662 sanctorum,
1711 3613 1902 3649 v01ens
1956 3614 2080 3650 eam

390 3613 621 3720 gomina
638 3682 737 3719 sua
758 3667 871 3719 illis
893 3668 1174 3735 delegare.
1198 3667 1395 3718 Postea
1418 3667 1667 3737 denique
1680 3684 1810 3721 cum
1827 3668 2082 3721 triduum

389 3738 450 3789 in
490 3738 687 3789 eadem
740 3738 976 3791 ecclesia
1028 3738 1124 3790 ubi
1172 3742 1459 3809 contracta
1510 3749 1593 3791 est
1640 3739 1870 3804 faceret,
1912 3746 2081 3809 atque

389 3824 493 3877 pro
524 3824 591 3861 ea
629 3813 853 3862 oratum
891 3814 1055 3874 esset,
1089 3808 1444 3861 orationibus
1474 3815 1798 3862 sanctorum
1827 3808 2083 3864 restituta

389 3883 474 3932 est
503 3879 729 3931 sanitati
760 3896 772 3941 ;
798 3882 1049 3949 itemque
1077 3895 1206 3931 cum
1241 3880 1477 3933 domum
1510 3885 1907 3946 reverteretur,
1945 3898 2081 3934 con-

389 3956 569 4003 tracta
601 3958 703 4015 est,
754 3951 1076 4020 iterumque
1133 3950 1340 4003 virtute
1391 3956 1716 4005 sanctorum
1763 3960 2082 4021 martyrum

389 4022 640 4090 priorem
679 4022 890 4092 recepit
922 4021 1315 4075 valitudinem.

1113 4110 1221 4164 CAP
1262 4110 1354 4164 IV.

460 4182 595 4233 Item
631 4180 842 4233 femina
871 4182 1157 4250 quaedam,
1186 4197 1314 4233 cum
1350 4180 1429 4231 ita
1467 4180 1856 4234 membrorum
1890 4180 2087 4234 debili-

390 4254 504 4303 tate
536 4257 826 4304 contracta
874 4258 1168 4304 teneretur
1214 4258 1275 4303 ut
1307 4251 1569 4304 vrhieulo
1624 4253 1947 4317 duceretur,
1993 4270 2083 4305 ro-

2192 3031 2348 3098 retur
2378 3042 2633 3097 corpore,
2689 3028 2829 3081 adeo
2876 3036 2937 3082 ut
2985 3029 3144 3098 lepra
3190 3036 3511 3098 putaretur,
3564 3030 3657 3084 sed
3709 3030 3855 3083 etiam

2192 3097 2413 3170 diutino
2447 3098 2645 3170 morbo
2690 3099 2833 3151 lecto
2870 3097 3507 3169 teneretur,ipraiterea
3542 3117 3722 3170 neque
3763 3116 3857 3152 me-

2192 3169 2449 3221 dicorum
2502 3169 2617 3221 ulla
2664 3170 2941 3238 potuisset
2989 3177 3107 3223 arte
3157 3171 3379 3235 curari;
3443 3173 3569 3225 haec
3618 3169 3738 3224 cum
3782 3186 3856 3222 au~

2192 3239 2365 3292 disset
2395 3257 2425 3291 a
2460 3239 2656 3313 vicinis
2705 3256 2933 3313 cereum
2984 3242 3042 3295 in
3097 3242 3311 3295 honore
3370 3250 3687 3313 martyrum
3734 3242 3854 3313 fieri,

2191 3325 2422 3363 accensa
2484 3310 2595 3382 fide
2647 3311 2981 3380 particulam
3028 3328 3166 3365 cerae
3226 3310 3573 3382 coemptam,
3641 3314 3763 3366 fecit
3810 3312 3857 3363 in

2190 3384 2410 3453 eodem
2435 3381 2661 3453 misceri
2704 3398 2885 3434 cereo.
2921 3386 3061 3437 Cum
3104 3385 3297 3453 itaque
3347 3381 3550 3438 cereus
3590 3385 3656 3438 ad
3696 3383 3855 3451 sepul-

2191 3467 2349 3503 crum
2383 3452 2601 3504 delatus
2641 3452 2841 3505 fuisset
2869 3452 3213 3523 martyrum,
3258 3453 3469 3507 mirum
3522 3457 3580 3508 ir.
3630 3454 3856 3512 modum,

2193 3538 2320 3595 mox
2353 3529 2416 3574 ut
2466 3523 2587 3592 igni
2621 3539 2887 3576 accensus
2925 3530 3026 3591 est,
3076 3525 3255 3578 sensit
3304 3542 3458 3595 aegra
3502 3528 3669 3593 lenge
3703 3524 3858 3595 posita

2190 3593 2476 3666 virtutem,
2523 3598 2743 3666 atquee
2794 3600 2970 3648 stratu
3031 3612 3269 3665 surgens
3320 3593 3625 3666 pristinam
3670 3593 3857 3663 recepit

2190 3664 2447 3733 corporis
2470 3665 2793 3719 sanitatem.

2911 3737 3038 3791 CAP.
3080 3738 3167 3791 XI.

2263 3833 2421 3905 Item
2463 3832 2574 3905 alia
2612 3831 2862 3905 inclusos
2910 3832 3118 3901 digitos
3170 3839 3342 3905 atque
3384 3835 3601 3904 rigidos
3647 3833 3853 3891 habens,

2194 3901 2782 3976 admonitadivinitus
2818 3908 2877 3956 ut
2904 3905 2987 3976 ad
3007 3901 3345 3959 memoriam
3375 3901 3713 3976 properaret
3747 3918 3855 3955 san-

2192 3978 2433 4037 ctorum,
2470 3974 2578 4026 fide
2634 3975 2821 4039 ducta,
2855 3975 2924 4027 ad
2979 3975 3167 4029 locum
3227 3977 3304 4029 ita
3360 3974 3504 4029 sana
3527 3993 3739 4031 reversa
3768 3978 3854 4031 est.

2194 4060 2256 4096 ac
2286 4045 2331 4096 si
2361 4044 2504 4097 nihil
2538 4060 2793 4115 unquam
2826 4046 3073 4099 laesiouis
3102 4048 3446 4117 pertulisset.

2903 4146 3029 4198 CAP.
3062 4146 3173 4199 XII.

2265 4238 2508 4302 Quidam
2564 4240 2773 4294 nobilis
2806 4242 2890 4294 vir
2943 4258 3134 4295 amore
3168 4243 3369 4296 ductus
3422 4252 3740 4297 sanctorum
3778 4255 3859 4289 v0-

391 4321 544 4389 gavit
595 4338 653 4373 se
701 4323 922 4375 obviam
964 4322 1095 4377 duci
1153 4326 1502 4375 sanctorum.
1564 4324 1693 4375 Haec
1733 4310 2082 4377 orationibus
2124 4321 2166 4374 D
2194 4310 2344 4363 lebat
2376 4311 2567 4365 locum
2614 4312 2947 4389 adire-“ulc
2973 4313 3275 4383 οοηὶιιεθω
3326 4330 3488 4367 suam
3540 4316 3783 4389 hol‘lalus
3808 4313 3857 4360 υτ

389 4408 589 4514 gorum
626 4392 700 4517 it:
731 4394 881 4447 salva
921 4393 1187 4459 surrexit,
1222 4401 1287 4446 ut
1334 4392 1587 4463 propriis
1626 4395 1850 4447 firmata
1881 4395 2084 4465 gressi-

430 4479 494 4515 us
526 4478 649 4516 ince
693 4469 831 4517 eret.

430 4479 494 4515 us
526 4469 831 4517 incederet.

1122 4536 1247 4589 CAP.
1293 4536 1352 4587 V.

463 4622 602 4675 Cum
634 4638 766 4675 vero
810 4623 928 4692 jam
962 4623 1402 4677 decerneremus
1434 4624 1493 4677 in
1547 4625 1759 4689 locum,
1793 4624 1889 4678 ubi
1935 4641 2087 4678 nunc

394 4692 727 4757 adorantur,
763 4699 1085 4746 sanctorum
1134 4695 1338 4747 deduci
1369 4711 1631 4764 corpora,
1666 4696 1972 4749 multitudo
2005 4698 2086 4748 in-

391 4765 766 4836 numerabilis
814 4766 1093 4836 processit
1140 4767 1417 4817 mundare
1473 4768 1590 4819 vias
1636 4782 1740 4835 per
1794 4783 1933 4836 quas
1960 4768 2088 4818 reli-

433 4835 543 4888 uia:
577 4835 923 4888 deducendae
959 4838 1121 4905 erant
1164 4840 1502 4902 martyrum.
1545 4837 1685 4889 Cum
1722 4835 1897 4905 igitur
1928 4852 2083 4905 quae-

431 4922 523 4959 am
566 4907 951 4958 succideretur
986 4904 1174 4968 arbor,
1212 4905 1446 4975 quidam
1481 4922 1595 4958 non
1642 4904 1971 4975 praecavens
1999 4922 2089 4959 ca-

393 4993 543 5041 sum,
578 4977 780 5029 cecidit
810 4990 981 5044 super
1012 4989 1161 5026 eum.
1196 4974 1338 5045 Cum
1376 4976 1566 5043 itaque
1594 4974 1894 5045 putaretur
1933 4993 2088 5029 mor-

393 5054 546 5115 tuus,
583 5053 772 5100 amota
798 5046 1021 5115 arbore,
1055 5049 1117 5097 ut
1147 5044 1451 5107 credimus,
1486 5044 1835 5100 orationibus
1863 5054 2085 5100 sancto-

391 5134 519 5172 rum
581 5119 658 5170 ita
710 5114 1015 5170 incolumis
1055 5120 1315 5184 repertus
1347 5118 1430 5167 est
1460 5131 1523 5168 ac
1556 5116 1601 5168 si
1645 5117 1723 5169 nil
1756 5117 2085 5187 pertulisset

392 5188 664 5243 lmsionis.

1121 5255 1247 5309 CAP.
1287 5256 1374 5307 VI.

454 5330 586 5383 'Jam
632 5345 766 5383 vero
825 5326 1127 5383 tumulatis
1180 5327 1365 5381 beatis
1421 5325 1789 5396 martyribus,
1853 5328 2086 5398 quidam

464 5460 488 5485 ⁸
522 5452 698 5523 Ιείεδῑ
754 5453 983 5523 Tbegan
1043 5469 1143 5507 seu
1198 5453 1406 5521 Tegan,
1470 5450 1907 5523 chorepisﬁcopus
1953 5455 2085 5507 Tre-

392 5520 654 5588 virensis,
705 5520 1165 5591 cujus'habetur
1221 5520 1457 5577 historia
1487 5523 1556 5576 de
1599 5522 1770 5590 gestis
1802 5520 2087 5577 Ludovici

391 5592 657 5662 Augusti,
685 5594 936 5647 carmine
976 5596 1241 5649 laudatus
1280 5612 1308 5648 a
1362 5592 1671 5648 Walafrido
1720 5592 1941 5651 Strabo.
1985 5594 2086 5663 qui

2195 4397 2385 4454 secum
2437 4387 2737 4452 pergeret;
2799 4384 2947 4436 illae
3004 4390 3199 4437 contra
3250 4391 3553 4454 aspernata
3608 4385 3760 4446 dixit,
3810 4394 3857 4431 se

2194 4453 2387 4522 potius
2416 4454 2485 4505 ad
2516 4470 2690 4523 opera
2735 4470 2836 4506 sua
2884 4470 3143 4524 pergere,
3187 4453 3329 4507 nam’
3367 4472 3484 4509 non
3537 4472 3655 4508 esse
3685 4465 3854 4524 verum

2194 4520 2349 4594 quod
2385 4520 2923 4594 fama—vulgaverat.
2982 4520 3080 4579 Ille
3129 4527 3364 4595 quidem
3410 4532 3654 4596 emptam
3710 4520 3855 4596 perﬁ-

2194 4593 2348 4647 ciens
2381 4593 2752 4659 voluntatem,
2793 4596 2891 4648 illa
2939 4612 3072 4649 vero
3120 4593 3177 4649 in
3205 4614 3308 4649 sua
3340 4593 3578 4651 manens
3625 4593 3854 4666 perﬁdia,

2194 4666 2423 4740 cumgad
2475 4668 2663 4740 locum
2708 4675 3044 4736 properaret
3075 4667 3446 4740 destinatum,
3494 4685 3640 4737 equo
3669 4666 3857 4740 dejecta

2192 4736 2489 4789 brachium
2522 4735 2720 4806 fregit,
2743 4743 2802 4790 ut
2831 4739 3103 4791 hactenus
3135 4738 3215 4791 ita
3246 4756 3483 4792 manens
3518 4735 3674 4793 nulla
3706 4735 3856 4806 possit

2195 4808 2480 4860 medicina
2511 4810 2717 4861 curari.

2891 4890 3018 4943 CAP.
3060 4890 3197 4942 XIII.

2266 4974 2504 5036 Quidam
2536 4978 2814 5048 puerulus
2840 4977 2919 5030 ita
2956 4978 3190 5031 claudus
3224 4977 3294 5031 ab
3329 4982 3489 5031 utero
3526 4974 3730 5030 exstitit
3756 4986 3854 5048 ma-

2195 5044 2315 5108 tris,
2351 5050 2416 5120 ut
2440 5046 2705 5120 nativitas
2733 5064 2995 5116 gressum
3030 5054 3284 5117 negaret.
3331 5049 3429 5101 Hic
3465 5064 3593 5101 cum
3636 5044 3858 5120 humeris

2194 5114 2394 5186 matris
2437 5116 2546 5169 ﬁde
2602 5118 2668 5170 ad
2722 5114 3013 5172 tumulum
3064 5114 3364 5172 tolleretur
3410 5124 3747 5177 sanctorum,
3793 5114 3854 5186 il?

2195 5185 2569 5258 sanctissimis
2625 5196 2943 5258 martyrum
2993 5191 3209 5243 meritis
3251 5194 3484 5242 sanatus
3537 5194 3637 5250 est.
3688 5193 3745 5239 ut
3773 5185 3854 5252 qui

2195 5256 2429 5332 alterius
2483 5264 2735 5332 gestatus
2779 5256 3022 5314 venerat
3081 5261 3391 5332 gressibus,
3438 5259 3679 5331 propriis
3722 5268 3854 5309 reve-

2193 5331 2316 5378 ctus
2341 5332 2584 5382 matrem
2616 5330 3081 5401 subsequeretur.

2194 5449 2449 5518 ejusdem
2478 5451 2804 5507 meminisse
2835 5454 3062 5507 videtur
3088 5454 3148 5507 in
3171 5454 3283 5507 alio
3315 5454 3565 5508 carmine
3595 5452 3659 5506 ad
3686 5450 3851 5517 Altge-

2194 5536 2343 5585 rum,
2379 5525 2723 5577 monachum
2756 5524 3238 5595 Elewaugensem.
