4038 6174
156 230 245 278 677
1092 227 1525 285 TRANSLATIO
1565 234 1659 288 SS.
1705 233 1833 289 MM.
1882 235 2265 293 CHRYSANTI
2308 238 2391 292 ET
2432 239 2682 294 DARMC.

832 356 960 410 CAP.
1002 358 1132 412 XlV.

214 443 479 506 Quadam
526 445 834 518 itemgcum
896 461 1131 500 manum
1190 453 1362 518 atque
1410 450 1705 505 brachium
1752 452 1829 506 ita

149 515 434 567 incurvum
480 532 546 565 ac
593 516 1078 593 debilehaberet,
1130 523 1191 570 ut
1224 515 1409 589 neque
1452 522 1518 574 ad
1556 539 1617 575 os
1659 525 1829 593 quid-

151 601 308 654 quam
351 602 417 637 eo
466 587 744 662 potuisset
774 587 1075 662 deducere,
1124 606 1253 642 cum
1286 587 1418 644 ante
1461 587 1829 662 sepulchrum

148 664 452 725 martyrum
496 657 591 709 diu
641 660 927 725 prostrata
968 660 1202 727 jaceret,
1266 664 1496 715 tandem
1526 657 1830 718 'orationi-

148 727 462 801 busgeorum
495 727 677 798 pridie
711 730 1035 783 Palmarum
1068 731 1159 784 die
1190 733 1445 801 pristinae
1493 736 1714 789 reddita
1745 742 1830 790 est

149 798 383 850 sanitati.

848 872 974 925 CAP.
1012 873 1117 925 XV.

210 958 503 1035 Redeunte
544 964 803 1035 tempore
834 976 951 1035 quo
993 962 1454 1035 beatissimorum
1511 970 1827 1035 martyrum

146 1044 371 1097 corpora
398 1029 459 1102 in
491 1030 703 1089 locum,
748 1031 846 1083 ubi
876 1047 1027 1083 nunc
1077 1034 1412 1095 adorantur,
1458 1029 1825 1102 delata'sunt,

148 1116 265 1151 cum
319 1100 621 1153 celebritas
684 1102 1062 1155 anniversarii
1116 1105 1449 1158 immineret
1499 1108 1633 1168 diei,
1681 1100 1831 1161 inter

148 1171 516 1244 frequentiam
563 1172 946 1244 multitudinis
978 1190 1105 1243 quae
1144 1192 1287 1244 pene
1322 1177 1455 1229 illuc
1487 1179 1829 1232 innumera-

150 1241 266 1293 bilis
292 1246 446 1315 tunc‘
473 1242 826 1315 accurrebat,
878 1241 1117 1314 contigit
1144 1241 1455 1315 quamdam
1490 1248 1764 1302 feminam
1797 1266 1829 1302 a

152 1312 768 1389 pa‘go_Tu_lpaciense__[
830 1316 877 1379 Γ.
946 1312 1334 1389 Τμῷἱειὲεηεε]
1422 1335 1487 1371 ex
1550 1320 1827 1373 beneficio

153 1383 325 1435 0drici
374 1384 669 1461 advenire".
721 1385 847 1437 Haec
894 1383 1122 1461 unicam
1158 1383 1334 1461 filiam
1358 1389 1478 1457 jam
1511 1390 1830 1461 quinquen-

154 1468 291 1527 nem,
342 1454 601 1527 nomine
632 1455 1060 1527 Ermenradam,
1122 1460 1284 1527 cujus
1325 1454 1829 1515 oculos-caecitatis

154 1525 446 1577 obduxerat
497 1526 703 1593 caligo,
757 1526 989 1592 habens,
1023 1525 1236 1582 doloris
1275 1536 1397 1583 acta
1444 1533 1707 1596 stimulis,
1744 1551 1827 1583 se-

152 1610 266 1646 cum
298 1596 516 1647 meritis
553 1596 986 1650 illiimiuandam
1013 1606 1340 1654 sanctorum
1382 1602 1581 1655 devote
1615 1605 1825 1656 attulit.

154 1665 274 1728 Quae
304 1682 430 1718 cum
459 1682 491 1717 a
524 1668 852 1719 custodibus
890 1676 1126 1736 peteret,
1160 1677 1223 1723 ut
1263 1673 1319 1724 in
1356 1674 1548 1738 aliquo
1582 1675 1830 1727 ecclesiae

152 1738 263 1788 loco
309 1738 649 1813 suffragium
693 1741 1084 1813 priestolatura
1124 1751 1451 1796 sanctorum
1496 1753 1827 1813 poneretur,

152 1808 415 1874 permissa
451 1816 540 1859 est
581 1809 638 1860 in
671 1810 878 1883 angulo
913 1815 1144 1879 cryptre,
1199 1815 1291 1865 ubi
1324 1817 1389 1866 ad
1422 1808 1593 1883 pedes
1630 1808 1828 1868 adora¥

156 1890 237 1929 tur
280 1886 627 1956 sanctorum,
662 1896 785 1931 eam
819 1881 1127 1956 deponere.
1163 1881 1436 1954 Deposita
1466 1888 1657 1956 itaque
1702 1903 1831 1940 cum

155 1955 262 2000 tota
294 1949 380 2001 die
413 1951 512 2025 illa
546 1957 601 2002 et
649 1957 813 2025 nocte
845 1949 907 2003 ac
939 1952 983 2004 si
1024 1954 1210 2021 rigida
1244 1949 1829 2025 immoliilis'jaceret,

156 2035 210 2069 ac
238 2022 582 2073 matutinum
624 2022 1010 2075 celebraretur
1050 2026 1324 2091 officium,
1358 2033 1413 2079 et
1440 2044 1548 2080 nox
1594 2022 1708 2081 diei
1738 2046 1832 2081 se-

157 2092 365 2168 quentis
399 2092 564 2169 daret
591 2092 820 2144 initium
848 2110 860 2158 ;
897 2094 1095 2169 subito_
1115 2098 1294 2169 virtus
1337 2098 1529 2151 divina
1572 2116 1673 2169 per
1704 2116 1831 2152 ora-

157 2164 323 2239 tiones
362 2163 552 2239 adfuit
596 2170 1038 2239 sanctorumket
1086 2167 1319 2220 luminis
1363 2163 1589 2238 recepto
1638 2171 1834 2239 vigore

158 2232 294 2299 quod
321 2248 419 2301 per
450 2234 770 2310 triennium
807 2236 925 2310 sibi
946 2235 1290 2305 denegatum
1324 2232 1522 2293 omnes
1554 2232 1833 2310 cognbve-

160 2310 291 2367 rant,
338 2304 512 2372 c<epit
567 2320 849 2379 respicere
883 2307 1050 2360 clare.
1100 2304 1212 2361 lloc
1252 2310 1445 2379 itaque
1496 2304 1834 2365 mira'culum

159 2388 271 2451 cum
303 2390 400 2442 per
425 2375 703 2452 omnium
723 2384 976 2452 curreret
1002 2394 1122 2443 ora,
1156 2385 1209 2432 et
1240 2375 1483 2435 Domino
1515 2384 1835 2452 sanctisque

161 2443 267 2517 ejus
300 2447 647 2513 martyribus
693 2447 890 2499 laudes
931 2449 1263 2517 clamarent,
1306 2453 1484 2505 voluit
1518 2455 1689 2506 etiam
1727 2443 1833 2506 Do-

161 2516 333 2587 minus
361 2517 630 2569 fidelibus
671 2518 897 2587 populis
933 2520 1222 2587 geminato
1253 2516 1535 2576 miraculo
1580 2526 1834 2577 laetitiam

161 2586 432 2650 geminare
461 2586 815 2660 rspiritalem,
868 2586 1181 2660 quantique
1233 2600 1419 2647 essent
1466 2597 1644 2648 sancti
1686 2612 1838 2649 mar-

161 2663 295 2724 tyres
326 2659 471 2726 apud
507 2674 641 2711 eum
672 2660 860 2711 meriti
886 2659 1205 2716 ostendere.

840 2749 966 2801 Car.
1008 2751 1143 2803 XVI.

223 2834 350 2887 Nam
384 2836 650 2904 quaedam
691 2838 906 2890 femina
946 2840 1179 2892 nomine
1213 2842 1499 2907 Bertrada,
1535 2860 1597 2896 ex
1626 2846 1838 2899 familia

160 2903 293 2957 beati
347 2903 660 2981 Maximini,
719 2909 787 2961 de
838 2910 970 2981 villa
1026 2918 1393 2981 nuncupante
1458 2903 1834 2981 chiseslm’m,

162 2992 274 3050 cum
319 2978 497 3050 nimia
547 2984 906 3048 premeretur
954 2978 1365 3050 imbecillitate,
1412 2986 1489 3038 ita
1533 2978 1596 3037 iit
1643 2978 1831 3039 nervis

164 3047 359 3099 siccatis
431 3047 723 3102 contracta
782 3057 839 3103 et
898 3051 1099 3104 debilis
1168 3047 1434 3107 omnibus
1499 3058 1834 3111 redderetur

164 3119 412 3171 membris
462 3122 705 3173 audiens
748 3127 1072 3176 sanctorum
1125 3124 1415 3189 virtutem,
1462 3128 1531 3180 ad
1582 3127 1729 3181 hanc
1780 3135 1837 3182 et

165 3190 400 3242 eamdem
454 3192 846 3244 celebritatem
909 3210 1005 3262 spe
1069 3195 1323 3247 sanitatis
1382 3214 1502 3250 sese
1557 3200 1832 3253 contulit:

166 3275 277 3335 qua:
327 3278 453 3313 cum
514 3262 720 3314 devota
770 3270 1086 3333 martyrum
1146 3266 1484 3335 imploraret
1537 3271 1834 3335 auxilium,

166 3333 610 3406 obtentueorum
643 3336 851 3386 meruit
892 3333 1429 3406 sanitatemfIgitur
1462 3356 1591 3392 cum
1634 3333 1837 3393 missaé

165 3416 278 3474 rum
322 3404 629 3455 celebratio
678 3411 1066 3474 perageretur,
1132 3404 1457 3461 sanctorum
1507 3412 1557 3463 ei
1608 3412 1839 3465 advenit

166 3473 354 3544 virtus:
410 3481 464 3526 et
514 3490 642 3544 quae
696 3473 986 3529 contracta
1034 3482 1088 3529 et
1136 3479 1339 3531 debilis
1390 3481 1631 3534 aliorum
1684 3484 1839 3536 venit

166 3542 549 3619 adminiculo,_
597 3547 842 3615 propriis
902 3548 1126 3602 firmata
1186 3550 1472 3619 gressibus
1543 3553 1711 3607 rediit
1766 3555 1834 3607 ad

167 3615 392 3684 propria.

828 3689 955 3743 CAP.
995 3691 1153 3744 XVII.

230 3775 348 3853 Fuit
372 3776 514 3853 item
545 3777 605 3830 in
641 3777 785 3853 vico,
820 3778 925 3853 qui
950 3778 1240 3853 Sinciacus
1271 3786 1654 3850 nuncupatur,
1688 3800 1841 3853 qua!-

166 3843 282 3917 dam
326 3849 560 3908 femina,
608 3843 855 3902 nomine
892 3851 1249 3917 Gaminildis,
1302 3868 1367 3905 ex
1414 3843 1840 3908 familia'sancti

166 3914 317 3983 Petri,
347 3920 510 3989 cujus
542 3919 710 3972 facies
754 3920 813 3973 in
857 3925 1079 3973 tantum
1125 3914 1245 3975 erat
1291 3924 1627 3989 deformata,
1660 3932 1719 3978 ut
1752 3927 1839 3978 in-

167 3988 435 4042 tuentibus
470 4007 586 4043 non
636 4006 875 4059 parvum
910 3992 1209 4045 horrorem
1259 3994 1557 4048 incuteret.
1607 3988 1715 4050 Ore
1764 3998 1838 4049 si-

168 4058 381 4124 quidem
425 4058 744 4136 aduaurem
790 4078 970 4131 prope
1016 4068 1273 4117 contorto
1322 4067 1615 4136 oculisque
1664 4073 1841 4121 trans-

167 4142 310 4204 versa
340 4132 654 4197 tuentibus,
686 4138 1003 4186 monstrum
1035 4136 1325 4204 quoddam
1356 4132 1665 4191 exstiterat.
1712 4140 1840 4192 Ilaec

168 4198 436 4277 dominam
471 4219 656 4277 suam,
703 4206 933 4277 nomine
966 4198 1345 4269 Heritrudem,
1393 4209 1731 4277 deprecatur
1770 4210 1840 4263 ad

170 4276 471 4326 sanctorum
536 4275 832 4326 ecclesiam
910 4284 1337 4345 properantem,
1410 4275 1482 4331 ut
1542 4280 1836 4333 candelam

171 4354 323 4408 quam
348 4345 423 4417 ad
468 4346 705 4398 modum
746 4345 945 4414 capitis
984 4347 1071 4398 sui
1108 4353 1166 4401 ut
1196 4364 1415 4417 pauper
1444 4350 1719 4410 effecerat,
1756 4368 1839 4404 se-
1878 4356 1920 4407 Ι)

170 4425 284 4463 cum
330 4415 612 4468 deferret:
647 4421 928 4485 quatenus
973 4433 1077 4485 per
1107 4415 1569 4474 intercessionem
1609 4427 1835 4474 sancto-

170 4495 283 4560 rum
323 4487 1071 4560 omnipotentismiseratio
1116 4490 1441 4543 subveniret
1472 4494 1591 4560 ejus
1637 4493 1837 4545 differ-

171 4555 355 4629 mitati.
411 4563 684 4629 Annuens
745 4558 978 4611 domina
1026 4561 1287 4627 precibus
1334 4555 1585 4629 famulae,
1648 4580 1836 4616 secum

172 4620 358 4702 detulit
404 4629 559 4697 quod
611 4628 794 4682 fuerat
838 4620 1141 4698 postulata.
1187 4634 1443 4701 Cumque
1492 4620 1837 4702 pervenisset

171 4694 229 4745 ad
284 4694 467 4773 locum
523 4694 1147 4761 sacratum—candelam
1198 4694 1366 4755 inter'
1391 4694 1573 4757 sacras
1618 4705 1839 4773 vigilias

170 4768 402 4845 accendit
432 4785 496 4821 ex
528 4786 707 4845 more.
751 4772 1029 4845 Continuo
1063 4773 1442 4826 miserabilem
1483 4776 1653 4843 longe
1677 4768 1837 4845 posi-

170 4836 490 4911 tam_virtus
532 4840 723 4893 divina
774 4843 1101 4911 respiciens,
1137 4860 1365 4897 omnem
1417 4836 1836 4898 deformitatem

169 4903 228 4956 ab
257 4907 370 4976 ejus
394 4910 629 4963 abstulit
656 4912 824 4964 facie:
854 4903 982 4965 nam
1017 4903 1240 4967 rediens
1269 4916 1502 4968 domina
1534 4917 1609 4969 ita
1640 4932 1838 4969 sanam

170 4980 363 5057 reperit
404 4983 561 5034 omni
609 4982 972 5057 deformitate
1019 4990 1326 5057 carentem,
1370 4993 1433 5039 ut
1465 5002 1568 5040 nec
1608 4989 1836 5057 signum

167 5048 231 5122 in
270 5048 400 5122 facie
448 5053 751 5122 praeteritae
802 5056 1143 5108 remanserit
1184 5048 1550 5112 infirmitatis.
1605 5048 1837 5113 Ge'stum

169 5120 241 5169 est
263 5124 313 5171 et
344 5120 463 5175 hoc'
479 5124 819 5178 miraculum
851 5127 942 5179 die
969 5128 1171 5179 natalis
1205 5143 1425 5181 eorum.

819 5214 946 5268 CAP.
990 5215 1172 5268 XVIII.

231 5295 379 5375 Alius
430 5299 684 5375 quidam,
752 5302 1130 5357 Freosbaldus
1187 5304 1443 5369 nomine,
1492 5305 1561 5359 de
1614 5308 1835 5371 Bunna,

172 5361 411 5444 pluribus
442 5361 591 5444 inter
638 5361 770 5425 suos
804 5378 1003 5427 auctus
1051 5376 1309 5444 pecuniis
1342 5361 1493 5439 (nam
1528 5361 1837 5430 instituen;

173 5434 564 5516 dis'mercibus
605 5460 836 5511 operam
890 5434 1100 5515 dabat),
1168 5434 1355 5499 valida
1404 5449 1838 5516 opprimebatur

174 5502 440 5587 debilitate
483 5502 893 5587 membrorum,
942 5517 1020 5569 ita
1062 5502 1125 5569 iit
1156 5518 1299 5570 nihil
1332 5502 1492 5571 aliud
1528 5519 1637 5571 nisi
1669 5536 1834 5587 para-

176 5572 354 5657 lyticus
399 5585 761 5657 crederetur:
796 5572 1008 5656 quippe
1039 5587 1212 5640 totius
1256 5590 1511 5657 corporis
1557 5572 1709 5643 bon‘a
1738 5591 1835 5643 de-

178 5650 385 5703 stitutus
444 5654 774 5721 valitudine,
812 5650 1215 5712 ministrorum
1264 5650 1454 5728 pot-ius
1482 5676 1655 5730 quam
1703 5677 1836 5731 pro-

3534 246 3639 301 678

1865 382 1906 432 Α
1939 366 2078 438 priis
2110 368 2374 421 utebatur
2423 368 2727 435 gressibus.
2781 370 2878 422 Hic
2920 370 3113 424 audita
3161 372 3367 427 virtute
3408 381 3631 429 sancto-

1943 455 2093 503 rum,
2127 456 2299 510 quam
2346 442 2703 493 orationibus
2745 442 2861 493 suis
2895 441 3323 497 infirmantibus
3370 448 3631 501 confere-

1941 511 2442 589 baiit,_i'ogavit_se
2470 513 2539 564 ad
2571 528 2775 589 eorum
2803 513 3093 589 deportari
3127 516 3487 583 memoriam,
3514 536 3630 589 quo

1943 587 2004 633 ut
2036 582 2181 659 aliis,
2216 584 2293 659 ita
2328 582 2435 659 sibi
2465 583 2722 635 sanitatis
2762 583 3386 659 impenderentopem.
3434 582 3630 659 Itaque

1942 668 2009 704 eo
2052 653 2307 706 vehiculo
2336 654 2698 722 deportatur;
2733 670 2884 718 nam,
2910 655 3055 707 sicut
3075 656 3211 720 dixi,
3239 653 3409 710 aliter
3438 653 3628 714 ven-ire

1941 724 2409 797 nequibat._Cum
2442 725 2614 797 igitur
2652 726 2789 797 votis
2836 726 3070 794 expletis
3115 728 3351 780 minime
3385 733 3626 797 petitum

1941 795 2209 847 sensisset
2246 794 2303 846 in
2338 812 2395 847 se
2431 795 2617 847 redire
2649 796 2921 863 vigorem,
2961 796 3093 849 fecit
3122 814 3178 849 se
3215 794 3629 855 unde—venerat

1942 866 2160 929 referri,
2212 866 2290 917 nil
2338 872 2529 919 tamen
2574 866 2642 918 de
2678 870 2886 919 virtute
2921 868 3228 936 desperans
3276 878 3622 937 sanctorum,

1940 952 2195 1005 congruo
2245 937 2453 989 iterum
2502 953 2829 989 reversurus
2876 943 3147 1007 tempore.
3201 940 3404 993 Verum
3446 945 3625 995 sancti

1942 1014 2219 1076 martyres
2245 1008 2415 1060 fidem
2449 1024 2563 1060 non
2600 1008 2761 1061 obliti
2798 1010 3130 1074 recedentis,
3166 1016 3228 1062 ut
3264 1013 3627 1066 ostenderent

1940 1094 1997 1129 se
2036 1094 2147 1129 non
2193 1078 2360 1131 modo
2406 1084 2729 1147 praesentes,
2765 1096 2962 1131 verum
2996 1080 3165 1132 etiam
3202 1082 3459 1134 absentes
3494 1100 3625 1136 ora-

1940 1149 2190 1200 tionibus
2240 1150 2354 1201 suis
2389 1165 2554 1218 posse
2592 1150 2807 1218 juvare,
2846 1151 2978 1203 huic
3025 1168 3253 1220 quoque
3285 1154 3491 1206 virtute
3534 1171 3625 1207 so-

1945 1220 2042 1271 lita
2090 1220 2287 1272 adesse
2339 1220 2561 1289 dignati
2593 1227 2743 1273 sunt.
2795 1222 2932 1274 Nam
2975 1222 3110 1274 dum
3154 1224 3351 1275 famuli
3385 1241 3512 1277 cum
3560 1242 3626 1277 eo

1942 1296 2175 1359 agerent
2206 1291 2332 1354 iter,
2366 1293 2541 1344 sensit
2570 1308 2723 1360 teger
2755 1294 2972 1344 meritis
3005 1297 3326 1345 sanctorum
3360 1295 3627 1348 virtutem

1942 1362 2152 1413 sensim
2210 1362 2316 1413 sibi
2369 1362 2656 1415 advenire.
2709 1363 2849 1415 Cum
2901 1364 3078 1432 igitur
3129 1365 3479 1433 pervenisset
3526 1368 3627 1419 do-

1943 1448 2122 1495 mum,
2183 1438 2354 1502 atque
2422 1434 2729 1499 gesmtorio
2792 1435 3199 1503 deponeretur,
3262 1437 3337 1487 ita
3390 1437 3630 1489 firmatis

1941 1504 2227 1567 gressibus
2268 1505 2650 1573 omnibusque
2689 1505 2944 1573 corporis
2975 1506 3247 1557 membris
3278 1509 3447 1575 ca-pit
3477 1508 3629 1560 ince-

1943 1579 2097 1635 dere,
2126 1580 2189 1625 ut
2220 1575 2317 1642 qui
2345 1576 2637 1644 quondam
2670 1576 2893 1627 diutino
2925 1578 3234 1629 tabefactus
3266 1579 3468 1630 morbo
3502 1579 3630 1630 inu-

1872 1656 1910 1708 Β
1942 1645 2056 1717 tilis
2081 1651 2357 1712 jacuerat,
2401 1646 2467 1697 ad
2504 1646 2697 1697 omnia
2733 1662 2963 1714 prorsus
3001 1648 3271 1716 suffragio
3313 1655 3630 1717 martyrum

1942 1715 2097 1767 utilis
2121 1716 2477 1769 redderetur.
2506 1717 2699 1785 Itaque
2725 1718 2960 1769 laudans
2984 1724 3035 1770 et
3065 1720 3402 1771 benedicens
3429 1715 3628 1781 Deum,

1941 1787 2039 1854 qui
2083 1802 2186 1859 per
2230 1795 2453 1859 sanctos
2502 1804 2633 1839 suos
2682 1788 2980 1839 sanitatem
3021 1790 3127 1840 sibi
3174 1790 3359 1842 divine
3405 1797 3626 1859 gratam

1941 1858 2203 1923 contulit,
2229 1857 2502 1910 hactenus
2539 1859 2746 1911 virtute
2777 1860 2956 1927 potita
2989 1860 3216 1914 fruitur.

2640 1949 2765 1999 CAP.
2809 1948 2937 2000 XIX.

2012 2015 2141 2069 Fuit
2185 2016 2419 2086 quidam
2472 2018 2641 2070 homo
2677 2017 2811 2070 item
2856 2034 2919 2070 ex
2968 2019 3183 2071 familia
3227 2019 3404 2071 sancti
3453 2018 3627 2083 Petri,

1942 2089 2173 2139 nomine
2217 2089 2529 2157 Daguinus,
2578 2090 2634 2140 in
2684 2089 2817 2140 villa
2859 2105 2986 2158 quae
3036 2096 3269 2141 vocatur
3320 2090 3627 2155 Albiniaca,

1944 2174 2113 2225 quem
2148 2160 2343 2211 eodem
2390 2176 2538 2212 anno
2582 2176 2694 2228 quo
2734 2172 2929 2213 sancta
2977 2168 3109 2212 sunt
3151 2177 3391 2229 corpora
3435 2168 3628 2213 tumu-

1945 2230 2073 2295 lata,
2112 2230 2188 2282 ita
2220 2231 2462 2299 contigit
2501 2230 2655 2283 tibiis
2704 2231 2984 2295 contrahi,
3036 2237 3099 2283 ut
3150 2238 3378 2299 penitus
3424 2233 3629 2284 ambu-

1945 2301 2061 2351 lare
2108 2317 2220 2353 iion
2268 2307 2483 2369 posset,
2546 2302 2643 2353 sed
2699 2302 2940 2370 genibus
2984 2307 3038 2354 et
3092 2304 3354 2355 manibus
3406 2306 3633 2371 reperet

1946 2371 2182 2423 claudus
2227 2376 2344 2423 toto
2392 2388 2736 2441 permanens
2787 2389 2954 2425 anno.
3004 2374 3103 2426 llic
3150 2375 3218 2426 ad
3269 2374 3453 2425 locum
3503 2390 3632 2425 sau-

1944 2448 2095 2494 etum
2128 2458 2287 2495 carro
2316 2443 2597 2505 devectus,
2632 2459 2731 2512 per
2762 2444 3014 2496 triduum
3062 2460 3181 2495 sese
3214 2446 3487 2512 reptando
3531 2460 3634 2512 per

1946 2512 2237 2565 ecclesiam
2272 2514 2463 2577 traxit,
2515 2515 2571 2565 in
2604 2522 2797 2583 crypta
2841 2530 2989 2583 saepe
3038 2516 3290 2567 residens
3320 2515 3470 2582 apud
3502 2531 3631 2566 san-

1946 2590 2165 2636 ctorum
2205 2586 2561 2637 memoriam.
2607 2588 2862 2654 Cumque
2895 2591 3055 2637 nocte
3096 2593 3297 2654 quarta
3339 2586 3634 2638 nocturnis

1945 2655 2183 2723 pulsatis
2220 2656 2420 2707 solitus
2459 2656 2695 2720 adforet,
2737 2656 2913 2708 finitis
2947 2658 3047 2719 eis,
3082 2674 3114 2707 a
3143 2660 3373 2708 custode
3400 2657 3636 2725 jubetur

1946 2726 2017 2777 ad
2080 2727 2279 2778 horam
2346 2727 2581 2778 ecclesia
2642 2729 2922 2779 secedere.
2968 2727 3066 2781 Ille
3098 2728 3454 2796 jussioniliiis
3513 2729 3635 2795 ejus

1948 2799 2348 2866 obtemperans
2371 2798 2537 2850 traxit
2569 2813 2625 2849 se
2662 2799 2719 2849 in
2746 2798 3091 2850 vestibulum
3124 2800 3392 2850 ecclesim.
3428 2798 3633 2850 Verum

1949 2867 2126 2919 nimio
2172 2874 2341 2919 vento
2388 2868 2465 2920 ibi
2502 2868 2693 2920 sedere
2743 2870 3087 2937 prohibitus,
3124 2871 3179 2921 in
3214 2870 3383 2921 aliam
3416 2884 3472 2920 se
3500 2884 3631 2920 con-

1946 2939 2077 2989 tulit
2117 2940 2419 3006 porticum,
2468 2939 2769 2991 ducentem
2818 2955 2921 3007 per
2959 2941 3254 2991 ecclesiam
3299 2941 3367 2992 ad
3412 2955 3635 3008 paupe-

1873 3003 1911 3056 C
1947 3024 2073 3060 rum
2106 3003 2405 3078 hospitale,
2458 3016 2514 3061 et
2558 3011 2616 3061 in
2648 3010 2770 3077 ipso
2810 3003 2867 3062 se
2906 3010 3146 3078 projecit
3194 3003 3431 3062 introitu
3463 3003 3636 3063 eccle-

1945 3079 2064 3131 site.
2104 3080 2202 3131 Ubi
2242 3096 2371 3131 cum
2414 3080 2745 3148 aliquandiu
2782 3082 3072 3148 jacuisset,
3109 3081 3269 3141 vidit,
3303 3086 3363 3133 ut
3400 3082 3519 3149 ipse
3554 3096 3636 3131 re-

1946 3151 2182 3211 ferebat,
2233 3151 2376 3202 diios
2418 3151 2635 3202 albatos
2677 3167 2888 3219 pueros
2935 3152 3179 3203 nimium
3228 3154 3461 3202 decoros
3512 3166 3637 3220 per-

1948 3221 2096 3273 idem
2140 3222 2345 3272 ostium
2389 3237 2644 3287 egressos
2685 3238 2874 3273 versus
2915 3222 3145 3274 domum
3187 3221 3473 3290 hospitum
3514 3236 3638 3289 per-

1946 3308 2114 3360 gere;
2153 3292 2246 3343 ubi
2291 3309 2490 3360 parum
2541 3294 2879 3344 commorati
2921 3309 3023 3361 per
3063 3293 3320 3345 eamdem
3356 3292 3637 3360 porticum

1948 3364 2261 3426 redierunt,
2296 3371 2350 3415 et
2398 3363 2693 3415 ecclesiam
2744 3364 3019 3415 intrantes
3071 3380 3218 3415 unus
3264 3378 3463 3415 eorum
3515 3364 3639 3431 ejus

1948 3434 2255 3486 humerum
2305 3434 2507 3503 tetigit,
2558 3434 2724 3503 eique
2776 3435 2947 3487 dixit:
2982 3436 3179 3503 Surge,
3232 3434 3366 3502 quia
3408 3443 3638 3485 sanatus

1952 3520 2030 3565 es,
2069 3510 2124 3556 et
2147 3505 2283 3556 vade
2317 3507 2383 3557 ad
2418 3506 2791 3559 mansionem.
2830 3507 2925 3558 Ille
2960 3510 3231 3558 continuo
3263 3521 3434 3557 sanus
3464 3504 3639 3573 evigi-

1950 3576 2091 3639 lans,
2122 3574 2317 3627 laudes
2345 3580 2401 3628 et
2448 3576 2658 3643 gratias
2708 3577 2825 3645 egit
2877 3578 3010 3641 Deo,
3047 3577 3143 3646 qui
3196 3592 3328 3628 eum
3378 3591 3479 3645 per
3509 3591 3637 3627 san-

1947 3656 2064 3698 ctos
2098 3662 2226 3698 suos
2253 3647 2331 3698 ita
2377 3647 2677 3711 curaverit,
2719 3654 2784 3699 ut
2824 3648 3084 3700 vehiculo
3131 3648 3361 3699 veniens
3408 3646 3638 3699 sedibus

1948 3717 2194 3786 propriis
2224 3717 2293 3769 ad
2325 3733 2487 3769 suam
2518 3718 2754 3771 domum
2781 3721 3112 3787 perrexerit.

2655 3806 2783 3858 CAP.
2825 3807 2928 3858 XX.

2021 3875 2150 3927 Erat
2180 3874 2412 3945 quidam
2446 3877 2722 3945 puerulus
2752 3892 2813 3929 ex
2860 3876 3074 3929 familia
3105 3875 3255 3928 beati
3294 3876 3462 3941 Petri,
3508 3875 3639 3929 novi

1949 3946 2163 3999 scilicet
2203 3948 2555 4010 monasterii,
2595 3947 2916 4000 Berefridus
2956 3948 3210 4011 nomine,
3244 3948 3405 4014 cujus
3444 3947 3638 3999 oculos

1948 4018 2028 4069 ita
2082 4018 2349 4069 caecitatis
2414 4020 2729 4087 repleverat
2780 4018 2982 4085 caligo,
3030 4022 3091 4071 iit
3139 4018 3376 4069 omnino
3431 4021 3636 4085 negato

1949 4088 2166 4141 lumine
2208 4089 2379 4141 ductu
2423 4096 2719 4158 regeretur
2763 4090 3014 4142 alterius.
3060 4089 3402 4142 Adveniente
3444 4089 3637 4157 itaque

1956 4158 2263 4211 Dominicaa
2292 4160 2600 4212 nativitatis
2623 4160 2732 4225 die,
2766 4161 2946 4212 visum
2967 4165 3053 4212 est
3081 4160 3226 4228 patri
3252 4159 3394 4227 ejus,
3428 4159 3548 4228 qui,
3574 4163 3638 4210 ut

1950 4230 2122 4296 filius,
2161 4232 2482 4283 Berefridus
2517 4231 2838 4291 vocabatur,
2874 4238 3158 4300 quatenus
3189 4230 3257 4282 ad
3300 4230 3636 4281 memoriam

1949 4301 2392 4353 clarissimorum
2453 4302 2829 4355 deduceretur
2876 4307 3223 4355 sanctorum.
3270 4301 3409 4354 Cum
3462 4300 3638 4367 igitur

1947 4372 2242 4424 adveniret
2290 4379 2536 4441 tempus,
2570 4390 2682 4443 quo
2716 4374 2783 4426 de
2817 4389 2971 4425 more
3018 4374 3228 4441 vigilia:
3279 4373 3637 4425 celebraban-

1949 4447 2042 4493 tur
2082 4447 2400 4507 nocturnae,
2431 4444 2723 4511 depositus
2750 4448 2833 4495 est
2863 4444 2919 4495 in
2948 4450 3143 4513 crypta
3171 4444 3239 4496 ad
3276 4444 3446 4512 pedes
3480 4458 3634 4495 mar-

1949 4519 2158 4580 tyrum,
2204 4514 2637 4580 praestolaturus
2686 4514 2895 4566 ibidem
2944 4531 3046 4583 per
3084 4516 3366 4567 orationes
3411 4518 3635 4566 sancto-

1950 4598 2074 4634 rum
2112 4584 2337 4635 Domini
2364 4583 2671 4635 Salvatoris
2702 4584 2991 4636 virtutem.
3030 4586 3273 4653 Expletis
3305 4585 3516 4637 ibidem
3548 4584 3634 4635 vi-

1948 4654 2099 4721 giliis
2135 4653 2285 4705 idem
2320 4669 2460 4725 puer
2491 4655 2558 4706 ad
2594 4656 2873 4722 hospitale
2911 4658 3122 4707 relatus
3168 4660 3252 4707 est
3290 4670 3631 4725 pauperum,

1948 4725 2156 4777 iterum
2191 4740 2356 4776 mane
2378 4724 2524 4776 facto
2558 4725 2624 4776 ad
2654 4726 2937 4777 tumulum
2971 4725 3121 4777 bona
3152 4743 3249 4795 spe
3284 4724 3632 4778 reversurus.

1947 4795 2051 4847 Sed
2087 4795 2473 4848 misericordia
2500 4795 2722 4847 Domini
2764 4795 3158 4865 Redemptoris
3189 4797 3474 4865 suffragiis
3505 4812 3632 4848 san-

1947 4872 2168 4918 ctorum
2220 4871 2535 4936 martyrum
2568 4866 2890 4935 inopinanti
2929 4867 2985 4918 in
3036 4867 3160 4919 loco
3194 4867 3371 4919 adfuit
3403 4866 3633 4936 quietis,

1949 4938 2088 4989 Nam
2149 4953 2278 4989 cum
2333 4937 2423 4990 die
2480 4937 2625 4989 facto
2679 4953 2707 4988 e
2752 4938 2892 4988 lecto
2946 4942 3296 5005 exsurgeret,
3333 4938 3412 4989 ita
3464 4937 3636 5005 coepit

1948 5010 2140 5060 omnia
2182 5009 2317 5061 dare
2365 5008 2667 5077 inspicere,
2711 5012 2773 5059 ut
2809 5006 3089 5061 inoffenso
3130 5023 3327 5077 gressu
3367 5009 3635 5059 omnibus

1946 5079 2381 5147 inspicientibus
2428 5079 2499 5132 ad
2549 5078 2841 5131 basilicam
2893 5083 3227 5148 properaret
3282 5084 3631 5142 sanctorum,

1948 5151 2159 5219 gratias
2190 5151 2273 5202 illi
2303 5165 2498 5219 agens,
2544 5150 2644 5219 qui
2675 5166 2741 5201 ea
2783 5150 2872 5202 die
2912 5156 3139 5202 exortus
3180 5154 3265 5202 est
3295 5148 3352 5201 in
3385 5148 3634 5201 tenebris

1946 5221 2114 5273 rectis
2143 5222 2330 5285 corde,
2366 5220 2466 5290 qui
2496 5221 2667 5273 etiam
2698 5220 2914 5273 meritis
2945 5220 3279 5274 eorumdem
3306 5227 3633 5272 sanctorum

1946 5292 2130 5344 visum
2164 5298 2454 5345 meruerat
2484 5292 2739 5361 recipere
2770 5292 3085 5345 oculorum.

2643 5380 2769 5434 CAP.
2802 5381 2930 5433 XXI.

2020 5450 2141 5502 Non
2174 5450 2341 5517 longe
2372 5466 2405 5502 a
2432 5451 2782 5520 possessione
2824 5450 3143 5519 praestructi
3185 5448 3519 5503 monasterii
3552 5452 3636 5502 est

1947 5520 2080 5573 villa
2111 5522 2395 5590 quaedam,
2430 5538 2603 5591 quam
2635 5522 2945 5591 antiquitas
2977 5522 3290 5575 Tabernam
3328 5521 3509 5573 voluit
3534 5537 3635 5590 ap-

1944 5592 2177 5661 pellare.
2216 5593 2276 5645 In
2323 5608 2389 5644 ea
2420 5593 2652 5662 quidam
2703 5598 2824 5645 erat
2854 5594 3046 5655 homo,
3080 5594 3316 5646 nomine
3366 5591 3631 5662 Alvodus.

1948 5663 2124 5732 Hujus
2158 5664 2349 5732 itaque
2380 5661 2661 5731 aegritudo
2690 5664 2967 5734 paralysis
2998 5665 3076 5717 ita
3106 5668 3290 5718 totum
3320 5661 3427 5716 sibi
3456 5661 3635 5714 vindi-
