4044 6174
393 224 496 280 679

1578 218 1922 276 APPENDIX
1952 215 2053 275 'AD
2093 219 2700 279 WANDALBERTUM.
3738 231 3822 287 680

399 365 622 414 caverat
642 375 866 429 corpus,
894 363 954 412 ut
972 356 1430 431 pene,omnibus
1453 357 2081 431 dissolutusmembris.
2124 361 2170 413 Α
2197 365 2434 414 tuerunt
2463 359 2818 431 propinquos
2845 363 2900 414 et
2932 358 3129 415 affines
3155 359 3226 415 ad
3261 362 3583 417 memoriam
3609 381 3692 418 eas
3715 365 3826 420 bea-

400 432 495 484 vix
522 437 736 484 tactum
770 436 1060 499 pateretur
1088 429 1353 480 aliorum.
1389 429 1472 483 Ad
1506 429 1944 483 similitudinem
1979 430 2091 498 igi—

402 508 494 555 tur
517 503 669 555 illius
697 501 1008 569 evangelici
1039 500 1358 569 paralytici,
1400 501 1549 552 inter
1577 516 1780 552 manus
1813 501 2090 554 deductus

401 572 823 633 famulantium,
867 572 935 628 ad
983 576 1316 624 memoriam
1367 570 1664 623 devehitur
1720 579 2085 624 sanctorum:

403 660 572 713 quem
606 643 667 694 in
708 643 866 695 brevi
899 647 1172 713 tempore
1219 641 1490 710 suffragio
1534 646 1848 711 martyrum
1895 643 1971 694 ita
2011 643 2089 695 di-

402 712 530 766 vina
557 712 1052 782 reparavitpietas,
1081 719 1140 764 ut
1170 713 1422 765 solidatis
1453 714 1725 765 membris
1756 717 1822 766 ad
1857 712 2089 782 propria

403 785 659 836 exultans
701 789 758 836 et
803 783 1144 836 benedicens
1189 783 1368 836 Deum
1399 783 1490 836 sui
1536 789 1947 854 reportaretur,
1992 786 2089 854 qui

400 855 642 908 aliorum
679 860 910 908 venerat
941 854 1248 924 gressibus.

1081 943 1208 996 CAP.
1249 943 1405 997 XXII.

472 1031 632 1086 Alius
660 1031 794 1084 item
837 1030 905 1084 de
937 1030 1133 1084 eadem
1169 1030 1318 1095 villa,
1368 1029 1601 1084 nomine
1648 1029 1940 1095 Hibaldus,
1974 1029 2092 1101 pri-

400 1104 626 1156 vatione
673 1102 998 1155 communis
1049 1102 1350 1154 damnatus
1391 1101 1647 1165 luminis,
1699 1103 1938 1155 audiens
1986 1103 2094 1154 vir-

401 1179 522 1228 tute
555 1179 873 1242 martyrum
907 1173 1155 1225 concivis
1196 1173 1283 1225 sui
1314 1173 1557 1242 paralysi
1592 1173 1880 1226 dissolutis
1913 1189 2093 1226 mem-

402 1245 520 1299 bris
577 1245 826 1314 priorem
909 1244 1183 1312 recepisse
1257 1244 1546 1307 virtutem,
1622 1260 1720 1312 spe
1791 1245 2092 1297 roboratus

404 1315 573 1384 petiit
598 1332 629 1368 a
658 1331 760 1367 suo
794 1330 1070 1384 germano
1102 1331 1168 1367 eo
1199 1330 1255 1366 se
1287 1315 1508 1368 deduci.
1555 1314 1870 1367 Germanus
1901 1315 2092 1384 itaque

404 1387 526 1455 ejus
579 1402 707 1438 cum
763 1385 948 1437 fratris
1002 1385 1300 1437 miseratus
1353 1386 1684 1445 caecitatem,
1741 1390 1861 1438 tum
1919 1386 2090 1438 etiam

407 1461 728 1508 sanctorum
765 1473 876 1508 non
925 1456 1189 1507 diffidens
1231 1455 1464 1518 meritis,
1491 1455 1683 1523 'corpit
1711 1472 1838 1508 cum
1884 1472 1951 1508 eo
1985 1456 2094 1509 iter

405 1543 579 1596 agens
609 1528 675 1579 ad
710 1529 894 1578 locum
938 1543 1262 1594 properare,
1301 1543 1361 1578 ac
1396 1526 1600 1578 futurae
1635 1527 1832 1578 salutis
1862 1527 2090 1592 indicio,

406 1606 468 1650 ut
515 1598 747 1650 alterius
801 1603 1053 1665 gestatus
1097 1598 1307 1660 officio,
1356 1598 1501 1648 mira
1544 1597 1777 1649 tendere
1818 1598 2088 1667 agilitate.

406 1668 511 1732 Qui
543 1684 671 1721 cum
704 1658 853 1720 haud
887 1669 1054 1736 longe
1085 1658 1449 1720 abfuissenta
1483 1668 1624 1734 loco,
1664 1669 1739 1720 ita
1773 1672 1834 1720 ut
1853 1658 2092 1721 culmen
2133 1658 2172 1711 Β

406 1741 683 1809 potuisset
730 1739 980 1791 ecclesiae
1019 1739 1290 1807 conspici,
1324 1739 1622 1806 paululum
1675 1755 1932 1808 represso
1966 1739 2096 1792 sub-

407 1808 699 1878 sequentis
733 1809 948 1877 gradu:
1010 1810 1222 1872 Frater,
1277 1809 1482 1878 inquit,
1522 1809 1566 1860 si
1617 1808 1718 1862 tibi
1769 1811 1947 1862 virtus
1977 1811 2093 1862 suf-

404 1881 726 1946 fragaretur
756 1879 1012 1942 luminis,
1046 1880 1324 1948 potuisses
1365 1881 1738 1950 utiquetecta
1765 1885 1820 1932 et
1849 1880 2095 1950 parietes

407 1952 656 2004 ecclesiae
723 1951 1050 2020 conspicere
1111 1957 1454 2003 sanctorum.
1519 1949 1616 2002 Hic
1670 1949 2095 2004 tacito’mentis

406 2028 552 2074 nutu
609 2038 786 2074 caecus
857 2020 1208 2073 orationibus
1276 2029 1591 2089 martyrum
1667 2022 1924 2074 divinum
1990 2022 2094 2074 sibi

405 2093 594 2145 adesse
626 2093 940 2162 implorans
975 2092 1271 2154 auxilium,
1305 2093 1471 2161 coepit
1518 2092 1726 2144 mirum
1766 2093 1822 2144 in
1859 2093 2094 2146 modum

405 2163 614 2232 fugatis
635 2163 883 2216 tenebris
908 2179 1108 2232 parum
1134 2163 1342 2227 videre,
1387 2169 1442 2214 et
1473 2163 1650 2215 menti
1679 2163 1887 2233 injecta
1915 2164 2095 2231 digito

408 2242 607 2287 notare
636 2235 777 2286 loca.
815 2234 893 2286 Ad
944 2235 1229 2286 tumulum
1271 2233 1446 2302 igitur
1491 2234 1829 2301 perveniens
1873 2242 2094 2286 sancto-

407 2321 556 2371 rum,
591 2305 666 2357 ita
717 2304 866 2357 infra
896 2320 1106 2372 paucos
1151 2305 1269 2356 dies
1301 2305 1609 2372 pristinam
1652 2305 1852 2373 recipit
1881 2306 2094 2358 sanita-

405 2380 544 2440 tem,
593 2381 799 2428 utnon
840 2375 1228 2443 integritatem
1277 2375 1443 2427 modo
1487 2375 1763 2444 recepiret
1803 2376 1975 2436 visus,
2009 2392 2097 2429 ve-

407 2462 534 2499 rum
577 2447 747 2499 etiam
806 2447 1102 2498 oculorum
1153 2446 1632 2514 magnitudinem,
1687 2446 1786 2516 qui
1836 2446 2097 2516 caliginis

408 2517 628 2570 diutina
660 2515 908 2569 caecitate
943 2517 1019 2568 ita
1054 2517 1211 2586 parvi
1245 2517 1429 2569 elfecti
1479 2515 1732 2585 fuerant,
1766 2523 1830 2571 ut
1862 2515 1967 2570 vix?
1995 2533 2096 2587 pu-

405 2588 544 2658 pilla
573 2588 632 2640 in
663 2588 744 2640 eis
773 2593 1118 2640 cerneretur.

1076 2676 1206 2728 CAP.
1249 2676 1427 2728 XXIII.

476 2765 645 2818 Aliud
676 2763 810 2817 huic
840 2763 994 2817 haud
1023 2764 1268 2816 multum
1311 2763 1585 2816 dissimile
1617 2764 1962 2832 subjungam
1993 2763 2098 2816 mi-

404 2837 682 2890 raculum.
713 2836 980 2898 Qumdam
1015 2851 1261 2904 namque
1290 2834 1504 2887 femina
1533 2835 1796 2887 similiter
1821 2851 1924 2902 per
1953 2851 2096 2887 con-

406 2909 636 2961 tinuum
667 2923 833 2971 caeca,
863 2922 991 2958 cum
1044 2906 1457 2974 desperationis
1502 2905 1689 2958 nimia:
1729 2911 2097 2975 torqueretur

2198 437 2389 485 torum
2445 433 2672 486 mittere
2723 437 3064 502 martyrum,
3119 438 3399 502 quatenus
3443 435 3703 488 miseratio
3748 440 3828 491 Ite-

2198 503 2513 572 demptoris
2574 503 2902 556 interventu
2950 507 3274 557 sanctorum
3334 521 3523 558 eorum
3570 508 3826 562 subvenire

2197 573 2534 642 dignaretur
2561 573 2958 627 imbecillitati.
2995 575 3333 629 Parentibus
3365 581 3548 630 autem
3587 577 3677 641 eis,
3713 580 3829 632 mira

2198 645 2347 697 circa
2387 661 2485 697 eos
2524 645 2715 698 divina
2764 646 2974 698 effulsit
3017 646 3214 715 pietas.
3271 647 3407 699 Nam
3456 648 3570 700 loco
3611 649 3828 703 nondum

2197 716 2387 780 motis,
2421 716 2573 768 dicto
2611 716 2778 769 citius
2810 717 2887 768 ita
2915 717 3093 769 virtus
3123 717 3304 770 adfuit
3333 718 3451 780 Dei,
3495 726 3553 770 ut
3581 735 3682 772 uno
3716 725 3827 773 tem-

2197 803 2336 858 pore
2392 793 2450 839 et
2505 787 2789 858 sanissimi
2851 793 3236 856 exsurgerent,
3292 789 3506 858 iterque
3566 806 3681 842 cum
3730 792 3831 844 aliis

2199 857 2554 926 arriperent:
2591 857 2805 928 quique
2844 858 3077 926 petituri
3115 857 3674 913 sanitatemaliorum
3702 861 3831 914 ibant

2199 944 2317 991 ore,
2361 929 2469 997 ipsi
2504 928 2985 983 intercedentibus
3029 935 3353 982 sanctorum
3399 930 3705 985 clarissimis
3730 947 3830 985 me-

2197 999 2324 1052 ritis
2344 1016 2448 1068 per
2477 1015 2534 1054 se
2568 1005 2693 1053 vota
2722 1003 3083 1053 mererentur
3111 1000 3350 1054 deferre.

2883 1089 3008 1142 CAP.
3051 1088 3198 1141 XXV.

2273 1175 2505 1229 Femina
2547 1177 2807 1245 quaedam
2841 1193 2905 1230 ex
2928 1176 3221 1245 provincia
3270 1177 3604 1240 Arduennae,
3635 1179 3832 1231 nomine

2200 1247 2466 1311 Immina,
2500 1263 2564 1300 ex
2597 1248 2727 1300 villa
2765 1263 2893 1318 qua:
2928 1249 3197 1312 Binuz/‘elt
3226 1247 3454 1314 dicitur,
3481 1265 3602 1301 cum
3630 1249 3728 1318 jam
3757 1251 3834 1302 diu

2201 1324 2350 1398 esset
2395 1319 2562 1371 surda
2612 1325 2670 1370 et
2713 1324 2890 1398 muta,
2940 1319 3586 1398 manibusquedebilis,
3628 1336 3741 1398 cum
3781 1322 3836 1373 ad

2203 1391 2387 1442 locum
2435 1394 2692 1442 sanctum
2734 1390 3140 1442 comitantibus
3191 1390 3389 1442 vicinis
3423 1395 3477 1442 et
3521 1390 3836 1460 permittente

2201 1461 2434 1514 domina
2492 1476 2613 1520 sua,
2671 1461 2998 1529 Teotburga
3053 1461 3307 1526 nomine,
3371 1466 3588 1513 oratum
3635 1463 3838 1513 venisset

2201 1532 2352 1584 diem
2395 1531 2688 1599 integrum
2740 1537 3109 1595 commorata,
3150 1548 3280 1584 mox
3321 1537 3382 1584 ut
3431 1532 3644 1601 regredi
3681 1532 3837 1600 coepit,

2202 1603 2388 1670 primo
2424 1602 2592 1654 unius
2641 1618 2843 1654 manus
2883 1608 2938 1654 et
2982 1603 3222 1672 loquelae
3267 1602 3603 1672 auditusque
3645 1602 3838 1654 faculta-

2204 1679 2316 1725 tem
2344 1714 2358 1738 ,
2408 1688 2534 1726 mox
2578 1672 2782 1725 deinde
2831 1673 3061 1725 alterius
3105 1689 3333 1742 quoque
3380 1689 3577 1726 manus
3605 1677 3656 1725 et
3697 1673 3841 1726 totius

2202 1743 2453 1812 corporis
2500 1749 2583 1796 est
2614 1744 2918 1796 sanitatem
2975 1744 3211 1813 adepta:
3261 1744 3337 1795 ita
3383 1749 3445 1795 ut
3484 1744 3746 1814 hodieque
3776 1743 3839 1795 vi-

2203 1815 2315 1866 cini
2347 1819 2401 1867 et
2431 1815 2629 1866 affines
2659 1815 2781 1883 ejus
2808 1820 3104 1881 testentur,
3141 1831 3435 1884 nunquam
3464 1831 3584 1868 eam
3611 1815 3662 1868 in
3695 1815 3842 1867 multo

2203 1891 2355 1938 retro
2379 1885 2583 1955 spatio,
2617 1885 2780 1939 itaut
2810 1901 2981 1952 nunc,
3018 1902 3211 1938 sanam
3247 1887 3544 1939 exstitisse.

2876 1974 3003 2027 CAP.
3046 1975 3219 2029 XXVI.

2274 2063 2412 2114 Item
2441 2061 2550 2114 alia
2582 2077 2710 2132 quae
2759 2061 3010 2131 priorem
3043 2063 3098 2115 in
3148 2079 3321 2132 supra
3367 2061 3516 2116 dicta
3558 2061 3844 2115 inﬁrmitate

2202 2133 2457 2197 vidisset,
2487 2138 2541 2185 et
2574 2133 2641 2184 ad
2673 2139 2932 2185 sanctum
2955 2135 3138 2186 locum
3170 2134 3440 2187 comitata
3463 2134 3615 2194 testis
3630 2133 3844 2186 sanitatis

2205 2205 2326 2272 ejus
2367 2205 2649 2265 existeret,
2682 2204 2914 2256 nomine
2957 2205 3200 2270 Grimilt,
3233 2221 3364 2258 cum
3409 2222 3442 2258 a
3473 2206 3588 2258 viro
3621 2220 3712 2256 suo
3740 2219 3844 2256 nar-

2203 2279 2326 2327 rata
2357 2274 2566 2343 prioris
2597 2274 2825 2327 feminze.
2874 2275 3131 2341 sanitate,
3175 2292 3347 2345 quam
3381 2277 3488 2328 sub
3527 2275 3694 2328 oculis
3721 2274 3845 2327 vide-

2204 2351 2309 2407 rat,
2354 2353 2419 2398 ut
2467 2345 2574 2398 sibi
2615 2345 2802 2398 denuo
2850 2351 3076 2398 oratum
3126 2347 3322 2400 liceret
3365 2346 3580 2410 venire,
3628 2345 3842 2416 petisset,

2206 2432 2305 2469 nec
2351 2416 2418 2469 ad
2469 2415 2524 2469 id
2560 2417 2836 2485 temporis
2876 2417 3259 2480 obtinuisset;
3297 2434 3409 2487 qua
3441 2419 3599 2480 hora,
3631 2415 3703 2469 fut
3745 2419 3847 2484 post

2203 2492 2561 2555 compertum
2605 2494 2708 2551 est,
2761 2489 2818 2538 in
2860 2488 3205 2540 monasterio
3242 2489 3544 2541 beatorum
3577 2492 3847 2555 martyrum

2203 2559 2390 2610 missae
2424 2558 2703 2610 Dominici
2723 2558 2854 2623 diei,
2891 2559 3100 2626 quibus
3130 2559 3229 2611 illa
3258 2576 3317 2612 se
3350 2558 3733 2612 iuterfuturarn
3753 2572 3849 2608 esse

2204 2633 2451 2694 voverat,
2487 2627 2757 2681 Celebrari
2787 2635 3098 2696 coeperunt,
3129 2630 3246 2698 ipsa
3278 2646 3554 2683 manuum
3584 2634 3662 2682 est
3687 2626 3850 2680 debili-

2204 2704 2317 2751 tate
2360 2705 2413 2752 et
2451 2700 2618 2751 totius
2668 2703 2923 2769 corporis
2972 2701 3211 2753 multata
3268 2703 3594 2769 gravedine,
3638 2701 3761 2752 adeo
3804 2703 3852 2769 ut

2204 2771 2340 2840 quia
2371 2769 2654 2842 incessum
2684 2766 2818 2842 ino—n
2854 2776 3094 2839 poterat,
3146 2766 3394 2824 carruca;
3432 2770 3771 2842 superposita
3796 2766 3849 2819 ad

2205 2841 2638 2912 monasterium
2669 2841 2858 2894 denuo
2893 2842 3216 2895 veheretur.
3250 2841 3512 2912 Cumque
3544 2841 3780 2904 venisset,
3808 2842 3853 2889 et

2205 2912 2355 2983 apud
2403 2910 2741 2963 memoriam
2787 2918 3104 2980 martyrum
3152 2910 3490 2983 aliquandiu
3543 2915 3849 2983 perorasset;

405 2994 637 3066 angore,
681 2978 875 3066 funem
921 2977 1450 3066 factumlaccedens
1499 2976 1810 3066 admlocum
1865 2977 1977 3029 Deo
2029 2991 2093 3029 ac
2132 3012 2171 3066 ρ
2205 2976 2390 3062 primo
2424 2984 2480 3035 in
2515 2983 2750 3066 ecclesia
2779 2999 2893 3066 una
2925 2976 2993 3063 ei.
3010 2999 3213 3035 manus
3249 2976 3334 3036 est
3366 2976 3644 3064 absoluta,
3677 2980 3850 3058 deinde

406 3049 613 3102 sanctis
661 3049 869 3102 obtulit
914 3047 1288 3117 martyribus;
1322 3048 1445 3101 hmc
1492 3047 1537 3100 si
1567 3047 1662 3100 ille
1709 3063 1824 3100 non
1859 3063 2090 3116 compe—

406 3124 573 3187 teret,
618 3119 858 3172 formam
891 3119 1000 3171 sibi
1033 3135 1066 3170 a
1093 3118 1326 3171 custode
1368 3117 1529 3186 petiit
1555 3117 1712 3183 dari,
1746 3135 1876 3188 quo,
1915 3134 2094 3170 rever-

405 3197 530 3244 tens
573 3190 832 3256 domum,
885 3195 1086 3258 aptum
1142 3205 1465 3258 praeparare
1514 3190 1813 3257 potuisset.
1870 3190 2094 3242 Interea

405 3261 541 3315 dum
573 3267 758 3314 custos
801 3266 1056 3313 necteret
1088 3276 1295 3324 moras,
1341 3260 1435 3312 illa
1468 3260 1688 3329 regenti
1728 3259 1834 3311 sibi
1866 3275 2092 3328 gressus

403 3333 650 3402 imperat
677 3332 774 3384 illo
808 3347 866 3402 se
888 3331 1048 3402 duci,
1094 3330 1194 3383 ubi
1221 3332 1518 3399 signorum
1565 3330 2092 3402 dependebantifu-

405 3401 543 3456 nes:
590 3417 724 3455 nam
774 3401 843 3455 ad
881 3401 1032 3454 idem
1087 3417 1228 3470 opus
1282 3416 1450 3453 suum
1500 3402 1750 3454 intexere
1805 3401 2090 3469 cupiebat.

407 3474 723 3542 Fatumque
781 3477 883 3524 est.
943 3473 1202 3539 Cumque
1249 3470 1696 3542 grossitudinem
1744 3475 2096 3542 pertentaret

405 3560 602 3609 manu,
633 3540 961 3610 _magniIica
1007 3542 1154 3593 circa
1186 3541 1451 3594 miseram
1505 3540 1605 3594 Dei
1649 3541 1852 3594 claruit
1890 3541 2092 3606 virtus,

407 3631 470 3667 ac
513 3615 659 3666 mira
703 3613 989 3665 celeritate
1035 3612 1257 3681 objecta
1302 3611 1556 3665 deseruit
1601 3612 1821 3665 caecitas
1865 3615 2092 3665 oculos:

405 3690 470 3738 ut
498 3700 614 3736 una
661 3682 979 3751 eodemque
1011 3689 1303 3734 momento
1352 3690 1408 3735 et
1450 3683 1647 3736 funem
1701 3683 1996 3751 arriperet,
2041 3690 2098 3736 et

406 3755 639 3808 luminis
667 3754 949 3822 acciperet
986 3753 1322 3806 claritatem.
1349 3753 1608 3807 Gaudens
1634 3753 1808 3823 igitur
1833 3759 1888 3807 et
1917 3755 2094 3806 exsul-

406 3832 550 3893 tans,
581 3826 648 3879 ad
679 3825 1017 3878 memoriam
1049 3824 1289 3877 recurrit
1319 3830 1661 3895 martyrum,
1695 3829 1888 3894 atque,
1923 3831 2098 3895 prout

406 3896 782 3967 competebat,
851 3895 1166 3967 gratiarum
1221 3895 1303 3948 eis
1350 3894 1626 3965 persolvit
1675 3895 1890 3960 laudes,
1925 3894 2097 3967 quod

406 3966 799 4022 misericordia
829 3967 1020 4020 divina
1048 3966 1372 4020 interventu
1403 3982 1606 4020 eorum
1647 3982 1774 4019 eam
1808 3966 2096 4035 respicere

405 4040 642 4110 dignata
671 4038 761 4091 sit.

1083 4108 1212 4160 CAP.
1254 4107 1429 4160 XXIV.

475 4182 754 4250 Tempore
805 4193 920 4248 quo
967 4183 1291 4250 sanctorum
1333 4176 1800 4250 reconditagfsunt
1837 4175 2098 4246 reliquiae.

407 4251 467 4304 in
506 4247 838 4304 memorato
860 4248 1070 4317 saepius
1103 4249 1244 4307 loco,
1281 4253 1444 4300 erant
1473 4247 1530 4299 in
1568 4249 1701 4317 villa
1732 4255 2098 4317 nuncupante

407 4322 638 4390 Crupta,
671 4321 782 4373 duo
830 4314 1016 4390 carnis
1058 4318 1348 4390 conjuncti
1397 4314 2100 4390 copulafquorumalter

408 4387 849 4460 nuncupabatur
879 4387 1234 4452 Wilhelmus,
1276 4389 1455 4441 altera
1496 4387 1902 4457 Engilsuindis,
1937 4389 2035 4459 qui
2066 4405 2100 4442 a

407 4459 832 4531 conjunctionis
862 4475 980 4513 suae
1007 4464 1266 4531 tempore
1298 4459 1568 4531 usquein
1595 4459 1654 4512 id
1685 4464 1910 4530 tempus
1949 4463 2098 4513 bona

408 4529 634 4602 semper
664 4531 922 4584 roborari
966 4530 1223 4602 vixerant
1255 4529 1599 4602 valetudine.
1646 4531 1869 4583 Accidit
1895 4537 2099 4602 autem

407 4600 681 4673 praedicto
707 4608 967 4673 tempore
989 4601 1046 4654 in
1071 4600 1357 4673 dissimili,
1387 4605 1660 4670 utrosque
1681 4601 1908 4673 fatigari
1938 4602 2100 4654 intir-

409 4671 624 4728 mitate.
655 4676 702 4726 A
732 4672 964 4725 renibus
1009 4686 1258 4741 namque
1288 4672 1365 4723 ita
1408 4687 1578 4724 omne
1609 4671 1847 4725 inferius
1891 4688 2100 4741 corpus

407 4747 600 4800 feritas
652 4744 866 4796 attrivit
920 4742 1124 4808 morbi,
1173 4749 1232 4795 ut
1263 4741 1372 4794 nisi
1417 4742 1857 4812 obsequentium
1908 4751 2098 4812 porta-

407 4822 610 4870 rentur
654 4814 938 4880 manibus,
990 4815 1145 4865 nulla
1180 4820 1417 4881 urgente
1450 4813 1785 4866 necessitate
1831 4814 1953 4866 loco
1984 4830 2101 4866 mo-

409 4893 696 4940 verentur.
735 4887 872 4938 Cum
905 4886 1100 4953 itaque
1134 4884 1400 4952 frequens
1450 4888 1774 4936 sanctorum
1831 4884 2100 4936 virtutem

409 4963 466 5012 et
519 4957 796 5011 miracula
838 4955 1035 5024 opinio
1079 4953 1914 5024 circumquaquediffunderet,
1947 4954 2103 5007 babi-

410 5034 622 5082 tatores
683 5023 1162 5095 etiam’preefatze
1211 5023 1450 5094 replevit
1499 5023 1666 5077 villae.
1718 5025 1829 5078 Hac
1879 5025 2102 5078 excitati

409 5101 585 5166 fama,
640 5099 787 5152 facta
843 5095 1215 5150 conventione
1267 5096 1339 5148 ad
1398 5095 1581 5166 locum
1635 5111 1834 5148 omnes
1887 5095 2103 5165 pariter

412 5164 638 5224 oratum
686 5167 1070 5238 disponebant
1117 5166 1220 5238 ire.
1281 5169 1399 5218 Duo
1448 5164 1628 5233 igitur
1653 5164 2104 5238 jamino’minati

410 5241 728 5295 vicinorum
779 5236 1186 5307 religiositatis
1251 5240 1655 5307 cognoscentes
1725 5237 2100 5302 voluntatem,

411 5311 642 5366 tametsi
682 5306 926 5380 corpore
961 5307 1286 5376 nequirent,
1323 5306 1512 5380 animo
1549 5307 1858 5380 tamen_ire
1896 5308 2103 5380 gestie-

412 5382 570 5436 bant.
603 5375 846 5451 Accep-ta
871 5375 1122 5448 namque
1142 5392 1292 5443 cera,
1330 5375 1605 5446 factisque
1631 5375 1919 5444 candelis,
1938 5377 2101 5432 iusti-

484 5519 508 5548 ι
538 5506 638 5559 Hic
666 5505 778 5560 duo
805 5503 1091 5559 notanda:
1124 5501 1401 5573 primum,
1431 5501 1762 5563 monachos.
1798 5507 1862 5556 ut
1892 5503 2102 5571 saepius

409 5577 533 5648 jam
579 5576 960 5648 observatum,
1002 5573 1094 5648 hic
1122 5575 1356 5648 clericos
1388 5573 1698 5648 appellari.
1754 5573 2098 5648 secundum,

418 5643 589 5704 etiam
618 5650 741 5700 tum
772 5646 832 5699 in
864 5661 1024 5698 more
1052 5645 1226 5698 fuisse
1255 5643 1406 5715 apud
1447 5644 1774 5712 monachos,
1804 5644 1864 5697 in
1896 5643 2098 5697 diebus

2205 3049 2358 3106 inter
2403 3053 2802 3122 prandendum
2834 3053 3068 3107 alterius
3107 3070 3311 3108 manus
3343 3059 3397 3107 et
3433 3055 3610 3109 totius
3637 3049 3853 3122 corporis

2206 3124 2582 3177 commoditas
2611 3124 2892 3176 restituta.
2935 3126 3015 3177 Ita
3065 3125 3277 3178 factum
3307 3129 3412 3193 est,
3457 3133 3521 3180 ut
3557 3122 3853 3196 quaeprius

2203 3195 2404 3248 aliena:
2458 3196 2718 3248 sanitatis
2762 3197 3040 3248 narratrix
3100 3197 3409 3262 exstiterat,
3465 3194 3590 3249 suae
3625 3194 3852 3262 deinceps

2201 3271 2259 3319 et
2284 3282 2517 3336 compos
2547 3271 2696 3319 esset
2723 3271 2780 3318 et
2808 3267 2987 3320 testis.

2862 3354 2990 3406 CAP.
3031 3354 3230 3408 XXVII.

2275 3441 2755 3522 Estconsuetudo
2800 3441 2929 3506 loci,
2972 3446 3052 3522 ut‘
3077 3441 3166 3496 die
3189 3442 3591 3522 solemnitatis
3617 3436 3856 3522 paschalis

2202 3513 2391 3565 clerici
2420 3521 2444 3544 α
2473 3513 2860 3581 vespertinum
2918 3513 3270 3566 celebrantes
3318 3514 3574 3567 ofticium
3614 3513 3686 3566 ita
3714 3513 3856 3581 sacris

2203 3583 2535 3648 induantur,
2574 3580 2635 3636 ut
2678 3583 2737 3636 in
2777 3583 3079 3636 missarum
3121 3584 3308 3653 agitur
3349 3585 3738 3639 celebratione.
3774 3580 3854 3633 Fa—

2203 3659 2356 3706 ctum
2390 3659 2474 3705 est
2502 3653 2697 3721 igitur,
2727 3659 2792 3707 ut
2821 3659 3006 3706 custos
3034 3655 3102 3708 de
3130 3671 3288 3707 more
3319 3671 3451 3708 cum
3487 3655 3610 3708 aliis
3641 3653 3855 3714 indutus,

2205 3723 2497 3793 lampades
2546 3740 2882 3777 accensurus
2915 3725 3174 3778 Ecclesia:
3213 3727 3571 3795 procederet.
3618 3723 3856 3795 Seddum

2204 3797 2430 3866 incaute
2456 3795 2914 3864 progrederetur,
2949 3796 3168 3864 positus
3191 3794 3296 3849 sub
3319 3797 3678 3866 lampadibus
3697 3794 3858 3846 oleum

2205 3865 2481 3935 lampadis
2523 3866 2743 3932 cecidit,
2791 3873 2964 3936 atque
3013 3873 3231 3936 partem
3278 3865 3544 3936 planetas,
3598 3883 3700 3936 qua
3740 3867 3858 3917 forte

2207 3936 2439 3990 indutus
2470 3941 2609 4002 erat,
2639 3953 2758 3990 non
2795 3936 3008 4006 absque
3039 3937 3402 3991 deformitate
3441 3939 3654 3992 infecit.
3695 3937 3859 3989 Custos

2205 4007 2528 4072 exterritus,
2560 4023 2688 4060 mox
2730 4007 2801 4060 ad
2833 4009 3200 4060 secretarium
3239 4009 3484 4078 gradum
3528 4007 3764 4072 retorsit,
3791 4010 3858 4056 at-

2204 4094 2316 4146 que
2347 4082 2642 4149 eaexutus
2673 4093 2928 4148 congruo
2948 4094 3060 4132 non
3081 4079 3295 4148 absque
3313 4081 3442 4146 fide,
3467 4079 3722 4149 deposuit
3737 4079 3858 4130 loco.

2206 4149 2378 4214 Hanc,
2416 4148 2625 4218 inquit,
2659 4155 2852 4201 sancta
2880 4149 3065 4215 Daria,
3101 4149 3148 4202 si
3176 4151 3328 4202 vales
3355 4152 3470 4203 tuis
3501 4148 3734 4204 reforma
3762 4160 3861 4218 pre-

2209 4220 2388 4272 cibus.
2429 4216 2700 4272 Postridie
2735 4219 2857 4289 ejus
2890 4219 3004 4273 diei
3032 4221 3264 4273 accessit
3314 4227 3525 4285 custos,
3575 4227 3636 4274 ut
3671 4216 3862 4289 deposif

2208 4295 2324 4342 tam
2385 4290 2578 4358 gnaris
2624 4285 3050 4343 eam'mitteret
3090 4291 3338 4355 feminis,
3391 4309 3518 4361 quae
3566 4285 3861 4359 hujusfnodi

2207 4361 2528 4430 potuissent
2549 4361 2856 4414 emendare
2871 4361 3091 4427 vitium,
3112 4378 3284 4431 quam
3299 4363 3632 4432 diligentius
3647 4367 3858 4432 intuens,

2208 4446 2312 4504 nec
2337 4432 2519 4504 levem
2557 4433 2619 4484 in
2649 4448 2716 4504 ea
2760 4433 3015 4501 reperire
3050 4430 3236 4504 potuit
3269 4430 3575 4499 maculam,
3625 4449 3742 4504 qua:
3785 4430 3865 4481 aut

2207 4501 2522 4556 honestatis
2545 4506 2643 4555 aut
2673 4502 2884 4556 damno
2915 4501 3360 4572 esse’potuisset.

2855 4591 2984 4644 CAP.
3027 4591 3248 4644 XXVIII.

2279 4669 2421 4722 Villa
2469 4668 2732 4738 quaedam
2765 4673 2850 4722 est
2877 4685 2995 4722 non
3044 4670 3212 4738 longe
3243 4686 3272 4722 a
3308 4669 3643 4724 monasterii
3673 4681 3865 4739 posses-

2207 4739 2388 4799 sione,
2439 4755 2564 4806 quae
2615 4740 2761 4792 Wisa
2806 4745 3056 4793 vocatur.
3100 4741 3277 4809 Hujus
3323 4742 3500 4810 igitur
3551 4742 3866 4794 habitatores

2207 4811 2580 4864 condixeraut
2609 4810 2717 4863 sibi
2747 4827 2945 4864 omnes
2972 4811 3183 4880 pariter
3213 4811 3282 4864 ad
3313 4813 3498 4865 lacum
3532 4811 3865 4869 contendere,

2209 4885 2264 4934 et
2292 4887 2356 4934 ut
2387 4898 2502 4934 non
2530 4897 2703 4934 vacua
2735 4882 3065 4935 viderentur
3094 4883 3289 4936 venire
3339 4899 3538 4948 manu,
3589 4883 3863 4936 collatione

2209 4952 2354 5005 facta
2383 4968 2477 5004 vas
2504 4952 2659 5021 quod
2691 4967 2835 5021 cupa
2864 4952 3086 5012 dicitur,
3122 4953 3357 5006 cervisia
3397 4955 3788 5023 impleverant,
3815 4953 3866 4999 ut

2209 5023 2394 5103 etiam
2423 5024 2589 5103 dono.
2617 5023 3032 5103 muneristeo
3060 5028 3116 5075 et
3147 5025 3355 5076 sanctis
3391 5025 3738 5103 martyribus
3763 5025 3868 5103 vota

2208 5094 2616 5164 persolverent.
2645 5093 2786 5148 Cum
2815 5093 2992 5164 igitur
3013 5094 3136 5162 jam
3163 5110 3474 5164 properare
3506 5093 3868 5164 disponerent,

2209 5163 2449 5221 consilio
2479 5163 2674 5217 habito
2721 5163 3057 5233 qualitatem
3091 5163 3250 5233 prius
3275 5163 3547 5218 ﬁtentaret
3600 5163 3871 5218 voluerunt

2209 5239 2398 5314 potus,
2453 5241 2761 5304 antequam
2818 5235 2926 5314 iter
2981 5237 3321 5314 arriperent.
3370 5237 3647 5314 Cuniculo
3703 5236 3870 5314 itaque

2208 5305 2380 5372 facto,
2408 5321 2510 5380 nec
2543 5321 2718 5374 parva
2762 5304 3314 5380 quidemgeo'digeri
3352 5307 3543 5376 potuit
3572 5311 3746 5376 gutta.
3781 5304 3868 5380 Vit}-

2208 5392 2338 5429 rum
2365 5392 2397 5429 a
2426 5373 2690 5430 ministro
2719 5373 2976 5446 segniter
3001 5378 3110 5430 hoc
3138 5373 3404 5447 putantes
3437 5373 3734 5448 peractum
3774 5373 3869 5425 alio

2208 5499 2562 5553 solemnibus
2592 5515 2710 5553 non
2735 5503 2960 5553 tantum
3005 5499 3148 5554 albis
3195 5501 3466 5567 vestibus,
3523 5505 3590 5554 ut
3638 5499 3697 5554 Iit
3742 5491 3871 5568 apud

2209 5587 2328 5632 nos,
2357 5572 2454 5624 sed
2487 5571 2658 5624 etiam
2692 5570 2817 5623 aliis
2847 5571 3201 5624 ornamentis
3228 5571 3627 5625 induerentur.
