4038 6174
171 271 252 352 an
884 264 1130 349 ams
1169 266 1600 349 PARISIENSIS
1638 265 2041 351 ariscopcs.
2078 279 2446 350 -t\’0'rt't‘t.t
2487 273 2882 352 ittSTOItICA.

3541 291 3645 357 882

171 431 369 486 delecto
405 427 703 501 succedere
734 427 1118 501 fecerunt.__ut
1158 426 1442 501 terebrato
1471 435 1630 501 cupas
1660 421 1838 480 fundo
1878 424 1923 479 Α
1954 431 2377 501 per-tentaturus
2408 433 2593 490 nocte,
2625 426 2934 501 ipsumque
2965 433 3165 496 potum
3193 429 3390 498 egenis
3419 448 3483 485 ac
3503 447 3647 501 pau-

169 509 349 572 potum
423 499 704 553 educeret.
746 499 929 572 Alluic_
985 497 1112 549 aliis
1181 497 1658 572 succedentibus,
1714 513 1844 550 cum

169 567 340 626 omnis
375 587 569 624 eorum
621 570 854 639 penitus
905 569 1276 621 frustraretur
1319 567 1502 631 labor,
1549 568 1616 620 ad
1666 574 1847 620 semet

174 641 367 694 reversi
415 646 798 710 cognoverunt
845 641 1111 692 eumdem
1156 644 1354 708 potum
1405 656 1468 690 ea
1504 646 1684 710 nocte.
1720 655 1846 707 quae

173 715 444 768 Dominica
487 708 749 775 dicitur,
802 711 1146 763 confectum.
1207 712 1594 775 Agnoscentes
1650 708 1844 778 itaque

177 793 402 842 reatum,
445 781 863 851 pwuitudinem
914 779 1123 847 piaculi
1171 787 1458 848 gerentes,
1489 789 1684 851 votum
1731 780 1844 832 Deo

175 876 228 907 ac
259 853 428 906 beatis
449 850 661 906 \overe
689 851 1052 922 martyribus,
1086 867 1144 903 se
1175 851 1256 902 nil
1287 851 1528 903 ulterius
1559 850 1672 904 tale
1696 851 1757 903 in
1779 865 1845 902 ea

1953 498 2185 566 peribus
2252 506 2606 564 erogaturus.
2673 499 2798 552 Mox
2855 509 2988 550 Voto
3049 511 3316 567 peracto,
3376 498 3646 556 omnibus

1955 585 2215 636 egressus
2246 570 2625 640 foraminibus
2654 577 2824 638 potus
2858 569 3172 636 largissime
3194 574 3366 640 caspit
3386 575 3646 630 efﬂuere.

1955 640 2073 692 Iloc
2121 655 2223 710 pro
2275 649 2401 691 voto
2448 639 2645 707 egenis
2701 640 3026 700 distributo.
3087 639 3317 710 alioque
3370 646 3643 709 confecto,

1954 711 2100 761 sicut
2137 709 2537 777 disposuerant
2576 710 2646 762 ad
2689 726 3027 762 meritoriam
3080 709 3375 764 venientes
3416 722 3646 768 sancto-

1957 795 2104 844 rum,
2136 781 2328 852 ibique
2360 782 2577 850 proprii
2607 787 2798 833 reatus
2828 782 3161 832 Coutitentes
3196 785 3445 852 culpam,
3471 793 3646 838 votis-

1955 867 2067 920 que
2097 851 2402 919 persolutis
2433 852 2502 904 ad
2536 852 2770 921 propria
2799 858 2930 904 sunt
2958 852 3190 905 reversi.

1507 1100 1678 1143 ANNO
1723 1098 1953 1143 DOMINI
1999 1100 2242 1145 DCCLXX
2254 1129 2269 1145 .

1370 1228 2417 1368 AENEAS

884 1412 1909 1518 PARISIENSIS
2013 1412 2909 1526 EPISCOPUS.

1737 1571 2034 1582 ———_—-

1400 1652 1792 1726 ΝΟΤΙΤΙΑ
1859 1652 2398 1733 HISTORICA.

1580 1805 1673 1868 (Ex
1706 1804 1874 1853 Gallia
1906 1802 2238 1866 Christiana.)

229 2024 492 2078 Defuncto
532 2023 918 2102 Ereti-anrado,
952 2024 1137 2076 clerus
1167 2023 1603 2104 Parisiensishet
1633 2039 1844 2104 mon_a-
1881 2028 1925 2083 B
1953 2023 2253 2104 privilegio
2293 2023 2445 2094 quod
2497 2024 2844 2103 monasterio
2892 2024 3234 2104 Dionjjsiano
3265 2042 3298 2078 a
3332 2025 3642 2104 Lauderico

164 2101 446 2148 steriorum
499 2096 852 2148 unanimitas
895 2101 1230 2164 suggestum
1268 2112 1299 2147 a
1332 2112 1466 2164 rege
1505 2094 1705 2149 Carolo
1745 2097 1843 2149 1E-

165 2182 312 2218 neam
331 2170 647 2235 elegerunt.
672 2167 723 2218 ls
743 2171 930 2219 autem
950 2166 1104 2218 verbi
1127 2166 1318 2218 divino
1344 2181 1530 2231 prch
1553 2169 1839 2234 egregius,

164 2245 211 2286 et
255 2237 310 2288 in
354 2238 566 2289 scholis
616 2236 885 2305 palatinis
927 2237 1032 2289 sub
1082 2235 1285 2289 Carolo
1334 2237 1503 2290 Calvo
1554 2237 1844 2305 professor

164 2306 514 2371 clarissimas,
576 2309 720 2359 sacri
778 2307 976 2375 palatii
1031 2313 1164 2360 tunc
1213 2307 1467 2360 notarius
1516 2316 1657 2373 erat,
1718 2323 1838 2373 seu,

164 2377 298 2445 quod
325 2379 476 2431 idem
511 2387 618 2441 est,
655 2376 1048 2430 cancellarius.
1096 2376 1218 2440 Quo
1262 2378 1497 2431 nomine
1545 2380 1756 2430 chartae
1808 2393 1840 2431 a

163 2448 341 2500 Carolo
371 2464 474 2517 pro
507 2449 856 2500 monasterio
889 2448 1208 2500 Fossatensi
1240 2449 1385 2501 data:
1421 2465 1491 2501 vn
1525 2449 1659 2502 ldus
1687 2450 1836 2512 0ct.,

161 2518 341 2572 indict.
374 2535 489 2584 νιιι,
528 2535 622 2570 an.
676 2533 730 2570 vi
779 2520 946 2587 regni
995 2518 1138 2586 ejus,
1193 2525 1250 2572 et
1303 2519 1559 2572 conciliis
1601 2519 1840 2573 Carisia-

163 2589 296 2640 censi
354 2605 444 2641 an.
508 2589 636 2652 849,
697 2595 753 2641 et
810 2589 1208 2642 Suessiouensi
1261 2605 1354 2643 an.
1413 2591 1537 2652 853,
1593 2589 1840 2642 necdum

167 2660 446 2728 episcopus
506 2659 860 2728 subscripsit.
922 2661 1081 2712 IIunc
1135 2661 1195 2712 in
1260 2659 1495 2712 modum
1552 2667 1839 2729 peractam

165 2731 479 2782 electionem
519 2730 826 2794 Weniloni,
855 2730 1170 2783 Seuonensi
1207 2732 1668 2798 metropolitano,
1693 2731 1842 2783 aliis-

164 2815 262 2866 que
307 2802 616 2869 provincia:
661 2801 945 2870 episcopis
993 2801 1388 2869 signiticarunt
1430 2803 1667 2871 epistola
1711 2817 1840 2870 qua:

166 2877 330 2923 exstat
371 2871 523 2924 inter
568 2872 834 2940 epistolas
887 2872 1028 2939 Lupi
1081 2872 1454 2924 Ferrariensis
1485 2875 1668 2940 (epist.
1719 2876 1835 2936 98);

161 2956 287 3012 quos
326 2941 567 2994 insimul
598 2942 762 2994 enixe
795 2945 1094 3011 rogarunt,
1131 2947 1194 2995 ut
1223 2958 1422 2995 eorum
1465 2944 1608 2995 votis
1655 2958 1836 3012 quan-

162 3010 324 3062 tocius
375 3013 847 3073 obsecundantes,
877 3010 1182 3081 ponerent
1229 3014 1493 3065 celeriter
1543 3010 1837 3065 lucernam

161 3098 316 3149 super
343 3083 776 3137 candelabrum.
822 3082 1040 3152 Optatis
1070 3083 1205 3135 cleri
1235 3083 1569 3136 Parisiensis
1601 3100 1835 3152 respon-

162 3152 352 3223 derunt
390 3155 688 3222 praesules,
725 3155 971 3206 electum
1005 3153 1277 3223 impensis
1321 3160 1670 3206 exornarunt
1717 3157 1835 3206 lau-

160 3222 326 3287 dibus,
359 3224 832 3293 ordinationique
879 3224 1004 3292 ejus
1050 3222 1164 3276 uno
1213 3223 1674 3293 subscripserunt
1704 3237 1832 3290 ore;

161 3295 306 3369 cujus
345 3295 530 3363 gratia
557 3294 955 3373 provinciales
996 3296 1292 3364 episcopos
1334 3295 1666 3381 convocavit
1698 3295 1836 3381 βυτ
1877 3328 1916 3381 C

161 3363 264 3416 nilo
314 3365 778 3435 archiepiscopus
839 3363 1044 3434 (ep-ise
1078 3368 1144 3418 99
1193 3363 1342 3418 inter
1397 3365 1637 3431 ejusdem
1694 3365 1836 3432 Lupi

159 3435 314 3501 (ηιμ).
347 3439 417 3488 At
447 3436 818 3499 Prudentius,
849 3436 1143 3488 'l‘recensis
1175 3437 1495 3505 episcopus,
1529 3451 1660 3487 cum
1694 3451 1835 3504 pro-

160 3510 271 3571 pter
300 3515 457 3559 notas
486 3506 700 3576 quibus
725 3506 1027 3574 depressus
1058 3511 1180 3559 erat
1218 3506 1604 3571 infirmitates,
1636 3522 1834 3558 eorum

160 3576 335 3628 adesse
362 3593 477 3629 non
510 3582 727 3646 posset,
763 3577 916 3629 misit
950 3577 1370 3646 presbyterum,
1403 3577 1502 3646 qui
1532 3577 1680 3629 vices
1713 3579 1836 3644 ejus

159 3653 384 3717 gereret,
438 3646 906 3717 ordinationique
965 3663 1259 3699 assensum
1315 3647 1619 3716 praeberet,
1670 3648 1836 3699 modo

159 3715 347 3787 Encas
371 3724 625 3787 quatuor
652 3715 922 3778 articulis,
959 3719 1164 3786 quibus
1194 3715 1399 3786 puram
1432 3717 1612 3770 sancti
1639 3723 1836 3784 Augu-

159 3786 277 3839 stini
314 3786 638 3841 doctrinam
687 3789 968 3841 contineri
1023 3788 1386 3841 existimabat
1436 3787 1834 3840 subscriberet.

161 3855 281 3909 Vide
317 3860 652 3912 tractoriam
703 3858 996 3911 Prndentii
1025 3859 1324 3928 epistolam
1357 3859 1505 3911 inter
1535 3859 1656 3927 ejus
1692 3857 1836 3927 Ope-

160 3942 214 3978 ra
254 3929 485 3996 (Patr-0L
552 3935 676 3982 tom.
731 3929 975 3996 CXVIII).
1035 3930 1233 3982 Utrum
1291 3929 1693 3998 subscripserit
1746 3929 1838 3981 A12-

159 4012 280 4050 neas
310 4008 567 4052 veterum
601 4001 948 4052 documenta
981 4016 1094 4052 non
1127 4001 1354 4064 docent,
1388 4016 1493 4052 nec
1535 4015 1648 4069 quo
1695 4015 1842 4068 pra:-

159 4071 256 4120 cise
287 4086 434 4123 anno
471 4072 687 4123 electus
718 4076 774 4123 et
803 4071 1098 4123 ordinatus
1128 4069 1306 4124 fuerit
1336 4069 1652 4139 episcopus.
1692 4071 1839 4122 Bene

161 4146 337 4192 autem
385 4141 542 4208 quod
594 4142 812 4209 synodo
860 4141 1237 4194 Carisianensi
1285 4156 1482 4193 mense
1534 4140 1840 4193 Novembri

160 4226 296 4262 anno
357 4214 461 4266 858
524 4212 734 4264 habitae
788 4211 1133 4276 interfuerit,
1186 4210 1347 4279 cujus
1397 4228 1430 4263 a
1473 4211 1736 4264 Patribus
1782 4213 1839 4263 in

160 4281 385 4348 epistola
415 4284 485 4335 ad
525 4281 871 4334 Ludovicum
895 4282 1214 4336 Germania:
1238 4298 1434 4352 regem
1454 4284 1731 4350 episcopus
1755 4283 1842 4335 ho-

160 4353 404 4406 norabilis
435 4353 781 4422 appellatur.

220 4422 420 4475 Carolo
455 4421 580 4492 regi
599 4439 827 4492 semper
842 4421 1123 4487 addictus,
1148 4438 1260 4475 non
1284 4423 1464 4475 solum
1493 4421 1837 4476 Ludovicum

162 4491 340 4546 violati
369 4491 604 4546 foederis
633 4491 1014 4563 fraternaeque
1055 4495 1396 4546 conculcata:
1440 4493 1704 4545 amicitiae
1749 4510 1841 4544 co-

160 4579 267 4615 ram
295 4565 510 4628 arguit,
546 4564 641 4616 sed
691 4564 863 4617 etiam
907 4565 966 4617 in
1013 4564 1252 4616 concilio
1301 4563 1451 4633 apud
1499 4564 1839 4632 Saponarias

1943 2095 2064 2164 jam
2079 2099 2303 2164 pridem
2323 2111 2653 2147 concessum
2674 2095 2927 2164 episcopi
2945 2095 3382 2160 conﬁrmarunt,
3405 2105 3461 2151 et
3480 2100 3643 2152 alteri

1951 2181 2064 2238 pro
2106 2167 2355 2238 ecclesia
2389 2166 2568 2238 sancti
2609 2165 2834 2218 Martini
2883 2167 3228 2218 Turonensis
3274 2167 3456 2237 (ibid..
3509 2186 3638 2238 pag.

1949 2237 2094 2304 43l).
2145 2236 2396 2290 Concilio
2442 2237 2840 2290 Suessiouensi
2887 2239 3087 2290 eodem
3133 2236 3292 2290 anno
3339 2236 3538 2305 astitit,
3584 2236 3642 2292 in

1950 2323 2063 2376 quo
2096 2307 2360 2370 Rotbadi,
2395 2306 2817 2359 Suessionensis
2851 2307 3125 2376 episcopi,
3160 2309 3280 2360 loco
3327 2309 3469 2362 alius
3501 2310 3642 2362 sub-

1949 2384 2201 2444 rogatus,
2254 2377 2527 2446 aliudque
2581 2378 2937 2446 Uionysianis
2982 2379 3296 2445 monachis,
3359 2380 3641 2432 Ludovico

1951 2449 2151 2500 abbate
2184 2454 2432 2517 petente,
2458 2447 2653 2500 datum
2681 2456 2767 2500 est
2788 2448 3174 2517 privilegium,
3199 2452 3291 2501 cui
3313 2449 3642 2503 Ormundus

1950 2518 2223 2570 diaconus
2254 2520 2321 2571 ad
2343 2519 2538 2590 _\'icem
2566 2517 2778 2580 Aius-as,
2804 2518 3122 2590 Aﬁneasque
3145 2520 3266 2588 ipse
3293 2527 3487 2590 postea
3508 2524 3642 2574 sub-

1949 2590 2175 2660 scripsit
2202 2588 2373 2660 (ibid.
2418 2603 2550 2657 pag.
2599 2590 2723 2652 433,
2756 2589 2902 2660 434).
2937 2588 3173 2642 Obviam
3203 2588 3429 2660 corpori
3463 2593 3644 2645 sancti

1948 2659 2233 2724 Germani,
2269 2675 2421 2720 cum,
2458 2659 2803 2712 i\ormannis
2835 2676 3013 2728 regno
3057 2661 3260 2729 pulsis,
3297 2659 3327 2714 ὀ
3359 2662 3493 2714 villa
3524 2663 3643 2716 Νυ-

1947 2731 2176 2799 vigento
2225 2731 2282 2782 in
2330 2730 2532 2782 urbem
2568 2731 2918 2783 Parisiorum
2950 2747 3102 2783 anno
3150 2734 3251 2785 863
3283 2739 3642 2801 reportatum

1948 2812 2052 2866 est,
2085 2800 2186 2852 ivit
2218 2803 2420 2871 xEneas
2455 2817 2584 2852 cum
2622 2802 2907 2853 canonicis
2948 2801 3103 2868 (ibid.
3156 2817 3285 2871 pag.
3335 2800 3480 2867 469).
3531 2805 3642 2857 Alii

1947 2870 2344 2923 Suessionensi
2389 2871 2628 2923 concilio
2674 2872 2937 2924 interfuit
2968 2887 3059 2923 xvr
3098 2870 3337 2924 Kalend.
3380 2873 3644 2941 Septem-

1947 2941 2064 2994 bris
2108 2943 2230 3003 866,
2283 2941 2655 3011 epistolaeque
2707 2943 3075 3010 praelatorum
3119 2943 3406 3010 synodica:
3438 2945 3510 2996 ad
3550 2944 3641 2997 Ni-

1946 3012 2169 3064 colaum
2218 3027 2424 3080 papam
2474 3011 2810 3080 subscripsit
2847 3027 2942 3063 vui
2991 3011 3226 3064 Kalend.
3260 3013 3413 3080 Sept.
3449 3015 3638 3066 alteri-

1946 3097 2059 3151 que
2089 3083 2426 3134 earumdem
2457 3083 2525 3134 ad
2556 3097 2845 3134 summum
2883 3083 3210 3150 pontiﬁcem
3241 3086 3310 3135 de
3341 3084 3638 3136 Britonum

1946 3153 2242 3220 episcopis,
2295 3155 2442 3205 datae
2492 3168 2587 3204 vni
2647 3151 3100 3222 ldusDeceuib.
3155 3169 3290 3204 anni
3356 3153 3634 3222 ejusdem.

1945 3223 2247 3291 Privilegio
2289 3222 2624 3276 monasterii
2660 3221 3069 3285 Atrebatensis,
3105 3222 3164 3275 in
3208 3221 3450 3276 concilio
3499 3224 3634 3276 Ver-

1948 3293 2216 3346 meriensi
2265 3309 2415 3346 anno
2472 3293 2672 3345 eodem
2726 3309 3014 3358 concesso,
3066 3293 3416 3362 subscripsit.
3473 3300 3635 3348 Auno

1947 3366 2046 3416 867
2106 3365 2296 3417 Aiueae
2352 3364 2572 3434 petenti
2626 3379 2720 3415 rex
2774 3364 3013 3434 Carolus
3079 3364 3327 3416 reddidit
3389 3365 3636 3418 insulam

1944 3436 2254 3504 quamdam
2283 3433 2470 3487 eidem
2501 3434 2715 3487 civitati
2737 3433 2806 3486 ab
2831 3434 3094 3486 orientali
3117 3435 3282 3503 plaga
3303 3436 3635 3504 contiguam

1943 3521 2008 3559 ac
2064 3505 2396 3558 viciniorem
2450 3506 2702 3558 ecclesias
2763 3505 2824 3557 B.
2880 3504 3095 3568 Maria},
3155 3521 3284 3574 quae
3341 3507 3636 3575 quondam

1945 3575 2144 3628 comiti
2188 3575 2599 3642 subjiciebatur
2647 3575 2826 3645 (ibiut,
2878 3591 3006 3645 pag.
3051 3576 3193 3641 461).
3247 3577 3448 3629 Datum
3493 3593 3637 3646 prae-

1945 3654 2181 3718 ceptum,
2214 3662 2246 3698 ι
2295 3647 2414 3718 Kal.
2467 3646 2620 3718 Maii,
2667 3647 3038 3718 regniuanno
3083 3661 3248 3718 xxvii.
3305 3647 3498 3718 Eidem
3555 3665 3640 3718 sy-

1946 3717 2097 3769 nodo
2146 3717 2410 3769 Trecensi
2457 3716 2637 3768 astitit
2678 3731 2773 3768 vui
2825 3716 3110 3787 Kalendas
3156 3717 3428 3787 Novemb.
3474 3716 3639 3787 syno-

1945 3787 2200 3855 dicaeque
2232 3787 2298 3839 ad
2327 3787 2619 3839 Nicolaum
2650 3802 2856 3855 papam
2890 3786 3146 3854 epistolae
3176 3786 3246 3838 de
3277 3787 3478 3839 iterata
3507 3786 3641 3841 Ebo-

1949 3858 2034 3910 nis
2069 3857 2419 3926 expulsione,
2461 3861 2517 3909 et
2557 3857 2845 3908 Hincmari
2885 3856 3242 3926 ordinatione
3280 3857 3634 3926 subscripsit.

2017 3928 2175 3982 Circa
2204 3926 2324 3980 haec
2355 3934 2636 3996 tempora,
2667 3927 3034 3998 aProvincia
3063 3925 3374 3979 Seuonensi
3403 3925 3636 3998 delega-

1945 4002 2058 4061 tus,
2099 3998 2258 4067 jussu
2313 4004 2368 4050 et
2411 4005 2617 4066 rogatu
2661 3997 2876 4050 Nicolai
2929 3997 2946 4049 Ι
2999 4012 3187 4066 papae,
3226 3997 3552 4051 calumnias
3583 4007 3640 4052 et.

1947 4069 2203 4122 convicia
2237 4068 2423 4122 Photii
2453 4069 2722 4121 adversus
2758 4067 3056 4121 Ecclesiam
3101 4067 3356 4120 Latinam
3389 4067 3552 4122 docto
3585 4077 3639 4122 et

1948 4140 2172 4192 erudito
2216 4139 2433 4192 retudit
2479 4154 2670 4208 opere,
2720 4138 2874 4208 quod
2919 4138 3136 4190 editum
3192 4145 3276 4191 est
3328 4144 3482 4192 tome
3543 4141 3636 4194 VII

1947 4210 2238 4279 Spicileg.,
2272 4226 2404 4279 pag.
2460 4212 2502 4263 l.
2551 4213 2714 4262 Anno
2746 4211 2848 4262 868
2878 4225 2979 4261 rex
3012 4208 3246 4263 Carolus
3277 4210 3467 4263 Ainea:
3504 4215 3638 4264 red-

1948 4281 2094 4335 didit
2125 4282 2318 4334 villam
2359 4279 2744 4345 Nantriacum,
2789 4280 2849 4332 iu
2897 4295 3036 4343 agro
3068 4280 3293 4332 Pictavo
3340 4297 3500 4334 secus
3530 4284 3639 4335 ilu-

1950 4351 2107 4403 vium
2137 4350 2405 4404 Clinnum
2433 4351 2616 4403 sitam.
2651 4351 2851 4403 Datum
2885 4349 3140 4421 diploma
3161 4365 3229 4402 xv
3256 4349 3380 4404 Kal.
3406 4353 3638 4421 Aprilis,

1950 4427 2107 4490 regni
2141 4437 2292 4492 anno
2326 4437 2488 4473 xxvxn
2520 4421 2702 4489 (ἰδίει,
2746 4437 2878 4489 pag.
2920 4422 3074 4492 462).
3114 4420 3278 4474 Iussu
3312 4420 3640 4492 regis’ejus-

1949 4493 2076 4544 dem
2129 4491 2198 4544 ad
2241 4491 2575 4544 Fossatense
2623 4490 3036 4543 monasterium
3084 4507 3143 4543 se
3188 4496 3432 4546 contulit
3489 4490 3642 4546 anno

1951 4562 2151 4614 eodem
2181 4561 2250 4614 ad
2279 4560 2685 4632 recipiendum
2728 4577 2934 4632 corpus
2982 4560 3163 4613 sancti
3179 4561 3390 4632 iMauri,
3427 4565 3581 4632 quod
3613 4581 3643 4618 θ

161 4649 297 4686 anno
331 4620 454 4699 8'59,
498 4620 560 4686 in
590 4635 918 4704 episcopum
953 4651 1070 4687 sua:
1102 4620 1407 4702 provinciae
1447 4620 1837 4702 metropolita-
1879 4620 1922 4673 D
1953 4633 2151 4702 predio
2167 4620 2426 4704 Audonis
2443 4631 2666 4683 comitis
2683 4620 3147 4704 adAriarim,quo
3174 4620 3462 4704 Danoruni
3486 4644 3642 4687 metu

161 4717 306 4769 num,
341 4722 444 4774 qui
478 4705 747 4758 Ludovici
775 4707 992 4758 faverat
1020 4705 1324 4769 invasioui,
1361 4705 1647 4773 judicium
1687 4704 1840 4774 ferre

160 4789 266 4845 non
298 4772 384 4828 est
414 4776 652 4828 veritus.
679 4775 934 4830 Concilio
957 4776 1109 4845 apud
1131 4772 1430 4827 'I‘usiacum
1453 4790 1647 4828 mense
1671 4772 1842 4827 Octo-

159 4842 240 4896 bri
267 4846 401 4898 auni
443 4848 552 4900 860
581 4847 762 4899 adfuit
803 4842 1202 4914 (ConcfHard.
1236 4851 1378 4898 tom.
1423 4846 1487 4912 V,
1537 4846 1640 4897 col.
1691 4844 1840 4911 490).

160 4914 428 4980 Eccejam
473 4917 732 4981 tertium,
782 4933 978 4970 mense
1027 4916 1297 4970 Januario
1345 4916 1481 4968 anni
1531 4918 1651 4976 86l,
1702 4915 1845 4967 Dani

161 4984 427 5040 Lutetiam
450 4987 752 5053 invadunt,
779 4987 1047 5040 incendio
1075 4987 1324 5047 tradunt,
1349 4991 1721 5054 cremantque
1745 4985 1843 5037 Ec-

157 5057 374 5110 clesiam
410 5061 589 5110 sancti
624 5058 912 5122 Germani,
946 5064 1002 5110 et
1024 5073 1207 5126 usque
1233 5057 1304 5109 ad
1332 5063 1582 5110 castrum
1605 5056 1844 5110 Melidu-

156 5139 285 5179 num
309 5130 508 5181 omnia
527 5129 975 5197 circumquaque
997 5127 1444 5196 depopulantur.
1465 5130 1629 5179 Anno
1643 5127 1846 5180 eodem

159 5197 380 5251 Carolus
412 5198 620 5252 Calvus
651 5207 884 5268 pontem
934 5198 1214 5266 majorem
1248 5215 1280 5250 a
1313 5214 1370 5250 se
1403 5213 1590 5268 nuper
1625 5204 1846 5249 exstru-

156 5273 298 5320 ctum
336 5285 516 5338 supra
544 5267 756 5322 terram
802 5270 981 5322 sancti
1010 5268 1278 5322 Germani
1309 5267 1844 5332 Autissiodorensis,

157 5344 205 5388 et
231 5340 380 5392 viam
432 5355 566 5409 quae
610 5341 677 5394 ad
726 5346 960 5409 pontem
1003 5339 1178 5398 ducit.
1211 5339 1400 5392 Aineae
1429 5354 1845 5409 successorum-

159 5423 260 5474 que
295 5411 422 5478 ejus
453 5408 741 5478 potestati
792 5411 1033 5479 subjecit
1079 5409 1265 5479 pridie
1312 5411 1441 5462 Idus
1489 5408 1643 5467 Julii,
1695 5425 1845 5460 anno

158 5482 313 5543 regni
357 5496 469 5532 xxii
517 5482 681 5543 (Hist.
735 5478 994 5534 EccleSia:
1032 5478 1237 5545 ram,
1270 5485 1410 5532 tom.
1449 5480 1490 5547 I,
1529 5495 1661 5548 pag.
1696 5478 1843 5548 460).

222 5551 283 5603 In
331 5551 575 5604 concilio
627 5553 889 5614 Pistensi,
944 5567 1035 5605 an.
1089 5553 1214 5615 862,
1264 5551 1468 5604 Encas
1515 5549 1851 5618 subscripsit

470 5647 763 5709 PATROL.
809 5647 1035 5710 CXXI.

1952 4700 2218 4755 monachi
2249 4702 2706 4770 deportaverant,
2744 4700 2804 4752 in
2837 4701 3230 4754 Fossatensem
3275 4703 3465 4756 locum
3498 4707 3641 4756 refe-

1951 4771 2195 4826 rendum
2244 4788 2337 4825 rex
2377 4771 2602 4824 volebat
2633 4771 2784 4842 (Save.
2817 4770 3011 4842 Bened.
3044 4777 3206 4842 parte
3236 4788 3296 4836 ιι,
3327 4789 3459 4842 pag.
3497 4777 3638 4841 168).

1950 4844 2247 4897 Feretrum
2287 4843 2378 4896 die
2409 4847 2438 4895 7
2474 4842 2684 4910 Aprilis
2729 4840 2984 4893 humeris
3020 4841 3171 4906 tulit,
3207 4840 3546 4896 soleinniter
3584 4840 3644 4898 in

1955 4913 2252 4968 ecclesiam
2315 4913 2366 4965 Β.
2430 4913 2586 4966 Petri
2629 4912 2970 4980 deportavit,
3017 4917 3073 4965 et
3114 4928 3285 4980 super
3326 4915 3503 4967 altare
3547 4915 3640 4969 SS.

1955 4985 2359 5062 Apostolorum
2400 4983 2682 5062 deposuit,
2718 4984 2800 5062 _ub
2833 4997 3350 5062 eamquencausam
3379 4985 3644 5062 praeben-

1956 5053 2088 5110 dam
2121 5070 2295 5107 unam
2327 5055 2384 5106 in
2435 5053 2670 5107 ecclesia
2717 5054 3025 5107 Parisieusi
3073 5053 3398 5107 Fossatensi
3443 5071 3642 5109 mona-

1955 5127 2130 5178 sterio
2161 5125 2459 5191 concessit,
2495 5140 2861 5194 annuamque
2896 5124 3370 5194 supplicationem
3400 5125 3647 5180 instituit

1958 5198 2162 5262 (Churt.
2192 5212 2302 5255 XIV.
2335 5196 2442 5249 col.
2477 5195 2585 5263 '13).
2623 5197 2928 5265 Perperam
2970 5210 3129 5248 more
3181 5212 3282 5248 suo
3332 5196 3504 5266 bujus
3536 5198 3646 5250 do-

1955 5266 2204 5320 nationis
2251 5266 2427 5320 tidem
2487 5267 2706 5320 elevare
2759 5271 2997 5319 conatus
3046 5271 3143 5318 est'
3183 5267 3492 5332 Lauuoius,
3546 5268 3647 5321 sed

1956 5354 2130 5408 quam
2149 5337 2204 5390 fu
2215 5337 2334 5390 tilia
2351 5342 2487 5390 sunt
2506 5353 2634 5406 qua?
2653 5335 2817 5389 offert
2836 5341 3175 5408 argumenta
3200 5338 3405 5389 melius
3424 5337 3650 5392 docebit

1956 5407 2239 5480 Cet-ardus
2269 5408 2345 5462 du
2387 5409 2512 5460 Bois
2543 5408 2708 5477 (Hist.
2742 5408 2992 5461 Ecclesiae
3018 5407 3224 5473 Puris,
3261 5413 3401 5461 tom.
3435 5408 3480 5476 Ι,
3511 5424 3644 5480 pag.

2027 5478 2221 5604 EQdfuit
2249 5550 2474 5615 Encas,
2506 5563 2659 5602 anno
2707 5549 2834 5615 869,
2879 5545 3098 5615 synodo
3146 5545 3214 5600 ad
3268 5547 3644 5617 Vermeriam,

3252 5649 3329 5680 6).)

3252 5689 3330 5704 ,Ὗ
