4038 6174
371 333 476 388 683

1591 324 1818 381 ᾸΞΝΕᾸΞ
1859 322 2290 380 PARISIENSIS
2328 320 2635 378 EPISCOPI

3763 312 3876 367 684

371 472 470 526 ubi
495 470 738 540 primum
766 469 895 540 acta
911 480 1082 540 eausa
1105 462 1393 540 Ilipcmari
1420 463 1828 540 Laudunepsis,
1853 467 1909 516 et
1935 463 2063 516 sub-
2103 468 2140 519 Λ
2176 461 2329 525 1898,
2365 460 2488 514 duas
2519 456 2813 540 Ilinemari
2861 456 2929 510 ad
2977 456 3232 537 [Ἐρυξιωο
3255 457 3310 507 et
3353 453 3544 540 {lineas
3592 449 3873 540 editio:-

374 534 597 612 scripsit
641 537 952 612 privilegiis
998 535 1344 612 Carrofensis
1391 541 1446 612 et
1480 535 1543 612 _S_.
1594 534 1822 612 Vedasti_
1864 551 2062 612 moria:

373 605 676 666 steriorum
747 605 956 662 Eodem
991 624 1141 659 anno
1193 607 1358 659 I’istis
1403 607 1594 660 habita
1645 607 1915 676 synodus,
1967 605 2063 658 ubi

371 681 828 751 metropolitanis
858 678 1122 749 Egylonis
1154 677 1733 751 votis‘obsecundans,
1759 682 1946 751 ratum
1971 677 2064 751 ha:

367 755 496 808 linit
527 747 886 823 privilegium
923 747 1131 823 regale,
1167 748 1314 818 quod
1344 748 1890 823 monasteriosancti
1912 747 2063 801 Petri

367 819 605 887 Vivi,'in
639 839 753 892 quo
787 838 946 874 suam
987 822 1239 892 elegerat
1283 821 1659 892 sepulturam,
1688 819 2061 892 Egiloimpe-

367 901 636 948 traverat.
660 889 826 946 Anno
845 895 946 945 8‘70
972 890 1230 944 interfuit
1248 891 1488 944 concilio
1512 889 1663 959 apud
1688 889 2061 956 Attiniacum,

366 966 424 1018 in
462 982 576 1035 quo
611 965 817 1017 iterum
852 979 1018 1035 causa
1053 963 1338 1035 Hincmari
1373 961 1923 1035 Laudunensisacta
1955 967 2058 1035 est,

366 1041 427 1090 ut
459 1032 616 1106 patet
648 1052 711 1087 ex
746 1034 927 1104 capite
969 1033 1288 1106 337_synodi_
1323 1033 1720 1106 Duziacensis.
1750 1032 2060 1106 VetusiNe-

366 1102 681 1175 cro‘logium
742 1102 1068 1158 monasterii
1117 1103 1292 1156 sancti
1345 1103 1864 1175 Germaniziineas
1910 1102 2052 1155 Pari-

366 1173 571 1230 siensis
616 1177 834 1229 obitum
885 1176 951 1227 ad
1002 1192 1049 1226 τι
1100 1175 1218 1228 Kal.
1270 1173 1523 1227 Januarii
1573 1174 1822 1227 adnotat.
1859 1174 2058 1240 Itaque

366 1265 496 1300 cum
542 1247 783 1300 concilio
830 1245 1202 1300 Attiniacensi
1234 1245 1482 1298 adfuerit
1512 1246 1711 1298 {Encas
1752 1261 1899 1297 anno
1932 1245 2054 1307 870,

367 1319 816 1387 Duziacensique
863 1317 984 1386 ejus
1031 1331 1320 1369 successor
1360 1316 1700 1382 Ingelwinus
1735 1332 1884 1387 anno
1933 1318 2054 1387 87f,

365 1389 499 1442 hinc
531 1386 792 1460 sequitur
817 1389 1048 1442 Aineam
1081 1387 1286 1440 obiisse
1329 1403 1380 1440 γι
1415 1388 1538 1441 Kal.
1581 1389 1706 1441 Jan.
1741 1386 1876 1440 anni
1907 1386 2057 1456 ejus-

365 1461 517 1514 dem.

438 1533 666 1584 Exstant
715 1534 870 1583 tomo
928 1531 1045 1583 VIII
1093 1529 1304 1584 Concil.
1355 1528 1552 1598 Labb.,
1599 1528 1872 1600 append.,
1925 1543 2056 1599 pag.

2176 522 2397 586 marum
2440 532 2720 600 epistolm,
2755 545 2996 600 quarum
3044 529 3104 581 in
3149 527 3334 601 prima
3389 522 3875 601 Ilincmarus-_£-

2176 620 2339 657 neam
2370 595 2532 673 rogat
2567 609 2627 655 ut
2656 595 3070 655 adolescentem
3103 595 3434 673 quemdam,
3465 595 3702 673 nomine
3732 595 3876 646 Ber-

2174 668 2568 733 monemfsibi
2601 674 2670 726 ab
2701 673 2904 726 abbate
2948 668 3143 742 sancti,
3174 668 3442 742 Dionysii
3468 668 3869 742 commissum,

2174 763 2345 815 quem
2374 747 2576 799 Aineas
2613 745 2732 813 jam
2766 744 3090 815 acolylhum
3125 741 3352 803 fecerat,
3390 738 3606 815 litteris
3638 738 3871 815 canoni-

2171 805 2251 869 cis
2288 818 2452 869 liceat
2483 816 2542 868 in
2578 805 2813 868 ecclesia
2843 805 2940 866 sua
2976 813 3220 866 retinere
3253 817 3308 863 et
3340 807 3680 877 regulariter
3708 805 3870 857 ordi-

2174 903 2330 940 nare.
2367 886 2683 956 Respondit
2715 885 2945 950 Encas;
2979 889 3037 935 at
3066 881 3330 956 responsi
3360 881 3588 956 Illilitlln
3638 881 3870 956 tntum

2171 964 2450 1026 superest.
2481 947 2604 1011 'Alia
2637 959 2826 1026 Lupus
2861 947 3239 1027 Ferrariensis
3268 954 3334 1005 ad
3369 953 3603 1027 Ainean
3627 947 3873 1027 epistola

2176 1019 2274 1082 “9
2307 1029 2489 1081 tilium
2524 1019 2856 1096 neptis'sum
2899 1025 3280 1089 commendat,
3319 1028 3380 1075 ut
3409 1021 3658 1074 militare
3691 1019 3869 1071 bene-

2171 1101 2363 1153 ficium
2393 1100 2474 1152 illi
2506 1099 2777 1151 conferat.

2237 1170 2574 1240 Quanquam
2611 1186 2741 1222 vero
2775 1167 2986 1237 pietate
3017 1165 3186 1218 simul
3229 1169 3285 1218 et
3330 1162 3877 1240 ﬁdeuconspicuum

2167 1242 2397 1294 Aineam
2425 1235 2569 1294 satis
2608 1235 3001 1293 demonstrent
3031 1243 3158 1307 quae
3202 1251 3372 1305 supra
3395 1235 3741 1307 allatasunt
3788 1246 3880 1282 ar-

2167 1317 2462 1381 gumenta,
2504 1311 2736 1380 quidem
2790 1317 2981 1363 tamen
3024 1304 3307 1381 memoria
3356 1306 3479 1381 ejus
3525 1304 3880 1381 labefactare

2168 1375 2290 1436 ausi
2322 1375 2474 1450 sunt,
2509 1375 2652 1453 quos
2681 1381 2964 1436 Gerardus
3005 1379 3079 1434 du
3119 1379 3247 1433 Bois
3290 1377 3495 1430 refellit
3541 1375 3698 1439 (ibid.
3731 1387 3878 1442 pag.

2168 1454 2320 1522 458).

1421 1799 1876 1901 ᾺΕΝΕᾺΕ
1947 1796 2830 1901 PARISIENSIS

930 1990 1458 2118 LIBER
1550 1988 2470 2119 ADVERSUS
2582 1986 3308 2116 GRAECOS

1577 2195 1749 2260 (Apud
1783 2195 2084 2255 Acherium,
2121 2194 2385 2258 Spicilegii
2420 2198 2563 2244 tomo
2599 2194 2659 2257 Ι.)

1082 2377 1178 2449 ΙΝ
1239 2377 1490 2450 OPUS
1551 2376 2172 2462 SUBSEQUENS
2224 2376 2618 2450 ACHERII
2680 2375 3158 2449 MONITUM.

444 2644 610 2699 Liber
657 2644 750 2698 hic
804 2644 1012 2709 Ainem,
1069 2642 1403 2697 Parisiensis
1463 2643 1736 2714 episcopi,
1795 2643 2065 2697 adversus
2103 2645 2146 2698 B
2177 2644 2320 2714 ejus,
2354 2643 2422 2698 ad
2457 2644 2794 2715 dignitatem
2827 2643 3188 2714 pontiﬁcatus
3234 2643 3696 2714 promovendum
3739 2661 3882 2698 con-

371 2717 594 2770 Grzecos
639 2732 668 2768 e
717 2715 1061 2769 bibliotheca
1107 2715 1376 2768 Thuanea
1418 2715 1538 2784 jam
1600 2715 1668 2768 ab
1717 2716 1880 2768 annis
1932 2716 2062 2784 plus

370 2787 563 2840 minus
603 2786 905 2840 duodecim
957 2792 1171 2839 erutus.
1221 2786 1282 2839 In
1328 2803 1395 2839 eo
1443 2787 1621 2838 multa
1670 2801 1797 2838 cum
1848 2787 2064 2839 Graeco-

369 2874 522 2925 rum,
586 2863 705 2911 tum
768 2857 1098 2911 Latinorum
1161 2858 1392 2910 Patrum
1449 2857 1782 2909 testimonia
1836 2857 2065 2910 adducit

370 2931 591 2983 Aineas.
627 2931 950 2982 Graecorum
983 2927 1307 2981 testimonia
1335 2933 1570 2998 propter
1599 2928 1893 2998 antiquam
1939 2928 2063 2980 illo-

369 3016 499 3054 rum
533 2999 1065 3068 interpretationem
1099 2998 1306 3068 reliqui
1337 3005 1485 3051 sarta
1517 3003 1690 3062 tecta;
1736 2999 2062 3052 Latinorum

369 3087 528 3135 vero,
563 3087 691 3124 cum
723 3075 778 3124 et
803 3070 1115 3140 prolixiora
1148 3074 1335 3122 essent
1363 3075 1418 3122 et
1445 3069 1849 3139 frequentiora,
1878 3086 1947 3122 ne
1972 3075 2065 3122 tae-

373 3142 530 3195 dium
571 3147 841 3210 parerent
886 3141 1105 3205 lectori,
1158 3141 1365 3210 saepius
1409 3140 1680 3210 expungi,
1715 3141 1950 3193 servatis
1982 3145 2065 3192 ta-

373 3229 503 3266 men
556 3212 844 3281 prioribus
889 3218 946 3264 et
989 3211 1402 3282 posterioribus
1458 3211 1664 3277 verbis,
1714 3213 2064 3280 remissoque

374 3285 440 3336 ad
473 3283 623 3336 edita
653 3284 959 3336 citatorum
1008 3284 1240 3334 Patrum
1285 3298 1460 3352 opera
1510 3282 1744 3335 lectore.
1795 3285 2062 3352 Utraque,

373 3354 580 3423 partim
613 3354 682 3407 ad
717 3370 953 3406 excusos
983 3359 1283 3405 auctorum
1325 3353 1516 3419 libros,
1560 3353 1771 3423 partim
1811 3354 1877 3406 ad
1909 3369 2062 3416 mss.,

373 3424 610 3487 contuli,
645 3423 929 3476 adnotatis
959 3423 1299 3476 lectionibus
1337 3423 1527 3486 variis,
1561 3429 1615 3474 et
1644 3424 1935 3476 nonnullis
1964 3423 2063 3477 ob-

375 3494 608 3546 servatis
643 3509 771 3563 qua:
803 3494 859 3546 in
889 3493 1237 3546 editionibus
1269 3509 1381 3545 non
1412 3499 1652 3547 exstant.

447 3563 630 3617 Caroli
679 3563 830 3617 Calvi
871 3563 1228 3632 imperatoris
1277 3563 1653 3632 temporibus,
1690 3563 1839 3617 inter
1867 3563 2062 3618 Gallias

375 3634 651 3703 praesules
716 3635 924 3702 pietate
994 3650 1058 3685 ac
1127 3633 1451 3687 eruditione
1514 3636 1858 3704 conspicuus
1925 3635 2066 3688 vixit

375 3706 607 3776 Alneas;
640 3720 888 3776 eumque
927 3704 1166 3756 summis
1213 3704 1681 3776 Iaudibusretfert
1724 3707 1930 3776 Lupus,
1966 3707 2063 3758 ab-

375 3775 474 3828 has
521 3775 912 3840 Ferrariensis,
946 3776 1182 3844 epistola
1217 3778 1304 3839 98,
1345 3775 1576 3828 nomine
1607 3777 1739 3829 cleri
1776 3775 2064 3830 Parisien-

373 3847 449 3899 sis
495 3847 721 3915 scripta,
773 3846 842 3899 ad
894 3847 1291 3910 Guenilonem,
1346 3847 1838 3916 archiepiscopum
1897 3849 2066 3900 Seno-

375 3933 611 3970 nensem
663 3932 676 3970 :
730 3937 756 3965 «
805 3917 1061 3980 Aineam,
1111 3918 1272 3987 cujus
1322 3919 1614 3985 praeconia
1659 3917 2057 3986 prunuisimus,

372 3987 730 4041 concorditer
759 4003 959 4040 omnes
984 3988 1272 4058 eligimus,
1296 3991 1529 4042 Eneam
1558 3990 1801 4052 Patrem,
1825 3990 2060 4042 zEneam

373 4059 704 4129 pontificem
763 4058 973 4111 habere
1031 4065 1315 4127 optamus.
1373 4058 1638 4120 Quamvis
1695 4059 1850 4112 enim
1905 4064 2061 4111 tanta

374 4129 684 4197 prudentia
721 4145 784 4181 ac
829 4129 1111 4197 probitate
1143 4129 1705 4198 praecellentissimus
1738 4146 1828 4182 rex
1871 4135 2065 4182 noster

375 4199 603 4268 polleat,
657 4204 718 4251 ut
767 4201 948 4252 solum
997 4203 1119 4269 ejus
1155 4199 1438 4269 judicium
1483 4201 1552 4253 de
1594 4200 1712 4252 viro
1745 4205 2062 4253 memorato

375 4275 567 4338 posset
597 4270 877 4336 sufﬁcere,
912 4275 1101 4323 tamen
1135 4270 1480 4324 conditionis
1513 4270 1780 4323 humanas
1811 4287 1927 4324 non
1963 4286 2062 4323 ne-

376 4341 492 4398 scii,
523 4341 968 4410 futurorumque
1015 4341 1246 4403 curiosi,
1281 4341 1597 4394 aulicorum
1633 4357 1736 4394 nos
1773 4342 1882 4411 ipsi
1923 4357 2063 4411 pro-

373 4411 625 4481 positum
657 4427 720 4482 ac
752 4427 939 4482 mores
971 4413 1141 4481 longe
1186 4411 1346 4482 prius
1388 4411 1761 4482 inspeximus,
1808 4419 1862 4466 et
1911 4413 2064 4465 inter

375 4497 572 4545 graves
604 4481 1043 4551 probabilesque
1083 4499 1358 4552 personas
1404 4488 1458 4537 et
1485 4481 1800 4536 sanctitate
1841 4486 2062 4536 ferven-

374 4560 478 4618 tes,
510 4552 659 4605 hunc
688 4569 857 4623 quem
897 4555 1208 4608 antistitem
1242 4555 1451 4608 habere
1487 4553 1752 4624 cupimus
1784 4559 2064 4624 quotquot

375 4638 506 4676 cum
541 4639 705 4676 nosse
734 4625 1048 4694 potuimus,
1083 4631 1144 4679 ut
1175 4643 1326 4679 nunc
1368 4625 1556 4695 palam
1590 4632 1692 4690 est,
1729 4625 1939 4695 absque
1969 4641 2060 4678 er-

374 4709 502 4765 rore
537 4695 1058 4764 anuun'ieravimus,
1099 4717 1121 4744 ι
1169 4702 1275 4750 etc.
1331 4698 1392 4748 Et
1443 4698 1500 4748 in
1549 4696 1822 4765 rescripto
1873 4695 2060 4748 \Veni-

371 4763 522 4818 Ionis
554 4766 978 4836 metropolitani
1023 4773 1078 4819 et
1116 4768 1583 4836 coepiscoporum
1628 4763 1935 4834 provinciae
1965 4767 2062 4820 Se-

372 4835 642 4890 nonensis
689 4835 756 4890 ad
806 4837 1020 4890 clerum
1069 4835 1467 4901 Parisiensem,
1518 4837 1674 4906 Lupi.
1723 4839 1887 4905 eiust.
1934 4840 2000 4891 99
2046 4853 2059 4891 :

375 4926 401 4956 ι(
465 4906 600 4970 Quis
655 4905 856 4960 leviter
915 4907 1104 4975 tetigit
1153 4907 1451 4975 palatium,
1513 4905 1614 4959 cui
1661 4908 1821 4960 labor
1874 4909 2063 4961 ZEnete

372 4993 484 5030 non
519 4978 790 5048 innotuit,
827 4982 882 5030 et
921 4979 1122 5048 fervor
1149 4980 1206 5029 in
1256 4976 1462 5048 divinis
1509 4977 1681 5030 rebus
1730 4994 1844 5030 non
1892 4995 2063 5048 appa-

371 5048 522 5100 ruit?
552 5047 933 5110 Quamobrem
965 5047 1300 5118 electionem
1333 5047 1390 5099 in
1430 5063 1496 5100 eo
1543 5048 1748 5101 factam
1786 5049 1898 5102 Deo
1929 5047 2059 5118 pro-

368 5119 513 5188 pitio
544 5118 790 5172 libenter
817 5117 1131 5188 sequimur,
1176 5121 1240 5171 ut
1283 5133 1414 5171 eum
1452 5119 1818 5186 profuturum
1847 5117 2060 5191 populo

2170 2717 2418 2769 corditer
2447 2717 2839 2769 decernamus.
2874 2716 2958 2769 Sit
2988 2715 3166 2786 igitur
3196 2716 3352 2768 vobis
3383 2722 3600 2785 pastor,
3635 2717 3734 2786 qui
3775 2733 3878 2785 pro

2171 2789 2289 2840 suis
2326 2787 2390 2839 ad
2433 2788 2609 2840 Deum
2644 2785 2860 2838 meritis
2894 2785 3037 2839 bene
3075 2787 3442 2855 complacuit,
3477 2793 3532 2840 et
3562 2785 3877 2857 sequentes

2171 2859 2294 2926 ejus
2322 2873 2576 2910 veracem
2614 2857 2951 2920 doctrinam,
2999 2863 3056 2910 et
3103 2864 3298 2910 sancta
3339 2874 3516 2925 opera
3550 2858 3876 2924 imitantes,

2173 2930 2239 2981 ad
2289 2929 2530 2981 corlestis
2579 2928 2740 2997 regni
2787 2944 2994 2996 pascua
3043 2935 3344 2998 properate
3393 2929 3608 2984 felices.
3667 2952 3685 2974 ι
3755 2929 3880 2997 Epi-

2173 2999 2324 3068 scopi
2375 3001 2546 3051 etiam
2597 2999 2696 3068 qui
2748 2999 3113 3052 Carisiacensi
3162 2999 3379 3068 synodo
3432 2999 3766 3063 adfuerunt,
3815 3000 3875 3051 in

2173 3070 2412 3138 epistola
2458 3071 2525 3122 ad
2587 3069 2936 3123 Ludovicum
2993 3085 3187 3137 regem
3241 3071 3586 3136 Germaniae,
3636 3072 3876 3124 jEneam

2171 3143 2478 3208 episcopum
2513 3141 2877 3194 honorabilrm
2907 3143 3217 3210 appellant.

2247 3211 2424 3264 [lnam
2472 3212 2728 3279 ejusdem
2771 3213 2959 3264 itinere
3009 3211 3332 3280 epistolam,
3367 3217 3421 3264 et
3467 3211 3704 3265 alterius
3747 3211 3876 3280 epi-

2173 3282 2332 3334 stolis
2366 3283 2750 3351 fragmentum
2780 3283 3030 3352 reperies
3059 3284 3117 3335 in
3151 3287 3302 3335 tome
3335 3284 3382 3336 ll
3409 3283 3624 3337 Concil.
3655 3284 3872 3347 Galliae,

2213 3367 2302 3419 ag.
2339 3354 2460 3405 670.

2213 3368 2242 3404 a
2293 3395 2302 3405 .
2339 3368 2460 3405 ῠίυ.

2173 3368 2496 3476 Ρξυὶιίειηίι
2540 3423 2888 3488 Graecorum,
2937 3428 3136 3476 contra
3186 3440 3330 3494 quos
3388 3425 3592 3477 .Eueas
3643 3423 3874 3493 scripsit

2170 3493 2381 3546 librum
2419 3493 2587 3560 hunc,
2623 3495 3091 3564 quandoquidem
3127 3493 3525 3548 memorarunt
3561 3495 3726 3547 multi
3755 3497 3874 3547 sive

2172 3564 2546 3634 antiquiores,
2583 3570 2644 3616 ut
2678 3565 2938 3617 Nicolaus
2970 3581 3116 3634 papa
3145 3566 3185 3629 Ι,
3235 3567 3294 3619 in
3334 3564 3501 3634 epist.
3554 3566 3624 3618 ad
3674 3566 3871 3619 Gallia:

2172 3635 2495 3705 episcopos;
2545 3636 2887 3688 Ratramnus
2935 3636 3309 3701 Corbeiensis,
3363 3637 3463 3705 qui
3515 3637 3692 3689 libros
3737 3652 3874 3704 qua-

2175 3711 2304 3758 tuor
2359 3706 2681 3775 composuit
2737 3713 2932 3759 contra
2987 3707 3312 3760 Graecorum
3373 3707 3668 3775 opposita;
3732 3708 3870 3760 Fro-

2173 3775 2392 3842 doard.,
2429 3777 2482 3828 in
2514 3777 2656 3846 Ilist.
2693 3777 2898 3830 Eccles.
2942 3777 3298 3837 Rhemensis,
3349 3778 3444 3830 lib.
3499 3794 3540 3840 1,
3593 3794 3718 3846 cap.
3778 3781 3867 3841 17;

2173 3847 2286 3900 sive
2315 3843 2680 3911 recentiores,
2715 3855 2778 3900 ut
2827 3848 3100 3901 Baronius
3143 3848 3200 3900 in
3242 3848 3443 3901 Annal.
3490 3843 3726 3910 Eccles.,
3761 3855 3868 3900 etc.

2121 3972 2140 3989 ,η
2176 3919 2289 3989 Nos
2321 3918 2491 3970 etiam
2528 3917 2582 3970 in
2616 3918 2824 3988 praevia
2851 3919 3165 3972 monitione
3198 3920 3266 3972 ad
3291 3920 3669 3973 Ratramnum
3693 3920 3871 3972 multa

2105 3973 2143 4024 (ἶ
2173 3987 2265 4041 hic
2293 3973 2702 4058 repetenda.de
2731 4006 2797 4042 eo
2828 4005 2940 4041 non
2975 3989 3262 4042 duximus.

2245 4058 2518 4112 Advertas
2548 4074 2744 4128 porro,
2780 4059 2978 4125 lector,
3018 4060 3224 4113 librum
3261 4059 3464 4113 Isidori
3513 4059 3869 4129 IIispalensis

2173 4128 2242 4182 dc
2277 4129 2488 4183 Ordine
2523 4130 2946 4194 Creaturarum,
2980 4148 3152 4200 quem
3183 4133 3240 4184 in
3278 4132 3384 4183 hoc
3423 4128 3721 4200 spicilegio
3753 4131 3867 4183 edi-

2174 4216 2323 4264 mus,
2377 4201 2458 4271 fab
2524 4202 2697 4253 Aine-.1
2763 4202 3001 4253 citatum
3065 4218 3189 4271 cap.
3254 4204 3320 4255 9i
3388 4204 3638 4266 (tametsi
3710 4208 3868 4271 quot-

2172 4275 2313 4340 quot
2375 4270 2648 4324 hactenus
2719 4271 2992 4340 legerim,
3059 4270 3231 4337 hujus
3300 4287 3409 4325 non
3478 4270 3863 4338 meminerint)

2173 4341 2326 4394 haud
2357 4358 2656 4412 perperam
2694 4358 2782 4394 me
2829 4342 3041 4395 Isidoro
3090 4343 3370 4407 tribuisse,
3418 4342 3551 4395 licet
3597 4344 3722 4396 solo
3774 4343 3866 4396 du-

2173 4417 2326 4465 ctum
2372 4412 2566 4484 scripti
2613 4413 2820 4484 codicis
2853 4413 3016 4466 titulo
3045 4429 3064 4484 κε
3104 4420 3260 4484 vetus
3293 4415 3446 4466 enim
3481 4420 3566 4466 est
3596 4422 3656 4467 et
3686 4414 3862 4484 gravis

2172 4487 2370 4536 auctor
2400 4482 2624 4546 IEneas,
2662 4483 2752 4536 cui
2787 4483 2958 4536 tidem
2991 4483 3372 4537 adhibendam
3407 4490 3572 4549 puto.

2248 4553 2376 4606 llaec
2424 4554 2718 4617 Acherius,
2767 4571 2938 4623 quem
2989 4554 3141 4607 haud
3186 4555 3378 4624 paucis
3409 4556 3466 4606 in
3500 4554 3642 4607 locis
3675 4554 3863 4608 fefellit

2174 4624 2438 4678 librarius
2477 4640 2640 4688 suus;
2679 4641 2808 4676 nam
2849 4641 2976 4677 cum
3029 4641 3158 4677 eum
3212 4627 3399 4692 ipsum
3451 4627 3707 4678 codicem
3757 4641 3857 4694 quo

2174 4712 2308 4748 usus
2354 4699 2476 4748 erat
2521 4695 2901 4748 consuluisset
2950 4696 3157 4748 deinde
3207 4697 3466 4749 Baluzius
3516 4697 3577 4748 ν.
3635 4697 3720 4758 C.,
3762 4696 3854 4748 mi-

2174 4782 2299 4819 rmn
2335 4764 2556 4836 quoties
2586 4781 2710 4818 eam
2759 4765 3064 4818 lectionem
3112 4783 3240 4836 quas
3291 4773 3509 4819 textum
3565 4767 3854 4831 insederat,

2174 4835 2371 4890 falsam
2407 4842 2463 4889 et
2492 4835 2560 4889 ab
2593 4836 2928 4890 amanuensi
2971 4835 3270 4890 eonticlam
3315 4854 3436 4889 esse
3467 4837 3851 4907 deprehendit.

2170 4909 2407 4962 Textum
2449 4913 2663 4976 quanta
2705 4907 2999 4976 potuimus
3049 4908 3348 4976 diligentia
3395 4910 3848 4978 expurgavimus,

2171 4979 2330 5046 cujus
2359 4978 2671 5048 diligentiae
2718 4984 2926 5030 nostrae
2956 4979 3270 5047 specimina
3309 4995 3439 5031 cum
3479 4980 3649 5032 initio
3684 4979 3850 5047 operis

2173 5048 2430 5118 praebere
2493 5049 2770 5112 libuisset,
2818 5049 3047 5119 singula
3098 5050 3303 5104 deinde
3350 5049 3627 5104 adnotare
3681 5050 3848 5102 minus

2177 5119 2560 5173 necessarium
2591 5121 2776 5174 visum
2805 5126 2908 5174 est.
