4038 6174
123 310 208 362 685

1335 301 1548 360 LIBER
1585 303 1950 360 ADVERSUS
1989 304 2298 362 GRAECOS.

3467 311 3570 366 686

1211 599 1786 673 PRAZFATIO
1867 600 2443 678 AUCTORIS.

169 874 365 939 .lineas,
398 869 798 926 Parisiacensis
847 869 1002 922 urbis
1032 869 1352 939 episcopus,
1388 885 1502 940 quo
1548 868 1771 940 primus
1808 873 1850 924 A
1881 885 2208 925 ascensorem
2305 871 2471 940 dejcit
2571 875 2629 926 in

113 963 347 1034 praesedit
388 963 438 1015 S.
493 959 812 1030 Dionysius,
863 975 896 1012 a
943 959 1116 1012 Paulo
1161 959 1416 1028 apostolo
1458 959 1768 1012 Athenien-

114 1053 237 1106 sium
266 1056 612 1104 consecratus
659 1047 1142 1118 archiepiscopus,
1186 1046 1284 1100 sed
1333 1064 1364 1100 a
1410 1051 1604 1100 sancto
1640 1047 1768 1100 Cle-

111 1145 273 1193 mente
303 1139 468 1192 totius
491 1137 683 1191 Gallite
713 1137 1050 1189 constitutus
1099 1137 1419 1205 apostolus;
1470 1151 1670 1206 pacem
1715 1139 1770 1189 et

113 1228 318 1297 gloriam
350 1225 640 1280 catholicae
675 1224 812 1279 fidei
843 1223 1184 1279 cultoribus.

170 1316 408 1385 Legimus
455 1314 515 1367 in
567 1313 713 1367 libro
760 1312 1022 1366 Judicum
1074 1313 1211 1381 (cap.
1259 1314 1362 1382 ιιι),
1412 1313 1563 1382 quod
1622 1329 1769 1382 prae-

111 1405 312 1458 scientia
334 1403 519 1458 divina
554 1408 718 1456 terra:
753 1401 1000 1471 inclytae,
1033 1401 1238 1454 semini
1263 1402 1505 1455 Abrahae
1540 1403 1613 1456 ob
1659 1403 1770 1455 im-

112 1509 291 1546 mensae
340 1493 469 1546 fidei
526 1492 752 1546 tandem
805 1491 1186 1560 repromissae,
1242 1491 1427 1544 inesse
1500 1491 1771 1561 reliquias

111 1583 520 1635 Cliauaut-reorum
556 1597 620 1634 ex
653 1588 812 1649 patre
859 1580 1205 1648 permiserit,
1254 1581 1468 1633 scilicet
1499 1584 1561 1632 ut
1601 1597 1769 1649 expe-

109 1670 369 1723 rireturiu
401 1670 481 1723 eis
534 1670 728 1736 Israel,
768 1684 838 1722 ne
887 1669 1032 1721 forte
1080 1669 1196 1721 otio
1256 1673 1488 1737 torpens
1537 1669 1772 1738 ignarus

109 1760 352 1812 bellorum
394 1760 562 1826 foret,
613 1759 776 1827 cujus
831 1758 1026 1810 efﬁcax
1074 1757 1274 1822 virtus,
1327 1759 1440 1810 Deo
1486 1757 1769 1826 praeducc,

109 1848 290 1900 dudum
324 1863 562 1916 regnum
596 1845 915 1915 egregium,
965 1845 1182 1898 cunctis
1231 1845 1452 1899 saaculis
1499 1845 1770 1914 praedica-

107 1936 217 2000 bile,
249 1935 350 1989 sibi
378 1935 555 1988 armis
604 1935 1007 1987 vindicaverat.
1060 1933 1238 2002 Ilujus
1276 1933 1564 2002 aequitatis
1611 1933 1774 1985 lance

108 2023 406 2089 caelestium,
478 2022 834 2076 terrestrium
910 2026 965 2074 et
1045 2021 1402 2074 infernorum
1475 2021 1771 2086 Dominus,

107 2117 325 2165 sanctam
365 2111 669 2165 Ecclesium
702 2126 817 2164 non
873 2110 1178 2163 habentem
1230 2110 1512 2162 maculam
1545 2114 1644 2163 aut
1676 2126 1769 2162 ru-

108 2216 234 2268 gam,
263 2200 473 2255 annulo
507 2217 626 2253 suae
652 2199 930 2270 passionis
961 2198 1065 2251 sibi
1099 2198 1432 2251 solemniter
1457 2199 1587 2267 jure
1613 2198 1770 2268 regio

106 2291 498 2358 desponsatam,
551 2289 836 2342 haeretica;
881 2287 1180 2358 pravitatis
1223 2288 1632 2340 assertit‘mibus
1688 2289 1770 2340 la-

107 2379 352 2444 cessitam,
385 2378 604 2431 victrici
638 2379 832 2431 laurea
859 2377 1105 2446 experiri
1143 2375 1338 2441 voluit,
1392 2375 1565 2428 veluti
1615 2380 1770 2428 stans

106 2465 152 2519 in
178 2467 283 2520 acie
315 2483 517 2521 manus
548 2467 608 2519 in
649 2466 798 2520 bella
835 2465 1218 2529 contraheret,
1271 2469 1326 2518 et
1367 2465 1438 2516 ob
1487 2464 1771 2517 creberri—

107 2571 233 2608 mam
290 2555 746 2610 adversariorum
819 2553 1139 2617 victoriam,
1199 2552 1259 2605 in
1332 2552 1596 2621 amplexu
1685 2552 1770 2605 sui

104 2643 278 2713 Sponsi
335 2645 754 2712 condelectans,
831 2642 891 2695 in
957 2641 1131 2695 totius
1189 2639 1402 2695 laetitiae
1453 2655 1474 2682 τι
1551 2646 1772 2711 patrato

105 2732 368 2802 triumpho
423 2730 736 2786 admodum
767 2730 1091 2795 exsultaret,
1126 2734 1181 2782 et
1205 2728 1491 2799 frequenti
1538 2746 1772 2783 concer-

104 2822 294 2875 tatione
321 2823 378 2875 in
409 2822 562 2875 bella
589 2820 688 2874 Dei
720 2819 806 2873 sui
836 2835 1159 2889 assurgens,
1184 2819 1418 2872 scientia
1451 2835 1774 2888 repugnau-

107 2908 154 2961 di
186 2915 472 2964 venustata
523 2925 654 2962 cum
710 2907 909 2961 decore
961 2907 1221 2976 polleret,
1277 2912 1341 2960 ut
1400 2923 1457 2959 se
1513 2906 1773 2959 toxicatis

106 2998 253 3050 armis
283 3003 626 3052 attentantes
661 3000 923 3066 potenter
951 2995 1230 3064 repellere
1280 2995 1615 3056 addisceret,
1665 2994 1772 3063 ipsi

103 3087 450 3150 conclamans,
485 3087 584 3156 qui
627 3089 796 3154 caput
827 3083 1033 3152 galeati
1065 3083 1330 3136 contrivit
1383 3083 1656 3152 chelydri,
1710 3098 1772 3135 ac

105 3172 415 3226 liducialiter
475 3188 653 3241 agens
712 3187 724 3224 :
787 3169 1003 3227 Judica,
1062 3171 1300 3236 Domine,
1349 3175 1590 3222 nocentes
1659 3185 1770 3234 me;

101 3275 323 3327 expugna
383 3264 768 3330 impugnantis
806 3274 907 3311 me.
939 3257 1299 3326 Apprehende
1357 3273 1512 3311 arma
1553 3262 1603 3310 ct
1657 3272 1775 3311 scu-

103 3352 215 3412 tum,
240 3353 542 3415 ctexsurgc
582 3351 640 3400 in
693 3347 1030 3416 adjutort'um
1071 3347 1209 3400 mihi
1259 3348 1421 3415 (Psat.
1477 3362 1662 3412 xxxrv,
1703 3349 1767 3403 1).

2729 890 2878 928 mare
2988 875 3201 942 (Exod.
3307 893 3398 945 xv,
3506 881 3574 943 1).

1949 959 2144 1029 Itaque
2187 961 2538 1030 temporibus
2584 961 2824 1031 gloriosi
2851 966 2907 1016 et
2953 964 3259 1018 orthodoxi
3311 966 3580 1020 Ludovici

1878 1047 2263 1117 imperatoris,
2314 1048 2528 1102 Graecia
2579 1066 2710 1120 quas
2761 1067 2819 1104 se
2874 1055 3116 1105 matrem
3171 1053 3474 1107 verborum
3523 1060 3582 1108 et

1878 1136 2214 1206 genitricem
2271 1137 2767 1207 philosophorum,
2833 1144 2889 1193 et
2943 1141 3203 1194 omnium
3254 1142 3579 1198 liberalium

1878 1225 2089 1278 artium
2119 1225 2416 1279 fautricem
2458 1228 2732 1296 appellari
2763 1229 3076 1294 contendit,
3139 1229 3208 1283 de
3256 1231 3345 1283 his
3380 1248 3578 1301 super-

1878 1313 2204 1367 stitionibus
2242 1315 2567 1384 supertluis,
2623 1333 2749 1386 qum
2781 1323 2837 1370 et
2884 1333 3054 1384 nunc,
3113 1320 3430 1372 Romanam
3483 1321 3578 1372 Ec-

1879 1403 2129 1468 clesiam,
2161 1403 2277 1456 imo
2311 1409 2367 1456 ct
2395 1420 2628 1457 omnem
2659 1411 2886 1475 gentem
2937 1407 3136 1460 Latina
3169 1407 3372 1477 lingua
3423 1414 3583 1461 uten-

1879 1495 1992 1543 tem
2017 1492 2310 1544 consulere
2360 1492 2618 1556 tcntavit,
2670 1493 2919 1562 satisque
2979 1493 3305 1548 mirandum
3355 1495 3414 1548 in
3461 1500 3581 1549 tam

1880 1579 2168 1631 vilissimis
2197 1581 2608 1649 quaestionibus
2639 1587 2995 1650 occupatam.
3031 1584 3285 1652 longaevo
3336 1585 3582 1637 ventila-

1880 1669 1951 1720 tis
1982 1685 2123 1733 mvo,
2171 1674 2226 1721 et
2270 1670 2569 1739 perspicue
2615 1670 2683 1723 ad
2733 1670 3011 1740 liquidum
3061 1671 3404 1738 dilucidatis,
3453 1690 3582 1743 quae

1885 1757 2056 1810 totius
2078 1757 2299 1826 peritiae
2332 1775 2395 1810 ac
2439 1758 2719 1811 facundiae
2770 1775 2828 1811 se
2874 1759 2994 1812 fore
3042 1761 3321 1829 gloriatur
3369 1763 3584 1814 auctri-

1881 1861 2024 1912 cem,
2091 1851 2152 1898 ut
2207 1848 2443 1915 pelagus
2502 1846 2812 1900 dialectica:
2864 1848 3193 1901 subtilitatis
3237 1851 3576 1919 expostulat,

1881 1938 2088 2002 putans
2121 1950 2178 1986 se
2226 1951 2389 2004 posse
2439 1935 2713 1988 veraciter
2760 1935 3114 2005 distinguere
3146 1953 3278 1990 vera
3319 1954 3352 1990 a
3398 1939 3578 1992 falsis.

1882 2021 2053 2089 Ergo,
2085 2027 2146 2076 ut
2176 2023 2403 2076 intonat
2435 2024 2734 2092 Apostolus
2782 2040 2962 2094 usque
3008 2025 3078 2078 ad
3111 2026 3342 2079 tertium
3374 2028 3581 2080 coelum

1883 2116 2101 2179 raptus,
2133 2110 2178 2162 si
2235 2111 2410 2164 Judaei
2459 2114 2616 2176 signa
2652 2117 2861 2179 petunt,
2913 2117 2963 2166 et
3023 2115 3193 2168 σι·ωοί
3254 2119 3582 2183 sapientiam

1881 2204 2128 2266 quarunt
2187 2201 2320 2267 (Cor.
2387 2216 2463 2265 ιιι,
2533 2201 2642 2267 '22),
2696 2200 2874 2254 haeret
2951 2202 3226 2271 sagacitas
3299 2203 3366 2256 de
3434 2221 3580 2273 puro

1879 2288 2032 2339 fonte
2067 2287 2408 2355 potantium,
2455 2304 2556 2340 cur
2605 2288 2684 2340 ita
2717 2289 3002 2342 liebetudo
3031 2307 3230 2343 sensus
3256 2292 3580 2361 despicabi—

1879 2375 1955 2428 lia
1994 2375 2330 2428 sciscrtando
2373 2392 2596 2428 summa
2642 2383 2834 2429 tenere
2875 2384 3142 2431 conantes
3196 2379 3578 2447 ignominiosa

1882 2464 2233 2529 obtenebrat,
2296 2480 2440 2532 quos
2487 2464 2713 2517 culmen
2768 2467 2961 2535 magni
3015 2467 3362 2537 intellectus,
3398 2476 3462 2524 ut
3499 2471 3583 2524 illi

1881 2553 2022 2607 falso
2072 2552 2402 2622 opinantur,
2437 2551 2497 2605 in
2544 2553 2763 2621 gremio
2815 2555 3212 2624 amplitudinis
3266 2575 3383 2611 sua:
3427 2561 3584 2611 velut
3637 2571 3645 2580 '

1881 2657 2185 2695 coruscans
2215 2641 2581 2711 amplectitur
2619 2648 2675 2694 et
2717 2641 2884 2696 fovet.
2947 2644 3159 2714 Nempe
3199 2662 3326 2698 cum
3381 2647 3580 2716 populi

1883 2729 2280 2793 Orientalium,
2335 2727 2498 2798 quasi
2542 2729 2646 2782 sub
2706 2729 2948 2782 scabello
2988 2731 3216 2783 Domini
3263 2733 3584 2801 specialiter

1882 2817 2259 2883 subsidentes,
2293 2833 2423 2870 cum
2468 2817 2925 2870 Occidentalibus
2967 2819 3025 2871 in
3063 2820 3194 2872 tidei
3227 2821 3582 2874 documentis

1881 2904 2196 2970 disceptare
2245 2904 2529 2968 videntur,
2594 2903 2757 2972 quasi
2808 2905 2892 2956 sol
2940 2906 3363 2974 pulcherrimus
3411 2922 3580 2960 mane

1880 2991 1936 3044 in
1963 2991 2191 3044 Oriente
2224 2991 2459 3059 positus,
2493 2991 2551 3043 in
2594 2991 2861 3045 occiduos
2892 3009 3006 3045 suae.
3057 2993 3196 3045 lucis
3226 2994 3411 3047 radios
3455 3011 3577 3047 ves-

1879 3079 2001 3149 peri
2031 3083 2368 3131 trausmutat
2399 3079 2457 3131 in
2480 3078 2762 3133 tenebras.
2789 3080 2910 3132 Non
2942 3085 3134 3134 autem
3163 3081 3289 3134 cmli
3348 3083 3580 3135 climata

1881 3167 2188 3221 deteriores
2217 3165 2466 3219 reddunt
2498 3166 2722 3219 animos
2766 3168 3120 3234 mortalium,
3165 3185 3351 3238 neque
3393 3171 3577 3239 plagae

1879 3270 2139 3324 supernae
2171 3270 2272 3323 pro
2321 3253 2611 3307 variarum
2654 3254 2959 3308 dementiis
3001 3261 3284 3309 sectarum
3341 3257 3580 3326 culpan-

1880 3342 1988 3406 dae,
2019 3358 2146 3394 cum
2180 3341 2379 3396 Oriens
2409 3347 2466 3395 et
2490 3342 2762 3396 Occidens
2799 3343 3020 3397 mixtim
3069 3345 3359 3398 contineat
3395 3345 3580 3415 justos

159 3436 324 3506 Igitur
375 3436 672 3490 multoties
736 3435 942 3489 devicti
997 3435 1187 3488 hostes
1244 3451 1372 3488 cum
1425 3434 1661 3503 indigne
1707 3451 1769 3487 ac
1809 3466 1850 3522 ρ
1882 3436 1938 3484 et
1966 3431 2271 3500 reprobos;
2305 3430 2399 3484 sed
2448 3431 2777 3485 humanitas
2807 3431 2995 3501 primo
3046 3432 3194 3486 bona
3241 3433 3490 3500 condita,
3524 3439 3580 3488 et

100 3524 318 3592 turpiter
347 3525 601 3578 rediviva
630 3524 844 3578 audent
871 3539 1136 3593 reparare
1183 3523 1519 3592 certamina,
1561 3524 1621 3577 in
1665 3524 1772 3577 hoc

99 3610 314 3680 segnitia
341 3612 650 3666 deterioris
679 3613 846 3664 fama:
879 3627 982 3681 per
1028 3628 1128 3665 ora
1176 3619 1575 3681 magnatorum
1623 3614 1770 3666 infe-

97 3695 238 3750 licius
264 3699 624 3765 deteruntur,
658 3716 772 3770 quo
822 3699 1040 3769 subrigi
1083 3699 1330 3769 ingeniis
1385 3699 1650 3753 fraudum
1699 3701 1772 3754 ad

97 3784 401 3841 sublimiora
432 3789 709 3858 gestiunt,
739 3787 836 3840 sed
873 3804 970 3840 ceu
1009 3785 1321 3840 effeminati
1367 3787 1580 3842 viribus
1612 3793 1771 3857 terga

96 3874 385 3938 praebentes
443 3875 782 3930 deformiter
838 3877 1234 3929 succumbunt.
1302 3877 1379 3928 lta
1436 3876 1482 3928 si
1537 3877 1770 3947 quidem

96 3968 348 4016 venenata
376 3963 662 4033 pernicies
707 3964 960 4033 perversi
1008 3964 1293 4033 dogmatis
1336 3964 1406 4018 ab
1454 3964 1622 4018 initio
1671 3981 1770 4018 ua-

94 4051 273 4104 scentis
298 4051 569 4106 Ecclesiae
617 4068 798 4122 usque
832 4052 901 4105 ad
950 4068 1203 4121 praesens
1260 4052 1525 4122 nequiter
1574 4053 1772 4122 pullu—

97 4136 197 4189 laus
239 4155 468 4210 serpere
516 4157 629 4194 non
683 4140 922 4204 desistit,
981 4157 1262 4209 occupare
1308 4141 1587 4207 incautos,
1646 4157 1772 4194 cor-

95 4241 334 4296 rumpere
369 4228 637 4282 doctrina
670 4229 914 4298 quietos,
938 4244 1096 4281 more
1136 4227 1371 4280 latronis
1409 4229 1646 4298 aggredi
1691 4231 1769 4282 la-

95 4319 257 4366 tenter
305 4315 455 4369 bene
521 4317 818 4386 degentes,
875 4330 1010 4368 vera
1068 4315 1127 4368 in
1183 4315 1336 4367 falsis
1393 4320 1774 4369 transmittare

94 4400 272 4456 callide
302 4404 601 4457 laborans.
629 4407 700 4457 At
725 4411 917 4456 sancta
962 4403 1227 4466 Ecclesia,
1255 4402 1375 4472 jam
1425 4403 1587 4472 quasi
1618 4403 1774 4456 senio

97 4487 293 4558 lassata,
328 4508 462 4545 cum
510 4493 699 4562 Moyse
731 4491 798 4545 ad
836 4491 1143 4545 Dominum
1184 4490 1616 4543 interventrices
1655 4492 1771 4544 ele-

95 4583 168 4630 vat
193 4595 394 4633 manus
425 4597 534 4650 pro
579 4580 698 4634 suis
751 4585 818 4634 ut
869 4580 1128 4643 vincant;
1180 4585 1234 4632 et
1291 4579 1529 4648 pulchre
1587 4584 1775 4632 Aaron

95 4670 139 4716 et
176 4668 284 4720 llur
321 4669 592 4738 fatigatas
637 4668 945 4735 sustinent,
981 4669 1193 4721 scilicet
1237 4667 1373 4722 Novi
1442 4683 1504 4720 ac
1560 4667 1777 4721 Veteris

94 4752 418 4811 Testamenti
489 4756 686 4821 series,
741 4756 1073 4810 testimonia
1119 4761 1439 4809 sanctarum
1493 4755 1775 4809 defensio—

95 4857 213 4896 num
246 4845 302 4897 in
333 4849 619 4914 promptu
645 4845 852 4897 festina
883 4844 1193 4914 portendit,
1218 4860 1287 4897 ne
1318 4844 1462 4897 forte
1499 4843 1607 4907 sui,
1636 4860 1780 4912 quos

94 4929 345 4985 catholico
397 4932 701 4985 enutriens
749 4932 820 4986 ad
865 4932 1232 5002 perfectionis
1294 4935 1518 4984 culmen
1568 4931 1777 4997 evexit,

93 5018 275 5072 cedant
321 5020 560 5090 spiculis
606 5020 1086 5090 oppugnantium,
1141 5020 1238 5073 sed
1287 5021 1480 5090 clypeo
1529 5019 1781 5072 veritatis

92 5104 314 5160 viriliter
347 5109 704 5176 resistentes,
749 5108 993 5162 Domino
1042 5108 1315 5162 virtutum
1361 5113 1418 5161 et
1472 5107 1608 5176 Regi
1652 5110 1782 5177 glo-

92 5194 179 5246 riae
222 5196 615 5264 jocundantes
671 5197 1070 5267 proclament:
1133 5201 1425 5250 Cantemus
1494 5199 1716 5250 Domino
1767 5213 1780 5250 :

94 5282 306 5346 gloriose
365 5287 514 5338 enim
563 5287 944 5353 magniﬁcatus
1002 5291 1100 5351 est,
1156 5287 1289 5353 quia
1329 5300 1523 5352 equum
1572 5290 1620 5338 et
1669 5286 1784 5353 ejus

154 5426 422 5479 aPatrato
466 5425 762 5493 triumpho.
793 5424 884 5480 Sic
914 5425 1122 5495 legitur
1170 5425 1231 5478 in
1280 5440 1381 5478 ms.
1429 5424 1641 5494 codice,
1683 5443 1788 5480 nec

97 5495 215 5546 satis
234 5496 350 5548 scio
384 5511 493 5548 cur
521 5496 796 5549 Acbcrius
826 5496 1115 5566 scripserit
1139 5500 1354 5564 patente
1385 5497 1678 5565 triumpho.

157 5568 180 5607 δ
206 5567 414 5636 Corpus
447 5572 692 5621 nostrum
721 5569 778 5621 in
816 5569 932 5622 illa.
985 5568 1207 5638 Optime
1254 5571 1309 5621 et
1339 5567 1408 5620 ad
1464 5567 1638 5622 fidem
1677 5584 1785 5622 ms.

1820 4769 1858 4821 [)
1889 4754 2132 4818 rinthus,
2184 4753 2543 4816 Manichacus,
2599 4753 2840 4819 Hebion,
2890 4754 3198 4821 Nestorius,

1882 3519 1938 3572 in
1959 3519 2136 3572 libero
2159 3518 2397 3572 arbitrio
2431 3524 2694 3587 potenter
2734 3520 3005 3585 stabilita,
3035 3522 3380 3592 negligendo
3419 3523 3581 3577 Crea-

1880 3612 2083 3673 torem,
2117 3612 2174 3660 et
2199 3607 2556 3661 obaudiendo
2587 3608 2964 3676 seductorem,
3011 3609 3079 3662 de
3110 3610 3326 3663 dextris
3369 3611 3436 3664 ad
3482 3611 3579 3664 lte-

1879 3711 2008 3747 vam
2049 3695 2368 3764 promoveri
2416 3695 2655 3760 meruit;
2707 3696 2837 3749 exin
2886 3697 3040 3750 orbis
3083 3698 3422 3768 multiplicis
3470 3704 3582 3752 tra-

1882 3782 2008 3835 miti
2040 3783 2204 3835 devio
2234 3782 2457 3835 inhiare
2488 3783 2677 3852 coepit.

1957 3871 2065 3923 Nec
2093 3869 2234 3923 adeo
2272 3870 2482 3924 mirum
2527 3871 2596 3924 ab
2641 3871 2794 3935 Asia,
2845 3872 2932 3925 vel
2980 3887 3012 3924 a
3056 3872 3267 3927 finibus
3321 3875 3578 3944 Europaa,

1883 3958 1980 4011 tibi
2033 3958 2138 4012 sita
2177 3958 2699 4030 Constantinopolis
2754 3960 2980 4014 Graeciae
3033 3962 3366 4031 metropolis
3414 3962 3583 4016 habe-

1882 4052 1994 4112 tur,
2025 4051 2318 4101 tantarum
2365 4047 2714 4102 fallaciarum
2752 4049 2890 4102 oriri
2933 4049 3264 4103 discrimina
3299 4067 3311 4104 :
3349 4050 3396 4103 si
3427 4050 3578 4104 enim

1883 4135 2248 4189 revolvantur
2291 4141 2619 4191 sanctorum
2668 4140 2878 4191 statuta
2923 4153 3228 4204 canonum,
3283 4145 3340 4192 et
3405 4139 3581 4193 eccle-

1883 4221 2241 4277 siasticarum
2290 4223 2627 4278 discutiatur
2675 4225 2848 4304 series
2881 4224 3274 4293 historiarum,
3320 4226 3388 4279 ab
3433 4225 3584 4279 illius

1884 4311 2047 4381 regni
2081 4312 2336 4380 partibus
2366 4313 2558 4383 potius
2586 4329 2762 4384 quam
2805 4314 2907 4367 sub
2949 4315 3200 4368 Romana
3246 4315 3459 4368 ditione
3488 4315 3582 4368 de-

1885 4400 2175 4470 gentibus,
2224 4401 2588 4470 reperientur
2637 4402 2950 4472 pullulasse
3007 4403 3303 4473 genimina
3360 4405 3582 4473 vipera-

1883 4504 2034 4552 rum,
2082 4488 2137 4542 id
2195 4493 2296 4555 est,
2347 4489 2763 4560 quamplurimi
2820 4490 3145 4544 inventores
3188 4508 3581 4560 pervcrsorum

1887 4577 2244 4646 dogmatum,
2280 4575 2454 4629 veluti
2487 4577 2720 4642 fuerint,
2758 4582 2821 4630 ut
2858 4593 2925 4630 ex
2959 4578 3153 4631 multis
3198 4595 3586 4633 memoremus

1887 4667 2126 4735 aliquos,
2174 4666 2360 4730 Arius,
2416 4665 2749 4729 Eunomius,
2815 4666 3110 4732 Photinus,
3163 4667 3431 4732 Marcion,
3480 4670 3584 4722 Ce-

3273 4755 3587 4809 Constanti-

1892 4842 2256 4912 nopolitanus
2317 4842 2639 4912 episcopus,
2691 4848 3030 4912 craterasque
3086 4848 3276 4919 pestes
3339 4842 3586 4896 dilatata:

1891 4931 2191 4998 haereseos,
2243 4929 2450 5000 quibus
2499 4947 2614 4984 non
2664 4930 2774 4984 fuit
2819 4931 3046 5002 requies
3107 4931 3267 4984 omni
3320 4930 3587 4985 instantia

1892 5019 2197 5072 catholicas
2240 5019 2550 5073 dilacerare
2599 5023 2655 5073 et
2713 5036 3050 5090 oppugnare
3113 5023 3352 5073 mentes.
3417 5020 3590 5090 Euty-

1891 5108 2053 5163 chius
2075 5108 2269 5175 etiam,
2303 5109 2953 5179 ConstantinOpolitanaa
2975 5109 3132 5162 urbis
3162 5109 3481 5180 episcopus,
3519 5110 3588 5163 de

1896 5197 2328 5251 Resurrectione
2358 5198 2415 5251 in
2447 5203 2671 5252 tantum
2703 5199 2928 5266 erravit,
2959 5203 3019 5252 ut
3073 5198 3386 5251 affirmaret
3434 5199 3589 5268 quod

1893 5289 2151 5356 bcorpus
2182 5293 2442 5340 nostrum
2472 5286 2530 5340 in
2587 5287 2685 5340 illa
2729 5287 3164 5341 resurrectionis
3213 5287 3394 5356 gloria
3437 5286 3589 5339 futu-

1896 5426 2104 5481 codicis
2137 5443 2148 5480 :
2178 5426 2472 5484 Acberius.
2502 5432 2745 5482 nostrum
2791 5429 2981 5495 multa,
3025 5432 3082 5482 et
3113 5427 3278 5491 male,
3332 5436 3386 5483 et
3418 5427 3593 5482 invito

1897 5499 2092 5552 codice
2120 5499 2412 5552 Thuaneo.
