4038 6174
454 277 557 352 6’8?

1681 266 1908 347 mare:
1948 262 2383 349 piaisistvsts
2424 270 2733 350 Episcopi
3823 292 3904 353 ea

454 394 583 484 rum
615 427 763 484 eSSet
793 412 1178 497 impalpabile,
1207 408 1391 479 Ventis
1419 428 1664 496 aereque
1691 421 1987 491 subtilius;
2045 422 2140 481 sed
2179 428 2224 481 Α
2267 418 2531 481 sordibus
2569 423 2774 480 aliena.
2826 420 2933 482 Sed
2968 416 3103 498 quia
3160 431 3389 483 sanctus
3429 419 3568 485 dicit
3610 426 3905 500 Apostolus:

456 537 557 574 nos
590 538 619 572 e
670 522 868 570 contra
912 514 1178 583 dicimus,
1228 521 1539 584 sanctaque
1583 515 1915 568 credulitate
1958 516 2155 569 firma-

456 623 580 659 mus
637 604 788 674 quod
834 603 893 655 in
942 603 1038 656 illa
1089 602 1521 656 resurrectionis
1569 603 1751 670 gloria
1784 604 1891 656 erit
1944 619 2152 674 corpus

455 700 714 746 nostrum
742 692 951 746 subtile
986 692 1221 761 quidem
1269 707 1374 761 per
1416 691 1681 744 effectum
1734 691 2009 760 spiritalis
2049 709 2149 761 po-

451 781 670 845 tentiae,
706 780 803 833 sed
861 779 1149 848 palpabile
1198 795 1300 848 per
1356 779 1655 832 veritatem
1700 785 1940 831 naturae.
2007 779 2148 831 Nam

452 869 653 922 beatus
678 884 828 938 papa
858 867 1180 937 Gregorius,
1205 867 1492 937 quondam
1524 867 1582 919 in
1629 866 1831 920 eadem
1880 868 2152 920 Constan-

453 958 834 1025 tinopolitana
877 957 1018 1010 urbe
1054 957 1290 1026 positus,
1324 972 1454 1008 cum
1484 956 1723 1025 praefato
1774 955 2041 1025 Eutycbio
2082 955 2151 1008 de

452 1046 559 1099 hac
588 1062 648 1098 re
675 1046 736 1097 in
774 1052 1081 1114 conspectu
1130 1044 1340 1098 Tiberii
1388 1044 1743 1098 Constantini
1786 1044 2151 1113 imperatoris

454 1134 767 1202 gloriosum
799 1133 999 1186 habuit
1028 1139 1336 1194 certamen,
1366 1134 1536 1185 veluti
1570 1134 1687 1201 ipse
1737 1132 1964 1201 plenius
1996 1148 2150 1185 com—

454 1227 734 1275 memorat
764 1221 822 1274 in
859 1221 1081 1275 decimo
1122 1228 1326 1292 quarto
1373 1221 1518 1275 libro
1554 1222 1851 1275 Moralium
1886 1221 2011 1274 Job.
2044 1220 2153 1274 Sed

455 1313 533 1363 ita
564 1311 634 1363 ab
667 1326 732 1363 eo
764 1310 1032 1363 nobiliter
1064 1317 1151 1363 est
1177 1310 1445 1377 devictus,
1480 1316 1539 1362 ut
1559 1310 1769 1378 pellem
1803 1325 2006 1362 manus
2036 1325 2153 1362 sum

455 1404 674 1451 teneret
704 1398 895 1451 dicens
922 1414 935 1451 :
961 1400 1222 1465 Conﬁteor
1264 1401 1396 1465 quia
1434 1414 1611 1451 omnes
1649 1400 1708 1451 in
1737 1398 1838 1451 hac
1876 1413 2036 1451 carne
2066 1414 2150 1451 re-

453 1502 752 1553 surgemus,
777 1485 934 1556 quod
957 1487 1303 1539 omnimodis
1326 1487 1485 1555 prius
1517 1502 1727 1556 negare
1759 1490 2149 1539 consueverat.

526 1574 619 1628 Est
642 1582 835 1627 autem
859 1575 1015 1627 dictu
1047 1575 1415 1627 lamentabile
1448 1574 1582 1644 quia
1613 1575 1810 1628 eadem
1841 1575 2001 1627 sedes
2024 1590 2152 1644 quae

454 1668 625 1732 caput
676 1663 857 1715 levare
909 1667 1148 1714 conatur
1193 1662 1263 1715 ad
1321 1678 1579 1731 superos,
1638 1678 1743 1731 pro
1797 1668 1962 1715 rectae
2019 1662 2153 1715 tidei

453 1750 793 1820 praesulibus
832 1750 1090 1803 doctrina
1141 1750 1394 1816 foedatos,
1444 1757 1687 1803 rectores
1742 1750 1879 1803 olim
1952 1751 2154 1804 habuit

453 1840 771 1903 hmreticos,
816 1856 960 1908 quos
992 1839 1295 1908 Tripertita
1329 1839 1562 1892 denotat
1612 1838 1872 1904 Historia,
1922 1844 1977 1892 et
2024 1855 2154 1891 san-

454 1934 676 1981 ctorum
726 1929 957 1981 Patrum
1004 1927 1065 1979 in
1105 1928 1420 1981 canonibus
1460 1928 1694 1981 damnat
1737 1928 1987 1982 solertia.
2032 1929 2153 1981 Non

453 2034 586 2071 vero
615 2017 674 2069 in
707 2017 963 2070 Romana
993 2015 1146 2079 sede,
1182 2017 1296 2069 Deo
1328 2022 1565 2081 rectore,
1596 2017 1708 2069 tale
1733 2032 1984 2086 unquam
2016 2031 2149 2069 con-

456 2106 585 2175 tigit
607 2106 870 2170 dedecus,
905 2109 969 2157 ut
1008 2105 1217 2174 aliquis
1265 2104 1676 2157 bmresiarches
1725 2104 1907 2157 eidem
1960 2104 2151 2174 praesi-

455 2195 635 2257 deret,
692 2210 865 2263 quam
929 2209 1186 2245 summus
1244 2193 1635 2263 apostolorum
1714 2193 1974 2262 princeps
2048 2209 2146 2246 sua

455 2284 705 2336 sessione
739 2282 1041 2334 illustravit
1071 2287 1126 2334 et
1152 2282 1276 2335 fuso
1307 2281 1586 2349 sanguine
1640 2280 2002 2343 consecravit,
2057 2280 2150 2333 cui

455 2389 584 2424 suas
646 2371 926 2439 regendas
976 2387 1107 2423 oves
1158 2372 1254 2423 Dei
1312 2370 1484 2423 Filius
1530 2368 1761 2438 speciali
1806 2385 1940 2421 cura
1993 2384 2147 2420 com-

456 2460 637 2525 misit;
670 2476 773 2512 nec
806 2458 1039 2526 mirum,
1086 2458 1221 2528 quia
1261 2457 1369 2526 ipsi
1419 2457 1633 2511 dictum
1672 2457 1856 2509 fuerat
1889 2473 1901 2510 :
1960 2460 2045 2510 ’l‘u
2094 2472 2146 2509 es

450 2550 660 2615 Petrus,
720 2553 768 2601 et
835 2563 998 2615 super
1055 2548 1191 2599 hanc
1241 2552 1455 2614 petram
1515 2546 1789 2613 zedi/icabo
1843 2546 2146 2598 Ecclesium

450 2652 622 2690 meam
677 2652 690 2689 :
759 2640 808 2688 et
855 2635 958 2688 tibi
1016 2634 1155 2687 dabo
1206 2636 1378 2687 claves
1427 2636 1583 2700 regni
1626 2634 1872 2686 caelorum
1924 2633 2141 2699 (Matth.

449 2740 559 2788 xw,
600 2727 685 2787 18,
724 2724 827 2793 l9).
875 2723 1019 2792 Ergo
1074 2721 1165 2775 cui
1223 2721 1456 2791 propria
1509 2720 1843 2774 auctoritate
1902 2736 2144 2790 regnum

451 2813 639 2878 dabat,
669 2812 842 2881 hujus
871 2811 1044 2864 tidem
1079 2811 1309 2863 ﬁrmare
1343 2826 1458 2863 non
1495 2809 1760 2879 poterat?
1792 2808 1973 2871 Quem
2013 2826 2143 2862 cum

446 2907 669 2970 petram
692 2900 849 2962 dicit,
882 2901 1311 2953 ﬁrmamentum
1345 2898 1603 2951 Ecclesim
1644 2897 1928 2951 indicavit.
1984 2897 2143 2950 Libe-

447 2988 566 3041 rius
591 2994 803 3053 tamen,
836 3003 982 3057 papa
1012 3004 1043 3041 a
1075 2987 1238 3041 beato
1271 2988 1442 3040 Petro
1474 2985 1794 3040 tricesimus
1843 2986 2137 3056 septimus,
2180 3018 2220 3072 ε

445 3077 707 3147 quamvis
739 3096 767 3131 a
799 3078 933 3132 tidei
973 3078 1201 3131 tramite
1245 3094 1361 3130 non
1394 3077 1663 3143 deviaret,
1709 3076 1903 3130 exsilio
1937 3081 1992 3128 et
2038 3076 2139 3129 mi-

445 3167 533 3219 nis
562 3166 757 3220 Ariani
809 3166 1085 3236 principis
1116 3166 1366 3230 territus,
1400 3182 1512 3218 non
1548 3164 1753 3219 virtute
1790 3181 1902 3234 qua
1942 3164 2140 3217 debuit

443 3255 673 3323 perlidis
705 3256 931 3308 Arianis
963 3255 1204 3308 viriliter
1243 3254 1601 3323 repugnavit.
1658 3254 1754 3306 His
1801 3262 1992 3305 autem
2039 3252 2137 3322 qui

444 3344 515 3396 ab
547 3360 672 3396 arce
714 3345 890 3396 totius
930 3342 1371 3396 Christianitatis
1429 3342 1654 3394 deviare
1701 3341 1984 3405 videntur,
2030 3357 2135 3393 no-

442 3448 650 3502 vasque
691 3431 1067 3485 adinveniunt
1115 3428 1479 3499 quazstiones,
1531 3435 1681 3481 recte
1731 3428 1952 3480 intonat
1989 3429 2135 3481 Pau-

439 3521 526 3573 lus
552 3520 619 3571 ad
649 3519 890 3581 Galatas,
918 3534 1164 3588 quorum
1189 3533 1252 3570 ex
1284 3516 1499 3571 Grmcia
1531 3522 1888 3585 propagatur
1917 3516 2080 3584 origo
2116 3533 2129 3570 :

439 3608 612 3661 Miror
641 3606 785 3676 quod
827 3609 904 3661 sic
957 3612 1066 3659 tam
1110 3609 1215 3659 cito
1261 3606 1662 3670 trans/crimini
1699 3605 1766 3657 ab
1815 3619 1870 3657 eo
1919 3606 2016 3672 qui
2042 3620 2133 3658 vos

438 3698 648 3749 vocavit
668 3699 726 3749 in
768 3697 1009 3761 gratiam
1045 3695 1250 3749 Christi
1277 3696 1402 3747 Jesa
1448 3695 1507 3745 in
1554 3692 1728 3752 aliud.
1779 3695 2133 3760 Evangelium

437 3783 581 3851 quod
609 3800 715 3837 non
736 3791 812 3837 est
842 3782 1015 3848 aliud,
1046 3784 1158 3836 nisi
1190 3788 1316 3836 sunt
1343 3784 1522 3849 aliqui
1551 3784 1648 3849 qui
1676 3796 1767 3835 vos
1811 3782 2133 3835 conturbant

438 3878 489 3926 et
534 3874 720 3927 volant
771 3878 1070 3927 convertere
1120 3872 1454 3937 evangelium
1518 3871 1721 3926 Christi
1769 3871 1910 3936 (Gal.
1963 3887 1999 3938 ι,
2061 3871 2131 3940 6).

434 3961 635 4032 Magna
661 3961 832 4015 etiam
861 3960 1195 4014 auctoritate
1236 3959 1556 4027 ingeminat
1583 3959 1777 4013 dicens
1812 3976 1824 4011 :
1863 3958 1970 4013 Sed
2012 3961 2132 4013 licet

434 4066 529 4103 nos
551 4057 645 4104 aut
677 4052 897 4116 angelus
927 4049 991 4102 de
1039 4049 1169 4103 caelo
1203 4048 1554 4113 Evangelizet
1592 4049 1738 4101 vobis
1768 4052 2131 4116 praeterquam

434 4139 578 4205 quod
624 4138 1111 4204 evangelisacimas
1152 4136 1302 4190 vobis
1344 4136 1631 4188 anathema
1669 4138 1741 4189 sit
1789 4133 1931 4204 (Gal.
1968 4152 2006 4200 ι,
2052 4137 2124 4205 6).

435 4227 502 4278 Et
529 4231 947 4295 consequenter
983 4224 1252 4281 addidit;
1282 4224 1437 4279 Sicut
1478 4223 1859 4292 praediximus,
1901 4230 1950 4277 et
1990 4240 2129 4278 nunc

2264 516 2484 583 Oportet
2514 521 2692 570 autem
2724 518 2944 570 haereses
2983 533 3093 570 esse
3122 523 3180 570 ut
3223 519 3448 586 probati
3494 523 3762 587 mani/esti
3799 524 3908 589 ﬁant

2261 603 2435 672 (Psal.
2473 620 2655 669 xxxnv,
2703 606 2772 673 t),
2816 605 3172 658 fallaciarum
3204 607 3470 673 ludibria,
3524 625 3653 677 qua:
3706 609 3764 661 ad
3808 626 3908 662 eam

2261 693 2549 763 applicare
2581 695 2815 746 tentavit
2860 700 3182 747 sanctarum
3231 695 3411 748 hostis
3459 698 3785 761 animarum,
3819 700 3910 766 cly~

2262 798 2368 852 peo
2406 782 2802 849 Redemptoris
2825 781 2912 834 sui
2944 782 3141 851 repelli
3169 781 3362 849 habet,
3397 799 3502 837 nec
3535 785 3772 854 patietur
3795 786 3911 839 divi-

2261 870 2411 922 nitas
2472 869 2784 922 visibilium
2829 875 2884 922 et
2937 870 3309 923 invisibilium
3341 888 3535 925 rerum
3576 875 3826 927 sacratior
3872 882 3915 928 et

2261 957 2448 1027 potior
2490 957 2696 1010 vincia
2735 964 3015 1023 creatura,
3062 974 3191 1027 qua:
3242 960 3476 1013 condita
3522 962 3635 1014 fuit
3684 963 3915 1031 angelica,

2262 1045 2358 1099 sed
2382 1046 2452 1098 ob
2477 1050 2760 1099 tumorem
2800 1046 3085 1116 superbire
3120 1062 3223 1100 sua
3273 1054 3497 1118 sponte,
3545 1066 3659 1102 non
3704 1051 3801 1103 alio
3839 1069 3917 1103 co-

2261 1139 2449 1202 gente,
2475 1135 2801 1187 sceleratior
2829 1135 2995 1199 facta,
3030 1135 3231 1188 incidit
3271 1136 3331 1189 in
3363 1136 3696 1191 barathrum
3753 1156 3922 1209 perpe-

2261 1228 2375 1275 tuas
2409 1222 2812 1288 damnationis,
2846 1224 2939 1276 cui
2969 1223 3049 1276 nil
3072 1224 3342 1293 placitum
3372 1226 3480 1278 nisi
3515 1232 3733 1280 tantum
3761 1229 3921 1297 perdi-

2261 1310 2342 1363 tio
2390 1311 2708 1364 beatorum.
2773 1312 2914 1364 Nam
2972 1321 3309 1366 cunctorum
3383 1313 3586 1384 opilice
3656 1315 3917 1385 largiente,

2262 1398 2600 1469 sapientiam
2651 1416 2767 1453 non
2805 1401 2989 1453 vincet
3018 1401 3257 1468 malitia,
3308 1403 3405 1456 sed
3441 1403 3620 1456 victor
3664 1405 3924 1474 apparebit

2261 1488 2321 1540 in
2352 1487 2621 1557 prapriis,
2663 1488 2759 1558 qui
2790 1505 2919 1541 suos
2949 1505 3177 1559 semper
3222 1508 3255 1542 a
3281 1491 3468 1559 primo
3514 1494 3750 1546 armavit
3780 1492 3923 1563 spiri-

2260 1576 2470 1629 talibus
2513 1577 2873 1630 documentis
2905 1594 2917 1630 :
2968 1578 3156 1631 Omnes
3196 1581 3352 1632 enim
3394 1583 3491 1646 qui
3522 1582 3705 1634 volunt
3738 1598 3815 1649 pie
3850 1586 3925 1634 vi-

2260 1679 2382 1717 vere
2410 1666 2468 1716 in
2504 1658 2720 1720 Christo
2750 1666 2893 1730 Jesu,
2926 1669 3345 1733 persecutionem
3371 1670 3657 1736 patientur
3694 1668 3765 1739 (II
3810 1671 3923 1724 Tim.

2192 1725 2233 1779 Β
2264 1768 2345 1816 ιιι,
2372 1752 2489 1821 12).

2335 1842 2533 1911 Itaque
2571 1842 3090 1911 impraesentiarum
3130 1842 3251 1911 jam
3284 1844 3476 1897 adfore
3511 1844 3930 1914 deprehenditur

2262 1935 2399 1982 tetas
2452 1930 2622 1999 plena
2672 1932 3055 1999 miseriarum,
3087 1948 3215 2001 quas
3270 1934 3641 2000 prmseutitur
3694 1934 3929 2003 amplecti

2261 2018 2507 2086 spatium
2562 2019 2859 2089 temporis,
2916 2020 2986 2072 de
3044 2037 3157 2089 quo
3218 2022 3523 2089 Apostolus
3588 2019 3929 2075 lamentando

2259 2107 2580 2175 prmcinuit,
2615 2108 2807 2160 dicens
2850 2125 2862 2161 :
2899 2110 3021 2162 Erit
3056 2111 3195 2161 enim
3239 2114 3443 2176 tempus
3474 2125 3595 2162 cum
3624 2126 3807 2163 sanam
3851 2111 3929 2162 do-

2259 2196 2487 2248 ctrinam
2518 2211 2621 2247 non
2651 2197 3009 2259 sustinebunt,
3057 2195 3150 2249 sed
3179 2196 3253 2248 ad
3294 2212 3394 2249 sua
3424 2196 3700 2250 desideria
3742 2214 3931 2250 coacer-

2256 2284 2459 2335 vabunt
2486 2285 2594 2336 sibi
2640 2286 2926 2349 magistros
2966 2287 3269 2352 prurientes
3307 2284 3558 2352 auribus,
3593 2291 3645 2338 et
3672 2302 3707 2337 a
3733 2289 3934 2339 veritate

2258 2371 2473 2438 quidem
2499 2374 2748 2425 auditum
2775 2378 3037 2437 avertent,
3069 2373 3142 2425 ad
3172 2374 3393 2439 fabulas
3424 2379 3605 2427 autem
3646 2382 3934 2428 converten-

2258 2460 2458 2529 tar(11
2486 2462 2629 2514 Tim.
2656 2477 2727 2526 iv,
2781 2464 2858 2528 3).
2909 2462 3045 2514 Ecce
3094 2462 3155 2514 in
3201 2470 3472 2531 promptu
3514 2461 3639 2515 haec
3683 2463 3935 2531 praedicta

2256 2564 2481 2615 serpere
2508 2549 2907 2618 conspicimus,
2957 2555 3014 2602 et
3060 2550 3184 2603 ideo
3237 2550 3372 2603 dum
3426 2551 3564 2603 tuba
3611 2558 3936 2619 personatur

2254 2633 2406 2699 belli,
2443 2650 2671 2688 necesse
2703 2642 2876 2688 estut
2904 2652 3065 2688 arma
3093 2642 3365 2705 aptentur
3393 2636 3451 2689 in
3485 2637 3735 2691 militum
3767 2654 3933 2691 mem-

2255 2722 2393 2787 bris,
2425 2728 2490 2775 ut
2519 2723 2748 2776 doctum
2779 2724 3059 2777 industria
3086 2741 3483 2794 praeoccupare
3527 2732 3777 2795 nequeat
3822 2743 3935 2795 per-

2254 2810 2400 2863 tidus
2431 2811 2632 2865 hostis.
2667 2811 2933 2874 Quamvis
2965 2819 3155 2866 autem
3187 2813 3247 2865 in
3292 2813 3504 2866 talibus
3545 2816 3937 2867 controversiae

2252 2900 2518 2968 procellis
2562 2900 2922 2953 concutiatur
2979 2901 3208 2953 Domini
3257 2902 3559 2966 exercitus,
3611 2903 3775 2956 valde
3816 2903 3938 2955 indi-

2252 3000 2431 3052 gnum
2469 2986 2769 3038 utanimos
2809 2986 3137 3039 fortitudine
3169 2986 3498 3040 nobilitatos
3528 3003 3561 3039 a
3584 2994 3738 3041 statu
3781 2988 3932 3040 recti-

2249 3072 2464 3125 tudinis
2516 3074 2896 3143 detorqueant
2950 3073 3220 3127 haeretica
3278 3075 3561 3144 pravitate
3612 3075 3932 3144 degeneres.

2247 3161 2469 3225 Quanto
2500 3161 2654 3214 enim
2683 3162 2892 3215 astutia
2921 3162 3134 3216 diaboli
3168 3180 3297 3215 cum
3330 3179 3478 3216 saeva
3508 3164 3826 3217 calliditate
3858 3180 3935 3215 ac-

2246 3250 2392 3303 cedit
2419 3249 2684 3313 atrocior,
2721 3256 2877 3304 tanto
2904 3251 3261 3320 providentia
3277 3251 3511 3305 fortium
3537 3252 3766 3305 cautius
3804 3268 3935 3320 pra:-

2245 3338 2467 3391 munita
2513 3338 2678 3391 debet
2730 3356 2849 3391 esse
2914 3339 3184 3408 paratior.
3252 3340 3584 3393 Admonens
3662 3341 3935 3409 siquidem

2246 3426 2541 3479 alumnum
2574 3426 2937 3480 Timotheum
2984 3429 3285 3496 Apostolus
3316 3444 3385 3480 ne
3416 3428 3804 3497 impediretur
3848 3429 3934 3480 de-

2242 3513 2444 3581 cipulis
2475 3514 2939 3583 malignantium,
2971 3515 3180 3569 blande
3206 3516 3489 3583 hortatur,
3530 3517 3733 3570 dicens
3768 3533 3780 3572 :
3811 3519 3933 3570 Pro-

2240 3603 2379 3666 faua
2407 3608 2584 3655 autem
2622 3608 2671 3656 et
2715 3606 3059 3671 inaniloquia
3094 3604 3304 3669 devita;
3350 3606 3578 3658 multum
3632 3608 3778 3659 enim
3818 3619 3930 3673 pro-

2240 3692 2420 3757 ﬁcient
2466 3689 2540 3742 ad
2588 3693 2945 3758 impietatem;
2998 3698 3050 3745 et
3078 3707 3249 3745 sermo
3306 3693 3522 3746 illorum
3571 3696 3720 3747 sicut
3759 3707 3935 3745 cancer

2239 3781 2411 3845 serpit
2458 3776 2542 3846 (Il
2599 3777 2736 3831 Tim.
2800 3795 2857 3842 ιι,
2912 3778 3015 3847 17).
3063 3779 3149 3832 Ad
3192 3779 3380 3832 Titum
3427 3780 3601 3833 etiam
3655 3782 3739 3833 ita
3765 3779 3927 3833 dicit:

2240 3866 2447 3920 Stuitas
2506 3872 2683 3919 autem
2730 3870 3045 3935 quaestiones
3092 3873 3142 3921 et
3186 3869 3550 3935 genealogias,
3614 3874 3668 3922 et
3727 3874 3927 3922 conten-

2241 3957 2428 4020 tiones,
2480 3960 2531 4007 et
2571 3970 2789 4022 pugnas
2843 3957 2974 4023 legis
3023 3956 3253 4010 devita:
3304 3963 3429 4010 sunt
3459 3960 3605 4010 enim
3638 3959 3859 4011 inutiles
3887 3960 3933 4006 et

2238 4058 2391 4095 tuine.p
2439 4042 2571 4113 (Tit.
2596 4060 2674 4107 ιιι,
2729 4044 2833 4112 10).
2888 4046 2950 4097 Et
3008 4050 3069 4097 ut
3121 4045 3422 4098 sollicitior
3462 4045 3828 4111 redderetur,
3881 4050 3936 4094 et

2238 4136 2432 4184 sancto
2507 4132 2769 4185 acumine
2826 4132 3157 4186 instructior
3213 4140 3384 4200 esset,
3439 4134 3649 4187 addit:
3710 4136 3933 4187 Hier-eti-

2239 4235 2355 4272 cum
2407 4221 2670 4274 hominem
2724 4225 2844 4288 post
2892 4237 3055 4274 unam
3105 4228 3155 4275 et
3210 4222 3493 4276 secundam
3545 4225 3936 4291 correptionem

430 4316 626 4367 iterum
655 4314 776 4367 dico
810 4329 822 4366 :
852 4314 914 4367 Si
961 4316 1083 4382 quis
1128 4313 1278 4366 vobis
1329 4314 1779 4381 eoangelizuverit
1823 4318 2020 4381 praeter
2070 4313 2131 4366 id
2170 4333 2212 4386 ι)
2239 4306 2451 4362 devita:
2483 4312 2653 4362 scims
2685 4312 2815 4378 quia
2856 4310 3141 4363 subversus
3169 4323 3247 4363 est
3278 4313 3373 4379 qui
3420 4309 3692 4379 ejusmodi
3739 4317 3839 4371 est.
3890 4312 3936 4359 εί

431 4402 577 4470 quod
603 4404 906 4469 accepistis,
939 4402 1227 4455 anathema
1255 4404 1347 4455 sit.

498 4490 631 4542 Jure
660 4489 851 4560 itaque
883 4508 915 4543 a
940 4495 1153 4544 rectore
1184 4495 1391 4544 sanctae
1437 4489 1693 4543 Ecclesiae
1736 4505 1767 4542 a
1797 4488 1885 4543 via
1915 4488 2127 4544 verita-

430 4579 502 4630 tis
561 4577 961 4632 aberrantibus
1017 4579 1151 4632 talia
1214 4578 1525 4649 apostolica
1590 4578 1939 4631 inferuntur.
2013 4580 2127 4633 llac

428 4667 597 4719 etiam
622 4666 778 4735 virga
805 4667 1269 4736 reprehensionis
1308 4666 1468 4736 digni
1496 4666 1782 4720 habentur
1814 4682 1828 4719 :
1861 4666 1903 4720 Ο
1948 4668 2126 4720 insen-

426 4757 535 4809 sati
576 4755 781 4809 Galate:
829 4757 953 4820 quis
1001 4770 1090 4807 vos
1137 4757 1437 4819 fuscinavit
1484 4757 1705 4807 veritati
1745 4770 1852 4806 non
1885 4753 2117 4821 obedire,

425 4849 549 4897 ante
601 4858 828 4910 quorum
863 4842 1037 4894 oculos
1065 4846 1218 4895 Jcsus
1269 4845 1516 4898 Christus
1559 4846 1902 4911 proscriptus
1945 4848 2021 4895 est
2070 4848 2121 4895 et

422 4931 754 4999 cruciﬁxus?
786 4929 1034 4998 Denique
1060 4931 1280 4982 cunctis
1328 4931 1549 4983 smculis
1600 4948 1834 4984 enorme
1878 4946 2120 4999 genera-

424 5025 518 5074 tur
554 5019 861 5091 piaculum,
899 5017 1036 5070 dum
1068 5018 1139 5069 ab
1170 5017 1307 5086 ipsis
1346 5034 1593 5087 quorum
1640 5018 1901 5072 doctrina
1950 5017 2114 5071 ador-

420 5112 545 5164 nari
596 5107 869 5163 debuerat
925 5104 1191 5168 Ecclesia,
1246 5108 1387 5159 tlore
1439 5106 1625 5160 nitore
1680 5106 2000 5174 religionis,
2061 5110 2117 5158 et

419 5203 794 5268 augmentum
825 5194 1079 5264 accipere
1110 5210 1225 5246 sua:
1254 5193 1602 5257 salvationis,
1654 5194 1947 5248 humiliari
1994 5194 2113 5246 zelo

420 5288 690 5358 nequitia:
723 5283 1082 5340 contenditur
1114 5297 1125 5334 :
1160 5286 1269 5355 eta
1311 5296 1423 5351 qua
1449 5281 1633 5334 omnis
1676 5283 1896 5336 macula
1946 5282 2113 5350 longe

417 5376 612 5428 abesse
636 5375 929 5433 debuerat.
960 5373 1012 5426 ei
1055 5371 1316 5441 inﬂigere
1368 5369 1647 5435 nituntur,
1678 5376 1741 5424 ut
1792 5386 1909 5423 non
1961 5370 2035 5422 sit
2078 5385 2111 5421 a

484 5505 509 5529 ⁸
556 5498 766 5550 Sancta:
824 5496 1253 5550 concertationis.
1306 5493 1404 5547 Hic
1453 5507 1682 5561 quoque
1732 5507 1969 5561 pravam
2028 5492 2107 5544 le-

414 5568 659 5619 ctionem
698 5577 896 5622 sanctae
924 5568 1340 5622 concersatieuis
1388 5562 1600 5617 amovit
1644 5563 1925 5629 Baluzius,
1976 5578 2106 5615 cum

2240 4395 2508 4466 delinquit
2560 4400 2783 4466 praprio
2857 4399 3070 4465 judicio
3134 4399 3514 4452 condemnatus
3577 4400 3770 4466 (ibid,
3835 4400 3934 4459 tl).

2241 4487 2385 4554 Ergo
2416 4503 2546 4540 cum
2595 4493 2785 4540 sancto
2821 4486 3000 4541 Eliseo
3039 4489 3341 4541 credamus
3370 4487 3505 4557 quia
3558 4490 3765 4558 plures
3811 4490 3939 4538 sunt

2235 4575 2537 4628 nobisuum
2570 4590 2743 4643 quam
2791 4590 2919 4628 cum
2954 4575 3087 4641 illis,
3128 4575 3185 4628 id
3226 4581 3328 4640 est,
3385 4575 3690 4645 utriusque
3744 4577 3940 4630 Testa-

2236 4664 2411 4717 menti
2448 4662 2799 4731 sagacissimi
2855 4663 3066 4729 Patres,
3123 4670 3181 4716 et
3230 4680 3334 4733 pro
3387 4663 3728 4717 defensione
3793 4678 3940 4715 veras

2232 4752 2367 4804 ﬁdei
2414 4751 2722 4804 avidissimi
2773 4757 2829 4804 et
2874 4750 3233 4805 invictissimi
3282 4752 3590 4805 bellatores
3643 4754 3753 4823 qui
3810 4767 3939 4804 cum

2229 4839 2813 4893 robustissimoJosue
2860 4841 3037 4894 Deum
3068 4841 3389 4910 supplicare
3422 4840 3703 4895 studeant
3741 4847 3809 4894 ut
3838 4846 3942 4892 stet

2228 4927 2331 4991 sol,
2389 4927 2445 4980 id
2502 4934 2603 4993 est,
2659 4934 2887 4997 tempus
2938 4938 2963 4962 ⁸
3023 4935 3229 4982 sanctae
3280 4930 3729 4983 concertationis
3809 4946 3940 5000 pro-

2223 5014 2395 5067 lixius
2444 5016 2731 5083 clarescat,
2776 5018 2956 5071 donec
3005 5034 3063 5071 se
3096 5034 3261 5071 verus
3305 5018 3476 5072 Israel
3511 5021 3834 5073 ulciscatur
3872 5017 3939 5070 de

2223 5102 2471 5157 inimicis
2502 5106 2640 5159 suis.
2672 5108 2789 5161 Non
2835 5110 2977 5160 enim
3020 5110 3232 5160 vocavit
3270 5123 3364 5161 nos
3416 5108 3563 5161 Deus
3602 5110 3662 5161 in
3693 5111 3938 5161 immun—

2222 5192 2436 5259 ditiam,
2512 5194 2606 5247 sed
2662 5198 2721 5247 in
2770 5198 3247 5263 sanctiﬁcationem
3302 5195 3375 5265 (ll
3430 5198 3613 5250 Thess.
3682 5213 3761 5261 ιν,
3830 5198 3934 5260 t7).

2221 5280 2355 5334 dicit
2401 5284 2721 5351 Apostolus,
2770 5289 3073 5354 postquam
3104 5285 3255 5337 unda
3284 5283 3643 5353 baptismatis
3699 5290 3760 5337 et
3808 5281 3936 5351 Spi-

2218 5369 2332 5421 ritu
2364 5376 2554 5424 sancto
2585 5370 2642 5423 in
2674 5370 2858 5439 gratia
2884 5371 3092 5426 Christi
3120 5372 3381 5425 renovati
3407 5388 3629 5425 sumus.
3684 5370 3933 5436 Quocir-

2216 5492 2404 5561 ipsum
2432 5492 2681 5546 codicem
2712 5495 2873 5562 cujus
2911 5511 3019 5564 ope
3050 5496 3208 5564 prior
3238 5495 3411 5548 editio
3474 5495 3760 5549 adornata
3820 5496 3925 5551 est.

2215 5564 2659 5618 accuratioribus
2711 5566 2887 5617 oculis
2928 5582 3103 5635 quam
3145 5566 3436 5632 Acherius,
3505 5564 3924 5620 collustrassel».
