4044 6174
146 324 241 380 ὃυθ

1406 321 1615 380 LIBER
1661 321 2018 380 ACCEPTUS
2056 320 2365 378 GRAECOS.

3521 324 3624 378 690

143 471 200 508 ca
227 470 336 508 non
363 453 681 508 cedendum
713 452 1072 520 adversariis,
1123 453 1219 508 sed
1266 453 1508 509 viriliter
1538 454 1816 510 resisten-
1853 459 1899 512 Α
1929 453 2067 509 tiam
2097 451 2448 524 ineptiarum
2479 451 2799 522 garrientes
2820 453 3124 524 inquirunt
3153 469 3330 524 quare
3374 452 3623 508 chrisma

143 545 289 606 dum,
324 550 386 597 ut
419 559 532 596 non
555 544 851 613 capiamur
880 542 1034 596 illius
1067 543 1372 612 illecebris,
1407 544 1507 616 qui
1529 545 1599 598 de
1622 561 1822 614 super-

143 633 221 686 uis
248 633 317 686 ob
378 632 704 701 superbiam
762 632 830 685 ad
887 632 1002 684 ima
1061 632 1348 702 delapsus,
1410 633 1517 686 hoc
1570 633 1826 686 elaborat

142 721 348 773 nisibus
381 719 724 790 iniquitatis,
767 725 832 772 ut
874 718 1142 784 Ecclesia,
1196 735 1323 790 quae
1372 725 1457 773 est
1500 719 1619 774 tilia
1648 720 1823 791 pacis,

142 810 474 863 dilaceretur
519 808 778 862 doctrina
848 807 1137 874 fmditatis,
1187 815 1245 862 et
1299 813 1492 878 pateat
1539 809 1825 863 morsibus

141 897 363 950 erroris.

208 987 330 1040 Hec
362 990 418 1038 et
449 984 660 1038 similia
709 989 766 1038 ut
816 990 1170 1054 praecaveret
1213 985 1584 1048 Timothmus,
1631 1003 1825 1040 sacra-

143 1076 283 1128 rium
345 1074 591 1143 Spiritus
647 1075 827 1127 sancti
884 1073 1160 1127 charitate
1238 1075 1482 1142 fervens,
1555 1075 1825 1128 admouet

143 1162 381 1217 Paulus:
434 1163 648 1217 Stultus
689 1167 871 1216 autem
915 1167 965 1216 et
1003 1166 1120 1216 sine
1159 1162 1452 1231 disciplina
1504 1167 1823 1228 qziwstioncs

141 1250 332 1314 devita,
388 1256 558 1303 sciens
608 1254 738 1316 quia.
787 1255 1050 1318 generant
1115 1251 1233 1303 lites
1262 1251 1341 1318 (II
1399 1253 1534 1304 Tim.
1587 1267 1646 1317 ii,
1707 1255 1819 1320 22).

143 1340 259 1394 Ilaec
284 1355 496 1408 nempe
553 1355 873 1408 praecavere
923 1344 1151 1409 oportet
1198 1339 1544 1408 generaliter
1591 1345 1824 1393 cunctos

138 1427 192 1480 in
213 1428 502 1482 Christum
531 1428 844 1490 credentes,
881 1427 1124 1482 maxime
1169 1444 1265 1481 eos
1304 1427 1403 1498 qui
1436 1427 1692 1497 regimen
1725 1429 1821 1481 de-

136 1515 258 1569 bent
288 1515 502 1569 habere
531 1515 879 1581 animarum,
929 1521 984 1569 et
1013 1532 1134 1569 esse
1186 1517 1482 1586 speculum
1539 1517 1822 1570 bonorum

134 1620 364 1673 operum
395 1611 452 1658 et
480 1611 805 1658 sanctarum
845 1604 1029 1658 forma
1053 1604 1351 1658 virtutum.
1395 1604 1532 1658 Inde
1581 1621 1822 1675 gemen-

131 1692 256 1746 dum
283 1693 431 1746 bene
464 1692 802 1759 viventibus,
853 1693 988 1763 quia
1038 1693 1188 1746 unde
1224 1693 1284 1747 in
1331 1697 1527 1747 sancta
1573 1694 1822 1747 Ecclesia

132 1781 392 1835 decorum
445 1788 594 1835 esset
655 1782 959 1852 splendere
1009 1782 1288 1836 honorem
1341 1781 1557 1853 gaudii,
1609 1782 1678 1836 ab
1728 1783 1815 1836 his

132 1871 380 1940 partibus
416 1871 610 1924 multis
641 1870 1000 1924 volventibus
1043 1870 1264 1924 saeculis
1314 1871 1655 1924 oboriuntur
1699 1871 1815 1924 im-

131 1959 301 2012 mensi
353 1959 695 2012 detrimenta
743 1957 1034 2012 scandali..
1073 1959 1130 2014 Si
1182 1959 1338 2012 enim
1393 1959 1611 2013 ferrum
1662 1960 1814 2014 ferro

130 2048 363 2114 acuitur,
397 2063 715 2117 congruum
745 2051 891 2100 esset
925 2052 986 2100 ut
1015 2048 1207 2101 Graeca
1238 2047 1432 2118 lingua
1464 2063 1497 2100 a
1533 2064 1668 2100 vero
1699 2064 1813 2100 non

131 2137 495 2206 discreparet,
540 2135 599 2189 in
639 2153 753 2207 quo
807 2135 1004 2190 Latina
1046 2151 1312 2189 normam
1359 2136 1653 2190 catholicae
1684 2135 1816 2190 Iidei

128 2223 598 2277 indissolubiliter
632 2227 808 2276 tenet.

193 2311 286 2366 llas
325 2316 466 2364 sunt
497 2327 633 2380 ergo
666 2309 972 2378 superﬂuae
1022 2308 1367 2380 quaestiones
1409 2310 1478 2364 ad
1523 2311 1818 2366 saecularia

127 2401 307 2470 potius
336 2416 516 2470 quam
547 2399 614 2453 ad
648 2398 928 2468 spiritalia
957 2397 1277 2465 tendentes,
1315 2415 1444 2470 quae
1474 2415 1589 2452 non
1618 2401 1816 2454 viden-

132 2495 216 2541 tur
243 2488 553 2558 procedere
583 2488 654 2541 ab
685 2485 1036 2556 experientia
1085 2486 1278 2556 magni
1327 2487 1669 2552 intellectus,
1719 2488 1816 2542 sed

128 2578 268 2630 nasci
302 2594 335 2630 a
370 2575 929 2646 reprehensibilitate
961 2574 1261 2628 exterioris
1294 2591 1512 2628 sensus.
1541 2576 1681 2629 Illud
1717 2576 1818 2629 ita-

129 2681 228 2734 que
257 2666 523 2736 pelagus,
556 2670 615 2717 ut
649 2665 913 2733 jactatur,
944 2663 1186 2734 insignis
1255 2664 1604 2733 eloquentius
1643 2664 1817 2718 infert

129 2753 395 2807 Romanis
443 2753 698 2807 auribus.
754 2754 937 2818 Quare
961 2753 1240 2822 Spiritum
1281 2758 1540 2807 sanctum
1573 2771 1603 2806 a
1653 2755 1814 2807 Patre

127 2847 176 2893 et
205 2842 346 2896 Filio
379 2842 759 2912 protiteamur
790 2842 1119 2911 procedere,
1153 2847 1207 2894 et
1236 2858 1354 2895 non
1388 2859 1419 2895 a
1465 2845 1585 2896 solo
1627 2844 1811 2908 Patre,

129 2946 314 2983 rursus
349 2947 532 3001 quare
589 2931 647 2983 in
704 2930 962 2984 Sabbatis
1004 2930 1290 3001 jejunium
1336 2947 1716 2997 exerceamus,
1759 2937 1815 2984 et

1932 550 2214 607 nostrum,
2248 543 2364 596 imo
2401 541 2518 608 Dei,
2561 558 2626 594 ex
2663 557 2810 612 aqua
2853 542 3111 596 ﬂuminis
3156 543 3526 596 conﬁciemus
3570 549 3623 597 et

1932 649 2108 704 quare
2139 647 2353 703 agnum
2388 631 2560 684 simul
2591 647 2719 684 cum
2751 647 2988 701 corpore
3017 631 3226 685 Christi
3259 639 3314 684 et
3342 631 3622 702 sanguine

1932 722 1988 775 in
2016 722 2229 776 Pascha
2253 737 2424 791 super
2449 722 2623 773 altare
2665 735 2965 790 ponamus,
3011 727 3067 772 et
3100 737 3256 774 more
3289 721 3624 774 .ludaeorum

1931 812 2259 877 otferamus,
2293 826 2422 862 cum
2464 809 2792 862 nullatenus
2823 809 2944 861 haec
2975 809 3058 862 vel
3095 808 3301 878 aliquis
3333 809 3619 878 desipien-

1931 901 2075 954 tiuni
2111 915 2368 970 unquam
2397 897 2718 952 crediderit.
2755 898 2888 961 Quae
2920 897 3033 950 duo
3080 897 3137 949 in
3171 903 3390 949 tantum
3423 898 3621 951 viden-

1931 993 2024 1042 tur
2054 987 2471 1057 indignissima,
2505 993 2568 1039 ut
2597 985 2667 1038 ab
2700 985 2896 1039 auditu
2931 984 3189 1038 tidelium
3221 1001 3288 1038 ex
3320 989 3435 1038 toto
3459 987 3619 1055 judi-

1931 1083 2132 1130 centur
2159 1075 2383 1146 penitus
2415 1091 2536 1127 esse
2563 1081 2848 1129 extranea.

2002 1165 2131 1219 Hth
2181 1163 2559 1217 deliramenta
2609 1162 2990 1216 versutiarum
3033 1161 3296 1216 Ci'aecalis
3342 1162 3622 1217 industria

1929 1253 2301 1324 supercilioso
2359 1252 2577 1305 ambitu
2639 1268 2742 1321 per
2800 1251 3126 1305 Romanum
3176 1251 3394 1320 spargit
3440 1251 3620 1321 impe-

1927 1343 2104 1408 rium,
2139 1347 2196 1395 et
2225 1341 2527 1395 dominicis
2557 1340 2787 1394 aciebus
2809 1340 3096 1402 insistens,
3131 1345 3256 1394 astu
3296 1340 3622 1394 calliditatis

1931 1431 2264 1494 scaturiens,
2314 1430 2610 1483 contendit
2672 1430 2943 1482 lacessere
3007 1428 3247 1498 quietos.
3303 1432 3374 1482 At
3423 1435 3624 1482 contra

1929 1524 2252 1590 repugnant
2301 1518 2539 1572 ducibus
2585 1517 2798 1588 injusta
2838 1517 3197 1572 molientium
3250 1517 3482 1588 agmina
3527 1534 3621 1571 su-

1931 1621 2242 1676 pernarum
2283 1605 2579 1667 virtutum,
2613 1604 2752 1674 quin
2774 1603 2891 1656 imo
2923 1604 3090 1674 longe
3113 1603 3467 1673 portendunt
3494 1620 3620 1656 scu-

1932 1700 2054 1747 tum
2085 1697 2296 1747 sanctaa
2329 1692 2673 1762 repulsionis
2707 1691 3020 1745 illustrium
3075 1691 3328 1746 defensio
3362 1693 3616 1758 Patrum,

1861 1761 1899 1814 Β
1928 1783 2229 1837 concordia
2259 1798 2567 1846 canonum,
2607 1781 2915 1834 auctoritas
2961 1785 3018 1834 et
3059 1780 3294 1834 victoria
3343 1781 3617 1834 excellen-

1925 1872 2278 1925 tissimorum
2305 1871 2646 1936 antistitum,
2698 1886 2800 1940 per
2840 1869 3147 1924 Christiani
3183 1869 3432 1923 nominis
3463 1869 3611 1922 limi-

1923 1967 2042 2015 tem
2075 1961 2134 2014 in
2161 1961 2384 2015 theoria
2416 1959 2719 2029 magniﬁce
2765 1959 3151 2029 vulgatorum,
3203 1957 3373 2011 verbo
3419 1974 3480 2011 ac
3517 1958 3620 2011 do-

1925 2051 2106 2104 ctrina
2137 2051 2306 2104 ccelos
2347 2049 2827 2118 contingentium.
2888 2049 2951 2100 In
3005 2047 3110 2100 hoc
3143 2047 3275 2100 forti
3305 2062 3614 2116 congressu

1925 2155 2043 2192 non
2074 2139 2259 2192 ferent
2309 2137 2511 2190 vexilla
2547 2137 2780 2200 tirones,
2815 2151 2918 2188 nec
2965 2135 3198 2204 fatigata
3224 2134 3457 2189 brachia
3477 2135 3618 2188 etfa-

1925 2233 2054 2280 rent
2083 2225 2309 2279 emeriti
2347 2241 2530 2291 senes,
2577 2225 2673 2278 sed
2721 2224 2939 2277 delecta
2981 2223 3196 2277 viribus
3233 2223 3522 2293 juventus,
3561 2224 3616 2277 id

1926 2322 2012 2369 est
2041 2315 2097 2368 in
2143 2315 2273 2367 tidei
2326 2313 2530 2368 Christi
2582 2311 3013 2383 perfectissimis
3058 2318 3287 2365 utentes
3335 2312 3615 2375 sensibus,

1927 2421 1993 2458 ex
2024 2404 2181 2457 omni
2233 2409 2390 2473 parte
2437 2403 2610 2455 armis
2661 2417 2952 2454 sacrorum
3001 2401 3334 2471 dogmatum
3399 2401 3617 2454 munita

1927 2509 2166 2562 corpora
2199 2498 2530 2561 mentesque
2560 2491 2829 2555 ferentes,
2872 2489 3084 2560 inclyta
3125 2490 3405 2543 lacessent
3446 2489 3613 2556 bella,

1926 2586 1982 2634 et
2023 2580 2264 2634 Domino
2323 2580 2542 2633 favente
2597 2579 2838 2632 victores
2896 2579 3161 2632 existent.
3228 2579 3371 2646 Lege
3425 2583 3616 2631 autem

1925 2668 2334 2739 triumphantis
2365 2673 2592 2737 peracto
2633 2665 2967 2731 certamine,
3021 2665 3155 2719 dum
3206 2665 3424 2719 lassatis
3455 2667 3618 2736 quasi

1928 2757 2199 2810 membris
2227 2755 2594 2825 refrigerium
2645 2755 3103 2808 subministrabit
3142 2754 3387 2824 Spiritus
3436 2753 3617 2807 sancti

1927 2847 2172 2912 afﬂatus,
2203 2845 2371 2914 potiti
2403 2847 2534 2898 voto
2577 2843 2979 2912 gloriosissimi
3024 2842 3254 2908 milites,
3285 2847 3340 2896 et
3370 2842 3441 2895 ob
3470 2857 3613 2912 ago-

1924 2934 2080 2987 niam
2108 2933 2315 2986 eximie
2350 2934 2625 3000 laetantes,
2662 2933 2727 2985 ad
2761 2933 2930 2986 caelos
2961 2931 3258 3002 porrigent
3278 2930 3616 3001 conspicuos

125 3034 289 3087 quare
340 3020 417 3072 ab
465 3018 652 3072 oflicio
706 3020 1169 3090 presbyterorum
1217 3020 1449 3088 nuptias
1497 3036 1808 3073 arceamus.
1852 3053 1892 3109 Β
1925 3023 2133 3086 vultus,
2169 3021 2308 3091 Hegi
2337 3038 2539 3091 regum
2574 3020 2918 3074 dominatori
2961 3035 3062 3072 suo
3113 3019 3294 3072 laudis
3325 3019 3616 3087 praeconia

122 3108 346 3162 Addunt
378 3107 552 3161 etiam
587 3123 762 3178 quare
795 3108 1117 3179 presbyteri
1151 3109 1484 3162 Latinorum
1506 3109 1809 3163 inhibean-

122 3200 208 3249 tur
232 3198 458 3250 frontes
484 3195 900 3265 baptizatorum
932 3196 1238 3250 chrismate
1266 3196 1453 3262 linire,
1487 3214 1616 3250 cum
1656 3198 1811 3250 locus

120 3286 494 3357 consignandi
524 3286 582 3338 in
627 3286 816 3339 fronte
848 3285 1078 3354 proprie
1111 3285 1184 3337 sit
1214 3285 1632 3355 episcoporum,
1667 3291 1724 3338 et
1752 3286 1808 3338 in

123 3375 320 3428 vertice
401 3374 889 3444 presbyterorum.
960 3375 1100 3427 Item
1151 3374 1512 3428 sctscitantur
1561 3391 1737 3444 quare
1777 3391 1810 3428 a

119 3463 373 3516 carnium
428 3477 527 3514 esn
596 3467 722 3516 octo
784 3462 1237 3516 hebdomadibus
1285 3467 1416 3517 ante
1471 3463 1704 3528 Pascha,
1755 3468 1811 3518 et

119 3557 330 3621 septem
361 3569 398 3604 a
429 3551 576 3604 casei
607 3558 664 3606 et
696 3567 934 3604 ovorum
979 3567 1136 3604 more
1184 3567 1286 3604 suo
1338 3567 1454 3605 non
1499 3568 1805 3607 cessamus.

119 3639 430 3708 Opponunt
482 3645 762 3710 praeterea
814 3655 916 3693 cur
975 3639 1166 3693 clerici
1216 3639 1422 3693 barbas
1480 3641 1707 3706 radant,
1755 3649 1810 3696 et

118 3744 283 3796 quare
312 3729 545 3782 diaconi
585 3729 842 3782 nondum
877 3735 1138 3800 suscepto
1162 3730 1588 3799 presbyteratus
1620 3731 1806 3784 ofticio

119 3818 170 3867 in
196 3817 501 3886 episcopos
533 3817 873 3870 ordinantur
903 3825 945 3881 ⁸,
981 3823 1046 3870 ut
1087 3833 1208 3870 mos
1241 3822 1325 3870 est
1354 3817 1662 3887 aliquando
1693 3819 1809 3872 Ro-

119 3907 310 3960 manis.
343 3907 794 3976 Conqueruntur
823 3906 995 3959 etiam
1018 3905 1088 3960 de
1118 3905 1622 3976 transmigratione
1653 3907 1808 3976 prin-

115 3995 329 4064 cipatus
363 3996 638 4049 Romana:
670 3994 843 4060 sedis,
869 4011 1040 4066 quam
1071 3995 1266 4049 dicunt
1296 3995 1498 4049 factam
1531 3998 1807 4050 Constan-

117 4083 376 4152 tinopoli.
427 4081 574 4136 unde
623 4087 678 4134 et
738 4098 864 4134 eam
923 4099 1052 4136 cum
1108 4083 1430 4151 patriarcha
1477 4098 1580 4136 suo
1637 4090 1810 4154 caput

118 4171 407 4240 dignitatis
440 4171 752 4240 appellant.
785 4171 867 4224 Ad
899 4172 1203 4226 stultarum
1239 4172 1534 4225 cumulum
1569 4177 1624 4226 et
1662 4172 1807 4226 iner-

1919 3113 2338 3164 acclamantes:
2378 3113 2632 3163 Dom-inus
2667 3111 2827 3174 fortis
2858 3113 2908 3162 et
2945 3113 3158 3176 potens,
3210 3111 3471 3162 Dominus
3512 3124 3616 3176 po-

1920 3205 2035 3253 tens
2065 3204 2120 3252 in
2149 3200 2342 3268 przclio
2386 3200 2552 3267 (Psal.
2611 3213 2767 3261 xxiii,
2820 3200 2891 3261 8).
2958 3197 3054 3249 Et:
3113 3198 3374 3248 Dominus
3435 3199 3615 3247 virtu-

1920 3294 2033 3342 tum
2063 3291 2177 3357 ipse
2208 3293 2282 3340 est
2329 3303 2425 3339 rex
2473 3289 2660 3354 gloriae
2722 3286 2903 3352 (ibid,
2968 3287 3070 3351 10;.
3128 3287 3200 3337 At
3245 3299 3374 3336 vero
3405 3283 3614 3336 exhila-
3655 3287 3666 3296 ‘

1918 3383 2075 3430 ratus
2107 3379 2274 3430 Pater
2303 3376 2476 3429 totius
2519 3374 2801 3438 Ecclesiae,
2843 3372 3169 3443 apostolicae
3209 3373 3424 3425 scilicet
3462 3371 3610 3424 sedis

1919 3464 2279 3518 beatissimus
2309 3461 2582 3533 pontifex,
2637 3477 2768 3514 cum
2799 3461 2975 3514 Paulo
2997 3460 3256 3529 apostolo
3297 3458 3522 3526 erigens
3552 3458 3610 3511 in

1917 3552 2147 3606 excelsis
2176 3557 2364 3621 caput,
2399 3552 2520 3604 haec
2549 3549 2719 3603 verba
2770 3548 3082 3618 protectori
3118 3549 3232 3601 Deo
3280 3546 3613 3599 solemniter

1917 3640 2284 3711 personabit:
2330 3643 2591 3692 Dominus
2624 3643 2804 3691 autem
2853 3638 2983 3690 mihi
3027 3639 3207 3690 astitit
3246 3640 3296 3688 et
3333 3637 3608 3700 conforta-

1916 3734 1994 3782 vit
2019 3745 2130 3782 me:
2167 3733 2226 3780 ut
2250 3743 2352 3796 per
2384 3743 2464 3778 me
2498 3727 2817 3794 praedicatio
2843 3726 3248 3794 adimpleatur;
3283 3729 3331 3775 ct
3377 3723 3611 3776 audiant

1917 3833 2096 3872 omnes
2121 3821 2337 3882 gentes:
2368 3820 2418 3867 et
2471 3814 2736 3866 liberatus
2765 3829 2886 3866 sum
2918 3814 2982 3864 (te
3030 3828 3120 3865 ore
3162 3814 3348 3864 leonis.
3386 3811 3607 3864 Libera-

1916 3911 1994 3960 vit
2016 3922 2099 3959 me
2127 3908 2384 3958 Dominus
2413 3903 2481 3954 ab
2530 3906 2674 3954 omni
2723 3918 2880 3970 opere
2924 3902 3083 3960 "nilo,
3117 3905 3167 3951 et
3209 3901 3419 3952 salvum
3444 3901 3609 3962 faciet

1916 3999 1972 4047 in
1994 4008 2218 4060 regnum
2243 4007 2403 4044 suum
2441 3992 2662 4056 σαίρεις,
2692 3994 2780 4042 cui
2825 3993 2898 4042 sit
2951 3990 3126 4054 gloria
3174 3992 3226 4039 in
3278 3987 3480 4041 saecula
3511 4002 3607 4040 sae-

1915 4084 2177 4136 culo-rum.
2212 4081 2386 4134 Amen
2415 4081 2492 4146 (ΙΙ
2525 4082 2660 4132 Tim.
2698 4095 2770 4144 iv,
2809 4082 2920 4146 l7).

178 4322 201 4344 ³
230 4314 292 4391 In
326 4317 625 4405 episcopos
649 4314 998 4405 ordinantur.
1050 4315 1174 4367 Non
1220 4315 1367 4368 male
1402 4315 1634 4395 quidem
1663 4331 1675 4378 ;
1708 4315 1802 4368 sed
1845 4352 1887 4405 ι)
1918 4315 2121 4370 eodem
2151 4316 2480 4394 Graecorum
2503 4312 2728 4405 pbjecta
2773 4311 3052 4405 repellere
3096 4327 3226 4382 quas
3275 4327 3307 4364 a
3357 4311 3610 4366 Hatram-

117 4397 233 4435 rum
268 4384 326 4435 in
361 4399 469 4436 ms.
507 4385 698 4436 codice
739 4385 961 4451 legatur
1011 4389 1068 4437 in
1095 4401 1234 4454 epm,
1282 4387 1470 4438 nescio
1498 4402 1685 4438 annon
1718 4402 1803 4438 re-

115 4453 248 4506 ctius
278 4455 353 4507 sit
401 4459 458 4506 in
516 4459 843 4523 episcopum.
912 4456 1008 4509 Hic
1064 4453 1290 4510 notabit
1348 4457 1526 4510 lector
1576 4457 1808 4509 Aineam

1921 4403 1992 4440 no
2025 4401 2251 4439 summa
2273 4385 2325 4437 vi
2358 4387 2581 4455 repulsa
2602 4401 2723 4436 esse
2755 4384 3000 4437 vidimus
3035 4399 3224 4452 supra.

1428 4777 1438 4788 ’
1510 4779 1862 4852 INCIPIT
1926 4780 2233 4854 LIBER.

855 5052 982 5106 CAP.
1035 5053 1078 5106 Ι.

179 5141 423 5195 Sanctus
466 5139 832 5205 Athanasius,
878 5141 1275 5195 Alexandrinas
1306 5141 1454 5196 sedis
1484 5142 1810 5213 episcopus,

116 5231 322 5284 Griecaz
375 5231 590 5300 lingua:
641 5231 1192 5300 experientissimus,
1233 5232 1333 5284 ubi
1365 5231 1568 5285 beatus
1599 5233 1812 5286 Marcus

117 5320 470 5391 evangelista
499 5319 804 5387 prmsedit;
837 5336 966 5390 quas
994 5320 1156 5374 sedes
1187 5322 1434 5374 secunda
1457 5326 1542 5374 est
1565 5338 1595 5373 a
1625 5321 1814 5390 prima

122 5408 398 5470 Romana,
434 5413 498 5461 ut
523 5407 820 5462 Canonum
867 5413 1077 5463 statuta
1127 5410 1463 5474 decernunt,
1497 5419 1521 5442 ι
1569 5409 1628 5462 in
1672 5410 1813 5464 libro

1920 5057 1988 5110 de
2024 5056 2246 5110 Unitate
2273 5060 2481 5110 sanctae
2514 5059 2568 5110 et
2600 5055 2911 5110 individua:
2938 5057 3230 5111 Trinitatis
3254 5055 3426 5110 dicit:
3461 5056 3616 5120 Quod

1921 5151 1976 5199 in
2010 5149 2171 5199 Patre
2197 5150 2268 5198 sit
2299 5146 2469 5199 Filius
2509 5150 2560 5198 et
2593 5146 2835 5213 Spiritus
2865 5150 3106 5209 sanctus,
3138 5151 3188 5199 et
3215 5149 3342 5209 quia
3372 5146 3615 5213 Spiritus

1919 5239 2165 5298 sanctus,
2206 5251 2238 5286 a
2270 5238 2369 5287 Deo
2396 5237 2556 5287 Putre
2581 5233 2860 5302 procedat,
2906 5233 2999 5285 ubi
3053 5249 3396 5298 nequaquam
3427 5233 3612 5286 exclu-

1926 5319 2080 5371 ditur
2109 5321 2233 5372 Fili-i
2289 5337 2498 5374 nomen.
2550 5344 2578 5369 ‹‹
2619 5321 2988 5375 Serviendum
3033 5321 3225 5390 itaque
3257 5327 3342 5374 est
3392 5321 3616 5376 Christo

1931 5408 2090 5474 Filio,
2128 5409 2261 5476 quia
2287 5415 2342 5462 et
2377 5409 2661 5479 perfectus
2704 5411 2872 5474 Deus,
2906 5416 2963 5462 et
3015 5426 3181 5462 verus
3213 5415 3298 5463 est
3327 5410 3520 5463 Filius.
3555 5411 3619 5463 Et

183 5579 206 5607 ι
239 5568 300 5620 In
331 5568 469 5620 libro
497 5567 576 5621 dc.
615 5567 792 5635 Hujus
829 5567 979 5632 libri,
1040 5567 1136 5637 qui
1193 5573 1278 5621 est
1311 5570 1375 5623 de
1423 5572 1642 5624 Unitute
1684 5575 1801 5638 Dei,
1832 5570 2029 5624 titulus
2052 5570 2142 5625 hic
2172 5576 2258 5625 est
2282 5571 2339 5624 in
2370 5571 2577 5625 editis:
2620 5575 2696 5625 De
2746 5571 2958 5624 Ariona
2993 5574 3042 5624 et
3077 5571 3344 5626 catholica
3383 5573 3509 5641 ﬁde.
