4038 6174
450 295 548 349 691

1678 282 1904 348 ΕΝΕΑΞ
1937 292 2366 349 PARISIENSIS
2402 290 2643 348 EPISCO
2654 292 2717 348 PI
3798 295 3882 346 692

453 424 555 498 qui
601 425 847 480 ﬁdeliter
898 421 1071 477 servit
1117 420 1284 489 Filio,
1356 420 1510 476 Patri
1555 421 1746 489 servit,
1801 427 1858 477 et
1903 421 2139 493 Spiritui
2177 427 2220 480 Α
2250 427 2308 477 et
2336 438 2568 478 sensum
2614 422 2936 477 intellectus
2991 420 3107 475 mei
3153 420 3256 476 tibi
3308 420 3511 475 refero.
3572 422 3721 475 Pater
3764 438 3883 475 unus

453 519 650 569 sancto
679 513 778 585 qui
806 512 866 565 in
898 527 964 565 eo
996 514 1098 564 est.
1150 511 1215 565 Et
1267 509 1369 582 qui
1410 510 1610 565 adorat
1653 513 1898 579 Patrem,
1926 512 1986 566 in
2016 512 2139 581 ipso

454 604 653 658 adorat
682 602 884 656 Filium
927 604 983 654 et
1030 599 1306 669 Spiritum
1355 603 1637 667 sanctum,
1685 600 1823 671 quia
1869 601 1928 655 in
1977 603 2142 656 Patre

454 696 538 746 est
570 690 740 744 Filius
769 694 825 741 et
843 687 1089 758 Spiritus
1116 692 1345 741 sanctus
1372 687 1471 757 qui
1501 704 1533 740 a
1556 689 1671 741 Deo
1698 689 1970 756 procedit,
1993 688 2139 758 ipso,

454 780 690 833 Domine
722 779 981 833 dicente:
1024 780 1140 845 Ego
1192 780 1251 831 in
1302 778 1466 831 Patre
1518 782 1569 831 et
1618 779 1785 832 Pater
1836 782 1894 831 in
1955 794 2037 831 me
2066 782 2144 831 est

453 870 632 935 (Joan.
661 882 769 932 xiv,
826 869 927 930 10).
975 866 1051 919 De
1083 864 1299 935 Spiritu
1347 880 1578 935 quoque
1628 864 1707 918 sic
1753 864 1869 918 ait:
1903 865 2144 933 Spiritus

452 958 633 1009 autem
656 955 962 1024 paraclitus
998 957 1093 1019 qui
1128 969 1161 1007 a
1197 954 1360 1007 Patre
1393 968 1507 1007 meo
1544 953 1794 1022 procedit
1825 952 2006 1025 (Joan.
2052 969 2141 1015 xv,

452 1044 566 1110 26).
606 1044 824 1096 Etcum
860 1042 1063 1095 Filium
1114 1040 1242 1112 quis
1280 1041 1500 1107 adorat,
1555 1041 1614 1095 in
1649 1058 1716 1095 eo
1758 1042 1980 1095 Patrem
2009 1041 2143 1096 ado-

454 1138 561 1199 rat,
595 1137 652 1186 et
682 1130 959 1202 Spiritum
986 1134 1282 1198 ,sanctum,
1334 1131 1470 1201 quia
1521 1129 1583 1184 in
1630 1130 1754 1200 ipso
1804 1135 1889 1184 est
1937 1131 2143 1198 Pater;

454 1221 681 1275 dicente
715 1236 821 1274 eo:
883 1219 987 1284 Qui
1044 1235 1127 1273 me
1178 1219 1346 1280 videt,
1402 1219 1550 1272 videt
1606 1222 1657 1273 et
1703 1221 1921 1273 Patrem
1969 1234 2147 1273 meum

456 1308 636 1377 (Joan.
668 1325 723 1375 x,
756 1308 808 1379 9)
836 1325 852 1375 ;
885 1315 942 1362 et
981 1308 1227 1362 iterum:
1262 1310 1425 1362 Pater
1460 1312 1641 1361 autem
1675 1309 1731 1361 in
1773 1323 1855 1361 me
1898 1322 2142 1367 manens,

456 1401 573 1467 ipse
623 1399 760 1464 facit
806 1413 989 1465 opera.
1043 1396 1222 1465 (ibid)
1270 1397 1346 1449 De
1385 1396 1601 1466 Spiritu
1648 1412 1777 1449 vero
1826 1400 2019 1449 sancto
2069 1395 2148 1448 sic

457 1486 538 1539 ait
566 1501 578 1539 :
608 1487 726 1552 Ille,
753 1486 961 1555 inquit,
994 1500 1076 1538 me
1123 1486 1461 1554 clariﬁcavit,
1492 1488 1623 1550 quia
1653 1485 1716 1538 de
1756 1500 1868 1539 meo
1897 1488 2144 1554 accipiet,

459 1578 511 1629 et
539 1574 894 1629 annuntiabit
918 1574 1067 1627 vobis
1106 1575 1286 1643 (Joan.
1315 1589 1426 1635 xv1,
1482 1573 1608 1643 ti);
1643 1578 1732 1627 et:
1769 1573 1963 1629 Omnia
2010 1589 2150 1639 quau

2255 513 2403 567 Deus
2433 517 2535 575 est,
2570 516 2625 567 et
2654 512 2828 566 Filius
2876 510 3210 581 unigenitus
3261 511 3405 564 Deus
3456 513 3559 576 est,
3604 516 3657 563 et
3683 510 3886 582 Spiritus

2253 606 2480 656 sanctus
2510 602 2707 655 unitus
2733 600 2793 654 in
2816 596 2980 656 Patre
3010 605 3068 654 et
3111 599 3254 653 Filio
3289 602 3435 654 Deus
3463 604 3569 654 est.
3605 619 3630 650 η

2945 706 3073 759 Car.
3132 704 3226 759 Ill.

2323 795 2470 850 Item
2499 795 2653 849 idem
2682 794 2741 848 in
2771 794 2973 848 eodem
3009 796 3194 847 libro:
3237 792 3390 858 Quod
3437 793 3672 862 Spiritus
3709 797 3889 847 sanctus

2253 899 2348 938 nec
2371 887 2535 947 Pater
2556 887 2629 938 sit
2653 899 2748 937 nec
2776 884 2968 950 Filius,
3004 882 3101 937 sed
3123 883 3189 936 de
3230 886 3435 936 natura
3476 886 3631 935 unita
3679 885 3891 946 existens,

2247 974 2510 1042 procedat
2539 973 2605 1027 de
2623 976 2730 1027 Deo
2755 975 2937 1033 Patre,
2966 977 3018 1026 et
3056 975 3289 1041 accipiat
3318 971 3384 1025 de
3413 973 3512 1024 Dei
3549 972 3700 1025 Filio.
3727 992 3750 1017 α
3786 971 3893 1024 Bea-

2254 1066 2344 1115 tus
2366 1063 2613 1115 Joannes
2643 1060 2989 1130 evangelista
3028 1060 3166 1113 dicit
3215 1060 3275 1113 in
3334 1059 3583 1129 Epistola
3630 1073 3757 1111 sua:
3794 1061 3893 1112 Tres

2253 1155 2385 1205 sunt
2442 1154 2539 1216 qui
2586 1153 2951 1204 testimonium
2994 1150 3186 1203 dicunt
3234 1152 3293 1202 in
3322 1150 3468 1213 ccelo,
3514 1149 3673 1203 Pater
3710 1152 3756 1202 et
3792 1149 3890 1202 Ver-

2257 1239 2383 1293 bum
2434 1243 2486 1292 et
2550 1239 2813 1307 Spiritus,
2888 1241 2940 1290 et
2990 1241 3049 1290 in
3103 1237 3313 1292 Christo
3391 1239 3523 1290 Jesu
3600 1252 3757 1290 unum
3796 1240 3895 1289 sunt

2258 1328 2311 1398 (Ι
2335 1329 2493 1381 Joan.
2523 1331 2597 1392 v).
2629 1327 2750 1380 Non
2789 1330 2985 1379 tamen
3017 1341 3166 1379 unus
3195 1331 3301 1390 est,
3330 1325 3467 1396 quia
3499 1340 3616 1378 non
3645 1329 3723 1377 est
3749 1324 3799 1377 in
3831 1323 3897 1377 his

2259 1432 2372 1470 una
2418 1431 2681 1486 persona.
2717 1415 2857 1469 Nam
2913 1430 3086 1468 unum
3137 1414 3292 1485 quod
3350 1413 3494 1467 dixit
3539 1413 3605 1467 de
3663 1412 3896 1482 utrisque,

2257 1504 2395 1574 quid
2424 1504 2577 1558 aliud
2614 1503 2956 1574 intelligitur
2986 1519 3159 1573 quam
3191 1503 3343 1573 quod
3380 1504 3528 1556 Deus
3570 1503 3727 1556 Pater
3749 1500 3801 1555 in
3828 1517 3900 1553 na-

2257 1598 2387 1648 tura
2425 1592 2739 1647 divinitatis
2764 1591 2914 1646 idem
2948 1592 3069 1662 ipse
3119 1591 3343 1646 dicatur
3378 1596 3438 1646 et
3468 1592 3755 1657 Dominus,
3781 1589 3900 1643 idem

458 1679 669 1728 cunque
691 1663 852 1717 habet
894 1665 1075 1728 Pater,
1124 1677 1243 1715 mea
1267 1666 1435 1729 sunt;
1482 1666 1778 1731 propterea
1821 1662 1940 1716 dini
1975 1662 2141 1730 vobis,

2270 1682 2384 1751 ipse
2422 1681 2495 1735 sit
2522 1686 2579 1735 et
2602 1681 2885 1752 Spiritus:
2927 1685 2984 1734 et
3015 1680 3186 1734 Filius
3236 1681 3403 1743 Deus,
3457 1680 3719 1751 idemque
3759 1679 3821 1732 sit
3856 1677 3899 1731 in

460 1753 593 1817 quia
643 1751 708 1804 de
762 1767 875 1805 meo
932 1754 1160 1819 accipiet
1217 1750 1397 1820 (ibid.,
1468 1752 1576 1818 t5).
1643 1750 1890 1821 Spiritus
1954 1750 2149 1821 itaque

460 1839 643 1893 Patris
667 1838 913 1908 Spiritus
947 1839 1070 1892 Filii
1103 1842 1205 1906 est,
1243 1838 1514 1906 Apostolo
1563 1838 1783 1892 dicente
1812 1855 1824 1892 :
1871 1837 2026 1903 Quod
2050 1854 2152 1892 au-

462 1933 564 1982 tem
594 1933 722 1982 estis
771 1930 875 1999 filii
927 1930 1047 1994 Dei,
1095 1931 1247 1982 misit
1287 1930 1432 1982 Deus
1485 1929 1752 1997 Spiritum
1799 1928 1925 1981 Filii
1973 1931 2062 1981 sui
2096 1931 2153 1981 in

460 2018 626 2072 corda
650 2022 839 2071 nostra
888 2016 1030 2083 (Gal.
1057 2033 1129 2084 iv,
1164 2016 1255 2086 6);
1302 2021 1359 2070 et
1407 2016 1616 2069 iterum
1650 2033 1663 2070 :
1697 2018 1757 2071 Si
1799 2021 1923 2082 quis
1972 2020 2154 2070 autem

462 2106 731 2175 Spiritum
762 2106 963 2161 Christi
1020 2120 1128 2159 non
1160 2104 1340 2167 habet,
1386 2104 1471 2158 hic
1528 2121 1635 2159 non
1674 2109 1754 2158 est
1800 2106 1919 2174 ejus
1978 2106 2159 2177 (Rom.

461 2208 581 2259 vm,
612 2195 703 2262 9);
744 2198 797 2247 et
834 2194 1087 2248 iterum:
1119 2193 1238 2248 Scio
1283 2196 1424 2247 enim
1451 2197 1582 2258 quia
1639 2193 1736 2247 hoc
1786 2193 1923 2247 mihi
1962 2210 2155 2263 prove-

463 2286 577 2335 niet
594 2286 652 2336 in
681 2284 912 2337 salutem
944 2297 1043 2351 per
1071 2285 1308 2336 vestram
1332 2285 1631 2335 orationem
1681 2286 1733 2336 et
1767 2283 2154 2336 subministra-

467 2373 661 2424 tionem
687 2372 930 2439 Spiritus
957 2372 1085 2424 Jesu
1127 2370 1328 2425 Christi
1372 2369 1592 2439 (Philip.
1626 2386 1665 2435 ι,
1711 2373 1801 2436 29)
1875 2372 1936 2425 In
1972 2370 2154 2424 Evan-

466 2458 616 2528 gelio
647 2474 878 2529 quoque
910 2458 1031 2528 ipse
1085 2458 1364 2512 Dominus
1394 2458 1507 2513 ait:
1557 2460 1888 2526 Paraclitus,
1945 2458 2157 2529 inquit,

469 2550 712 2619 Spiritus
768 2554 1009 2611 sanctus,
1058 2565 1214 2615 quem
1266 2554 1443 2604 mittet
1483 2552 1648 2605 Pater
1687 2554 1746 2604 in
1795 2555 2008 2605 nomine
2042 2566 2158 2605 meo

471 2639 649 2708 (Joan.
679 2653 793 2704 xiv,
825 2639 941 2705 26).
1002 2638 1065 2691 Et
1106 2637 1167 2690 in
1209 2637 1442 2690 Actibus
1498 2637 1988 2708 apostolorumita
2019 2637 2160 2706 legi-

469 2731 602 2779 tur:
641 2728 1006 2780 Transeuntes
1031 2729 1211 2779 autem
1259 2726 1556 2793 Phrygiam
1582 2730 1632 2779 et
1680 2725 1975 2791 Galatiam,
2007 2730 2161 2779 vetiti

471 2819 659 2869 sunta
700 2815 916 2883 Spiritu
973 2818 1158 2868 sancto
1215 2815 1364 2879 loqui
1413 2815 1654 2868 verbum.
1711 2814 1841 2869 Cum
1892 2818 2161 2868 venissent

473 2908 656 2958 autem
708 2907 766 2956 in
815 2904 1070 2970 Mysiam,
1134 2902 1419 2956 tentabant
1469 2906 1548 2955 ire
1593 2902 1924 2969 Bithyniam,
1976 2906 2026 2956 et
2056 2918 2163 2955 non

2262 1770 2562 1825 divinitate
2594 1775 2652 1824 et
2703 1769 3050 1835 Dominus,°
3107 1769 3378 1840 idemque
3434 1769 3510 1823 sit
3555 1774 3612 1823 et
3661 1768 3901 1840 Spiritus?

2261 1859 2364 1915 sed
2394 1865 2450 1915 et
2477 1859 2719 1931 Spiritus
2764 1859 3069 1930 paraclitus
3114 1860 3281 1925 Deus,
3332 1858 3605 1929 idemque
3649 1857 3718 1911 sit
3746 1861 3795 1910 et
3820 1857 3903 1909 Do-

2264 1949 2457 2004 minus
2485 1948 2547 2002 in
2577 1954 2779 2002 natura
2810 1947 3057 2015 deitatis,
3088 1946 3241 2001 idem
3272 1947 3347 2001 sit
3377 1953 3435 2001 et
3465 1946 3707 2016 Spiritus
3730 1944 3902 1999 ?Vides

2264 2038 2399 2110 quia
2429 2037 2492 2091 in
2512 2036 2721 2091 deitate
2752 2041 2808 2090 et
2834 2036 2893 2090 in
2931 2035 3253 2090 substantia
3293 2034 3670 2107 plenitudinis
3693 2049 3787 2104 per
3810 2048 3903 2086 om-

2265 2127 2359 2181 nia
2392 2141 2573 2181 unum
2603 2131 2757 2191 sunt,
2790 2125 2927 2179 etin
2958 2124 3225 2178 omnibus
3255 2139 3633 2194 personarum
3659 2129 3761 2176 tres
3785 2126 3903 2174 sunt.

2268 2217 2410 2271 Nam
2477 2214 2629 2285 quod
2686 2219 2801 2268 tres
2850 2219 3006 2283 sunt,
3056 2213 3193 2284 quid
3251 2212 3409 2267 aliud
3471 2213 3712 2266 sentitur
3754 2210 3903 2274 fuisse,

2266 2320 2436 2377 quam
2470 2304 2636 2359 Pater
2663 2318 2828 2357 verus
2858 2318 3026 2369 unus,
3074 2301 3164 2355 vel
3207 2302 3363 2355 solus
3398 2300 3502 2372 qui
3541 2299 3749 2371 genuit,
3790 2297 3905 2351 idem

2267 2409 2383 2447 non
2409 2392 2483 2446 sit
2511 2391 2613 2463 qui
2643 2396 2700 2445 et
2730 2390 3067 2461 unigenitus
3093 2390 3164 2445 ab
3191 2390 3314 2461 ipso
3346 2392 3476 2444 est?
3500 2391 3564 2444 Et
3596 2388 3758 2443 Filius
3794 2401 3907 2439 unus

2269 2481 2367 2553 qui
2399 2496 2516 2534 non
2550 2480 2751 2550 genuit
2772 2481 2920 2533 sicut
2948 2478 3070 2549 ipse
3098 2496 3129 2532 a
3160 2481 3322 2534 Patre
3358 2479 3608 2549 genitus,
3650 2479 3797 2532 Pater
3820 2489 3906 2527 non

2270 2569 2344 2624 sit
2368 2569 2397 2625 7
2428 2573 2483 2623 et
2511 2568 2602 2622 hic
2640 2568 2885 2638 Spiritus
2916 2573 3144 2621 sanctus
3192 2568 3337 2621 alius
3382 2567 3477 2633 sit,
3523 2566 3624 2638 qui
3667 2581 3762 2619 nec
3784 2565 3910 2617 Pater

2269 2673 2374 2712 nec
2403 2657 2576 2727 Filius
2599 2662 2701 2723 est,
2735 2657 2833 2726 qui
2862 2672 2967 2710 nec
2996 2656 3199 2726 genuit
3218 2671 3322 2709 nec
3344 2658 3574 2726 genitus
3600 2656 3629 2709 τι)
3656 2669 3772 2708 cum
3798 2651 3908 2705 alius

2271 2746 2345 2800 sit
2372 2746 2431 2799 in
2464 2761 2707 2815 persona
2736 2745 2838 2815 qui
2859 2745 3081 2815 genuit,
3115 2749 3173 2798 et
3201 2746 3344 2798 alter
3390 2744 3466 2798 sit
3494 2745 3553 2798 in
3598 2757 3814 2814 persona
3835 2739 3908 2809 qui

2273 2834 2602 2905 unigenitus
2631 2834 2700 2887 ab
2739 2834 2863 2903 ipso
2897 2837 3000 2900 est,
3043 2838 3098 2886 et
3144 2832 3288 2887 alius
3325 2833 3568 2904 adaeque
3613 2833 3669 2885 in
3696 2844 3908 2902 persona,

2271 2928 2336 2978 ut
2382 2923 2519 2989 dixi,
2583 2922 2900 2976 secundum
2969 2921 3224 2976 divinam
3276 2922 3651 2990 Scripturam,
3704 2919 3793 2990 qui
3833 2930 3910 2970 nec

466 2995 721 3063 permisit
747 3006 833 3080 eos
876 2993 1118 3080 Spiritus
1155 2993 1283 3045 Jesu
1315 2989 1461 3058 (Act.
1503 2996 1652 3080 xvi).
1695 2989 2165 3080 Manifestissimis
2203 3002 2244 3057 ι]
2273 3014 2440 3068 pater
2465 3027 2569 3065 nec
2602 3011 2774 3066 Filius
2813 3016 2932 3065 est:
2986 3011 3078 3065 hic
3125 3015 3209 3064 est
3262 2989 3511 3080 Spiritus
3569 2989 3794 3074 sanctus,
3837 3005 3908 3059 sed

472 3081 651 3153 igitur
680 3078 1028 3134 testimoniis
1074 3079 1374 3150 probatur,
1433 3079 1587 3150 quod
1636 3079 1880 3150 Spiritus
1912 3084 2162 3147 sanctus,

474 3177 719 3248 Spiritus
770 3176 1100 3247 paraclitus,
1151 3175 1400 3246 Spiritus
1446 3175 1611 3246 quia
1664 3177 1829 3231 Patre
1885 3177 2162 3247 procedit,

473 3266 718 3337 Spiritus
739 3265 813 3320 sit
842 3264 989 3332 Filii,
1022 3263 1266 3334 Spiritus
1294 3263 1523 3331 Christi,
1553 3264 1798 3336 Spiritus
1826 3267 1979 3321 lesu.
2008 3285 2038 3318 ιι

1196 3351 1325 3408 CAP.
1370 3353 1436 3406 Π.

550 3445 691 3498 Item
721 3442 776 3496 S.
830 3438 1173 3494 Athanasius
1220 3440 1282 3493 in
1331 3440 1479 3494 libro
1510 3448 1535 3474 ⁸
1583 3441 1654 3495 de
1711 3439 1931 3495 unitate
1985 3440 2169 3496 Trini-

477 3530 643 3585 tatis:
676 3530 832 3594 Quod
871 3530 1112 3597 Spiritus
1143 3532 1364 3582 sanctus
1391 3532 1580 3582 unitus
1622 3532 1766 3584 Deus
1797 3534 1869 3584 sit
1899 3532 1957 3584 in
2005 3533 2168 3585 Patre

480 3622 531 3671 et
562 3618 719 3684 Filio,
771 3616 853 3670 sic
884 3616 1057 3669 dicit:
1095 3633 1123 3665 (ί
1183 3619 1269 3670 An
1326 3616 1560 3686 ignoras
1618 3618 1754 3688 quia
1801 3619 1970 3673 Pater
2018 3635 2168 3673 unus

482 3707 629 3759 Deus
675 3709 781 3772 est,
817 3704 991 3759 Filius
1043 3720 1191 3757 unus
1250 3705 1395 3758 Deus
1448 3709 1553 3774 est,
1611 3710 1669 3760 et
1722 3706 1966 3777 Spiritus
2021 3723 2169 3761 unus

482 3794 631 3849 Deus
656 3795 785 3848 est?
820 3793 1019 3846 Nonne
1051 3808 1200 3847 unus
1233 3795 1379 3847 Deus
1399 3797 1506 3858 est,
1537 3794 1674 3848 dum
1697 3795 1925 3849 unitum
1953 3812 2168 3850 nomen

480 3887 565 3937 est
591 3882 650 3936 in
679 3886 888 3936 natura
925 3882 1107 3943 οὐσίας
1137 3898 1151 3948 ;
1201 3881 1281 3936 sic
1311 3887 1366 3936 et
1407 3899 1554 3936 unus
1604 3884 1847 3954 Spiritus
1901 3890 2000 3949 est,
2034 3885 2168 3956 quia

480 3971 641 4025 unita
672 3974 755 4024 est
779 3969 1034 4040 ejusdem
1062 3969 1264 4024 deitas.
1310 3972 1449 4025 Nam
1481 3972 1526 4025 si
1560 3977 1622 4025 tu
1671 3988 1774 4041 per
1801 3972 2029 4043 singula
2056 3989 2164 4026 no-

481 4060 638 4114 mina
668 4075 1046 4130 personarum
1078 4058 1303 4119 unitum
1340 4076 1551 4113 nomen
1598 4060 1845 4130 Spiritus
1889 4066 1975 4114 ter
2015 4060 2165 4115 desi-

479 4148 984 4219 gnasti,'nunquid
1030 4152 1143 4201 tres
1191 4148 1435 4218 Spiritus
1465 4148 1653 4202 dicere
1685 4149 1955 4220 oportet?
1982 4149 2162 4204 Absit.

479 4239 639 4302 Quod
672 4238 718 4291 si
741 4238 850 4291 hoc
879 4240 1147 4307 potuerat
1171 4237 1302 4302 dici,
1336 4238 1447 4291 tale
1474 4242 1596 4291 erat
1626 4243 1690 4291 ut
1718 4243 1776 4291 et
1805 4238 1913 4292 hoc
1940 4240 1999 4291 in
2030 4254 2163 4292 con-

2276 3102 2445 3171 plane
2484 3101 2552 3154 de
2595 3100 2759 3153 unita
2808 3104 3014 3153 natura
3063 3104 3187 3153 est:
3228 3098 3357 3152 ideo
3407 3098 3471 3152 in
3522 3098 3723 3152 deitate
3765 3094 3906 3157 unita,

2273 3189 2551 3247 dunitum
2605 3187 2914 3242 divinitatis
2957 3202 3168 3241 nomen
3221 3191 3322 3252 est,
3373 3186 3527 3240 sicut
3587 3186 3644 3239 in
3703 3183 3909 3237 claritate

2276 3276 2619 3347 evangelicae
2662 3276 2993 3346 Scripturm,
3056 3275 3126 3328 de
3184 3275 3403 3345 Spiritu
3460 3274 3729 3345 paraclito
3772 3271 3906 3326 Filius

2276 3370 2536 3433 testatur,
2587 3364 2815 3419 dicens:
2856 3369 2934 3420 De
2969 3366 3133 3419 Patre
3178 3364 3429 3433 procedit
3458 3365 3638 3434 (Joan.
3685 3378 3764 3427 xv,
3793 3360 3908 3425 26):

2277 3460 2333 3509 et
2361 3455 2440 3508 sic
2472 3458 2807 3526 prosecutus
2846 3458 2961 3508 est:
3006 3455 3080 3507 Et
3120 3454 3185 3508 de
3214 3469 3328 3507 meo
3376 3457 3609 3523 accipiet
3648 3452 3803 3520 (Joan.
3830 3463 3908 3505 xvi.

2282 3544 2387 3614 t4).
2426 3546 2490 3599 Et
2518 3544 2647 3598 ideo
2693 3544 2789 3598 ubi
2827 3558 3088 3614 personae
3130 3541 3529 3613 requiruntur,
3582 3540 3794 3613 propria
3831 3552 3911 3590 no-

2278 3634 2433 3687 mina
2491 3634 2615 3704 [per
2665 3631 2806 3701 haec]
2861 3632 3314 3702 distinguuntur.
3385 3630 3491 3685 Ubi
3548 3637 3729 3685 autem
3774 3627 3912 3681 deitas

2277 3721 2552 3793 poscitur,
2601 3722 2823 3774 unitum
2887 3736 3100 3774 nomen
3153 3719 3238 3792 [in
3297 3717 3409 3791 liis]
3464 3720 3758 3774 indicatur.
3801 3715 3912 3779 Quo-

2278 3810 2434 3864 niam
2481 3825 2669 3864 sumus
2708 3810 2777 3864 ad
2834 3809 3071 3862 nomina
3121 3824 3496 3877 personarum
3548 3804 3828 3877 pluraliter
3850 3799 3914 3854 di-

2277 3902 2431 3952 ctum
2491 3898 2954 3963 demonstratur;
3009 3912 3073 3950 ac
3124 3912 3227 3965 per
3274 3890 3386 3949 hoc
3427 3896 3487 3949 in
3549 3896 3751 3950 deitate
3796 3888 3916 3943 unita

2277 4002 2459 4041 unum
2529 3990 2679 4053 sunt,
2756 3985 2922 4040 etin
3004 3984 3339 4038 nominibus
3411 3996 3777 4055 personarum
3830 3982 3915 4030 tres

2277 4079 2426 4128 sunt.
2458 4095 2487 4124 »

2983 4144 3110 4199 CAP.
3144 4144 3243 4204 IV.

2347 4235 2490 4289 Item
2522 4232 2675 4287 idem
2704 4232 2767 4287 in
2824 4233 2966 4288 libro
3003 4233 3249 4287 secundo
3302 4233 3371 4287 de
3414 4231 3668 4304 propriis
3708 4222 3914 4301 personis

479 4300 723 4381 fessione
753 4300 990 4381 deberet
1018 4300 1323 4391 introduci,
1370 4331 1485 4379 tres
1516 4326 1653 4380 deos
1685 4326 1892 4398 plurali
1920 4342 2163 4381 numero
2203 4300 2246 4353 D
2279 4326 2335 4377 et
2362 4322 2432 4377 de
2461 4321 2621 4375 unito
2651 4320 2887 4375 nomine
2945 4320 3257 4375 divinitatis
3292 4336 3306 4374 :
3365 4300 3547 4384 Quod'
3568 4300 3790 4388 Spiritus
3813 4327 3913 4365 san-

481 4414 838 4484 nuncupari:
872 4420 938 4468 ut
958 4413 1079 4485 jam
1111 4429 1226 4468 non
1254 4420 1399 4468 esset
1426 4417 1452 4458 b
1492 4415 1553 4468 in
1583 4415 1672 4470 his
1718 4416 1974 4488 personis
2007 4418 2168 4470 unita

479 4507 684 4557 natura
703 4502 1034 4570 divinitatis,
1068 4505 1165 4558 sed
1188 4503 1584 4575 unusquisque
1614 4503 1675 4558 in
1708 4504 1941 4576 propria
1974 4506 2057 4560 vel
2087 4504 2169 4559 di-

478 4609 639 4646 versa
676 4597 884 4646 natura
936 4609 1039 4646 sua
1094 4592 1445 4647 consisteret.
1504 4593 1665 4657 Quod
1725 4593 1890 4649 absit.
1942 4595 2167 4649 Interea

478 4696 674 4736 rursus
706 4680 903 4735 eadem
932 4686 1148 4751 repeto,
1181 4690 1238 4734 et
1266 4680 1338 4735 ad
1366 4686 1462 4735 tua
1490 4681 1639 4735 dicta
1668 4682 1839 4736 verba
1866 4698 2158 4752 comparo,

546 4849 572 4876 ⁸
598 4842 676 4894 De
704 4840 924 4893 Unitate
951 4840 1259 4891 Trinitatis.
1307 4838 1370 4892 In
1400 4839 1614 4907 Graeco,
1666 4840 1731 4894 de
1774 4843 1993 4895 Unitate
2041 4845 2158 4897 Dei.

545 4912 663 4964 bIn
688 4910 773 4962 his
788 4912 1035 4981 personis
1082 4910 1260 4981 unita.
1305 4909 1578 4981 Aelierius
1608 4911 1747 4965 alias
1802 4912 1917 4981 legi
1969 4919 2165 4971 monet

473 4983 647 5104 inbhis
672 4996 803 5104 unla,
837 4979 991 5049 quod
1039 4979 1220 5048 magis
1264 4978 1469 5048 placet.
1506 4982 1677 5047 Infra,
1726 4978 2029 5037 intellectus
2058 4987 2163 5036 mei

500 5071 517 5104 ι
557 5071 576 5104 ι
608 5067 730 5104 reue
754 5067 803 5104 o.

477 5053 576 5107 tibi
608 5053 803 5105 revelo.

543 5123 847 5188 °Idemque
897 5124 994 5191 sit,
1027 5123 1079 5174 et
1130 5119 1400 5191 Spiritus.
1455 5120 1541 5175 Sic
1594 5122 1734 5176 alias
1790 5122 1904 5191 legi
1963 5127 2162 5176 monet

472 5194 775 5259 Acberius;
802 5191 950 5262 quod
982 5190 1041 5244 in
1072 5194 1231 5262 textu
1258 5189 1557 5259 legebatur
1585 5195 1657 5247 sit
1686 5195 1744 5247 in
1791 5189 2009 5253 deitate,
2040 5209 2157 5247 non

470 5266 611 5319 illud
644 5260 878 5335 quidem
909 5267 1031 5335 erat
1072 5260 1310 5315 omnino
1341 5262 1576 5328 malum,
1622 5264 1717 5317 sed
1779 5265 1916 5318 duas
1947 5271 2161 5333 postre-

470 5351 593 5389 mas
621 5333 784 5388 voces
823 5333 959 5387 satis
988 5336 1206 5387 constat
1236 5347 1355 5385 esse
1380 5348 1775 5401 supervacuas.

539 5409 565 5449 ἀ
598 5408 821 5460 Unitum
869 5405 1176 5459 divinitatis
1208 5419 1400 5457 nomen
1439 5408 1535 5457 est.
1580 5404 1737 5459 Haud
1771 5404 2155 5459 omittendum

2272 4416 2390 4466 ctus
2415 4416 2556 4465 sicut
2582 4414 2823 4465 mittitur
2851 4426 2885 4464 a
2936 4412 3116 4471 Patre,
3171 4413 3300 4463 item
3345 4412 3591 4463 mittitur
3636 4413 3685 4461 et
3728 4422 3759 4459 a
3790 4402 3910 4457 Filio.

2276 4522 2303 4550 «
2326 4501 2383 4556 Si
2418 4501 2592 4555 Filius
2622 4500 2681 4553 in
2714 4498 2947 4553 nomine
2980 4499 3161 4553 Patris
3211 4499 3387 4565 venit,
3428 4496 3685 4567 nunquid
3722 4494 3825 4562 ipse
3854 4490 3913 4539 est

2271 4591 2437 4644 Pater
2461 4589 2559 4660 qui
2586 4587 2706 4642 ait:
2756 4590 2867 4656 Ego
2900 4592 3023 4641 veni
3055 4592 3114 4641 in
3158 4591 3372 4641 nomine
3418 4588 3604 4641 Patris
3650 4587 3746 4638 mei
3769 4581 3909 4651 (Joan.

2273 4682 2321 4749 v)
2356 4696 2369 4746 ;
2404 4680 2542 4734 dum
2573 4679 2738 4732 Pater
2766 4678 2913 4732 Deus
2943 4678 3035 4745 sit,
3080 4676 3141 4730 in
3190 4675 3353 4746 cujus
3382 4675 3617 4729 nomine
3663 4673 3815 4727 Filius
3843 4679 3911 4716 ve-

2270 4839 2425 4892 clusa
2454 4837 2628 4903 vides,
2659 4837 2850 4892 addita
2875 4840 3006 4889 sunt
3036 4853 3067 4890 e
3106 4834 3283 4888 veteri
3331 4835 3588 4889 versione
3631 4832 3784 4886 edita.
3819 4825 3908 4880 Mox

2271 4909 2369 4962 ubi
2418 4909 2714 4974 legebatur
2753 4912 2811 4961 in
2848 4907 3049 4961 deitate
3094 4907 3424 4967 divinitatis.
3478 4911 3807 4975 postremam
3834 4910 3907 4975 v0:

2269 4994 2411 5040 cem,
2464 4971 2716 5046 ejusdem
2768 4978 2974 5032 veteris
3017 4978 3294 5032 versionis
3345 4971 3511 5031 edita:
3555 4975 3719 5029 ﬁdem
3770 4971 3906 5024 secuti

2269 5051 2669 5122 expunximus.
2699 5051 2815 5104 Hoc
2835 5049 3011 5122 etiam
3039 5065 3154 5122 non
3185 5047 3570 5122 omittendum
3593 5052 3905 5122 est_vo_cem‘g

2268 5105 2530 5174 diuinitas
2557 5120 2868 5192 editamﬂab
2902 5119 3160 5185 Acherio,
3190 5120 3323 5192 fere
3368 5118 3637 5192 omnibus
3673 5113 3795 5192 locis
3835 5105 3904 5160 ubi

2267 5207 2458 5245 vocem
2486 5192 2661 5245 deitas
2719 5190 3025 5254 edidimus,
3055 5184 3207 5261 quOd
3264 5205 3394 5261 cum
3419 5188 3596 5241 invito
3637 5184 3808 5240 codice
3830 5191 3905 5255 suo

2267 5263 2416 5327 fecit,
2461 5267 2582 5315 tum
2626 5261 2798 5315 etiam
2841 5266 3040 5314 contra
3074 5260 3481 5314 auctoritatem
3517 5265 3781 5318 veterum,
3808 5263 3904 5327 qui:

2266 5333 2370 5386 bus
2392 5322 2495 5385 vox
2530 5333 2702 5386 deitas
2745 5333 2926 5400 magis
2963 5330 3241 5402 placebat,
3285 5336 3349 5384 ut
3388 5330 3657 5402 discimus
3697 5322 3903 5402 Anselngl

2266 5403 2497 5457 Havelb.
2530 5404 2671 5456 Dial.
2705 5402 2802 5456 lib.
2832 5388 2891 5469 ἦ,
2932 5388 3054 5472 cap.
3093 5406 3192 5457 t7:
3230 5388 3439 5457 'Totius
3492 5400 3798 5460 divinitatis,
3820 5388 3896 5447 vel.

468 5481 551 5545 est
601 5477 747 5545 quod
799 5476 1075 5529 Acberius
1134 5474 1270 5529 alibi
1328 5474 1542 5544 reperit
1596 5476 1803 5529 horum
1847 5477 2154 5530 verborum
2262 5479 2311 5528 si
2334 5475 2525 5528 melius
2547 5474 2654 5527 dici
2670 5477 2870 5543 potest,
2904 5474 3148 5540 deitatis,
3179 5478 3293 5528 etc.

466 5544 918 5613 loco,’commune
964 5562 1156 5601 nomen
1198 5550 1246 5601 ei
1286 5549 1381 5600 est.
1428 5546 1580 5600 Infra
1629 5561 1757 5616 quae
1798 5546 2024 5600 uncinis
2061 5546 2155 5599 in-
