4044 6174
197 250 303 301 693

1482 251 1691 306 LIBER
1730 251 2099 308 ADVERSUS
2137 253 2442 309 GRAECOS.

3600 259 3702 315 694

189 382 279 434 nit
307 382 647 438 manifeste?
686 387 760 438 Ac
793 400 892 454 per
913 385 1018 438 hoc
1050 385 1106 438 in
1140 385 1298 439 unita
1329 390 1535 440 natura
1575 386 1890 440 divinitatis
1928 391 1968 441 A
2003 404 2037 440 ιι
2075 392 2195 456 Deo,
2225 394 2274 443 et
2306 390 2497 444 eduxit
2535 407 2617 445 eos
2653 407 2667 445 :
2717 395 2792 445 sic
2824 393 3068 447 edumisti
3113 393 3374 463 populum
3419 399 3570 448 tuum
3607 399 3700 460 fa-

187 487 371 524 unnm
408 489 616 526 nomen
650 481 732 527 est
773 474 1229 544 comprobatum,
1273 475 1418 528 sicut
1458 475 1579 544 ipse
1631 478 1794 530 Pater
1824 476 1889 528 ad

182 559 574 628 legislaturem
629 562 852 632 Moysen
906 567 1143 616 testatus
1194 569 1296 629 est,
1357 565 1595 619 dicens:
1658 567 1894 618 Attende

177 647 293 712 illi,
335 655 387 702 et
431 666 494 702 ne
539 652 710 715 fueris
773 651 1126 706 inobediens:
1181 668 1372 706 nomen
1426 656 1566 707 enim
1624 670 1791 707 meum
1837 657 1893 706 in

173 737 382 790 illoest
434 738 630 806 (Exod.
685 755 833 805 xxui,
883 739 993 809 19).
1033 740 1113 792 Ad
1178 739 1296 794 haec
1345 742 1668 810 patriarcha
1714 743 1886 796 David

171 823 255 877 sic
292 825 376 879 ait
411 843 423 880 :
457 827 770 881 Benedictus
812 831 908 897 qui
946 831 1092 882 venit
1119 831 1175 882 in
1203 833 1416 883 nomine
1467 833 1679 884 Domini
1714 833 1882 895 tPsal.

167 914 364 984 cxvu).
405 916 543 968 Nam
575 916 704 968 etsi
735 916 978 985 Spiritus
1025 918 1328 986 paraclitus
1361 919 1419 971 iu
1475 919 1708 972 nomine
1765 919 1886 973 Filii

167 1003 357 1068 venit,
403 1010 467 1056 ut
515 1003 635 1073 ipse
680 1005 850 1058 dicit:
909 1005 1076 1069 Quem
1126 1009 1301 1060 mittet
1355 1010 1516 1061 Pater
1575 1011 1630 1060 in
1678 1010 1889 1061 nomine

163 1106 308 1158 meo,
341 1094 606 1163 nunquid
636 1099 688 1146 et
723 1093 844 1162 ipse
893 1094 1066 1148 Filius
1094 1101 1183 1148 est
1221 1095 1424 1162 dictus,
1462 1113 1590 1149 cum
1634 1097 1758 1150 sine
1793 1097 1888 1150 du-

163 1180 262 1232 bio
303 1197 519 1234 nomen
559 1181 682 1235 Filii
717 1184 862 1235 Deus
894 1183 970 1235 sit
1007 1183 1062 1236 in
1107 1200 1220 1236 una
1260 1185 1476 1253 pariter
1508 1191 1711 1238 natura
1742 1185 1884 1239 divi-

165 1268 417 1323 nitatis?
449 1271 508 1322 In
537 1271 641 1324 hoc
672 1287 808 1339 ergo
842 1272 1076 1325 nomine
1108 1272 1402 1327 evidenter
1434 1274 1740 1343 paraelitus
1789 1290 1881 1326 ve-

165 1357 270 1410 nit.
319 1359 449 1411 Ideo
505 1375 606 1428 per
643 1360 896 1429 singulas
935 1377 1207 1430 personas
1252 1361 1567 1416 secundum
1627 1362 1884 1416 substan-

163 1447 313 1499 tiam
351 1454 573 1502 naturaz
612 1449 903 1502 Trinitatis
955 1451 1179 1503 unitum
1232 1467 1444 1504 nomen
1495 1457 1578 1505 est
1627 1451 1730 1504 tibi
1776 1452 1880 1505 de-

164 1536 482 1588 claratum.
542 1537 712 1589 Isaias
784 1543 1010 1591 sanctus
1086 1539 1207 1592 haec
1280 1540 1606 1608 approbaus
1666 1540 1808 1593 dixit
1861 1557 1877 1592 :

167 1624 475 1678 Descendit
528 1626 766 1693 Spiritus
813 1643 848 1678 a
903 1629 1026 1693 Deo,
1089 1631 1139 1681 et
1196 1628 1387 1682 eduxit
1438 1643 1568 1695 eos;
1639 1629 1883 1682 eduristi

157 1715 438 1782 pop‘ulum
481 1719 630 1767 tuum
677 1717 856 1780 facere
914 1717 1014 1769 tibi
1057 1731 1242 1769 nomen
1293 1718 1482 1784 gloriae
1531 1718 1662 1785 (Isa.
1707 1716 1877 1785 ani).

160 1803 275 1856 Sed
307 1809 368 1856 et
423 1803 543 1873 ipse
573 1803 725 1857 idem
778 1804 990 1857 indicat
1031 1821 1043 1858 :
1097 1808 1158 1859 Et
1209 1807 1571 1859 irritaverunt
1611 1807 1883 1876 Spiritum

157 1897 445 1958 sanctum,
473 1896 523 1944 et
550 1907 832 1946 conversus
874 1899 951 1946 est
991 1895 1100 1947 illis
1156 1895 1229 1947 ad
1258 1896 1625 1960 inimicitiam,
1695 1895 1881 1947 Domi-

157 1993 264 2031 nus
318 1982 441 2046 ipse
493 1983 831 2047 expugnavit
877 1996 982 2046 eos,
1017 1986 1062 2033 et
1130 1987 1514 2036 rememoralus
1558 1987 1636 2035 est
1670 1982 1881 2035 dierum

155 2073 496 2120 aeternorum
569 2071 664 2135 qui
745 2069 937 2122 eduxit
998 2070 1064 2121 de
1126 2075 1273 2122 terra
1336 2077 1612 2138 pastorem
1679 2074 1876 2124 ovium.

158 2155 227 2207 Et
269 2155 625 2223 subjunxit:
681 2157 782 2210 Ubi
822 2163 899 2210 est
945 2160 1041 2224 qui
1083 2161 1268 2226 posuit
1325 2175 1380 2211 in
1443 2160 1552 2212 illis
1611 2159 1880 2227 Spiritum

157 2248 371 2297 suum?
400 2245 566 2297 Vides
616 2261 752 2314 ergo
785 2246 853 2298 de
904 2247 1062 2299 unito
1108 2252 1326 2300 natura:
1372 2247 1601 2300 deitatis
1649 2248 1878 2300 nomine

157 2333 423 2403 gloriam
456 2333 636 2386 Patris
669 2340 724 2387 et
764 2334 887 2387 Filii
919 2352 1039 2387 esse
1071 2335 1222 2388 hunc
1257 2335 1562 2389 Dominum
1607 2336 1878 2405 Spiritum

159 2426 464 2487 sanctum,
498 2421 598 2491 qui
627 2423 818 2476 eduxit
850 2423 1018 2476 Filios
1068 2424 1237 2477 Israel
1297 2424 1366 2477 de
1422 2428 1570 2477 terra
1629 2425 1874 2494 Aigypti,

158 2510 312 2563 sicut
345 2511 632 2581 Propheta
664 2511 800 2567 dicit
831 2528 844 2566 :
892 2514 980 2568 Sic
1019 2513 1265 2567 edumisti
1289 2515 1552 2583 pepulum
1594 2521 1742 2568 tuum
1785 2518 1876 2581 fu-

157 2613 279 2652 cere
323 2600 436 2652 tibi
481 2615 670 2654 nomen
717 2602 920 2668 gloria,
959 2603 1056 2669 qui
1095 2617 1382 2656 conversus
1413 2608 1489 2656 est
1527 2603 1658 2671 ﬁliis
1707 2605 1877 2658 Israel

155 2687 233 2739 ad
265 2687 853 2758 inimicitiam(Ea:od.
881 2692 1016 2756 xui).
1052 2711 1071 2738 ι

921 2831 1048 2886 CAP.
1092 2832 1150 2886 V.

2003 492 2118 530 cere
2162 479 2262 531 tibi
2316 495 2504 532 nomen
2555 481 2754 545 gloriae.
2821 483 2975 536 Disce
3022 483 3142 551 jam
3204 483 3432 537 unitum
3492 500 3699 537 nomen

2005 582 2122 618 esse
2148 566 2204 619 iu
2240 573 2441 620 natura
2463 568 2673 622 divina:
2703 570 3011 623 Trinitatis.
3053 593 3068 618 ι

2738 695 2869 748 CAP.
2903 695 2986 747 Vl.

2071 817 2226 870 Idem
2257 815 2379 886 ipse
2401 815 2459 869 in
2493 816 2693 870 eodem
2728 818 2888 883 libro,
2924 819 3068 887 quod
3116 822 3355 887 Spiritus
3392 822 3695 889 puraclitus

1998 921 2032 958 a
2082 907 2240 960 Putre
2291 907 2453 959 simul
2509 911 2761 959 mittatur
2823 911 2872 959 et
2925 923 2958 960 a
3006 909 3160 972 Filio,
3214 909 3292 961 sic
3329 889 3690 978 proclamat:

1999 1013 2025 1044 »
2054 994 2116 1046 Iu
2155 993 2261 1046 hoc
2305 1010 2438 1046 sane
2479 995 2620 1046 alius
2652 1000 2737 1047 est
2779 995 2941 1048 Pater
2995 995 3055 1048 in
3103 1011 3367 1066 persona,
3427 997 3525 1066 qui
3567 1013 3692 1050 vere

1995 1081 2215 1151 genuit,
2263 1088 2319 1136 et
2365 1083 2423 1134 in
2471 1081 2579 1135 hoc
2630 1084 2772 1136 alter
2817 1090 2899 1135 est
2952 1084 3125 1137 Filius
3172 1101 3205 1137 a
3254 1085 3420 1139 Patre
3464 1085 3520 1138 in
3571 1103 3694 1155 per-

1993 1186 2153 1238 sona,
2199 1170 2297 1240 qui
2345 1185 2472 1223 vere
2530 1171 2600 1224 ab
2633 1188 2697 1222 eu
2757 1171 2984 1239 genitus
3033 1176 3144 1239 est;
3203 1173 3302 1225 sed
3369 1177 3423 1226 et
3471 1173 3531 1225 in
3585 1173 3692 1227 hoc

1993 1259 2135 1312 alter
2161 1265 2245 1312 est
2276 1260 2335 1312 in
2364 1276 2606 1328 persona
2639 1259 2883 1329 Spiritus
2925 1260 3016 1313 hic
3053 1261 3384 1330 principalis
3449 1262 3688 1329 paracli-

1993 1353 2081 1400 tus
2110 1366 2138 1400 a
2172 1349 2335 1402 Patre
2368 1355 2425 1401 et
2455 1349 2617 1415 Filio,
2671 1347 2768 1418 qui
2805 1349 2861 1400 in
2907 1350 3234 1402 Pentecoste
3292 1349 3349 1402 in
3405 1350 3688 1418 apostolos

1991 1437 2202 1491 etfusus
2232 1442 2332 1490 est.
2382 1439 2442 1490 Et
2492 1437 2619 1490 ideo
2664 1437 2784 1490 base
2833 1437 3128 1503 sigillatim
3180 1438 3329 1491 dicta
3377 1443 3685 1503 memento,

1990 1533 2055 1580 ut
2080 1527 2314 1579 nomina
2343 1512 2570 1595 singula
2607 1525 2666 1578 in
2715 1526 2976 1595 personis
3020 1532 3209 1580 essent
3266 1527 3549 1580 distincta.
3591 1526 3684 1579 Vi-

1990 1616 2088 1669 des
2119 1615 2251 1685 quia
2282 1616 2424 1668 alter
2464 1615 2530 1667 ab
2575 1614 2778 1680 altero,
2821 1613 2937 1667 sive
2972 1615 3116 1667 alius
3149 1615 3218 1668 ab
3277 1615 3388 1667 alio
3440 1616 3497 1667 in
3552 1631 3684 1684 per-

1922 1688 1962 1742 B
1992 1720 2132 1756 sona
2157 1709 2377 1756 tantum
2411 1703 2616 1770 ditfert,
2651 1707 2706 1756 et
2756 1719 2869 1756 non
2915 1702 2973 1756 in
3018 1703 3378 1773 plenitudine
3426 1702 3687 1756 divinitac

1991 1792 2062 1846 tis
2085 1792 2284 1859 οὐςίας,
2319 1793 2463 1846 sicut
2514 1793 2635 1861 ipse
2681 1792 2956 1846 Dominus
2985 1792 3065 1845 ait
3101 1808 3114 1844 :
3155 1793 3314 1846 Alius
3367 1796 3444 1844 est
3488 1793 3585 1860 qui
3615 1798 3685 1844 te-

1988 1885 2300 1936 stimonium
2392 1882 2637 1950 perhibet
2718 1881 2873 1946 mihi,
2954 1883 3048 1949 qui
3148 1897 3229 1934 me
3301 1882 3450 1934 misit
3525 1882 3683 1933 Pater

1991 1972 2172 2038 (Joun,
2209 1973 2286 2038 v).
2334 1970 2438 2024 Sed
2492 1974 2547 2024 et
2584 1970 2696 2023 alio
2745 1969 2806 2022 in
2856 1970 2980 2022 loco
3036 1969 3186 2023 idem
3229 1969 3349 2038 ipse
3372 1984 3680 2038 personam

1987 2060 2166 2113 sancti
2225 2059 2468 2129 Spiritus
2528 2059 2788 2112 indicat:
2848 2058 3063 2126 R‘Ogabo
3121 2061 3338 2112 Putrem
3389 2073 3581 2119 meum,
3630 2061 3681 2110 et

1986 2151 2157 2202 alium
2216 2149 2550 2216 puruclitum
2624 2151 2797 2201 mittet
2865 2147 3013 2201 vobis
3073 2147 3262 2216 (ibid.,
3343 2146 3452 2215 ti).
3529 2145 3678 2200 Scito

1985 2239 2162 2291 alium
2193 2239 2263 2290 ab
2288 2237 2419 2298 alio,
2455 2237 2570 2290 sive
2602 2238 2847 2290 alterum
2874 2237 2944 2290 ab
2972 2237 3150 2290 altero
3175 2236 3235 2289 in
3270 2251 3514 2304 persona
3555 2239 3679 2287 tau-

1987 2333 2109 2380 tum
2133 2326 2378 2393 dilferre,
2414 2332 2470 2378 et
2512 2342 2627 2379 non
2657 2325 2714 2378 in
2768 2325 2925 2379 unita
2952 2325 3313 2395 plenitudine
3365 2323 3681 2378 divinitatis

1988 2413 2147 2467 usize.
2183 2433 2209 2459 ν)

2713 2501 2840 2555 CAP.
2877 2501 2990 2555 VII.

2054 2609 2192 2661 Item
2229 2607 2381 2660 idem
2431 2607 2491 2659 in
2539 2607 2736 2660 eodem
2785 2607 2948 2672 libro,
3001 2607 3065 2660 de
3116 2608 3383 2660 communi
3430 2608 3682 2659 missione

1981 2697 2222 2765 Spiritus
2281 2698 2459 2750 sancti
2505 2713 2538 2750 a
2576 2699 2733 2750 Putre
2771 2701 2820 2749 et
2875 2698 3009 2750 Filio
3056 2696 3136 2749 ita
3165 2695 3356 2749 fatur:
3397 2715 3423 2743 ‹‹
3457 2695 3602 2764 Ergo
3633 2692 3680 2746 si

1985 2786 2159 2839 Filius
2189 2786 2249 2838 in
2281 2787 2512 2839 nomine
2562 2785 2740 2838 Patris
2778 2785 2953 2850 venit,
2988 2791 3044 2838 et
3083 2784 3328 2855 Spiritus
3371 2783 3677 2853 paraclitus

1982 2873 2042 2928 in
2095 2874 2326 2927 nomine
2377 2875 2500 2928 Filii
2553 2875 2706 2927 venit
2750 2873 2895 2926 sicut
2935 2873 3108 2926 Filius
3159 2873 3228 2926 de
3269 2889 3334 2925 eo
3385 2875 3672 2925 testatur.

224 2943 376 2996 Item
415 2942 570 2996 idem
601 2942 656 2996 in
700 2943 904 2998 eodem
953 2945 1098 2998 libro
1136 2946 1334 3010 :Quod
1379 2947 1624 3015 Spiritus
1654 2953 1821 3001 sancti

2076 2978 2142 3016 2m
2188 2964 2362 3016 mittet
2407 2965 2568 3016 Pater
2621 2964 2677 3015 in
2731 2964 2942 3015 nomine
2995 2977 3106 3015 meo
3156 2962 3345 3031 (Joan.
3397 2977 3509 3027 xw,
3564 2962 3673 3027 26),

149 3034 408 3085 mittitur
443 3049 478 3084 α
505 3034 663 3086 Putre
694 3035 858 3088 simul
894 3040 943 3088 et
968 3052 1002 3087 ιι
1046 3036 1200 3088 Filio.
1237 3058 1257 3081 ι
1294 3034 1398 3088 Sed
1431 3040 1487 3088 et
1534 3036 1580 3088 si
1623 3035 1868 3105 Spiritus

143 3120 478 3190 paraelitus
510 3120 568 3173 in
594 3138 696 3174 suo
733 3121 964 3175 nomine
1000 3127 1222 3176 tantum
1275 3123 1538 3190 venisset,
1589 3125 1739 3194 quod
1790 3126 1870 3178 di-
1928 3186 1934 3190 ν

145 3209 303 3261 citur
334 3208 590 3277 Spiritus
620 3211 949 3278 paraclitus,
982 3215 1038 3264 et
1070 3227 1187 3264 non
1237 3211 1294 3264 in
1349 3212 1506 3266 unita
1555 3214 1865 3267 substantia

149 3297 343 3351 Patris
375 3303 438 3351 et
473 3298 594 3352 Filii
624 3300 778 3368 quod
809 3300 1143 3353 nominatur
1192 3303 1361 3366 Deus,
1401 3303 1522 3371 jam
1570 3305 1865 3372 proprium

146 3388 277 3455 ejus
330 3386 396 3440 in
455 3402 698 3456 persona
755 3405 875 3441 esse
917 3388 1220 3450 videretur,
1286 3395 1343 3442 et
1403 3406 1514 3443 non
1548 3391 1862 3444 secundum

149 3474 387 3528 unitam
470 3480 690 3529 natura:
757 3476 982 3530 deitatis
1047 3476 1105 3530 in
1176 3478 1446 3548 utrisque.
1500 3479 1571 3532 Ut
1639 3484 1865 3533 tantum

149 3563 572 3634 unusquisque
603 3564 838 3616 nomina
861 3564 1086 3634 singula
1115 3565 1175 3618 in
1209 3567 1466 3636 personis
1516 3568 1866 3631 ostenderet,

149 3653 398 3706 deitatis
429 3658 623 3705 autem
651 3652 878 3706 unitum
903 3670 1114 3707 nomen
1148 3671 1257 3707 non
1283 3655 1577 3710 indicaret.
1617 3658 1867 3710 Porroin

148 3740 262 3793 hoc
288 3741 468 3792 unito
490 3740 721 3793 nomine
746 3741 970 3794 deitatis
995 3743 1193 3807 Patris,
1219 3743 1374 3796 venit
1399 3760 1564 3797 verus
1589 3745 1782 3811 Filius,
1808 3745 1866 3798 in

146 3844 268 3898 quo
299 3827 523 3881 dicitur
556 3829 723 3894 Deus,
756 3838 780 3862 α
810 3829 868 3881 in
903 3847 1016 3899 quo
1050 3831 1320 3884 claritatis
1371 3849 1582 3887 nomen
1622 3838 1707 3886 est
1737 3849 1864 3887 cum

147 3919 346 3970 Patre.
385 3917 452 3969 In
488 3917 648 3985 cuius
677 3923 897 3971 naturae
939 3920 1170 3972 nomine
1203 3920 1355 3974 venit
1380 3926 1434 3973 et
1478 3921 1719 3990 Spiritus
1768 3937 1865 3990 pa-

147 4006 423 4068 raclitus,
462 4004 592 4073 quia
625 4005 684 4059 in
728 4007 832 4059 hac
875 4007 996 4076 ipsa
1042 4015 1404 4062 sacrosancta
1444 4011 1722 4064 Trinitate
1761 4012 1868 4064 hoc

147 4111 377 4148 nomen
415 4093 867 4148 substantialiter
897 4095 1012 4148 sive
1046 4097 1235 4149 uniter
1264 4097 1538 4159 consistit,
1573 4098 1718 4152 sicut
1766 4116 1864 4151 su-

149 4184 358 4250 perius
392 4182 637 4252 praedixi
671 4184 890 4236 Patrem
926 4184 994 4236 de
1031 4184 1168 4237 Filio
1201 4201 1303 4236 suo
1336 4185 1680 4240 indicantem
1711 4203 1723 4240 :
1759 4189 1864 4242 No-

1980 3068 2093 3104 non
2127 3051 2228 3104 tibi
2263 3051 2504 3116 videtur,
2546 3051 2681 3121 quia
2717 3050 2930 3120 duplex
2971 3059 3028 3104 et
3065 3049 3156 3103 hic
3186 3049 3550 3102 contineatur
3588 3047 3675 3100 in-

1977 3141 2257 3205 tellectus,
2283 3139 2336 3193 id
2370 3143 2449 3192 est
2480 3144 2540 3191 ut
2573 3139 2632 3191 in
2664 3137 2895 3192 nomine
2928 3153 3309 3207 personarum
3348 3141 3570 3190 tantum
3603 3136 3676 3188 sit

1982 3227 2291 3289 distinctio,
2320 3227 2381 3280 in
2410 3227 2616 3280 deitate
2647 3232 2833 3280 autem
2856 3227 3014 3280 nulla
3044 3226 3116 3279 sit
3139 3223 3442 3280 discretio?
3473 3243 3501 3275 ι)

2681 3352 2808 3405 CAP.
2852 3351 2989 3405 VIII.

2048 3477 2186 3531 Item
2245 3476 2398 3531 idem
2429 3475 2550 3545 ipse
2581 3476 2642 3529 in
2688 3476 2960 3544 praesenti
3001 3475 3146 3530 libro
3183 3491 3196 3529 :
3232 3474 3388 3540 Quod
3432 3473 3672 3542 Spiritus

1976 3571 2194 3620 sanctus
2225 3582 2258 3618 α
2302 3566 2410 3618 Deo
2451 3568 2610 3618 Pater
2660 3567 2933 3632 mittatur,
2983 3565 3146 3618 simul
3194 3568 3244 3616 et
3273 3579 3307 3616 a
3356 3563 3449 3617 Dei
3491 3561 3669 3625 Filio;

1976 3656 2026 3706 et
2050 3654 2192 3720 quod
2223 3656 2378 3706 unita
2399 3658 2636 3722 potestas
2667 3652 2730 3707 in
2758 3656 2834 3706 eis
2865 3655 2957 3716 sit,
2992 3652 3069 3705 ita
3097 3651 3287 3722 inquit
3319 3666 3332 3704 :
3374 3672 3400 3698 ‹‹
3436 3650 3574 3703 Nam
3606 3649 3674 3702 de

1977 3758 2221 3810 persona
2250 3743 2493 3811 Spiritus
2523 3741 2701 3794 sancti
2736 3741 2909 3795 Filius
2941 3747 3200 3802 testatur.
3235 3741 3428 3793 dicens
3460 3755 3474 3792 :
3507 3741 3673 3802 Quem

1976 3832 2148 3883 mittet
2188 3831 2346 3883 Pater
2392 3832 2451 3882 in
2499 3831 2711 3883 nomine
2758 3845 2869 3882 meo
2919 3829 3100 3896 (Ibid).
3146 3828 3310 3881 Vides
3359 3827 3563 3880 Filium
3613 3826 3673 3878 in

1977 3919 2082 3972 hoc
2111 3917 2344 3972 nomine
2377 3917 2614 3977 venisse.
2650 3917 2801 3987 quod
2834 3920 2891 3969 et
2927 3916 2984 3969 in
3017 3916 3226 3969 deitate
3259 3914 3440 3969 Patris
3479 3914 3673 3966 uniter

1978 4023 2100 4061 esse
2140 4005 2484 4059 ostenditur.
2511 4006 2576 4059 Et
2601 4005 2874 4076 Spiritum
2901 4009 3159 4058 sanctum
3191 4004 3252 4057 in
3295 4004 3400 4056 hoc
3438 4003 3670 4055 nomine

1978 4095 2195 4149 venisse
2224 4093 2510 4148 indicatur
2539 4108 2551 4150 :
2586 4095 2870 4164 apostolos
2911 4099 3104 4146 autem
3137 4092 3336 4146 missos
3372 4091 3564 4157 fuisse,
3610 4093 3670 4140 ut

1979 4184 2336 4253 baptizarent
2369 4199 2568 4236 omnes
2599 4187 2798 4251 gentes
2829 4182 2886 4235 in
2932 4182 3092 4235 unito
3119 4183 3204 4234 vel
3233 4179 3526 4234 communi
3574 4195 3671 4230 no-

146 4288 269 4324 men
295 4287 485 4323 meum
515 4273 675 4324 estin
707 4273 794 4324 illo
825 4273 1021 4340 (Ea-od.
1058 4289 1215 4340 xxm,
1253 4275 1357 4342 19).
1393 4275 1457 4327 Et
1491 4275 1695 4328 Filium
1744 4276 1867 4329 haec
1909 4267 1948 4320 Ι)
1981 4274 2134 4326 mine
2167 4271 2414 4336 deitatis,
2450 4271 2606 4341 quod
2632 4275 2717 4324 est
2748 4278 2961 4325 natura:
3003 4269 3305 4324 invisibilis
3336 4268 3513 4321 sancti
3547 4266 3670 4336 Spi-

147 4361 309 4412 dicta
344 4359 792 4412 confirmantem
830 4375 841 4411 :
878 4363 988 4427 Ego
1021 4363 1144 4413 veni
1179 4364 1234 4414 in
1272 4364 1483 4415 nomine
1513 4365 1692 4416 Patris
1743 4367 1867 4430 mei,

145 4454 195 4500 et
227 4464 348 4501 non
377 4463 464 4499 me
506 4450 802 4514 recepistis.
843 4449 973 4503 Cum
1023 4456 1199 4502 autem
1247 4451 1387 4503 alius
1434 4455 1636 4504 venerit
1675 4455 1730 4504 in
1773 4469 1873 4505 no-

147 4543 301 4589 mine
380 4550 506 4600 suo,
582 4552 700 4589 cum
775 4539 1046 4605 recipietis
1123 4542 1298 4607 (Joan.
1385 4556 1492 4605 xw,
1569 4543 1676 4608 ‘26).
1763 4541 1868 4595 Sed

147 4629 203 4676 et
265 4625 347 4677 de
398 4623 620 4691 Spiritu
680 4631 872 4677 sancto
936 4624 1126 4694 ipsum
1189 4643 1415 4680 rursum
1470 4633 1868 4696 repetentem:

147 4713 326 4776 Quem
357 4714 538 4764 mittet
561 4713 718 4764 Pater
763 4727 908 4766 meus
959 4716 1016 4765 in
1063 4717 1275 4767 nomine
1319 4731 1448 4767 meo.
1501 4717 1562 4768 Et
1605 4715 1873 4785 deinceps

148 4817 288 4853 eum
328 4800 404 4852 de
439 4799 672 4852 nomine
705 4816 806 4852 suo
838 4801 971 4853 audi
1005 4801 1312 4870 discipulos
1353 4804 1672 4855 hortantem
1704 4819 1715 4856 :
1747 4805 1870 4858 0m-

147 4891 248 4940 nia
283 4901 635 4954 quaecunque
674 4889 944 4955 petieritis
989 4905 1022 4940 α
1069 4891 1228 4942 Putre
1258 4892 1315 4941 in
1356 4894 1566 4942 nomine
1596 4907 1726 4956 meo,
1778 4891 1870 4944 du-

148 4975 229 5028 bit
263 4975 430 5028 vobis
472 4976 662 5038 (Marc.
695 4975 794 5044 XI).
841 4977 943 5028 Sed
1000 4982 1055 5029 et
1109 4978 1430 5046 apostolum
1493 4980 1727 5031 Paulum
1778 4996 1870 5032 ea-

143 5065 284 5117 dem
324 5067 675 5116 testantem:
713 5064 817 5119 Sed
847 5065 1023 5117 abluti
1066 5058 1210 5131 cistis,
1253 5066 1348 5119 sed
1385 5070 1712 5135 sanctiﬁcati
1746 5072 1872 5122 estis

147 5155 206 5204 in
239 5153 472 5203 nomine
519 5153 734 5204 Domini
783 5155 961 5206 nostri
996 5152 1125 5206 Jesu
1155 5155 1381 5219 Christi,
1423 5160 1471 5208 et
1520 5156 1738 5224 Spiritu
1777 5159 1874 5210 Dei

146 5241 340 5292 nostri
377 5239 426 5304 (Ι
455 5239 574 5292 Cor.
612 5241 704 5302 v1).
734 5239 880 5292 Audi
910 5240 1112 5293 lsaiam
1155 5241 1224 5294 de
1274 5242 1434 5296 unito
1486 5244 1719 5296 nomine
1758 5247 1873 5312 glo-

145 5329 254 5380 rise
319 5325 505 5379 sancti
539 5325 786 5396 Spiritus
826 5327 1212 5383 declarantem
1247 5347 1258 5384 :
1306 5333 1585 5387 Descendit
1629 5334 1871 5401 Spiritus

1982 4363 2145 4425 ritus,
2180 4361 2325 4413 sicut
2347 4361 2619 4430 scriptum
2651 4364 2736 4412 est
2768 4375 2780 4412 :
2817 4361 2993 4416 Nolite
3034 4362 3356 4413 contristare
3401 4359 3670 4425 Spiritum

1981 4454 2227 4502 sanctum
2259 4450 2372 4514 Dei,
2405 4451 2462 4501 in
2490 4464 2593 4517 quo
2640 4449 2848 4514 signati
2884 4449 3011 4501 estis
3039 4451 3096 4500 in
3140 4449 3229 4500 die
3286 4445 3668 4512 redemptionis

1979 4543 2167 4593 vestra:
2194 4537 2338 4603 (Gul.
2373 4553 2446 4602 iv,
2471 4536 2580 4605 30).
2610 4538 2705 4589 Vel
2754 4537 2858 4590 hoc
2891 4552 2903 4588 :
2940 4539 3010 4590 Et
3055 4551 3232 4589 omnes
3274 4551 3440 4588 unum
3485 4535 3670 4602 Spiri-

1983 4631 2094 4680 tum
2122 4628 2430 4695 potuvimus
2485 4627 2528 4692 (I
2556 4626 2673 4680 Cor.
2731 4641 2826 4688 xu,
2865 4627 2971 4692 13).
3026 4623 3155 4677 Sive
3189 4623 3423 4676 unitatis
3452 4638 3667 4676 nomen

1982 4715 2264 4783 baptismo
2324 4719 2597 4783 operante
2641 4713 2861 4782 suscipe
2928 4713 3212 4766 dicentis:
3267 4716 3334 4767 Et
3380 4727 3470 4765 ros
3518 4713 3671 4764 eritis

1982 4805 2118 4857 mihi
2148 4806 2204 4855 in
2230 4804 2368 4871 ﬁlios
2399 4807 2447 4855 et
2501 4803 2665 4870 ﬁlias,
2711 4801 2846 4854 dicit
2904 4804 3162 4855 Dominus
3217 4803 3547 4868 omnipotens
3600 4799 3672 4862 (ll

1983 4894 2102 4948 Cor.
2138 4909 2210 4956 vi,
2243 4892 2346 4960 18).
2383 4891 2478 4943 Vel
2510 4891 2615 4943 hoc
2635 4889 2861 4959 accipe:
2892 4893 2978 4944 Ea:
3008 4891 3118 4943 Deo
3167 4894 3285 4941 nati
3315 4889 3441 4942 sunt
3486 4888 3666 4954 (Joan.

1982 4998 2018 5042 ι,
2050 4980 2152 5049 13).
2217 4980 2488 5032 Necnon:
2540 4979 2619 5031 Et
2668 4978 2979 5042 boptizetur
3027 4980 3396 5046 unusquisque
3437 4980 3670 5028 cestrum

1984 5071 2041 5121 in
2078 5069 2290 5120 nomine
2325 5070 2452 5121 Jesu
2491 5068 2696 5122 Christi
2739 5067 2884 5135 (Act.
2933 5083 2988 5130 ii,
3036 5069 3140 5131 38).
3189 5065 3252 5117 Et
3291 5064 3350 5116 in
3385 5064 3495 5115 alio
3551 5063 3669 5114 loco

1984 5155 2090 5210 Sed
2110 5156 2286 5209 abluti
2305 5157 2452 5220 estis,
2495 5155 2589 5208 sed
2617 5157 2942 5223 sancti/lculi
2971 5157 3098 5208 estis
3130 5157 3188 5206 in
3225 5154 3434 5205 nomine
3464 5152 3676 5204 Domini

1980 5244 2108 5297 Jesu
2139 5246 2363 5309 Christi,
2387 5250 2436 5297 et
2467 5245 2680 5313 Spiritu
2709 5247 2806 5297 Dei
2848 5245 3022 5297 nostri
3049 5244 3094 5307 (ι
3121 5243 3238 5297 Cor.
3275 5256 3346 5304 vr,
3404 5239 3506 5306 11).
3565 5239 3669 5291 Sed

1983 5339 2038 5386 et
2068 5333 2220 5404 quod
2252 5350 2316 5386 ex
2351 5334 2463 5388 Deo
2495 5339 2659 5387 natus
2690 5338 2793 5398 est,
2820 5333 3067 5386 Joannes
3119 5335 3360 5383 testatur
3391 5345 3403 5382 :
3459 5329 3528 5382 In
3575 5344 3675 5383 sua

227 5522 254 5547 ⁸
291 5514 372 5567 In
394 5527 498 5581 quo
524 5513 834 5567 charitotis.
870 5512 1048 5582 Alias,
1074 5516 1133 5569 in
1153 5531 1256 5586 quo
1280 5515 1419 5568 idem
1440 5519 1517 5570 est
1533 5520 1733 5570 natura
1755 5533 1872 5571 cum
1907 5519 2083 5571 Patre.
