4044 6174
400 315 506 369 695
1628 310 1847 369 ΑΞΝΕΑΞ
1888 311 2325 371 PARISIENSIS
2366 308 2676 370 EPISCOPI
3770 320 3858 371 696

396 453 563 520 venit,
604 456 654 506 et
681 452 771 506 sui
802 465 925 504 eum
954 463 1059 502 non
1086 454 1416 517 receperunt.
1454 447 1718 518 Quotquot
1749 455 1927 504 autem
1967 466 2087 504 eum
2125 452 2170 504 A
2200 448 2501 519 Apostolus
2530 448 2653 502 haec
2684 447 2745 501 in
2792 446 3137 502 salutatione
3184 447 3252 501 ad
3304 446 3622 504 Corinthios
3676 452 3863 506 conﬁr—

399 545 729 610 receperunt,
764 538 912 593 dedit
933 540 1011 590 eis
1037 542 1354 605 potestatem
1390 541 1529 607 ﬁlios
1561 541 1654 593 Dei
1698 539 1841 609 fieri,
1870 540 2095 594 creden-
2203 543 2341 601 mat,
2392 537 2622 590 dicens:
2669 536 2863 591 Gratia
2908 539 3127 591 Domini
3184 538 3360 591 nostri
3405 536 3531 591 Jesu
3580 540 3795 605 Christi,
3823 544 3865 595 et

401 630 544 683 tibus
575 631 632 681 in
669 629 881 681 nomine
911 627 1047 693 ejus.
1092 626 1194 690 Qui
1224 642 1329 679 non
1369 644 1435 679 ea:
1486 631 1768 693 sanguine,
1817 644 1983 696 neque
2029 645 2095 681 ea:
2203 628 2443 680 churitus
2474 628 2583 687 Dei,
2624 625 2729 679 hoc
2778 630 2877 689 est,
2942 625 3140 689 Patris,
3169 632 3218 679 et
3268 629 3667 680 communicatio
3715 633 3869 682 sancti

399 720 670 772 voluntate
698 717 902 782 carnis,
944 731 1113 781 neque
1142 731 1208 768 ere
1256 717 1528 769 voluntate
1572 719 1699 781 viri,
1746 717 1838 769 sed
1867 732 1934 769 ea:
1998 719 2096 770 Deo
2202 716 2443 783 Spiritus
2467 732 2583 768 cum
2614 717 2856 767 omnibus
2911 716 3052 765 rubis
3088 716 3156 777 (tl
3205 716 3325 770 Cor.
3369 731 3486 779 XIII,
3536 717 3634 783 I5).
3693 717 3866 771 Nonne

398 807 521 860 nati
538 810 663 858 sunt
687 806 867 871 (Joan.
901 821 938 870 1,
978 804 1082 870 ll).
1130 803 1287 857 Disce
1319 821 1454 874 ergo
1490 805 1596 858 hoc
1630 804 1854 859 unitum
1883 821 2095 859 nomen
2204 806 2399 870 aperte
2431 818 2529 869 per
2573 802 2797 871 singula
2840 804 3095 865 nomina,
3144 802 3289 854 sicut
3313 804 3575 872 superius
3604 805 3869 857 continen-

399 909 519 946 esse
550 892 965 961 se‘mpiternum
992 892 1052 945 in
1082 892 1299 945 Deitate
1330 892 1529 957 Patris,
1569 899 1626 946 et
1652 894 1799 961 Filii,
1834 901 1890 947 et
1915 894 2097 948 sancti
2204 893 2317 953 tur,
2355 887 2605 956 singulas
2656 904 2925 957 personas
2957 887 3140 941 inesse
3174 887 3476 942 distinxit?
3513 889 3757 959 Denique
3811 892 3868 943 ad

397 982 664 1053 Spiritus,
698 982 842 1034 sicut
874 987 928 1035 et
960 997 1137 1034 unum
1172 981 1452 1051 baptisma
1485 986 1568 1035 est
1601 982 1755 1045 Iidei,
1802 983 1952 1053 quod
2008 982 2095 1035 vi—
2204 976 2325 1029 haec
2355 974 2529 1045 ipsius
2564 975 2685 1029 Filii
2712 976 2859 1029 dicta
2894 976 3113 1045 suscipe
3146 976 3427 1028 dicentis:
3488 977 3644 1030 Alius
3692 983 3764 1031 est
3790 981 3871 1046 qui

399 1076 514 1125 tam
545 1076 817 1123 mternam
848 1069 1211 1121 credentibus
1252 1069 1472 1123 tribuit.
1525 1070 1670 1133 Quia
1720 1071 1867 1124 sicut
1916 1088 2096 1125 unum
2206 1068 2567 1117 testimonium
2600 1064 2848 1133 perhibet
2876 1066 3030 1127 mihi,
3063 1067 3158 1132 qui
3188 1081 3267 1117 me
3316 1068 3467 1117 misit
3508 1066 3670 1118 Pater
3702 1066 3863 1135 (Joan.

398 1163 484 1213 est
512 1158 571 1210 in
604 1163 803 1211 natura
824 1157 1139 1223 Trinitatis,
1182 1157 1260 1210 ita
1293 1163 1345 1210 et
1376 1174 1555 1210 unum
1600 1158 1815 1211 donum
1860 1176 1963 1227 per
2004 1159 2098 1212 ba-
2206 1169 2257 1217 V,
2284 1156 2394 1216 3'2).
2432 1154 2573 1207 Dum
2609 1153 2757 1206 intra
2790 1152 2858 1205 de
2889 1169 2946 1204 se
2973 1152 3123 1205 dicat
3162 1155 3324 1217 alius,
3375 1153 3527 1205 vides
3573 1155 3701 1223 quia
3745 1155 3870 1207 alius

399 1246 672 1317 ptismnm
706 1245 1038 1299 divinitatis.
1074 1246 1376 1313 Apostolus
1422 1248 1500 1298 ait
1535 1261 1546 1298 :
1587 1248 1703 1299 Una
1734 1248 1897 1315 fides,
1932 1263 2097 1300 unum
2206 1248 2291 1295 est
2314 1243 2477 1295 Pater
2502 1242 2559 1294 in
2597 1257 2840 1310 persona
2874 1241 3017 1307 Filii,
3050 1245 3105 1294 et
3148 1258 3259 1293 non
3300 1242 3443 1294 alius
3476 1249 3561 1295 est
3597 1243 3654 1294 in
3695 1243 3872 1296 divini-

401 1331 693 1399 baptisma.
732 1329 944 1383 Idcirco
976 1330 1125 1400 quod
1170 1347 1381 1383 nomen
1432 1331 1611 1383 Patris
1661 1332 1732 1384 sit
1782 1332 1839 1384 in
1890 1333 2097 1385 divini-
2207 1336 2341 1395 tate,
2369 1330 2465 1383 sed
2499 1334 2553 1383 et
2584 1330 2651 1383 de
2673 1330 2885 1400 Spiritu
2919 1335 3111 1381 sancto
3145 1330 3222 1381 sic
3254 1330 3331 1382 ait
3362 1348 3378 1382 :
3412 1332 3627 1397 Rogabo
3680 1332 3871 1385 Patrem

398 1423 533 1481 tate,
566 1419 669 1471 hoc
700 1435 911 1471 nomen
943 1419 1013 1471 sit
1043 1424 1100 1471 et
1130 1419 1252 1471 Filii
1290 1419 1347 1471 in
1383 1424 1587 1471 natura
1640 1420 1885 1485 deitatis,
1931 1422 2009 1474 sic
2043 1428 2100 1477 et
2206 1435 2399 1482 meum,
2453 1425 2502 1471 et
2541 1420 2708 1471 alium
2752 1418 3083 1486 paractitum
3131 1421 3304 1471 mittet
3362 1419 3511 1472 vobis
3565 1423 3732 1487 (Joun.
3779 1437 3872 1483 xu,

402 1506 580 1559 sancti
602 1506 844 1575 Spiritus
877 1506 1187 1561 identidem
1221 1508 1327 1561 hoc
1355 1524 1563 1561 nomen
1596 1507 1667 1561 sit
1696 1510 1757 1562 in
1781 1511 2099 1564 substantia
2213 1508 2315 1576 16).
2347 1507 2651 1561 Considera
2679 1510 2748 1577 ςρι
2786 1508 3028 1560 alterum
3068 1522 3187 1560 esse
3234 1507 3512 1576 Spiritum
3566 1510 3873 1577 paraclitum

406 1595 696 1648 claritatis.
728 1616 748 1643 ι
2207 1596 2267 1649 in
2299 1612 2561 1666 persona,
2585 1601 2641 1649 et
2670 1612 2783 1649 non
2816 1601 3006 1649 tamen
3031 1613 3149 1649 esse
3182 1596 3425 1649 alterum
3476 1596 3539 1649 in
3585 1596 3872 1651 divinitate.

1137 1667 1261 1721 CAP-
1307 1668 1387 1720 ῙΧ·
2138 1685 2335 1754 _1deo
2379 1686 2520 1737 alter
2568 1684 2635 1738 ab
2686 1686 2863 1739 altero
2916 1686 2974 1738 in
3022 1701 3263 1754 persona
3312 1689 3537 1738 tantum
3596 1685 3794 1747 dilfert,
3830 1689 3877 1737 et

474 1756 614 1809 Item
644 1755 797 1809 idem
829 1754 887 1808 in
918 1755 1119 1809 eodem
1142 1755 1289 1809 libro
1318 1798 1330 1809 .
1364 1759 1582 1811 Unitam
1610 1762 1821 1812 natura:
1846 1761 2099 1813 virtutem

2211 1789 2322 1826 non
2349 1773 2407 1826 in
2435 1772 2641 1826 deitate
2673 1773 2873 1834 οὐσίας.
2910 1775 3107 1843 Itaque
3136 1775 3277 1826 alter
3322 1781 3405 1826 est
3452 1776 3620 1827 Pater
3667 1774 3721 1826 in
3768 1790 3875 1843 per-

400 1844 678 1898 ostendens
710 1847 971 1897 mittentis
995 1849 1043 1897 et
1072 1846 1227 1898 11ιίεεί
1449 1846 1527 1899 sic
1728 1862 1741 1898 ζ
1788 1868 1813 1893 ((
1856 1847 1897 1901 Ο
1938 1847 2098 1901 ίῐιὶὶυο
2207 1878 2345 1914 sona
2370 1861 2469 1932 qui
2516 1862 2734 1931 genuit,
2768 1867 2824 1916 et
2855 1862 2998 1915 alius
3048 1862 3219 1915 FiIius
3269 1866 3352 1914 est
3400 1862 3500 1931 qui
3556 1862 3772 1931 genitus
3819 1860 3876 1911 ab

401 1932 519 1986 dita
549 1932 735 1985 adhuc
766 1932 993 2001 penitus
1024 1938 1140 1985 tam
1173 1933 1448 2002 inquisita
1481 1933 1815 2004 perscriptio
1842 1934 1853 1989 !
1900 1936 2097 2004 Itaque

2211 1950 2351 2019 ipso,
2405 1955 2459 2003 et
2483 1951 2629 2003 alius
2658 1951 2903 2021 Spiritus
2930 1950 3238 2019 paraclitus
3272 1950 3366 2020 qui
3402 1950 3469 2003 de
3513 1950 3673 2003 unita
3701 1954 3878 2002 natura

399 2026 742 2091 suggerente
769 2020 891 2090 ipso
925 2021 991 2073 de
1014 2037 1070 2073 se
1102 2026 1295 2073 sancte
1322 2021 1536 2091 Spiritu
1564 2024 1900 2091 respondeo-
1941 2024 2099 2076 Nune
2207 2045 2309 2091 est.
2360 2039 2468 2092 Sed
2510 2039 2650 2092 dicis
2694 2020 2834 2093 mnu
2881 2037 3188 2093 haeretica!
3238 2039 3733 2102 Quemadmodum
3772 2038 3879 2105 Spi-

399 2114 625 2179 υροτὶθῐ
669 2126 772 2162 nos
806 2125 982 2163 unum
1017 2125 1121 2177 Pro
1155 2110 1350 2162 ωυηίδ
1384 2110 1676 2179 Pertinens
1725 2112 1858 2163 dare
1891 2114 2097 2164 auem"
2207 2127 2349 2180 ritus
2395 2128 2463 2180 de
2507 2128 2666 2180 unita
2723 2131 2924 2179 natura
2975 2126 3270 2179 consistit?
3320 2128 3454 2180 Ecce
3490 2127 3664 2180 Filius
3709 2126 3773 2179 de
3825 2141 3878 2177 eo

398 2199 582 2252 ritatis
613 2198 962 2268 exemplum.
1000 2199 1277 2251 Memento
1310 2198 1529 2251 unitam
1557 2215 1676 2251 esse
1700 2200 1847 2252 hanc
1876 2206 2097 2254 naturae

2211 2221 2447 2269 testatus
2474 2220 2556 2269 est
2585 2232 2600 2266 :
2636 2218 2684 2268 Α
2716 2218 2875 2268 Putre
2910 2216 3184 2283 procedit;
3220 2221 3273 2268 et
3303 2216 3380 2268 sic
3403 2220 3733 2285 prosecutus
3764 2218 3835 2267 est
3863 2229 3872 2265 :

398 2289 666 2341 νὶτῐυῘ-θαι
700 2286 978 2340 mittentis
1008 2291 1065 2340 et
1107 2286 1286 2352 miSSi’
1319 2287 1455 2340 dum
1484 2287 1572 2340 hic
1621 2288 1720 2358 (Ιυί
1766 2305 1917 2341 nunc
1968 2289 2098 2342 mis“
2208 2306 2286 2358 Et
2312 2305 2377 2358 de
2416 2322 2526 2359 meo
2566 2307 2807 2372 accipiet.
2843 2303 3002 2367 Quod
3032 2304 3424 2357 testimonium
3457 2306 3628 2357 Pater
3657 2318 3878 2373 compro-

400 2393 495 2429 sus
526 2381 633 2443 est,
673 2376 795 2444 ipse
817 2375 1168 2445 jampridem
1204 2375 1418 2429 misisse
1468 2376 1792 2431 mittentem
1843 2377 2096 2432 invenia-

2211 2394 2376 2460 bavit,
2410 2394 2599 2447 dicens
2633 2409 2646 2446 :
2674 2395 2917 2461 Spiritus
2948 2409 2982 2445 α
3006 2408 3087 2446 me
3115 2393 3374 2461 procedit.
3407 2414 3427 2441 ι

400 2469 510 2515 tur.
566 2463 824 2533 Denique
876 2480 979 2532 per
1045 2468 1303 2516 sanctum
1369 2464 1573 2517 Isaiam
1633 2466 1939 2520 Dominum
2001 2466 2098 2519 Dei
2926 2516 2960 2533 η
3095 2519 3131 2533 ν

400 2552 605 2605 Filium
638 2516 828 2619 accipe
858 2516 1164 2604 testantem
1199 2569 1210 2604 :
1260 2554 1511 2605 Accedite
1558 2516 1659 2605 ud—
2923 2516 3050 2572 CM"
3094 2519 3180 2573 XI“

397 2641 523 2692 haec.
566 2641 683 2692 Non
731 2640 798 2691 ab
848 2641 1004 2691 initio
1056 2641 1112 2691 in
1151 2641 1352 2692 occulto
1384 2641 1589 2693 locutus
1645 2657 1782 2695 sum.
1827 2644 1957 2697 Cum
2002 2648 2096 2711 ﬁe-
2278 2625 2421 2678 “3m
2462 2624 2610 2677 idem
2652 2624 2708 2676 in
2741 2623 2887 2677 libro
2921 2639 2951 2674 ν
2976 2624 3042 2675 de
3074 2626 3230 2675 unita
3276 2639 3337 2675 ³ο
3372 2624 3722 2692 δοωί³ί¹θ¹ἠ³
3762 2620 3878 2673 ευδ·

397 2732 518 2779 rent
552 2728 665 2780 illic
691 2742 857 2792 eram,
893 2732 942 2779 et
980 2742 1121 2780 nunc
1173 2730 1423 2780 Dominus
1474 2730 1623 2781 misit
1652 2746 1733 2782 me
1762 2735 1810 2783 et
1856 2732 2097 2800 Spiritus

2211 2716 2414 2766 stantia
2444 2713 2735 2766 Trinitatis
2778 2729 2789 2765 :
2827 2713 2981 2776 Quod
3006 2714 3249 2781 Spiritus
3282 2717 3498 2765 sanctus
3541 2729 3575 2765 (ι
3615 2715 3767 2766 Putre
3793 2716 3879 2763 eta

399 2814 516 2881 ejus
546 2814 687 2881 ([εα,
722 2816 933 2879 xum),
962 2814 1119 2868 Disce
1143 2815 1377 2869 tandem
1418 2816 1725 2887 aliquando
1773 2835 1944 2872 unam
1979 2836 2098 2872 esse
2207 2803 2343 2855 Filio
2373 2802 2637 2870 procedit.
2677 2824 2696 2847 ι
2733 2800 3213 2870 Sempiternitatis
3239 2801 3418 2855 Patris
3454 2801 3629 2853 Filius
3656 2802 3770 2869 ejus
3790 2804 3873 2863 est,

398 2903 544 2955 hanc
573 2907 837 2956 naturam
870 2903 1183 2955 divinitatis
1216 2904 1497 2957 mittentis
1519 2911 1576 2957 et
1615 2906 1790 2974 missi,
1832 2908 1967 2960 dum
2000 2907 2097 2978 qui
2209 2890 2342 2960 (Ιυίίι
2393 2890 2462 2942 de
2508 2890 2628 2958 ίιιεο
2686 2889 3152 2941 inenarrabiliter
3200 2895 3327 2941 ante
3391 2905 3565 2941 omne
3615 2888 3878 2978 exordi‘lm

400 3007 551 3045 nunc
595 2991 653 3044 in
702 2992 1009 3061 Evangelio
1049 2992 1309 3062 quamvis
1362 2994 1673 3047 missurum
1721 3011 1777 3047 se
1822 2996 2096 3066 Spiritum

2211 2978 2445 3031 omnino
2471 2984 2634 3031 natus
2685 2983 2786 3030 est.
2824 2979 2884 3031 Et
2916 2978 3341 3047 sempiternitas
3394 2978 3523 3031 Filii
3581 2978 3736 3030 Pater
3776 2976 3877 3043 ejus

400 3080 740 3149 paraclitum
769 3084 1004 3133 testatus
1028 3081 1119 3146 sit,
1156 3085 1346 3134 tamen
1380 3097 1438 3133 se
1461 3081 1579 3150 ipse
1603 3082 1670 3134 ab
1703 3099 1768 3135 eo
1795 3083 1915 3151 jam
1942 3086 2101 3154 prius

2211 3073 2312 3130 est,
2343 3068 2477 3136 quia
2529 3068 2649 3135 ipse
2699 3083 2828 3119 eum
2880 3072 3008 3119 ante
3054 3073 3257 3120 cuncta
3306 3067 3515 3119 saecula
3568 3066 3878 3119 saeculorum

401 3168 637 3221 missum
668 3184 769 3238 per
800 3168 1075 3237 inclytum
1117 3170 1456 3239 prophetam
1491 3171 1693 3223 Isaiam
1755 3171 1925 3226 fuisse
1965 3189 2097 3243 pro-

2211 3155 2737 3224 incomparabiliter
2775 3155 2993 3224 genuit.
3043 3155 3131 3209 Sic
3181 3155 3611 3224 sempiternitas
3667 3154 3879 3223 Spiritus

401 3258 576 3310 fessus
607 3258 723 3310 sit:
757 3256 890 3309 dum
926 3256 1017 3309 hic
1038 3257 1137 3326 qui
1171 3258 1418 3310 mittitur
1448 3276 1480 3311 a
1512 3259 1771 3313 mittente
1804 3240 2099 3330 nunquam
2210 3244 2464 3312 Ρειτθεηίί
2515 3244 2673 3295 “una
2721 3243 2899 3296 ἀθίίδε
2942 3244 3064 3312 *‘JUS
3108 3249 3193 3296 est
3242 3259 3371 3295 cum
3422 3244 3589 3295 Patre
3639 3248 3692 3294 et
3740 3240 3877 3299 Filio,

402 3344 696 3411 dividitur,
732 3345 867 3414 quia
898 3345 1206 3398 indiscreta
1238 3351 1441 3399 natura
1463 3351 1545 3398 est
1579 3363 1591 3399 :
1621 3348 1756 3401 dum
1790 3348 1938 3401 inter
1971 3350 2097 3402 mit-
2209 3349 2336 3402 (Ῑηίθ
2382 3332 2525 3385 fama
2574 3348 2689 3385 Ποη
2731 3338 2815 3386 θεῖ
2858 3332 3005 3385 Sient
3046 3332 3195 3385 ﬁlius
3245 3337 3484 3384 testatus
3537 3338 3623 3385 θεῖ
3676 3330 3738 3383 δε
3782 3342 3879 3381 eo:

401 3436 617 3486 tentem
651 3437 708 3485 et
762 3432 1001 3485 missum
1060 3449 1321 3503 personae
1372 3434 1773 3497 ostenduntur,
1832 3440 1887 3489 et
1944 3438 2101 3491 nulla

2211 3422 2259 3473 Λ
2291 3422 2452 3473 Patre
2483 3421 2749 3488 procedit,
2774 3421 2910 3474 etde
2940 3437 3052 3473 meo
3092 3423 3337 3488 accipiet.
3367 3421 3474 3473 Sed
3511 3425 3567 3472 et
3597 3421 3753 3473 Pater
3780 3418 3879 3469 hac

403 3519 459 3570 in
494 3520 791 3572 divinitate
821 3519 1026 3573 divisio
1054 3526 1159 3585 est,
1184 3526 1452 3589 proptera
1487 3522 1640 3591 quod
1692 3522 1905 3591 ubique
1954 3539 2100 3591 pra:-

2211 3508 2355 3561 dicta
2408 3508 2741 3579 comprobat
2792 3525 2894 3577 per
2954 3509 3317 3578 prophetam,
3380 3507 3621 3560 dicens:
3669 3508 3879 3574 Spiritus

402 3624 533 3659 sens
573 3608 646 3660 sit
675 3607 797 3660 haec
828 3608 989 3660 unita
1021 3608 1342 3678 plenitudo,
1376 3613 1431 3661 et
1461 3609 1658 3662 omnia
1686 3610 1925 3680 impleat
1961 3612 2103 3665 inte-
2210 3612 2243 3648 α
2304 3613 2385 3649 ἠε
2448 3597 2711 3665 Procedit-
2788 3597 2851 3650 Εἴ
2917 3596 3030 3649 alio
3100 3596 3158 3649 in
3224 3596 3344 3648 10οο
3393 3612 3405 3648 ί
3475 3596 3773 3662 E/fundam
3829 3591 3879 3643 de

404 3696 523 3747 rius
552 3700 607 3748 et
632 3695 878 3748 exterius
912 3713 939 3747 a
977 3696 1307 3751 summitate
1339 3698 1613 3751 caelorum
1640 3715 1818 3769 usque
1850 3699 1919 3752 ad
1967 3716 2101 3770 pro-

2211 3687 2427 3752 Spiritu
2504 3701 2611 3737 meo
2667 3700 2828 3752 super
2885 3700 3088 3738 omnem
3158 3700 3373 3738 carnem
3437 3686 3602 3747 (ἄορι.
3669 3698 3723 3747 ιι,
3788 3682 3881 3741 ΊΒ).

404 3784 647 3839 fundum
681 3784 1078 3838 inferorum.»
1726 3768 1739 3769 ί
1967 3768 1987 3770 “
2210 3773 2369 3836 Quod
2452 3772 2505 3826 in
2574 3775 2901 3826 Pentecoste
2975 3773 3033 3825 in
3101 3773 3386 3842 apostolos
3458 3772 3669 3825 factum
3738 3768 3883 3823 fuisse

1142 3892 1267 3946 CAP.
1306 3894 1365 3946 χ,
2210 3862 2503 3931 Scriptura
2570 3862 2759 3915 divina
2844 3866 3101 3915 testatur.
3180 3862 3318 3914 Nam
3378 3861 3525 3913 sicut
3592 3862 3751 3913 Pater
3801 3857 3883 3909 de-

2211 3952 2386 4005 clarat
2410 3950 2611 4004 Filium
2647 3967 2814 4004 suum
2844 3951 3055 4003 deitate
3087 3967 3209 4014 sua,
3242 3950 3522 4020 quoniam
3575 3952 3714 4003 Dens
3743 3960 3883 3999 verus

2212 4044 2316 4100 est,
2341 4038 2418 4091 sic
2439 4043 2493 4090 et
2516 4038 2762 4107 Spiritus
2785 4045 3006 4091 sanctus
3031 4039 3240 4091 revelat
3266 4040 3490 4092 Patrem
3530 4046 3589 4091 et
3618 4037 3808 4091 Filium
3838 4033 3885 4085 in

2212 4130 2372 4180 unita
2416 4134 2621 4180 natura
2658 4144 2759 4179 sua
2790 4133 3022 4191 aeterna,
3071 4127 3343 4197 quoniam
3392 4128 3539 4180 Deus
3597 4142 3752 4179 verus
3797 4132 3880 4175 est.

2212 4218 2361 4279 Haec,
2387 4216 2642 4286 inquam,
2661 4218 2819 4270 unita
2833 4217 3197 4285 omnipotens
3220 4216 3651 4286 sempiternitas
3666 4212 3881 4268 Trinitas

2148 4340 2189 4393 Ι)
2219 4311 2322 4369 est,
2347 4305 2437 4357 cui
2465 4305 2533 4357 de
2568 4304 2778 4357 recenti
2814 4304 2871 4357 in
2895 4305 3102 4358 deitate
3141 4305 3298 4357 nulla
3323 4304 3560 4357 accessit
3600 4302 3843 4371 dignitas.
3865 4318 3885 4343 ιι

477 3999 616 4051 Item
656 3997 809 4051 idem
841 3997 961 4067 ipse
992 4012 1015 4039 ι
1063 3998 1125 4051 in
1171 3999 1316 4051 libro
1364 4015 1535 4068 quem
1582 4000 1713 4053 fecit
1758 4006 1957 4054 contra
2000 4002 2101 4055 ob-

400 4089 677 4159 jectiones
707 4089 1003 4157 cujusdam
1039 4088 1329 4142 Potentini
1357 4088 1562 4151 Urbici,
1589 4089 1664 4141 ita
1698 4090 2096 4158 prosequitur:

411 4199 430 4223 ι
468 4177 661 4242 Filius,
697 4178 898 4243 inquit,
918 4175 988 4229 ad
1014 4176 1235 4227 Patrem
1261 4176 1467 4227 clamat
1491 4191 1502 4226 :
1541 4178 1718 4241 Pater,
1741 4178 2033 4245 honoriﬁca
2054 4184 2103 4231 et

404 4280 593 4318 nomen
626 4271 792 4317 tuum.
842 4267 909 4318 Et
954 4267 1098 4316 venit
1131 4280 1236 4316 vos:
1274 4263 1340 4316 de
1385 4265 1527 4317 oculis
1572 4278 1583 4316 :
1635 4266 1700 4317 Et
1749 4266 2105 4333 honori/icavi

405 4354 600 4404 iterum
624 4352 982 4418 honoriﬁcabo
1013 4350 1163 4421 (Luc.
1186 4355 1301 4416 vu).
1340 4352 1477 4404 Nam
1502 4356 1557 4405 et
1583 4352 1693 4405 alio
1724 4352 1781 4405 in
1809 4354 1931 4407 loco
1952 4354 2104 4408 idem

406 4439 528 4508 ipse
562 4438 765 4508 repetit
801 4453 812 4491 :
844 4440 967 4507 Ego
995 4454 1029 4491 a
1079 4441 1238 4492 Putre
1268 4441 1417 4492 exivi
1460 4445 1511 4493 et
1552 4443 1675 4493 veni
1722 4440 1896 4511 (Joan.
1948 4446 2099 4511 xvn).
2913 4429 3041 4481 CAP-
3084 4429 3193 4482 Χίίο

411 4527 615 4596 Utique
639 4526 685 4578 si
715 4526 834 4595 ipse
879 4531 999 4579 erat
1046 4528 1210 4579 Pater
1250 4527 1310 4580 in
1351 4544 1597 4596 persona
1650 4529 1750 4598 qui
1791 4534 1848 4583 et
1906 4530 2101 4596 Filius,
2287 4535 2425 4587 Item
2460 4533 2609 4587 idem
2642 4532 2701 4585 in
2734 4533 2934 4586 eodem
2970 4533 3115 4586 libro
3146 4533 3215 4585 de
3248 4536 3439 4585 sancto
3463 4534 3681 4603 Spiritu
3716 4548 3727 4584 ε
3761 4526 3888 4598 ()uod

410 4615 488 4668 sic
513 4615 788 4669 debuerat
818 4615 1148 4668 intimasse:
1183 4617 1296 4685 Ego
1338 4633 1370 4669 a
1427 4633 1514 4670 me
1565 4617 1713 4670 exivi
1764 4623 1821 4672 et
1868 4619 1995 4671 veni
2045 4619 2105 4673 in
2216 4625 2273 4675 in
2311 4624 2469 4676 Putre
2520 4627 2568 4675 et
2596 4622 2738 4674 Filio
2786 4624 3063 4675 consistat.
3101 4641 3125 4671 ‹‹
3162 4622 3283 4674 Non
3313 4626 3416 4685 est,
3451 4622 3661 4691 inquit,
3721 4618 3887 4673 divina

412 4705 561 4757 hunc
585 4702 885 4768 mundum,
910 4704 1046 4757 dum
1072 4705 1266 4772 procul
1292 4704 1466 4758 dubio
1499 4708 1642 4760 alter
1672 4707 1742 4758 sit
1774 4707 1874 4776 qui
1908 4708 2103 4772 exivit,
2216 4710 2533 4763 substantia
2578 4714 2677 4762 aut
2706 4715 2940 4763 extensa
2982 4712 3065 4762 vel
3119 4715 3388 4779 protensa
3441 4710 3500 4762 in
3561 4710 3770 4779 aliquo,
3814 4705 3879 4753 ve|

410 4797 467 4844 et
490 4792 635 4844 alius
665 4792 733 4845 de
774 4808 887 4861 quo
932 4792 1154 4846 exierit.
1212 4793 1321 4846 Sed
1389 4794 1457 4847 ad
1512 4794 1632 4847 haec
1689 4795 1982 4863 subjunxit
2038 4797 2106 4850 de
2218 4799 2404 4851 excisa
2436 4799 2494 4850 in
2526 4798 2804 4866 patribus,
2852 4798 2948 4851 sed
2998 4814 3099 4851 nec
3146 4798 3491 4851 derivationi
3546 4798 3776 4866 alicujus
3822 4790 3886 4844 rei

410 4896 651 4950 persona
684 4880 859 4933 sancti
900 4881 1188 4950 Spiritus:
1228 4884 1366 4935 Dum
1414 4886 1618 4936 venerit
1657 4884 1951 4937 advocatus
1994 4887 2104 4951 itte,
2219 4891 2607 4956 comparatur;
2664 4886 2798 4956 quia
2855 4886 3043 4956 liquor
3102 4903 3214 4938 non
3270 4892 3353 4939 est
3425 4886 3484 4938 in
3540 4886 3647 4939 hac
3716 4889 3887 4936 natura

409 4985 565 5037 quem
594 4986 688 5037 ego
713 4972 925 5023 mittam
956 4972 1164 5023 vobisa
1193 4973 1353 5025 Putre
1394 4986 1524 5037 meo,
1579 4973 1848 5039 Spiritum
1898 4975 2105 5026 verita-
2218 4976 2408 5045 plane,
2442 4974 2537 5027 sed
2590 4990 2696 5027 nec
2740 4974 2991 5028 detluxio
3043 4974 3305 5042 quaedam
3352 4980 3455 5039 est,
3510 4974 3649 5044 quia
3696 4971 3886 5024 nullum

411 5060 499 5121 tis,
535 5061 694 5126 quia
735 5058 902 5110 Putre
956 5074 1071 5111 meo
1129 5059 1393 5126 procedit,
1441 5062 1559 5128 ipse
1620 5061 2000 5127 testiﬁcabitur
2044 5061 2110 5115 de
2220 5063 2628 5116 detrimentum
2696 5064 2782 5116 vel
2831 5068 3204 5132 augmentum
3250 5063 3538 5115 sustinet:
3597 5057 3882 5131 praesertim

409 5162 490 5199 me
530 5146 705 5214 (Joan.
749 5146 884 5215 XVI).
950 5145 1034 5198 Ita
1102 5152 1157 5198 et
1216 5163 1336 5199 non
1403 5149 1545 5200 alter
1609 5153 1693 5200 est
1750 5148 1849 5217 qui
1906 5148 2105 5215 mittit,
2221 5168 2346 5205 cum
2378 5151 2776 5204 inenarrabilis
2811 5150 2880 5203 sit
2912 5152 3030 5204 haec
3078 5151 3371 5219 plenitudo
3401 5149 3735 5202 substantia
3767 5143 3886 5198 indi-

411 5239 466 5286 et
491 5233 637 5287 alius
666 5234 902 5303 adaeque
935 5234 995 5286 in
1053 5250 1299 5303 persona
1330 5251 1363 5286 a
1416 5251 1529 5303 quo
1554 5236 1838 5304 procedit;
1867 5243 1924 5290 et
1964 5238 2111 5290 alter
2219 5238 2351 5291 visa:
2380 5236 2690 5301 Trinitatis,
2733 5236 2875 5289 sicut
2925 5238 3045 5305 ipse
3086 5238 3234 5289 Deus
3286 5236 3381 5289 Dei
3429 5235 3608 5289 Filius
3653 5234 3885 5288 indicat:

411 5326 495 5374 est
517 5321 607 5375 hic
640 5322 759 5392 ipse
791 5322 889 5392 qui
919 5322 1108 5375 venit?
1132 5323 1387 5393 Denique
1415 5323 1457 5375 si
1494 5339 1604 5375 una
1641 5330 1790 5377 esset
1836 5341 2105 5395 persona,
2220 5328 2340 5392 Ego
2379 5328 2437 5378 in
2470 5327 2629 5379 Patre
2658 5332 2706 5379 et
2734 5327 2894 5379 Pater
2924 5328 2981 5377 in
3006 5340 3104 5377 me.
3141 5325 3246 5378 Sed
3301 5330 3355 5376 et
3390 5322 3641 5392 Spiritus
3690 5324 3888 5373 sanctus

409 5424 443 5461 a
466 5426 581 5478 quo
608 5410 837 5465 tandem
872 5410 1210 5479 mitteretur,
1242 5412 1326 5463 vel
1354 5427 1386 5463 a
1416 5427 1528 5481 quo
1560 5413 1929 5481 procederet?
1952 5413 2111 5467 Sicut
2224 5412 2283 5466 in
2315 5414 2475 5467 Patre
2498 5420 2554 5467 et
2588 5414 2724 5467 Filio
2757 5419 2814 5467 et
2861 5413 2921 5465 in
2971 5429 3029 5465 se
3078 5413 3410 5475 consistens,
3472 5411 3623 5463 sicut
3672 5410 3888 5463 Joannes

482 5575 507 5599 ⁸
542 5569 607 5633 In
629 5568 764 5621 libro
783 5583 956 5637 quem.
980 5567 1155 5637 Hujus
1179 5567 1322 5629 libri,
1344 5568 1441 5639 qui
1457 5573 1692 5641 quartus
1706 5569 1868 5623 estde
1885 5572 2099 5627 Unitate
2130 5571 2253 5637 Dei,
2269 5570 2469 5627 titulus
2488 5570 2579 5625 hic
2602 5570 2845 5624 habetur
2866 5569 2925 5623 in
2947 5570 3133 5635 editis,
3154 5574 3223 5624 De
3243 5571 3473 5637 singulis
3504 5566 3819 5623 nominibus.
