4044 6174
177 315 274 369 697

1440 310 1650 368 LIBER
1693 310 2060 371 ADVERSUS
2098 313 2404 369 GRAECOS.

3571 319 3673 374 698

172 449 525 519 evangelista
571 448 630 503 in
681 449 932 521 Epistola
975 465 1078 503 sua
1107 452 1224 502 tam
1272 446 1532 503 absolute
1581 453 1862 504 testatur:
1905 453 1948 506 Α
1981 451 2221 520 Spiritus
2247 455 2465 506 sanctus
2491 468 2523 505 a
2555 452 2716 506 Putre
2751 457 2799 506 et
2852 453 2996 507 Filio
3044 455 3205 522 quasi
3249 469 3358 508 una
3413 455 3674 524 procedat

182 541 251 594 Et
279 545 386 594 tres
417 555 588 592 unum
618 544 766 593 sunt.
799 559 824 589 υ
1029 606 1032 608 η

874 645 1000 698 CAP.
1047 645 1196 699 XIII.

251 752 409 805 Idem
442 754 565 821 ipso
605 753 661 805 in
713 753 856 804 libro
891 768 938 804 γι
989 751 1057 806 de
1104 751 1462 806 Beatitudine
1510 751 1684 806 ﬁdei:
1720 751 1876 816 Quod

182 841 428 908 Spiritus
472 847 694 894 sanctus
744 846 800 894 in
830 845 1031 894 virtute
1058 844 1415 910 praescicntiac
1444 843 1626 894 Putris
1674 845 1723 893 et
1750 842 1876 894 Filii

182 935 523 982 umtnimiter
543 934 820 984 consistat.
849 950 874 980 (ι
907 931 980 982 De
1012 929 1173 982 unito
1202 929 1436 982 nomine
1466 929 1691 983 deitatis
1720 930 1876 983 mul—

181 1018 436 1071 tifariam
470 1019 728 1088 quamvis
776 1019 847 1070 sit
873 1019 1087 1072 dictum
1144 1034 1247 1088 per
1297 1018 1550 1088 singulas
1584 1034 1874 1088 personas,

180 1107 337 1176 quod
379 1107 623 1160 retulisti
673 1106 730 1159 in
794 1109 975 1173 Patre,
1039 1107 1144 1159 hoc
1194 1107 1382 1175 ipsum
1441 1112 1502 1160 ut
1553 1107 1892 1182 conlitearis‘

176 1211 415 1248 necesse
442 1201 528 1248 est
560 1195 748 1249 uniter
779 1211 900 1247 esse
924 1201 979 1248 et
1009 1195 1066 1248 in
1100 1194 1281 1249 Filio:
1328 1196 1505 1248 Deum
1538 1195 1606 1249 de
1637 1197 1771 1260 Deo,
1796 1197 1878 1250 lu-

177 1299 320 1336 men
353 1285 422 1336 de
451 1283 692 1350 lumine,
716 1289 900 1337 totum
933 1283 1001 1336 de
1027 1290 1169 1348 toto,
1202 1289 1257 1337 et
1283 1289 1466 1337 totum
1495 1284 1551 1336 in
1580 1289 1721 1351 toto;
1749 1301 1877 1354 per-

172 1373 396 1426 I'ectum
429 1373 498 1426 de
530 1373 798 1443 perfecto,
835 1373 1253 1444 plenitudinem
1285 1373 1354 1425 de
1381 1373 1758 1443 plenitudine,
1786 1374 1878 1428 in-

169 1467 405 1531 tegrum
468 1462 536 1515 de
584 1463 826 1531 integro,
903 1461 1318 1531 sempiternum
1375 1463 1445 1515 de
1500 1464 1874 1532 sempiterno,

169 1551 526 1620 sapientiam
557 1551 625 1604 de
656 1551 956 1619 sapientia,
1001 1549 1270 1602 virtutem
1317 1549 1386 1603 de
1439 1549 1666 1614 virtute,
1699 1562 1878 1599 unum

167 1640 242 1694 de
277 1656 417 1704 uno,
446 1646 502 1692 et
533 1655 710 1692 unum
736 1639 796 1692 io
830 1654 966 1705 uno,
1005 1653 1207 1692 verum
1256 1639 1326 1692 de
1379 1654 1534 1698 vero,
1573 1636 1774 1691 Filium
1809 1635 1878 1688 de

168 1729 367 1794 Patre,
406 1733 602 1780 natum
636 1743 750 1780 non
780 1727 1010 1794 factum,
1047 1727 1216 1780 unius
1245 1726 1580 1780 substantia:
1616 1741 1745 1778 cum
1780 1726 1878 1778 Pa-

166 1821 295 1882 tre;
327 1817 429 1870 sed
462 1823 518 1869 et
546 1815 822 1885 Spiritum
871 1821 1157 1881 sanctum,
1209 1815 1308 1887 qui
1355 1815 1424 1868 de
1457 1831 1571 1868 una
1601 1813 1877 1867 'l‘rinitate

169 1905 466 1970 consistit,
503 1905 681 1958 Deum
729 1921 948 1970 verum,
983 1905 1181 1958 lumen
1215 1920 1432 1970 verum,
1467 1910 1654 1956 totum
1686 1903 1880 1972 perfe-

169 2003 360 2061 ctum,
421 2001 604 2049 totum
663 1997 921 2064 plenum,
974 1997 1290 2066 integrum,
1332 1995 1768 2064 sempiternum,
1820 1993 1879 2046 in

171 2087 306 2156 ipso
385 2085 744 2156 sapientiam,
805 2085 1072 2139 virtutem
1145 2085 1521 2155 praescientice
1581 2081 1764 2137 Patris
1827 2087 1882 2136 et

175 2174 313 2230 Filii
352 2174 779 2228 consistentem.
816 2196 843 2223 ››

885 2280 1012 2334 CAP.
1054 2279 1188 2334 XIV.

247 2391 400 2444 Item
434 2389 555 2460 ipse
587 2389 642 2442 in
678 2389 823 2442 libro
849 2405 921 2442 vu
951 2390 1018 2443 de
1043 2389 1392 2460 professione
1441 2389 1653 2458 regulas
1683 2389 1880 2442 catho-

171 2479 330 2542 licae,
365 2477 436 2531 de
469 2483 658 2530 sancto
692 2476 908 2548 Spiritu
934 2477 1013 2531 sic
1063 2482 1498 2542 commemorat,
1547 2477 1880 2546 exemplum

170 2583 408 2636 ponens
439 2565 506 2618 de
562 2567 1046 2636 Psalmograplio:
1092 2588 1111 2613 ‹
1155 2568 1325 2622 Verbo
1369 2569 1588 2619 Domini
1627 2567 1741 2618 crrli
1781 2570 1883 2634 ﬁr-

170 2643 495 2713 mati'sunt,
530 2659 580 2707 et
634 2655 847 2722 Spiritu
905 2659 1014 2708 oris
1075 2655 1191 2722 ejus
1245 2659 1416 2708 cumis
1475 2657 1652 2707 virtus
1700 2670 1884 2707 eorum

171 2745 352 2810 (Psul.
382 2758 550 2802 χχχιι,
586 2745 663 2811 6).
713 2743 916 2812 Utique
976 2742 1218 2796 Verbum
1275 2743 1482 2796 Filium
1529 2742 1880 2796 declaravit:

173 2831 501 2885 Dominum
542 2835 729 2883 autem
773 2832 996 2884 Patrem
1043 2831 1166 2901 ejus
1199 2831 1492 2897 indicavit,
1528 2837 1582 2884 et
1610 2831 1884 2902 Spiritum

171 2922 295 2973 oris
346 2922 474 2989 ejus
529 2919 807 2989 Spiritum
863 2919 1235 2990 principalem
1283 2936 1404 2973 esse
1453 2919 1883 2973 demonstravit.

173 3012 356 3064 Vides
412 3026 584 3080 quam
647 3009 894 3063 breviter
959 3025 1062 3080 per
1121 3010 1373 3080 singulas
1431 3009 1882 3079 signiﬁcationes

171 3101 233 3152 in
272 3097 543 3169 personis
575 3098 758 3151 inesse
810 3097 1090 3158 distinxit,
1141 3097 1199 3151 id
1252 3103 1336 3151 est
1377 3098 1647 3164 Verbum,
1681 3101 1734 3150 et
1769 3098 1886 3150 Do-

175 3189 413 3240 minum
453 3193 508 3239 et
551 3187 847 3257 Spiritum,
898 3192 955 3240 et
995 3187 1216 3240 unitam
1268 3187 1664 3257 operationem
1696 3185 1752 3238 in
1801 3186 1886 3238 his

172 3293 304 3329 e550
361 3275 636 3328 ostendit.
699 3275 836 3329 Nam
895 3274 942 3328 si
993 3279 1048 3330 te
1113 3275 1296 3328 adhuc
1349 3275 1404 3328 in
1457 3276 1650 3344 aliquo
1703 3275 1884 3327 ambi-

173 3365 374 3434 guitas
405 3367 584 3428 tenet,
610 3364 810 3416 eadem
841 3363 960 3434 ipsa
991 3371 1212 3434 repeto.
1265 3363 1370 3417 Ubi
1402 3363 1516 3416 ait:
1563 3364 1728 3418 Verbo
1775 3366 1887 3416 Do-

172 3457 340 3512 mini,
380 3468 498 3504 non
529 3452 712 3504 solum
764 3452 916 3504 vocis
971 3451 1563 3505 inconsubstantivum
1603 3450 1882 3520 accipias;

172 3557 362 3611 quem
397 3539 446 3591 si
489 3540 731 3592 validius
780 3540 908 3610 quis
959 3539 1232 3603 emiserit,
1286 3540 1355 3592 de
1406 3539 1698 3592 montibus
1745 3539 1889 3591 solet.

172 3645 465 3683 resonare
497 3629 676 3682 echo:
713 3628 874 3698 cujus
927 3634 1150 3681 tantum
1204 3627 1261 3681 in
1321 3628 1618 3698 phantasia
1661 3628 1888 3681 auditus

170 3724 257 3771 est
289 3717 664 3779 resonantis;
700 3716 792 3769 sed
820 3716 1001 3768 factus
1034 3716 1245 3770 nullus.
1287 3717 1435 3770 Sane
1479 3717 1547 3770 de
1580 3716 1687 3769 hoc
1717 3715 1887 3768 verbo

173 3805 420 3858 Domini
460 3803 636 3855 nostri
669 3803 872 3867 Patris,
905 3802 1004 3872 qui
1035 3809 1118 3856 est
1147 3804 1297 3855 salus
1324 3810 1537 3868 nostra,
1569 3805 1647 3857 sic
1670 3803 1886 3873 ubique

173 3893 398 3946 divinae
432 3892 740 3962 Scripturm
772 3897 1074 3956 testantur,
1108 3891 1242 3962 quia
1293 3892 1466 3945 Filius
1503 3892 1596 3946 Dei
1628 3893 1772 3945 Deus
1805 3898 1891 3945 est

171 3981 602 4045 substantivus,
633 3996 734 4048 per
759 3996 914 4044 quem
961 3985 1141 4034 omnia
1190 3984 1341 4047 ﬂictu
1392 3986 1540 4034 sunt.
1577 3981 1722 4049 Ergo
1757 3981 1891 4050 quia

172 4071 367 4125 dixit:
415 4070 587 4122 Verbo
618 4071 834 4123 Domini
871 4071 985 4122 ereti
1009 4074 1212 4139 ﬁrmati
1242 4074 1392 4128 sunt,
1442 4075 1490 4122 et
1532 4070 1744 4137 Spiritu
1781 4073 1889 4122 oris

171 4161 299 4226 ejus
331 4162 515 4212 omnis
555 4162 730 4210 virtus
775 4174 976 4218 eorum,
1017 4174 1292 4227 cognosce
1332 4159 1434 4212 hoc
1473 4158 1708 4211 verbum
1755 4158 1890 4209 sub-

173 4248 508 4302 stantivum
544 4263 654 4298 non
679 4247 907 4299 aliunde
939 4263 1112 4316 quam
1138 4247 1206 4300 de
1242 4250 1401 4300 Patre
1429 4248 1661 4316 proprie
1695 4251 1886 4298 natum

175 4339 400 4400 fuisse;
439 4335 537 4388 sed
570 4340 618 4387 et
666 4337 879 4404 Spiritu
926 4340 1035 4388 oris
1078 4335 1195 4403 ejus
1235 4351 1366 4388 eum
1402 4335 1674 4405 Spiritum
1729 4335 1886 4399 dixit,
1933 4341 1972 4393 D

173 4427 279 4496 qui
318 4426 398 4479 de
431 4424 557 4493 ipsa
591 4424 752 4476 unita
791 4424 1112 4476 substantia
1151 4424 1444 4494 processit,
1487 4425 1632 4477 sicut
1661 4429 1892 4476 cautum

174 4513 524 4568 invenimus
554 4529 567 4577 ;
607 4529 723 4564 non
747 4527 810 4564 ex
844 4512 954 4564 alia
989 4518 1191 4565 natura
1220 4529 1394 4582 quam
1418 4513 1484 4566 de
1520 4513 1676 4582 ipsa;
1713 4527 1776 4564 ac
1795 4527 1897 4581 per

173 4603 286 4656 hoc
323 4603 495 4655 unita
526 4607 612 4653 est
651 4600 834 4654 Patris
874 4607 929 4652 et
979 4601 1104 4654 Filii
1135 4606 1194 4654 et
1239 4599 1418 4653 sancti
1475 4601 1722 4670 Spiritus
1755 4599 1897 4652 sub-

177 4693 427 4749 stantia,
468 4706 642 4758 quam
668 4690 846 4743 Gl‘iBCI
877 4689 1076 4742 dicunt
1103 4688 1283 4740 οὐσὶαν
1317 4707 1328 4740 :
1355 4694 1411 4742 et
1438 4690 1602 4742 unita
1632 4693 1714 4741 est
1746 4688 1896 4757 ejus-

175 4783 312 4835 dem
347 4779 650 4832 Trinitatis
681 4777 936 4847 operatio
969 4777 1025 4830 in
1068 4778 1303 4831 factura.
1337 4800 1363 4826 »

925 4885 1038 4938 CAP
1077 4885 1183 4938 XV.

251 4993 411 5046 Item
445 4989 565 5059 ipse
597 4998 621 5022 ³
664 4989 726 5042 in
770 4989 916 5043 libro
967 5005 1064 5042 vni
1105 4989 1174 5042 de
1223 4987 1380 5042 Fidei
1433 4987 1696 5042 Unitate:
1747 4987 1902 5052 Quod

251 5161 277 5184 ⁸
309 5152 382 5204 In
431 5149 568 5202 lib-ro
618 5164 735 5201 vui.
800 5148 1192 5218 Nequaquam,
1228 5147 1321 5200 sed
1380 5147 1437 5199 in
1487 5145 1750 5218 decimo:
1787 5145 1900 5218 nisi

180 5221 439 5275 fortasse
465 5221 670 5272 [Encas
697 5217 955 5271 octavum
1005 5219 1216 5271 librum
1249 5219 1317 5271 de
1361 5217 1610 5287 Propriis
1645 5217 1902 5283 personis

178 5311 246 5346 ac
280 5294 360 5346 de
401 5292 564 5342 unito
599 5289 833 5342 nomine
876 5289 1194 5342 Divinitatis
1226 5289 1460 5341 laudare
1516 5289 1734 5352 voluit;
1767 5303 1899 5340 nam

183 5366 313 5415 haec
347 5363 476 5429 ejus
507 5364 675 5412 relate
707 5361 766 5412 in
826 5377 890 5412 eo
949 5361 1096 5413 libro
1156 5361 1296 5413 lecta
1356 5360 1529 5412 fuisse
1580 5364 1802 5411 constat
1833 5375 1899 5411 ex

182 5435 540 5496 Eutr-annuo,
575 5431 674 5484 lib.
710 5447 791 5496 ιιι,
823 5447 946 5501 cap.
979 5433 1031 5496 6,
1086 5447 1216 5502 qua:
1267 5447 1421 5483 nunc
1451 5429 1566 5482 illic
1598 5445 1712 5482 non
1751 5445 1905 5482 com-

226 5509 426 5556 arent.

183 5521 496 5628 Ράιξϐὶιὶῐένο
529 5587 621 5626 vui
657 5571 723 5625 de
773 5573 1060 5625 Trinitate.
1113 5571 1234 5633 Hoc
1276 5586 1344 5624 ex
1391 5571 1514 5624 loco
1551 5569 1791 5645 perinde
1823 5574 1903 5622 at-

1980 543 2220 609 ]lumma,
2255 540 2483 610 egregie
2522 541 2714 610 paucis
2762 541 2944 595 verbis
2996 542 3073 594 ita
3116 542 3426 596 concludit.
3459 565 3480 592 ι
3515 544 3674 607 Quo-

1983 629 2154 682 modo
2186 645 2321 699 ergo
2348 629 2460 683 duo
2503 629 2660 698 ligna
2709 629 3013 699 conjuncta
3065 633 3235 684 missa
3283 631 3341 683 in
3381 632 3671 686 fornacem

1982 717 2150 786 ignis,
2187 718 2329 771 etde
2361 717 2581 771 duobus
2613 717 2784 786 lignis
2818 719 3071 786 procedit
3103 720 3334 772 ﬂamma
3379 720 3674 790 insepara-

1983 805 2134 874 bilis,
2168 807 2246 858 sic
2280 807 2348 859 de
2399 806 2578 859 Patris
2619 812 2676 858 et
2727 805 2846 858 Filii
2891 806 3098 860 virtute
3133 807 3385 876 procedit
3432 807 3674 879 Spiritus

1985 901 2233 961 sanctus,
2267 894 2447 964 ipsam
2481 895 2750 947 virtutem
2799 894 3028 947 deitatis
3075 895 3311 948 habens.
3357 897 3512 950 Sicut
3541 897 3673 950 bea-

1984 983 2238 1036 tissimus
2268 984 2474 1037 Paulus
2505 983 2694 1054 posuit
2742 983 2979 1037 dicens:
3029 984 3306 1038 Mcdiator
3360 987 3455 1038 Dei
3501 991 3550 1038 et
3582 986 3674 1038 ho-

1986 1075 2189 1127 minum
2221 1074 2372 1127 homo
2396 1074 2640 1127 Christus
2669 1073 2833 1126 Jesus
2861 1074 2920 1141 (Ι
2960 1074 3094 1126 Tim.
3120 1089 3178 1136 ιι,
3215 1075 3265 1141 5)
3293 1089 3304 1138 ;
3352 1089 3470 1126 nou
3532 1075 3677 1127 Deus

1991 1162 2091 1216 Dei
2133 1162 2431 1215 mediator.
2486 1161 2668 1215 Unum
2718 1161 2871 1214 enim
2923 1168 3027 1226 est,
3094 1177 3264 1231 usque
3316 1163 3390 1214 ad
3435 1161 3680 1216 Trinita-

1988 1254 2123 1303 tem.
2161 1273 2188 1299 ›

2678 1340 2748 1394 Ca
2761 1356 2804 1392 Ρ.
2849 1339 2983 1395 XVI.

2060 1463 2197 1515 Item
2231 1462 2380 1517 idem
2437 1463 2557 1534 ipse
2588 1466 2612 1505 b
2672 1464 2730 1516 in
2783 1463 2929 1516 libro
2964 1479 3057 1516 vui
3115 1463 3184 1517 de
3216 1463 3494 1516 Trinitate
3525 1466 3581 1515 et
3612 1463 3679 1517 de

1987 1550 2204 1621 Spiritu
2233 1558 2447 1617 sancto,
2483 1553 2561 1605 sic
2588 1552 2755 1605 dicit:
2787 1572 2814 1600 ‹‹
2862 1552 3268 1621 Signiﬁcantur
3321 1567 3453 1605 vero
3486 1551 3680 1606 Domi-

1989 1657 2096 1693 nus
2123 1645 2176 1694 et
2213 1641 2390 1694 alium
2415 1643 2762 1710 paracletum
2786 1657 2906 1694 esse
2931 1641 3072 1694 dixit
3092 1641 3369 1710 Spiritum
3397 1647 3679 1706 sanctum,

1918 1749 1957 1802 Β
1989 1729 2260 1800 quoniam
2298 1729 2419 1799 ipse
2449 1729 2766 1798 paracletus
2813 1733 2918 1793 est,
2969 1729 3114 1782 sicut
3151 1729 3394 1782 Joannes
3444 1728 3505 1781 in
3553 1729 3680 1799 Epi-

1989 1819 2131 1870 stola
2161 1834 2263 1870 sua
2286 1818 2363 1871 ait
2390 1834 2402 1871 :
2435 1820 2555 1872 Haec
2584 1818 2732 1871 vobis
2772 1819 2971 1886 scripsi
3009 1822 3068 1870 ut
3099 1833 3205 1870 non
3251 1818 3495 1885 peccetis.
3530 1816 3683 1881 Quod

1989 1908 2037 1960 si
2064 1910 2481 1976 peccaverimus,
2512 1907 2847 1975 paructetum
2878 1907 3130 1960 habemus
3181 1906 3255 1958 ait
3312 1907 3530 1958 Putrem
3578 1906 3679 1958 Je-

1988 2009 2107 2049 sum
2141 1996 2444 2062 Christum,
2480 2000 2530 2048 et
2573 1997 2688 2063 ipse
2711 1997 3038 2063 prapitiutio
3067 1999 3146 2047 est
3179 2009 3281 2063 pro
3316 1994 3550 2062 peccatis
3579 2008 3682 2046 no-

1989 2086 2140 2138 stris.
2201 2084 2270 2138 Ut
2323 2084 2660 2138 doceremur
2733 2083 2981 2154 Spiritus
3044 2098 3175 2136 cum
3243 2082 3384 2136 Filio
3445 2080 3684 2152 (equali-

1991 2173 2184 2228 latem.
2224 2193 2252 2221 ι
3297 2181 3308 2191 ’

2674 2277 2800 2332 CAP.
2843 2278 3005 2332 XVII.

2064 2405 2201 2457 Item
2234 2403 2388 2457 idem
2410 2403 2471 2457 in
2505 2402 2704 2456 eodem
2742 2402 2925 2456 libro:
2958 2401 3113 2467 Quod
3163 2403 3407 2470 Spiritus
3465 2404 3684 2454 sanctus

1991 2495 2064 2546 sit
2117 2495 2359 2562 Spiritus
2425 2494 2639 2546 Domini
2673 2494 2823 2551 Jesu,
2869 2491 2947 2544 ita
2994 2489 3218 2560 inquit:
3257 2510 3282 2539 (ι
3334 2489 3489 2543 Sicut
3518 2489 3687 2542 Pater

1995 2581 2234 2634 suscitat
2268 2586 2523 2634 mortuos
2556 2585 2612 2634 et
2658 2580 2922 2646 viviticat,
2967 2580 3045 2632 sic
3091 2584 3145 2631 et
3177 2579 3354 2632 Filius
3395 2594 3538 2648 quos
3569 2577 3689 2630 vult

1993 2671 2274 2724 viviticat:
2311 2671 2377 2723 ad
2409 2672 2694 2725 Romanos
2733 2669 2904 2723 dicit:
2953 2671 3014 2724 Si
3042 2671 3283 2738 Spiritus
3324 2668 3439 2735 ejus
3471 2670 3567 2736 qui
3595 2681 3686 2719 su-

1992 2762 2209 2812 scitavit
2235 2761 2427 2812 Jesum
2457 2775 2490 2811 α
2508 2761 2733 2813 mortuis
2764 2759 2976 2812 habitat
2997 2762 3054 2811 in
3082 2758 3265 2822 vobis;
3291 2758 3386 2825 qui
3403 2756 3689 2810 suscitavit

1989 2850 2183 2903 Jesum
2206 2850 2480 2904 Christum
2510 2864 2542 2901 α
2561 2848 2821 2914 'mortuis,
2860 2847 3165 2908 viviﬁcabit
3207 2851 3257 2900 et
3287 2846 3543 2899 mortalia
3572 2859 3688 2898 cor-

1989 2953 2127 3007 pora
2157 2943 2335 2991 vestra
2359 2953 2457 3005 per
2488 2937 2883 2990 inhabitantem
2922 2938 3190 3004 Spiritum
3235 2950 3396 2988 suum
3442 2936 3499 2986 in
3538 2931 3687 2986 vobis

1927 3044 1967 3100 ς,
1998 3029 2172 3097 (Rom.
2206 3043 2320 3094 vni,
2370 3030 2471 3091 lt).
2513 3048 2531 3072 ιι

2672 3115 2798 3167 CAP.
2834 3113 3018 3166 XVIII.

2067 3222 2204 3274 Item
2240 3221 2298 3273 in
2330 3219 2530 3273 eodem
2567 3218 2713 3272 libro
2751 3235 2763 3271 :
2797 3218 2947 3283 Quod
2985 3218 3226 3286 Spiritus
3256 3221 3476 3269 sanctus
3507 3216 3684 3282 inspi-

1995 3310 2139 3360 ratio
2167 3312 2238 3362 sit
2268 3309 2460 3361 Putris
2489 3313 2538 3361 ct
2573 3308 2724 3372 Filii,
2769 3309 2991 3374 insuper
3019 3311 3069 3360 et
3097 3307 3268 3359 Filius
3307 3307 3378 3358 sit
3410 3306 3534 3370 fons
3561 3305 3686 3371 Spi-

1995 3398 2136 3450 ritus
2191 3397 2409 3458 suncti;
2461 3399 2712 3464 quocirca
2739 3395 3208 3464 comprehenditw'
3253 3392 3536 3462 procedere
3574 3396 3624 3445 et
3653 3407 3688 3444 ιι

1998 3485 2158 3538 Filio.
2191 3507 2210 3532 ι
2263 3483 2553 3553 Sapientia
2600 3483 2922 3538 Salomonis
2956 3483 3014 3536 in
3055 3480 3373 3535 Proverbiis
3420 3481 3498 3534 ita
3531 3495 3686 3532 exse-

1999 3573 2230 3642 quitur:
2273 3575 2394 3626 Lua:
2438 3574 2657 3626 Domini
2685 3576 2919 3640 spiratio
2964 3577 3041 3624 est
3081 3572 3374 3632 hominum,
3413 3571 3508 3636 qui
3537 3584 3685 3621 scru-

2000 3666 2150 3714 tutur
2202 3664 2417 3714 interna
2462 3665 2667 3714 ventris
2694 3663 2870 3729 (Prov.
2908 3677 3000 3714 xx.
3051 3663 3163 3724 Ἦ).
3219 3660 3282 3712 Et
3322 3657 3687 3710 manifestum

1999 3754 2084 3801 est
2126 3749 2261 3818 quia
2308 3749 2548 3820 Spiritus
2599 3747 2793 3801 omnia
2848 3751 3151 3808 scrutatur,
3200 3743 3690 3814 quemadmodum

1998 3837 2192 3890 scribit
2224 3838 2460 3900 Paulus;
2492 3842 2548 3890 et
2578 3836 2732 3905 quod
2765 3853 2793 3888 a
2825 3834 3106 3904 principio
3138 3834 3381 3886 formato
3417 3832 3600 3886 Adam
3631 3833 3690 3884 in

2000 3925 2199 3978 faciem
2245 3925 2367 3994 ejus
2417 3924 2684 3994 spirasset
2734 3924 2880 3977 Deus
2931 3921 3208 3991 Spiritum
3235 3927 3514 3984 sanctum,
3545 3919 3692 3970 sicut

2003 4015 2217 4082 Moyses
2241 4014 2316 4066 ait
2345 4029 2356 4066 :
2395 4016 2462 4067 Et
2489 4015 2725 4082 spiravit
2769 4015 2900 4065 Deus
2933 4014 2989 4063 in
3018 4013 3218 4076 faciem
3265 4009 3400 4062 Adae
3449 4007 3691 4074 inspira-

1999 4107 2193 4157 tionem
2226 4105 2368 4168 vitze,
2398 4107 2445 4155 et
2497 4105 2680 4168 factus
2726 4105 2803 4154 est
2853 4101 3004 4152 homo
3054 4102 3110 4150 in
3162 4101 3399 4150 animum
3429 4097 3692 4147 viventem

2003 4192 2154 4258 (Gen.
2189 4207 2245 4254 ιι,
2281 4195 2346 4250 7).
2386 4191 2578 4259 Neque
2619 4189 2672 4242 id
2726 4189 2880 4258 quod
2927 4187 3206 4257 spiratum
3243 4189 3327 4236 est
3355 4203 3388 4236 a
3429 4182 3690 4243 Domino,

2001 4279 2193 4332 anima
2239 4287 2341 4343 est,
2403 4279 2714 4332 secundum
2765 4277 3110 4331 fabulatores
3155 4274 3418 4328 Judaeos:
3479 4269 3695 4340 alioqui

2006 4368 2294 4437 quomodo
2327 4367 2433 4420 hoc
2485 4367 2634 4436 quod
2687 4384 2716 4418 a
2775 4383 2832 4418 se
2867 4365 3146 4434 spiratum
3198 4367 3303 4422 est,
3373 4361 3524 4414 Deus
3576 4357 3696 4427 igni

2005 4461 2222 4508 aeterno
2253 4455 2647 4508 condemnat?
2703 4454 2809 4508 Sed
2863 4453 3151 4505 vivilicuus
3210 4449 3455 4519 Spiritus
3488 4453 3590 4510 est,
3627 4446 3696 4500 de

2007 4560 2119 4612 quo
2151 4547 2206 4594 et
2252 4543 2458 4596 Paulus
2507 4543 2586 4595 ait
2621 4558 2633 4595 :
2691 4544 2930 4610 Spiritus
2958 4557 3078 4594 vero
3113 4538 3358 4607 vivi/ient
3409 4537 3595 4605 (Joan.
3622 4551 3694 4598 vi,

2004 4633 2090 4697 24)
2121 4648 2134 4697 ;
2160 4636 2214 4684 et
2247 4659 2256 4685 :
2294 4633 2541 4699 Spiravit
2601 4634 2736 4684 Deus
2791 4633 2846 4682 in
2875 4632 3072 4696 faciem
3119 4628 3236 4695 ejus
3287 4627 3699 4695 iuspirutionem

2004 4722 2150 4784 vitae,
2191 4724 2240 4771 et
2285 4721 2468 4785 factus
2500 4724 2578 4772 est
2617 4721 2768 4772 homo
2807 4720 2866 4772 in
2904 4720 3146 4771 imimam
3174 4717 3459 4769 viventem.
3503 4715 3699 4782 Itaque

2007 4807 2249 4876 Spiritus
2278 4814 2504 4860 sanctus
2558 4813 2643 4859 est
2681 4805 2914 4876 spiritus
2965 4807 3114 4869 vitae,
3149 4821 3181 4858 a
3233 4822 3345 4875 quo
3375 4802 3701 4856 excidentes

2010 4896 2274 4949 nonnulli
2304 4896 2552 4948 viventes
2589 4895 2799 4948 mortui
2833 4901 2984 4960 sunt,
3019 4894 3162 4947 sicut
3212 4893 3419 4946 Paulus
3464 4887 3699 4942 scribit:

2007 4985 2145 5037 Nam
2189 4999 2305 5051 qua:
2336 4986 2394 5036 in
2431 4984 2640 5037 deliciis
2671 4989 2768 5049 est,
2801 4983 2900 5048 ait,
2925 4987 3108 5037 vivens
3140 4986 3353 5035 mortua
3379 4984 3458 5034 est
3485 4978 3531 5047 (Ι
3563 4979 3695 5029 Tim.

2010 5142 2523 5214 queersuperiori,
2583 5142 2852 5197 discimus
2900 5145 3351 5214 quamdtemere
3409 5137 3479 5190 ab
3543 5152 3700 5214 ama:

2008 5207 2324 5268 nuensibus
2357 5207 2604 5281 Operum
2637 5207 2938 5267 Athanasii
2966 5211 3114 5265 tituli
3140 5212 3250 5264 huc
3279 5211 3411 5262 illuc
3443 5207 3703 5281 translati

2010 5287 2162 5338 sint:
2202 5285 2321 5338 base
2355 5280 2507 5338 enim
2543 5291 2600 5336 et
2636 5284 2937 5354 sequentia
2984 5284 3096 5354 duo
3137 5282 3394 5354 capitula
3423 5280 3704 5354 habentur

2011 5357 2073 5410 in
2103 5356 2247 5409 libro
2275 5371 2350 5417 x1,
2389 5357 2456 5408 de
2508 5355 2637 5408 Fide
2673 5349 2907 5407 unitatis
2943 5353 3140 5414 Patris,
3173 5349 3231 5404 et
3277 5350 3418 5412 Filii,
3457 5358 3510 5403 et
3536 5349 3706 5416 Spiri-

2011 5433 2102 5480 tus
2160 5426 2358 5481 sancti.
2414 5426 2547 5480 Vide
2593 5425 2890 5479 Ratramni
2951 5423 3164 5477 librum
3209 5427 3407 5475 contra
3457 5422 3698 5482 Gl‘iBCOS,

2011 5499 2109 5552 lib.
2141 5513 2218 5556 ιιι.
