4044 6174
399 267 500 318 699

1626 262 1848 319 ᾹΞΝΕΑΞ
1887 265 2016 319 PAR
2029 262 2158 319 lSlE
2172 262 2316 316 NSIS
2359 263 2671 319 El’lSCOPI

2260 262 2316 316 IS
2359 263 2671 319 EPISCOPI
3767 275 3854 324 του

400 413 452 464 v,
485 395 558 466 6).
593 395 818 466 Alioqui
870 395 1153 467 quomodo
1193 393 1512 448 audiendus
1565 399 1648 447 est
1675 393 1943 448 Salomon
1995 394 2078 447 di-
2124 400 2164 450 Α
2196 409 2560 466 nequaquam
2592 394 2849 464 genitum
2887 395 3092 449 Filium
3126 396 3420 449 credamus
3443 412 3559 450 esse
3577 396 3850 468 Spiritum,

400 502 533 539 cens
559 501 571 538 :
604 487 724 540 Lux
750 487 968 540 Domini
996 487 1230 553 spiratio
1267 490 1344 538 est
1401 485 1696 550 hominum,
1751 487 1848 553 qui
1877 488 2086 537 scruta-

401 580 490 628 tur
519 577 728 627 interna
754 575 995 626 ventris:
1033 573 1079 625 si
1132 573 1349 625 animas
1399 573 1695 626 hominum
1749 574 1942 625 lumen
1993 571 2090 624 Dei

399 678 519 715 esse
550 660 754 722 dicitis,
805 659 914 712 nisi
968 659 1240 728 Spiritum
1282 668 1540 714 sanctum
1582 662 1779 714 lumen
1839 659 1934 714 Dei
1969 676 2090 712 esse

397 749 658 814 credatis,
702 749 921 802 dicente
984 750 1208 818 Moyse:
1271 751 1514 818 Spiravit
1583 753 1722 803 Deus
1786 752 1843 802 in
1891 751 2088 815 faciem

397 838 533 892 Adae
572 839 906 906 spiraculum
948 841 1093 891 vita).
1136 839 1198 891 Et
1246 839 1419 890 Filius
1456 838 1592 891 Dei:
1633 841 1738 909 Ego
1789 853 1903 892 sum
1950 841 2085 890 vita.

395 926 501 981 Sed
518 926 866 995 etsapientia
893 927 1209 980 Salomonis
1240 927 1697 980 introducentem
1737 927 2086 981 Salvatorem

396 1014 565 1068 dicit:
604 1016 741 1067 Ecce
768 1019 1044 1083 proferam
1066 1016 1211 1068 vobis
1257 1031 1382 1069 mea:
1407 1018 1761 1084 aspirationis
1781 1018 2089 1084 professio-

395 1119 513 1157 nem
542 1105 718 1173 (Prov.
751 1120 786 1169 ι,
819 1107 938 1173 ‘23);
972 1104 1050 1157 sic
1074 1106 1228 1156 enim
1254 1104 1312 1156 in
1350 1105 1664 1158 Proverbiis
1685 1107 2090 1174 ait:Sapientia

397 1195 452 1246 in
483 1195 635 1246 exitu
661 1199 900 1258 canetur,
926 1197 980 1245 in
1007 1195 1206 1262 plateis
1236 1210 1358 1248 vero
1390 1193 1722 1261 ﬁducialiter
1749 1200 1890 1262 aget,
1915 1199 2088 1263 portis

397 1287 576 1335 autem
623 1287 925 1350 potentium
989 1287 1230 1350 assistat,
1283 1285 1338 1336 in
1378 1287 1548 1336 muris
1596 1299 1804 1352 quoque
1846 1287 2087 1338 civitatis

399 1372 724 1440 conﬁdenter
765 1379 905 1438 aget.
969 1374 1177 1438 Quanto
1245 1380 1476 1441 tempore
1525 1374 1759 1427 obtinent
1797 1374 2088 1442 prudentes

391 1462 691 1531 justitiam,
760 1467 808 1513 et
883 1477 986 1514 non
1061 1463 1403 1516 erubescent:
1480 1463 1846 1531 imprudentes
1911 1468 2088 1517 autem

399 1551 728 1604 contumelia:
757 1567 875 1603 cum
907 1553 1015 1604 sint
1055 1552 1245 1620 cupidi
1290 1557 1338 1605 et
1379 1555 1537 1620 impii
1579 1552 1774 1620 effecti,
1823 1553 1946 1606 odio
1987 1554 2080 1605 lia-

401 1638 629 1690 buerunt
657 1652 888 1705 sensum,
924 1645 973 1692 et
1000 1640 1222 1692 obnoxii
1249 1642 1390 1706 facti
1437 1645 1561 1694 sunt
1603 1641 2084 1710 increpationibus.

401 1728 541 1780 Ecce
585 1729 863 1795 pro/eram
923 1728 1072 1781 vobis
1120 1745 1246 1783 meae
1283 1732 1638 1797 aspirationis
1678 1734 2086 1799 professionem,

400 1814 590 1868 docebo
637 1829 728 1868 vos
778 1831 951 1869 meum
998 1831 1291 1870 sermonem
1340 1818 1528 1885 (Prov.
1586 1835 1622 1882 ι,
1667 1818 1778 1887 23).
1821 1820 1884 1872 Et
1918 1819 2092 1873 Isaias

401 1901 645 1971 Spiritus
724 1903 903 1956 sancti
963 1905 1401 1974 promissionem
1463 1907 1798 1975 prmdicans,
1859 1908 1938 1960 sic
1973 1908 2088 1960 ait:

401 1993 555 2045 Dixit
594 1994 874 2059 Dominus,
923 1995 1020 2061 qui
1057 1995 1248 2048 ccelum
1293 1996 1423 2060 fecit
1467 1999 1518 2048 et
1562 1998 1751 2063 afﬁxit
1793 2012 1951 2062 eum;
2001 1999 2097 2064 qui

401 2081 659 2135 solidavit
691 2088 889 2135 terram
921 2088 970 2136 et
993 2098 1111 2149 qux
1139 2085 1197 2136 in
1221 2099 1283 2136 ea
1311 2089 1470 2137 sunt:
1497 2087 1593 2151 qui
1612 2084 1711 2137 dat
1739 2087 2094 2153 spirutionem

399 2169 598 2236 populo
630 2171 726 2237 qui
754 2175 830 2223 est
861 2187 1022 2239 super
1053 2187 1186 2238 eam,
1221 2178 1271 2224 et
1315 2175 1571 2240 spiritum
1613 2174 1947 2228 calcantibus
1978 2189 2094 2227 eam

406 2256 532 2325 (lsa.
565 2271 694 2325 χιιι,
743 2259 794 2324 5,
843 2273 944 2312 sec.
985 2259 1152 2326 LXX).
1210 2259 1384 2313 Dicite
1427 2261 1526 2331 qui
1583 2266 1668 2315 est
1715 2263 1965 2332 populus
1995 2261 2095 2332 qui

405 2345 623 2415 accepit
679 2347 1090 2416 spirationem:
1153 2349 1417 2418 nunquid
1470 2355 1525 2402 et
1572 2350 1666 2404 hic
1719 2351 2092 2421 spiratioucm

405 2433 657 2488 animam
690 2451 811 2488 esse
841 2436 1044 2501 dicitis,
1077 2443 1134 2491 et
1163 2438 1370 2491 dabitis
1400 2439 1522 2492 sine
1567 2439 1760 2493 anima
1813 2442 2091 2510 populum

405 2538 576 2592 super
605 2528 815 2576 terram
865 2525 1232 2580 constitisse?
1290 2526 1399 2581 Sed
1441 2544 1559 2582 non
1616 2534 1739 2582 est:
1790 2529 2090 2599 profectio-

404 2627 538 2663 nem
597 2627 845 2682 namque
899 2613 1145 2683 Spiritus
1201 2616 1382 2670 sancti
1439 2617 1754 2687 praedicans
1816 2619 2097 2688 propheta

403 2700 525 2754 haec
583 2700 680 2755 ait.
744 2703 996 2772 Denique
1063 2707 1404 2774 completam
1458 2705 1868 2776 professionem
1925 2724 2097 2777 super

404 2789 602 2843 ﬁdeles
627 2790 724 2861 qui
755 2791 980 2845 fuerant
1005 2793 1109 2847 sub
1140 2794 1237 2849 illo
1281 2801 1538 2865 tempore
1599 2797 1821 2867 scripsit
1883 2797 2093 2850 Lucas:

402 2880 472 2932 Et
501 2893 617 2932 cum
640 2881 1030 2949 complerentur
1049 2883 1165 2936 dies
1193 2886 1675 2953 quinquagesimx,
1704 2891 1858 2940 erant
1887 2888 2097 2954 pariter

404 2983 582 3021 omnes
612 2971 669 3021 in
713 2984 900 3035 unum,
959 2975 1009 3024 et
1053 2973 1238 3038 factus
1283 2979 1362 3027 est
1425 2975 1603 3028 subito
1674 2990 1836 3029 sonus
1875 2991 1900 3028 e
1947 2977 2093 3044 creto,
2134 2958 2172 3012 (ἶ

406 3060 667 3123 tanquam
707 3058 948 3126 Spiritus
997 3066 1216 3115 sanctus
1248 3064 1522 3116 vehemens
1564 3065 1822 3129 ferretur,
1868 3065 2098 3133 impleas

404 3149 568 3198 totam
601 3145 816 3199 domum
854 3149 950 3200 ubi
977 3156 1132 3202 erant
1170 3151 1444 3216 sedentes;
1479 3157 1528 3206 et
1567 3155 1694 3206 visae
1743 3159 1868 3206 sunt
1898 3156 1970 3206 eis
2007 3153 2098 3206 di-

403 3235 532 3287 visae
557 3235 757 3302 lingua:
782 3242 1043 3305 tanquam
1074 3243 1236 3305 ignis,
1277 3244 1327 3292 et
1371 3240 1510 3292 sedit
1549 3256 1712 3308 super
1740 3256 2096 3309 unumquem-

406 3338 508 3391 que
555 3339 770 3378 eoram:
826 3332 876 3378 et
923 3333 1197 3395 coeperunt
1251 3329 1402 3395 loqui
1447 3331 1620 3382 variis
1672 3330 1890 3396 linguis,
1939 3334 2100 3397 prout

407 3411 646 3479 Spiritus
703 3413 870 3466 dabat
925 3418 1286 3482 pronuntiare
1337 3419 1413 3469 eis
1463 3418 1605 3485 (Act.
1668 3433 1728 3482 ιι,
1788 3420 1856 3483 1).
1917 3417 2099 3471 Simili

408 3501 577 3554 modo
607 3517 850 3570 magnus
889 3502 985 3555 ille
1037 3504 1142 3558 Job
1189 3503 1456 3558 adversus
1507 3504 1720 3558 amicos
1779 3521 1930 3572 suos,
1968 3522 2097 3559 cum

409 3594 596 3641 essent
621 3589 836 3658 Spiritu
869 3596 1064 3644 sancto
1097 3593 1325 3662 privati,
1358 3598 1413 3646 et
1443 3593 1582 3646 nihil
1607 3609 1803 3646 verum
1824 3593 2096 3661 dicerent,

410 3692 596 3747 neque
628 3677 1004 3747 opinarentur
1031 3697 1090 3733 se
1133 3686 1263 3735 ante
1299 3683 1473 3735 Deum
1507 3683 1702 3753 loqui:
1735 3683 1920 3736 aiebat
1963 3699 2098 3752 ergo

407 3765 551 3818 Job:
583 3767 766 3822 Nonne
811 3773 936 3822 ante
969 3772 1137 3824 Deum
1189 3771 1527 3838 loquimini?
1578 3774 1640 3825 Et
1695 3787 1961 3825 rursum:
1997 3771 2102 3823 Cui

409 3856 778 3908 annuntiastis
807 3856 1020 3912 verba?
1066 3861 1308 3927 Spiratio
1352 3876 1475 3914 vero
1514 3861 1669 3927 cujus
1715 3866 1789 3913 est
1821 3876 1938 3929 quze
1965 3875 2101 3928 pro-

411 3942 550 3996 cedit
588 3949 699 3998 ate
727 3943 754 3995 ‘t
805 3947 936 4014 (Job
987 3962 1139 4012 xxvr,
1181 3948 1260 4017 4.)
1293 3949 1368 4000 Ex
1427 3949 1637 4018 quibus
1696 3965 1844 4002 unus
1892 3963 2103 4016 magna

411 4032 652 4101 loquens
684 4033 945 4088 dicebat:
979 4036 1220 4104 Spiritus
1255 4042 1332 4090 est
1379 4041 1475 4105 qui
1515 4038 1837 4092 mortalibus
1871 4041 2102 4090 interce-

411 4120 532 4173 dit:
579 4123 808 4189 spiratio
858 4139 984 4177 vero
1038 4128 1436 4193 omnipotentiae
1499 4130 1595 4190 est,
1643 4142 1762 4195 qua:
1823 4141 1906 4179 me
1953 4126 2102 4180 docet

414 4209 566 4263 (Job.
606 4226 722 4276 vni,
753 4214 870 4280 27.)
904 4212 1281 4282 Omnipotens
1309 4218 1498 4267 autem
1534 4215 1706 4268 Filius
1740 4214 1856 4281 Dei,
1891 4214 1960 4267 de
1992 4231 2104 4284 quo

414 4297 710 4350 Zacharias
748 4300 865 4354 ait:
901 4303 1192 4370 Propterea
1246 4304 1324 4356 sic
1375 4303 1511 4356 dicit
1564 4305 1820 4357 Dominus
1861 4305 2101 4372 omnipo-

416 4389 566 4440 tens:
607 4389 729 4440 Post
782 4390 1016 4453 gloriam
1059 4392 1209 4443 misit
1268 4407 1350 4443 me
1395 4407 1557 4460 super
1603 4398 1782 4457 gentes
1816 4394 1997 4460 (Zach.
2042 4409 2100 4459 ιι,

413 4472 491 4537 ὅ).
530 4474 712 4542 Igitur
746 4475 1050 4530 Salomone
1082 4477 1303 4531 dicente
1329 4495 1340 4532 :
1374 4481 1496 4533 Lux
1525 4483 1740 4534 Domini
1767 4483 1997 4550 spiratio
2026 4487 2104 4534 est

415 4563 685 4615 hominum
718 4564 895 4630 (Prov.
931 4581 1022 4628 xx,
1085 4569 1194 4633 ‘27).
1228 4568 1290 4620 Et
1319 4583 1349 4619 a
1391 4569 1575 4638 Moyse
1636 4569 1933 4624 instructi:
1977 4571 2102 4638 Spi-

415 4653 561 4703 ravit
616 4654 869 4706 Dominus
925 4657 981 4707 in
1029 4655 1226 4718 faciem
1275 4657 1410 4710 Adae
1466 4661 1819 4726 Spirationem
1873 4661 2016 4724 vitae,
2055 4663 2105 4711 et

414 4741 594 4804 flictus
624 4746 700 4794 est
727 4744 782 4794 in
814 4745 1053 4796 animum
1100 4747 1356 4798 virentem
1392 4749 1551 4812 (Gen.
1593 4764 1648 4812 ιι,
1673 4748 1727 4814 7)
1765 4767 1779 4812 ;
1809 4747 2104 4800 audientes

416 4845 548 4882 vero
585 4835 641 4882 et.
668 4829 1019 4885 Salvatorem
1075 4833 1396 4887 dicentem:
1446 4835 1567 4902 Ego
1599 4852 1716 4889 sum
1763 4839 1877 4888 vita
1912 4837 2101 4901 (Joan.

417 4933 490 4983 xi,
549 4922 664 4983 25),
721 4925 777 4972 et
832 4921 1070 4974 Paulum
1122 4921 1503 4976 scribentem:
1546 4928 1650 4977 Lex
1681 4927 1818 4977 enim
1865 4927 2106 4993 Spiritus

415 5009 537 5060 vita?
569 5009 738 5074 (Item.
780 5025 892 5074 vni,
926 5010 1020 5074 2);
1066 5015 1122 5062 et
1157 5027 1417 5064 rursum:
1461 5013 1623 5064 Misit
1658 5015 1790 5066 Deus
1838 5014 2107 5081 Spiritum

417 5096 544 5148 Filii
571 5100 660 5150 sui
701 5104 756 5149 in
811 5099 976 5151 corda
1018 5105 1206 5152 nostra
1259 5101 1402 5169 (Gal.
1453 5117 1524 5166 iv,
1552 5103 1608 5160 6)
1644 5116 1656 5154 ξ
1692 5102 1947 5155 videntes
2004 5119 2106 5155 au-

419 5191 529 5235 tem
564 5185 734 5240 etiam
772 5187 1140 5255 Unigeuitum
1169 5189 1633 5242 insultleintemin
1657 5191 1855 5243 faciem
1885 5196 2107 5259 aposto-

421 5274 603 5327 lorum
639 5280 693 5328 et
722 5275 1005 5328 dicentem
1031 5293 1045 5330 :
1072 5278 1316 5344 Accipite
1360 5280 1628 5346 Spiritum
1658 5285 1901 5332 sanctum
1927 5283 2102 5345 (Joan.

416 5365 656 5430 xx,22);
701 5364 1074 5432 spirationem
1117 5365 1296 5434 igitur
1344 5366 1467 5419 Filii
1522 5366 1578 5419 in
1631 5367 1859 5438 propria
1911 5367 2022 5420 vita
2053 5373 2109 5422 et

417 5447 729 5504 substantia
766 5459 1034 5506 manente
1089 5453 1362 5523 Spiritum
1405 5469 1524 5507 esse
1559 5454 1880 5514 doceamur.
1919 5457 1981 5510 Et
2015 5473 2108 5509 ne-

419 5553 530 5607 que
564 5539 846 5609 genitum,
880 5557 1064 5612 neque
1106 5550 1360 5596 creatum
1394 5559 1514 5596 esse
1547 5561 1580 5598 a
1627 5544 1766 5598 Filio
1799 5546 2105 5617 sapiamus,

2200 490 2257 537 et
2290 485 2444 554 quod
2479 485 2757 537 Dominus
2788 484 2860 537 sit
2911 485 3146 538 verbum
3182 485 3305 538 Filii
3334 501 3346 540 :
3391 486 3643 556 genitum
3683 503 3800 540 vero
3831 507 3856 541 a

2201 573 2315 626 Deo
2341 573 2580 626 verbum
2611 589 2776 626 suum
2806 574 2864 626 in
2893 574 3126 643 propria
3160 574 3270 626 vita
3315 580 3371 627 et
3418 575 3719 628 substantia
3747 593 3855 646 per-

2200 678 2442 715 manens
2471 678 2597 714 cum
2633 662 2702 714 sit
2750 662 2862 715 vita
2907 663 3080 716 Filius
3111 662 3228 717 Dei.
3266 665 3570 732 Propterea
3607 681 3728 716 vero
3761 682 3854 718 uou

2200 755 2283 804 est
2305 750 2532 818 genitus
2563 751 2631 804 ab
2658 767 2724 804 eo
2755 749 3018 820 Spiritus,
3054 751 3188 821 quia
3220 768 3332 804 non
3363 758 3450 805 est
3481 751 3703 805 verbum
3733 754 3854 820 ejus.

2201 840 2467 893 Creatum
2499 855 2631 892 vero
2683 840 2874 893 dicere
2922 841 3221 910 Spiritum,
3268 841 3431 893 absit.
3483 841 3858 894 Verumtamen

2200 928 2570 998 spirationem
2608 928 2731 981 Filii
2768 928 2864 982 Dei
2885 945 3015 982 eum
3038 936 3094 982 et
3124 946 3154 981 a
3184 929 3390 982 sanctis
3411 929 3707 998 Scripturis
3730 929 3856 982 docti

2200 1034 2416 1084 sumus,
2465 1022 2520 1070 et
2551 1018 2766 1070 fontem
2827 1018 3079 1087 spiritus,
3131 1024 3188 1071 et
3240 1017 3422 1071 lilium
3486 1019 3580 1072 Dei
3639 1018 3856 1070 dicimus

2198 1105 2526 1160 audientem
2565 1105 2802 1159 Filium:
2835 1107 2979 1170 Quia
3030 1107 3133 1160 duo
3187 1122 3418 1174 nequam
3475 1109 3603 1172 fecit
3651 1107 3854 1175 populus

2197 1198 2318 1250 iste.
2367 1198 2452 1250 Me
2493 1196 2894 1264 dereliquerunt
2949 1197 3152 1261 fontem
3212 1210 3367 1264 aquae
3422 1196 3573 1253 vivae.
3630 1200 3676 1247 et
3723 1193 3856 1259 ft)th-

2196 1291 2326 1340 rant
2351 1285 2458 1338 sibi
2496 1286 2644 1338 lacus
2700 1283 2977 1348 contritas,
3029 1286 3126 1352 qui
3184 1299 3289 1337 non
3343 1289 3631 1352 potuerunt
3682 1299 3857 1350 aquam

2193 1379 2415 1443 portare
2447 1372 2580 1443 (Jer.
2627 1389 2686 1438 ιι,
2741 1373 2850 1438 13).
2883 1377 3044 1443 Aqua
3091 1373 3214 1425 viva
3243 1373 3482 1443 Spiritus
3523 1376 3738 1424 sanctus
3767 1377 3853 1433 est,

2199 1464 2346 1516 sicut
2376 1464 2622 1516 Joannes
2662 1463 2877 1527 docuit,
2913 1462 3200 1516 Salvatore
3260 1462 3481 1515 dicente
3529 1460 3598 1513 ad
3642 1459 3858 1513 Samari-

2199 1556 2390 1604 tanam
2443 1551 2784 1604 mulierem:
2840 1551 2901 1606 Si
2950 1553 3115 1604 scires
3148 1551 3346 1604 donum
3405 1551 3527 1615 Dei,
3555 1556 3605 1603 et
3656 1551 3768 1618 quis
3794 1553 3858 1602 est

2198 1641 2294 1707 qui
2325 1639 2425 1693 tibi
2452 1639 2624 1692 dicit:
2660 1642 2740 1692 Da
2777 1639 2915 1691 mihi
2963 1638 3156 1704 bibere,
3207 1645 3264 1692 tu
3307 1640 3491 1708 utique
3541 1640 3771 1706 petisses,
3819 1642 3861 1688 et

2128 1703 2166 1755 Β
2199 1703 2433 1782 dedisset
2464 1727 2571 1782 tibi
2599 1743 2800 1795 aquam
2830 1730 3011 1780 vivam
3049 1703 3225 1796 (Joan.
3258 1744 3328 1793 ιν,
3364 1703 3449 1794 11))
3480 1745 3494 1791 ;
3537 1703 3589 1780 et
3622 1740 3858 1780 rursum:

2203 1819 2514 1886 Quicunque
2554 1817 2747 1870 biberit
2785 1832 2851 1869 ex
2901 1833 3048 1884 aqua
3090 1832 3253 1884 quam
3304 1819 3354 1869 ei
3395 1816 3554 1878 iabo,
3606 1831 3706 1868 non
3737 1816 3862 1866 sitiet

2200 1909 2259 1960 in
2318 1911 2572 1960 rete-mum
2632 1905 2790 1975 (Ibid.
2873 1907 2974 1975 t3).
3044 1905 3105 1958 Et
3161 1907 3220 1957 in
3273 1905 3460 1958 medio
3522 1903 3713 1973 templi
3761 1902 3862 1955 cla-

2203 2001 2353 2049 mat:
2387 1997 2448 2051 Si
2477 1997 2598 2062 quis
2643 1994 2783 2058 sitit,
2825 1997 3008 2048 veniat
3046 1993 3120 2047 ad
3149 2010 3229 2047 me
3272 1999 3321 2048 et
3369 1993 3547 2047 bibat:
3583 1995 3675 2061 qui
3717 1991 3863 2043 credit

2201 2087 2392 2149 inme,
2431 2087 2572 2139 sicut
2627 2085 2776 2136 dixit
2825 2084 3134 2152 Scriptura,
3168 2085 3394 2147 ﬂumina
3445 2083 3511 2135 de
3559 2089 3734 2134 ventre
3767 2082 3863 2146 ejus

2200 2177 2365 2242 ﬂuent
2403 2189 2559 2241 aqua:
2586 2175 2708 2226 vitae
2749 2173 2930 2242 (Joan.
2975 2187 3066 2237 vn,
3102 2171 3210 2240 37).
3268 2173 3329 2224 Et
3371 2171 3770 2241 interpretatus
3795 2175 3863 2220 est

2203 2264 2318 2317 sic:
2356 2267 2461 2317 lloc
2501 2267 2678 2315 autem
2715 2262 2924 2314 dicebat
2978 2261 3043 2313 de
3091 2262 3310 2329 Spiritu
3357 2266 3566 2324 sancto,
3616 2274 3759 2326 quem
3795 2271 3865 2308 ac-

2201 2354 2411 2422 cepturi
2439 2356 2591 2404 erant
2625 2353 2720 2418 qui
2757 2351 3020 2403 credituri
3057 2356 3212 2403 erant
3241 2352 3298 2402 in
3325 2365 3439 2402 cum
3472 2351 3652 2419 (Joan.
3686 2349 3862 2406 xxxix).

2204 2443 2285 2495 lta
2317 2439 2486 2493 etiam
2522 2445 2577 2492 et
2626 2438 2794 2492 Isaias
2853 2439 3163 2492 Dominum
3219 2439 3428 2492 dixisse
3475 2437 3593 2490 ait:
3627 2437 3755 2502 Quia
3789 2449 3865 2501 ego

2204 2529 2342 2584 dabo
2374 2531 2430 2583 in
2477 2531 2574 2583 siti
2606 2545 2807 2596 aquam
2847 2529 2930 2582 his
2979 2531 3076 2596 qui
3102 2530 3160 2580 in
3200 2531 3337 2581 sicco
3391 2531 3494 2580 iter
3540 2529 3796 2593 fecerunt;
3827 2528 3865 2574 ιε

2201 2635 2400 2688 ponam
2450 2619 2721 2686 Spiritum
2771 2632 2946 2670 meum
3002 2631 3163 2684 super
3212 2630 3385 2669 semen
3435 2621 3608 2681 tuum,
3650 2621 3696 2666 et
3738 2614 3865 2666 (aie-

2205 2708 2463 2760 dictiones
2496 2721 2640 2759 meas
2670 2721 2830 2774 super
2858 2707 2998 2772 ﬁlios
3031 2709 3168 2769 tuos,
3209 2709 3258 2758 et
3289 2709 3495 2758 orietur
3544 2710 3789 2773 tanquam
3822 2702 3868 2751 in

2205 2812 2351 2864 aqua
2405 2798 2610 2862 fenum,
2672 2801 2720 2848 et
2761 2795 2904 2846 velut
2947 2795 3093 2847 salix
3142 2795 3284 2846 inter
3328 2797 3513 2861 ﬂuxus
3562 2807 3711 2860 aqua:
3749 2788 3864 2855 (lsa.

2207 2899 2346 2951 xuv,
2390 2887 2441 2949 3,
2476 2884 2508 2936 ni»
2545 2899 2646 2937 sec.
2709 2884 2870 2948 LXX).
2938 2883 3079 2952 Ergo
3138 2881 3436 2935 manifeste
3474 2882 3538 2934 in
3593 2875 3866 2948 Scripturis

2207 2971 2414 3024 sanctis
2441 2969 2842 3041 proﬁtentibus
2875 2985 3083 3040 aquam
3112 2969 3292 3022 vivam
3327 2968 3608 3037 Spiritum
3639 2968 3866 3017 sanctum

2206 3077 2326 3113 esse
2354 3059 2742 3129 cognovimus.
2788 3059 3062 3111 Dominus
3110 3074 3169 3111 se
3229 3058 3441 3110 fontem
3483 3055 3721 3126 Spiritus
3769 3065 3867 3104 esse

2207 3149 2368 3212 dixit,
2410 3148 2487 3200 sic
2523 3162 2536 3202 :
2587 3149 2672 3202 Me
2702 3147 3105 3215 dereliquerunt
3149 3149 3351 3212 fontem
3397 3162 3556 3214 aqua?
3594 3147 3722 3197 viva:
3757 3143 3864 3208 (Jer.

2206 3255 2266 3303 ιι,
2301 3238 2384 3307 13)
2421 3253 2434 3302 ;
2468 3236 2612 3290 sicut
2667 3236 2840 3289 David
2899 3235 3052 3288 canit
3110 3236 3170 3288 in
3222 3237 3446 3288 Psalmo
3477 3249 3619 3286 xxxv
3667 3235 3735 3301 (v.
3779 3229 3864 3294 10).

2207 3327 2400 3380 dicens
2432 3326 2501 3378 ad
2537 3325 2871 3379 Dominum:
2925 3325 3064 3391 Quia
3103 3323 3252 3393 apud
3299 3329 3347 3377 te
3377 3328 3503 3388 fons
3533 3327 3674 3376 vitae.
3718 3319 3867 3389 Igitur

2205 3421 2417 3486 praeter
2468 3413 2772 3469 Dominum
2804 3414 3036 3466 ostende
3090 3413 3266 3465 alium
3314 3412 3536 3464 fontem
3583 3425 3698 3463 esse
3743 3406 3866 3468 vitae,

2207 3504 2306 3575 qui
2337 3503 2490 3574 apud
2520 3518 2653 3556 eum
2681 3503 2772 3555 sit.
2813 3504 2937 3556 Non
2988 3502 3142 3555 enim
3195 3500 3355 3563 dixit,
3407 3500 3546 3570 quia
3577 3506 3635 3552 tu
3667 3515 3720 3551 es
3765 3495 3868 3548 fons

2207 3595 2352 3658 vitm,
2388 3593 2484 3646 sed
2525 3594 2657 3661 quia
2694 3591 2844 3660 apud
2889 3597 2937 3645 te
2965 3593 3086 3651 fons
3117 3592 3241 3644 vita:
3286 3594 3381 3643 est.
3435 3590 3532 3641 Est
3583 3603 3710 3640 vero
3740 3581 3865 3652 apud

2209 3685 2410 3750 Deum,
2445 3687 2500 3735 et
2543 3687 2626 3734 est
2659 3681 2830 3734 Filius
2882 3681 3008 3732 fons
3056 3679 3304 3732 existens
3356 3677 3622 3747 Spiritus,
3675 3675 3738 3728 de
3774 3687 3867 3742 quo

2209 3773 2417 3828 Paulus
2446 3771 2512 3824 ad
2563 3770 2850 3823 Romanos
2894 3769 3128 3822 scribit:
3163 3768 3405 3837 Spiritus
3451 3781 3576 3820 vero
3623 3767 3741 3818 vitm
3760 3774 3865 3830 pro-

2205 3868 2327 3931 pter
2345 3862 2622 3929 justitiam
2676 3861 2847 3928 (llom.
2903 3875 3021 3922 vni,
3059 3861 3168 3927 10),
3229 3857 3310 3909 ita
3345 3872 3461 3909 non
3497 3856 3761 3917 alienum,
3791 3847 3869 3902 sed

2212 3948 2510 4018 proprium
2544 3947 2722 4000 Patris
2761 3962 2882 3999 esse
2923 3962 3054 3999 eum
3097 3945 3248 3998 dicit.
3283 3946 3420 3998 Nam
3454 3960 3585 3997 cum
3617 3942 3869 4012 professus

2209 4038 2428 4102 fuisset,
2483 4039 2614 4106 quia
2659 4036 2808 4104 apud
2848 4041 2896 4090 te
2925 4041 3002 4088 est
3030 4037 3154 4101 fons
3186 4037 3312 4088 vita:
3367 4032 3663 4102 adjunxit:
3708 4031 3767 4082 In
3799 4026 3869 4079 lu-

2209 4129 2353 4180 mine
2398 4131 2488 4179 tuo
2544 4125 2843 4178 videbimus
2892 4125 3067 4177 lumen
3123 4123 3290 4191 (Psai.
3353 4123 3543 4191 xxxv),
3605 4120 3662 4173 id
3715 4116 3868 4170 estin

2218 4214 2359 4268 Filio
2393 4218 2492 4266 tuo
2523 4212 2845 4266 videbimus
2876 4210 3171 4280 Spiritum.
3209 4211 3438 4264 Necnon
3488 4211 3661 4262 etiam
3699 4206 3751 4258 in
3794 4218 3871 4256 uo-

2217 4302 2373 4356 miue
2403 4301 2630 4354 virtutis
2683 4301 2782 4354 Dei
2827 4301 3146 4369 appellatus
3195 4297 3460 4367 Spiritus,
3495 4302 3554 4350 et
3601 4296 3784 4357 virtus,
3828 4295 3872 4342 et

2213 4391 2494 4460 sapientia
2522 4405 2641 4443 esse
2693 4393 3061 4442 monstratur.
3097 4386 3433 4440 Audivimus
3467 4385 3621 4438 enim
3652 4383 3872 4436 Salvato-

2214 4496 2332 4534 rem
2363 4480 2419 4532 in
2455 4479 2754 4547 Evangelia
2785 4478 3067 4531 dicentem
3111 4475 3404 4544 discipulis
3441 4475 3561 4528 suis
3595 4473 3870 4526 missurum

2213 4586 2332 4623 esse
2365 4568 2639 4639 Spiritum
2686 4573 2966 4631 sanctum,
3025 4566 3124 4636 qui
3182 4564 3353 4618 dicit:
3417 4565 3561 4617 Ecce
3617 4577 3706 4628 ego
3753 4571 3868 4628 pra:-

2212 4661 2427 4712 mittam
2469 4658 2873 4725 promissionem
2919 4656 3108 4709 Patris
3140 4658 3241 4708 mei
3269 4669 3432 4722 super
3479 4668 3593 4706 vos.
3651 4653 3746 4704 Vos
3772 4661 3870 4698 vero

2213 4747 2387 4802 sedete
2412 4749 2467 4799 in
2499 4749 2732 4811 civitate,
2757 4746 2919 4798 donec
2950 4745 3260 4797 induamini
3291 4759 3358 4796 ex
3387 4743 3498 4795 alto
3521 4744 3714 4794 virtute
3741 4738 3870 4805 (Luc-

2214 4854 2357 4900 xxiv,
2388 4837 2498 4904 49).
2534 4836 2595 4888 In
2628 4835 2858 4887 Actibus
2903 4851 3032 4886 vero
3092 4833 3478 4902 apostolorum
3528 4829 3677 4882 idem
3713 4820 3870 4878 Domi-

2214 4942 2322 4978 nus
2353 4924 2472 4977 ait:
2521 4923 2627 4978 Sed
2664 4924 2938 4990 accipietis
2988 4924 3244 4974 virtutem
3299 4919 3702 4987 superveniente
3739 4923 3872 4976 super

2216 5029 2305 5066 vos
2335 5013 2552 5080 Spiritu
2602 5017 2786 5064 sancto
2818 5014 2968 5076 (Act.
3008 5026 3044 5076 1,
3080 5009 3156 5076 8).
3197 5009 3310 5061 Hoc
3343 5022 3574 5076 quoque
3603 5002 3870 5072 impletum

2217 5118 2336 5153 esse
2369 5100 2753 5170 comperimus
2792 5099 2896 5151 sub
2949 5099 3039 5152 die
3092 5094 3598 5166 Quinquagesimae
3649 5099 3874 5144 consum-

2219 5195 2403 5244 matae.
2437 5194 2548 5242 Aut
2579 5206 2712 5256 ergo
2741 5190 3008 5240 virtutem
3061 5187 3161 5240 Dei
3193 5184 3465 5256 Spiritum
3522 5199 3642 5237 esse
3681 5175 3875 5250 proﬁle-

2220 5279 2381 5344 mini,
2416 5284 2516 5331 aut.
2547 5279 2687 5331 sicut
2719 5277 2997 5330 Sabellius
3042 5276 3412 5344 paracletum,
3468 5289 3599 5326 cum
3631 5270 3699 5324 sit
3726 5268 3873 5319 virtus

2221 5368 2340 5435 Dei,
2386 5368 2651 5420 eumdem
2703 5367 2903 5420 Filium
2965 5381 3086 5418 esse
3132 5363 3454 5434 praedicente.
3505 5364 3570 5415 Et
3609 5357 3872 5412 audientcs

2220 5456 2455 5510 Paulum
2490 5456 2806 5509 dicentem:
2855 5456 3095 5523 Spiritus
3143 5468 3264 5506 vero
3317 5455 3439 5506 vitae
3476 5454 3698 5518 propter
3727 5442 3873 5513 justi-

2215 5548 2382 5600 tiam:
2413 5545 2626 5597 fontem
2659 5545 2864 5598 iterum
2891 5540 3492 5613 Spiritusinstruimur
3520 5553 3639 5591 esse
3673 5533 3868 5590 l-‘ilium.
