  <div class='ocr_page' id='page_1' title='image "/cluster/home/n/w/nwhite01/storage/ocr_20150623/121/hvd.32044054759832/356.png"; bbox 0 0 4044 6174; ppageno 0'>
   <div class='ocr_carea' id='block_1_1' title="bbox 191 265 2419 324">
    <p class='ocr_par' dir='ltr' id='par_1_1' title="bbox 191 265 2419 324">
     <span class='ocr_line' id='line_1_1' title="bbox 191 265 2419 324; baseline -0.001 -3"><span class='ocrx_word' id='word_1_1' title='bbox 191 270 285 324; x_wconf 77' lang='grc'>’701</span> <span class='ocrx_word' id='word_1_2' title='bbox 1468 268 1678 324; x_wconf 80' lang='lat' dir='ltr'>LIBER</span> <span class='ocrx_word' id='word_1_3' title='bbox 1715 267 2077 323; x_wconf 78' lang='lat' dir='ltr'>ADVERSUS</span> <span class='ocrx_word' id='word_1_4' title='bbox 2114 265 2419 322; x_wconf 63' lang='lat' dir='ltr'>GIIzEtSOS.</span> 
     </span>
    </p>
   </div>
   <div class='ocr_carea' id='block_1_2' title="bbox 3584 269 3685 319">
    <p class='ocr_par' dir='ltr' id='par_1_2' title="bbox 3584 269 3685 319">
     <span class='ocr_line' id='line_1_2' title="bbox 3584 269 3685 319; baseline 0 -1"><span class='ocrx_word' id='word_1_5' title='bbox 3584 269 3685 319; x_wconf 74' lang='lat'>70?.</span> 
     </span>
    </p>
   </div>
   <div class='ocr_carea' id='block_1_3' title="bbox 188 395 3682 466">
    <p class='ocr_par' dir='ltr' id='par_1_3' title="bbox 188 395 3682 466">
     <span class='ocr_line' id='line_1_3' title="bbox 188 395 3682 466; baseline -0.001 -13"><span class='ocrx_word' id='word_1_6' title='bbox 188 398 494 454; x_wconf 82' lang='lat' dir='ltr'>leremiam</span> <span class='ocrx_word' id='word_1_7' title='bbox 545 399 737 454; x_wconf 86' lang='lat' dir='ltr'>audite</span> <span class='ocrx_word' id='word_1_8' title='bbox 779 399 1120 454; x_wconf 86' lang='lat' dir='ltr'>clamantem</span> <span class='ocrx_word' id='word_1_9' title='bbox 1164 404 1364 454; x_wconf 88' lang='lat' dir='ltr'>contra</span> <span class='ocrx_word' id='word_1_10' title='bbox 1409 398 1686 454; x_wconf 74' lang='lat' dir='ltr'>Judzeos:</span> <span class='ocrx_word' id='word_1_11' title='bbox 1734 400 1876 464; x_wconf 86' lang='lat' dir='ltr'>Quia</span> <span class='ocrx_word' id='word_1_12' title='bbox 1915 400 1959 451; x_wconf 84' lang='grc' dir='ltr'><strong>Α</strong></span> <span class='ocrx_word' id='word_1_13' title='bbox 1988 412 2159 466; x_wconf 85' lang='lat' dir='ltr'>quem</span> <span class='ocrx_word' id='word_1_14' title='bbox 2195 399 2339 451; x_wconf 89' lang='lat' dir='ltr'>Deus</span> <span class='ocrx_word' id='word_1_15' title='bbox 2373 398 2539 450; x_wconf 83' lang='lat' dir='ltr'>Pater</span> <span class='ocrx_word' id='word_1_16' title='bbox 2589 397 2776 460; x_wconf 93' lang='lat' dir='ltr'>mittit,</span> <span class='ocrx_word' id='word_1_17' title='bbox 2825 396 3000 452; x_wconf 92' lang='lat' dir='ltr'>mittit</span> <span class='ocrx_word' id='word_1_18' title='bbox 3035 401 3091 451; x_wconf 90' lang='lat' dir='ltr'>et</span> <span class='ocrx_word' id='word_1_19' title='bbox 3152 395 3344 462; x_wconf 88' lang='lat' dir='ltr'>Filius,</span> <span class='ocrx_word' id='word_1_20' title='bbox 3401 399 3457 450; x_wconf 90' lang='lat' dir='ltr'>et</span> <span class='ocrx_word' id='word_1_21' title='bbox 3512 410 3682 466; x_wconf 83' lang='lat' dir='ltr'>quem</span> 
     </span>
    </p>
   </div>
   <div class='ocr_carea' id='block_1_4' title="bbox 191 489 1884 558">
    <p class='ocr_par' dir='ltr' id='par_1_4' title="bbox 191 489 1884 558">
     <span class='ocr_line' id='line_1_4' title="bbox 191 489 1884 558; baseline -0.001 -16"><span class='ocrx_word' id='word_1_22' title='bbox 191 489 595 558; x_wconf 58' lang='lat' dir='ltr'>(teretique-runt</span> <span class='ocrx_word' id='word_1_23' title='bbox 660 507 739 543; x_wconf 87' lang='lat' dir='ltr'>me</span> <span class='ocrx_word' id='word_1_24' title='bbox 775 492 978 556; x_wconf 83' lang='lat' dir='ltr'>fontem</span> <span class='ocrx_word' id='word_1_25' title='bbox 1034 492 1160 542; x_wconf 69' lang='lat' dir='ltr'>vitae</span> <span class='ocrx_word' id='word_1_26' title='bbox 1236 492 1423 544; x_wconf 89' lang='lat' dir='ltr'>Deum.</span> <span class='ocrx_word' id='word_1_27' title='bbox 1496 489 1646 543; x_wconf 82' lang='lat' dir='ltr'>Alibi</span> <span class='ocrx_word' id='word_1_28' title='bbox 1693 495 1884 542; x_wconf 89' lang='lat' dir='ltr'>autem</span> 
     </span>
    </p>
   </div>
   <div class='ocr_carea' id='block_1_5' title="bbox 189 578 1882 648">
    <p class='ocr_par' dir='ltr' id='par_1_5' title="bbox 189 578 1882 648">
     <span class='ocr_line' id='line_1_5' title="bbox 189 578 1882 648; baseline 0 -17"><span class='ocrx_word' id='word_1_29' title='bbox 189 579 462 647; x_wconf 84' lang='lat' dir='ltr'>Spiritum</span> <span class='ocrx_word' id='word_1_30' title='bbox 497 578 788 647; x_wconf 68' lang='lat' dir='ltr'>sapientiw</span> <span class='ocrx_word' id='word_1_31' title='bbox 819 596 938 632; x_wconf 85' lang='lat' dir='ltr'>esse</span> <span class='ocrx_word' id='word_1_32' title='bbox 990 578 1230 631; x_wconf 75' lang='lat' dir='ltr'>scientes</span> <span class='ocrx_word' id='word_1_33' title='bbox 1279 578 1556 648; x_wconf 82' lang='lat' dir='ltr'>Spiritum</span> <span class='ocrx_word' id='word_1_34' title='bbox 1603 585 1882 644; x_wconf 87' lang='lat' dir='ltr'>sanctum,</span> 
     </span>
    </p>
   </div>
   <div class='ocr_carea' id='block_1_6' title="bbox 187 666 1887 736">
    <p class='ocr_par' dir='ltr' id='par_1_6' title="bbox 187 666 1887 736">
     <span class='ocr_line' id='line_1_6' title="bbox 187 666 1887 736; baseline 0.002 -19"><span class='ocrx_word' id='word_1_35' title='bbox 187 667 501 720; x_wconf 87' lang='lat' dir='ltr'>secundum</span> <span class='ocrx_word' id='word_1_36' title='bbox 546 667 747 720; x_wconf 82' lang='lat' dir='ltr'>Isaiam</span> <span class='ocrx_word' id='word_1_37' title='bbox 790 667 1024 736; x_wconf 80' lang='lat' dir='ltr'>quidem</span> <span class='ocrx_word' id='word_1_38' title='bbox 1084 666 1366 719; x_wconf 78' lang='lat' dir='ltr'>dicentem</span> <span class='ocrx_word' id='word_1_39' title='bbox 1405 682 1418 720; x_wconf 88' lang='lat'>:</span> <span class='ocrx_word' id='word_1_40' title='bbox 1454 667 1534 720; x_wconf 86' lang='lat' dir='ltr'>Et</span> <span class='ocrx_word' id='word_1_41' title='bbox 1592 669 1887 736; x_wconf 79' lang='lat' dir='ltr'>requiescet</span> 
     </span>
    </p>
   </div>
   <div class='ocr_carea' id='block_1_7' title="bbox 187 755 1886 825">
    <p class='ocr_par' dir='ltr' id='par_1_7' title="bbox 187 755 1886 825">
     <span class='ocr_line' id='line_1_7' title="bbox 187 755 1886 825; baseline 0.001 -17"><span class='ocrx_word' id='word_1_42' title='bbox 187 770 350 824; x_wconf 75' lang='lat' dir='ltr'>super</span> <span class='ocrx_word' id='word_1_43' title='bbox 381 772 498 808; x_wconf 81' lang='lat' dir='ltr'>eum</span> <span class='ocrx_word' id='word_1_44' title='bbox 534 759 763 824; x_wconf 73' lang='lat' dir='ltr'>spiritus</span> <span class='ocrx_word' id='word_1_45' title='bbox 818 755 939 823; x_wconf 84' lang='lat' dir='ltr'>Dei,</span> <span class='ocrx_word' id='word_1_46' title='bbox 995 757 1234 824; x_wconf 75' lang='lat' dir='ltr'>Spiritus</span> <span class='ocrx_word' id='word_1_47' title='bbox 1287 758 1572 825; x_wconf 77' lang='lat' dir='ltr'>sapientia:</span> <span class='ocrx_word' id='word_1_48' title='bbox 1617 762 1668 810; x_wconf 90' lang='lat' dir='ltr'>et</span> <span class='ocrx_word' id='word_1_49' title='bbox 1721 756 1886 810; x_wconf 82' lang='lat' dir='ltr'>intel-</span> 
     </span>
    </p>
   </div>
   <div class='ocr_carea' id='block_1_8' title="bbox 187 843 797 912">
    <p class='ocr_par' dir='ltr' id='par_1_8' title="bbox 187 843 797 912">
     <span class='ocr_line' id='line_1_8' title="bbox 187 843 797 912; baseline -0.007 -17"><span class='ocrx_word' id='word_1_50' title='bbox 187 843 350 897; x_wconf 86' lang='lat' dir='ltr'>lectus</span> <span class='ocrx_word' id='word_1_51' title='bbox 383 845 520 912; x_wconf 87' lang='lat' dir='ltr'>(Isa.</span> <span class='ocrx_word' id='word_1_52' title='bbox 555 859 629 909; x_wconf 78' lang='lat' dir='ltr'>x1,</span> <span class='ocrx_word' id='word_1_53' title='bbox 661 845 738 912; x_wconf 77' lang='lat'>2).</span> <span class='ocrx_word' id='word_1_54' title='bbox 777 864 797 891; x_wconf 77' lang='grc' dir='ltr'><strong><em>ι</em></strong></span> 
     </span>
    </p>
   </div>
   <div class='ocr_carea' id='block_1_9' title="bbox 887 967 1182 1022">
    <p class='ocr_par' dir='ltr' id='par_1_9' title="bbox 887 967 1182 1022">
     <span class='ocr_line' id='line_1_9' title="bbox 887 967 1182 1022; baseline -0.003 -1"><span class='ocrx_word' id='word_1_55' title='bbox 887 967 1011 1021; x_wconf 79' lang='lat' dir='ltr'>CAP.</span> <span class='ocrx_word' id='word_1_56' title='bbox 1056 967 1182 1022; x_wconf 82' lang='lat' dir='ltr'>XIX.</span> 
     </span>
    </p>
   </div>
   <div class='ocr_carea' id='block_1_10' title="bbox 257 1091 1887 1160">
    <p class='ocr_par' dir='ltr' id='par_1_10' title="bbox 257 1091 1887 1160">
     <span class='ocr_line' id='line_1_10' title="bbox 257 1091 1887 1160; baseline -0.001 -14"><span class='ocrx_word' id='word_1_57' title='bbox 257 1093 400 1146; x_wconf 86' lang='lat' dir='ltr'>Item</span> <span class='ocrx_word' id='word_1_58' title='bbox 443 1092 593 1146; x_wconf 89' lang='lat' dir='ltr'>idem</span> <span class='ocrx_word' id='word_1_59' title='bbox 627 1092 684 1145; x_wconf 87' lang='lat' dir='ltr'>in</span> <span class='ocrx_word' id='word_1_60' title='bbox 727 1091 858 1146; x_wconf 84' lang='lat' dir='ltr'>Fide</span> <span class='ocrx_word' id='word_1_61' title='bbox 888 1091 1166 1145; x_wconf 88' lang='lat' dir='ltr'>catholica</span> <span class='ocrx_word' id='word_1_62' title='bbox 1199 1107 1212 1145; x_wconf 89' lang='lat'>:</span> <span class='ocrx_word' id='word_1_63' title='bbox 1253 1091 1409 1157; x_wconf 85' lang='lat' dir='ltr'>Quod</span> <span class='ocrx_word' id='word_1_64' title='bbox 1457 1092 1698 1160; x_wconf 84' lang='lat' dir='ltr'>Spiritus</span> <span class='ocrx_word' id='word_1_65' title='bbox 1753 1105 1887 1144; x_wconf 90' lang='lat' dir='ltr'>san-</span> 
     </span>
    </p>
   </div>
   <div class='ocr_carea' id='block_1_11' title="bbox 185 1161 1889 1250">
    <p class='ocr_par' dir='ltr' id='par_1_11' title="bbox 185 1180 1889 1250">
     <span class='ocr_line' id='line_1_11' title="bbox 185 1180 1889 1250; baseline -0.001 -14"><span class='ocrx_word' id='word_1_66' title='bbox 185 1186 302 1236; x_wconf 85' lang='lat' dir='ltr'>ctus</span> <span class='ocrx_word' id='word_1_67' title='bbox 332 1199 367 1234; x_wconf 88' lang='lat' dir='ltr'>a</span> <span class='ocrx_word' id='word_1_68' title='bbox 399 1184 560 1236; x_wconf 88' lang='lat' dir='ltr'>Patre</span> <span class='ocrx_word' id='word_1_69' title='bbox 585 1183 847 1250; x_wconf 83' lang='lat' dir='ltr'>procedat</span> <span class='ocrx_word' id='word_1_70' title='bbox 876 1186 926 1234; x_wconf 91' lang='lat' dir='ltr'>et</span> <span class='ocrx_word' id='word_1_71' title='bbox 965 1197 1000 1234; x_wconf 90' lang='lat' dir='ltr'>a</span> <span class='ocrx_word' id='word_1_72' title='bbox 1039 1182 1200 1235; x_wconf 90' lang='lat' dir='ltr'>Filio.</span> <span class='ocrx_word' id='word_1_73' title='bbox 1230 1204 1250 1229; x_wconf 85' lang='grc'><strong>‹</strong></span> <span class='ocrx_word' id='word_1_74' title='bbox 1289 1182 1454 1234; x_wconf 89' lang='lat' dir='ltr'>Pater</span> <span class='ocrx_word' id='word_1_75' title='bbox 1505 1199 1538 1234; x_wconf 91' lang='lat' dir='ltr'>a</span> <span class='ocrx_word' id='word_1_76' title='bbox 1589 1180 1746 1233; x_wconf 88' lang='lat' dir='ltr'>nullo</span> <span class='ocrx_word' id='word_1_77' title='bbox 1806 1183 1889 1234; x_wconf 90' lang='lat' dir='ltr'>est</span> 
     </span>
    </p>
   </div>
   <div class='ocr_carea' id='block_1_12' title="bbox 2069 1161 3410 1250">
    <p class='ocr_par' dir='ltr' id='par_1_12' title="bbox 2076 1161 3410 1229">
     <span class='ocr_line' id='line_1_12' title="bbox 2076 1161 3410 1229; baseline -0.001 -15"><span class='ocrx_word' id='word_1_78' title='bbox 2076 1165 2286 1215; x_wconf 81' lang='lat' dir='ltr'>nomine</span> <span class='ocrx_word' id='word_1_79' title='bbox 2336 1178 2466 1228; x_wconf 90' lang='lat' dir='ltr'>meo,</span> <span class='ocrx_word' id='word_1_80' title='bbox 2511 1167 2639 1220; x_wconf 81' lang='lat' dir='ltr'>etc..</span> <span class='ocrx_word' id='word_1_81' title='bbox 2687 1178 2855 1229; x_wconf 84' lang='lat' dir='ltr'>usque</span> <span class='ocrx_word' id='word_1_82' title='bbox 2911 1163 2984 1215; x_wconf 92' lang='lat' dir='ltr'>ad</span> <span class='ocrx_word' id='word_1_83' title='bbox 3039 1163 3147 1216; x_wconf 77' lang='lat' dir='ltr'>hzec</span> <span class='ocrx_word' id='word_1_84' title='bbox 3194 1161 3357 1215; x_wconf 78' lang='lat' dir='ltr'>verba</span> <span class='ocrx_word' id='word_1_85' title='bbox 3397 1175 3410 1212; x_wconf 76' lang='grc' dir='ltr'>ε</span> 
     </span>
    </p>
   </div>
   <div class='ocr_carea' id='block_1_13' title="bbox 1995 1251 3164 1322">
    <p class='ocr_par' dir='ltr' id='par_1_13' title="bbox 1995 1251 3164 1322">
     <span class='ocr_line' id='line_1_13' title="bbox 1995 1251 3164 1322; baseline -0.003 -18"><span class='ocrx_word' id='word_1_86' title='bbox 1995 1251 2094 1305; x_wconf 83' lang='lat' dir='ltr'>Dei</span> <span class='ocrx_word' id='word_1_87' title='bbox 2123 1251 2441 1322; x_wconf 81' lang='lat' dir='ltr'>appellatus</span> <span class='ocrx_word' id='word_1_88' title='bbox 2461 1257 2544 1304; x_wconf 86' lang='lat' dir='ltr'>est</span> <span class='ocrx_word' id='word_1_89' title='bbox 2580 1251 2824 1320; x_wconf 82' lang='lat' dir='ltr'>Spiritus</span> <span class='ocrx_word' id='word_1_90' title='bbox 2856 1255 3101 1304; x_wconf 87' lang='lat' dir='ltr'>sanctus.</span> <span class='ocrx_word' id='word_1_91' title='bbox 3137 1272 3164 1299; x_wconf 81' lang='grc'><strong>››</strong></span> 
     </span>
    </p>
   </div>
   <div class='ocr_carea' id='block_1_14' title="bbox 185 1269 1887 1340">
    <p class='ocr_par' dir='ltr' id='par_1_14' title="bbox 185 1269 1887 1340">
     <span class='ocr_line' id='line_1_14' title="bbox 185 1269 1887 1340; baseline -0.001 -16"><span class='ocrx_word' id='word_1_92' title='bbox 185 1271 389 1335; x_wconf 84' lang='lat' dir='ltr'>factus,</span> <span class='ocrx_word' id='word_1_93' title='bbox 424 1287 527 1324; x_wconf 88' lang='lat' dir='ltr'>nec</span> <span class='ocrx_word' id='word_1_94' title='bbox 558 1274 799 1337; x_wconf 88' lang='lat' dir='ltr'>creatus,</span> <span class='ocrx_word' id='word_1_95' title='bbox 839 1286 939 1323; x_wconf 84' lang='lat' dir='ltr'>nec</span> <span class='ocrx_word' id='word_1_96' title='bbox 966 1271 1191 1340; x_wconf 88' lang='lat' dir='ltr'>genitus</span> <span class='ocrx_word' id='word_1_97' title='bbox 1223 1285 1236 1323; x_wconf 88' lang='lat'><strong>:</strong></span> <span class='ocrx_word' id='word_1_98' title='bbox 1291 1269 1466 1323; x_wconf 77' lang='lat' dir='ltr'>Filius</span> <span class='ocrx_word' id='word_1_99' title='bbox 1496 1286 1529 1322; x_wconf 85' lang='lat' dir='ltr'>a</span> <span class='ocrx_word' id='word_1_100' title='bbox 1562 1269 1724 1322; x_wconf 85' lang='lat' dir='ltr'>Patre</span> <span class='ocrx_word' id='word_1_101' title='bbox 1769 1269 1887 1322; x_wconf 89' lang='lat' dir='ltr'>solo</span> 
     </span>
    </p>
   </div>
   <div class='ocr_carea' id='block_1_15' title="bbox 187 1356 1888 1427">
    <p class='ocr_par' dir='ltr' id='par_1_15' title="bbox 187 1356 1888 1427">
     <span class='ocr_line' id='line_1_15' title="bbox 187 1356 1888 1427; baseline -0.001 -16"><span class='ocrx_word' id='word_1_102' title='bbox 187 1363 293 1422; x_wconf 87' lang='lat' dir='ltr'>est,</span> <span class='ocrx_word' id='word_1_103' title='bbox 330 1375 444 1410; x_wconf 91' lang='lat' dir='ltr'>non</span> <span class='ocrx_word' id='word_1_104' title='bbox 478 1357 673 1424; x_wconf 83' lang='lat' dir='ltr'>factus,</span> <span class='ocrx_word' id='word_1_105' title='bbox 732 1375 842 1411; x_wconf 91' lang='lat' dir='ltr'>non</span> <span class='ocrx_word' id='word_1_106' title='bbox 875 1366 1114 1423; x_wconf 87' lang='lat' dir='ltr'>creatus,</span> <span class='ocrx_word' id='word_1_107' title='bbox 1160 1357 1257 1411; x_wconf 90' lang='lat' dir='ltr'>sed</span> <span class='ocrx_word' id='word_1_108' title='bbox 1311 1357 1537 1427; x_wconf 88' lang='lat' dir='ltr'>genitus</span> <span class='ocrx_word' id='word_1_109' title='bbox 1572 1373 1584 1410; x_wconf 90' lang='lat'><strong>:</strong></span> <span class='ocrx_word' id='word_1_110' title='bbox 1645 1356 1888 1426; x_wconf 85' lang='lat' dir='ltr'>Spiritus</span> 
     </span>
    </p>
   </div>
   <div class='ocr_carea' id='block_1_16' title="bbox 185 1447 1884 1512">
    <p class='ocr_par' dir='ltr' id='par_1_16' title="bbox 185 1447 1884 1512">
     <span class='ocr_line' id='line_1_16' title="bbox 185 1447 1884 1512; baseline -0.001 -14"><span class='ocrx_word' id='word_1_111' title='bbox 185 1452 418 1500; x_wconf 88' lang='lat' dir='ltr'>sanctus</span> <span class='ocrx_word' id='word_1_112' title='bbox 474 1463 504 1499; x_wconf 90' lang='lat' dir='ltr'>a</span> <span class='ocrx_word' id='word_1_113' title='bbox 557 1448 716 1500; x_wconf 79' lang='lat' dir='ltr'>Patre</span> <span class='ocrx_word' id='word_1_114' title='bbox 753 1453 805 1500; x_wconf 88' lang='lat' dir='ltr'>et</span> <span class='ocrx_word' id='word_1_115' title='bbox 843 1447 1001 1511; x_wconf 82' lang='lat' dir='ltr'>Filio,</span> <span class='ocrx_word' id='word_1_116' title='bbox 1057 1463 1170 1498; x_wconf 90' lang='lat' dir='ltr'>non</span> <span class='ocrx_word' id='word_1_117' title='bbox 1218 1447 1414 1499; x_wconf 81' lang='lat' dir='ltr'>factus.</span> <span class='ocrx_word' id='word_1_118' title='bbox 1482 1463 1595 1498; x_wconf 89' lang='lat' dir='ltr'>non</span> <span class='ocrx_word' id='word_1_119' title='bbox 1644 1450 1884 1512; x_wconf 80' lang='lat' dir='ltr'>creatus,</span> 
     </span>
    </p>
   </div>
   <div class='ocr_carea' id='block_1_17' title="bbox 185 1535 1889 1605">
    <p class='ocr_par' dir='ltr' id='par_1_17' title="bbox 185 1535 1889 1605">
     <span class='ocr_line' id='line_1_17' title="bbox 185 1535 1889 1605; baseline 0 -17"><span class='ocrx_word' id='word_1_120' title='bbox 185 1551 293 1588; x_wconf 90' lang='lat' dir='ltr'>nec</span> <span class='ocrx_word' id='word_1_121' title='bbox 334 1535 578 1603; x_wconf 87' lang='lat' dir='ltr'>genitus,</span> <span class='ocrx_word' id='word_1_122' title='bbox 631 1535 727 1588; x_wconf 90' lang='lat' dir='ltr'>sed</span> <span class='ocrx_word' id='word_1_123' title='bbox 772 1535 1106 1605; x_wconf 82' lang='lat' dir='ltr'>procedens.</span> <span class='ocrx_word' id='word_1_124' title='bbox 1156 1537 1312 1591; x_wconf 90' lang='lat' dir='ltr'>Unus</span> <span class='ocrx_word' id='word_1_125' title='bbox 1347 1551 1482 1605; x_wconf 89' lang='lat' dir='ltr'>ergo</span> <span class='ocrx_word' id='word_1_126' title='bbox 1529 1536 1712 1602; x_wconf 88' lang='lat' dir='ltr'>Pater,</span> <span class='ocrx_word' id='word_1_127' title='bbox 1775 1551 1889 1588; x_wconf 89' lang='lat' dir='ltr'>non</span> 
     </span>
    </p>
   </div>
   <div class='ocr_carea' id='block_1_18' title="bbox 183 1623 1885 1694">
    <p class='ocr_par' dir='ltr' id='par_1_18' title="bbox 183 1623 1885 1694">
     <span class='ocr_line' id='line_1_18' title="bbox 183 1623 1885 1694; baseline -0.001 -17"><span class='ocrx_word' id='word_1_128' title='bbox 183 1629 302 1678; x_wconf 87' lang='lat' dir='ltr'>tres</span> <span class='ocrx_word' id='word_1_129' title='bbox 333 1625 556 1690; x_wconf 79' lang='lat' dir='ltr'>Patres;</span> <span class='ocrx_word' id='word_1_130' title='bbox 593 1640 736 1677; x_wconf 89' lang='lat' dir='ltr'>unus</span> <span class='ocrx_word' id='word_1_131' title='bbox 766 1624 962 1689; x_wconf 87' lang='lat' dir='ltr'>Filius,</span> <span class='ocrx_word' id='word_1_132' title='bbox 997 1640 1110 1677; x_wconf 91' lang='lat' dir='ltr'>non</span> <span class='ocrx_word' id='word_1_133' title='bbox 1161 1629 1274 1677; x_wconf 90' lang='lat' dir='ltr'>tres</span> <span class='ocrx_word' id='word_1_134' title='bbox 1307 1623 1464 1689; x_wconf 83' lang='lat' dir='ltr'>Filii;</span> <span class='ocrx_word' id='word_1_135' title='bbox 1518 1639 1666 1677; x_wconf 88' lang='lat' dir='ltr'>unus</span> <span class='ocrx_word' id='word_1_136' title='bbox 1709 1623 1885 1694; x_wconf 90' lang='lat' dir='ltr'>Spiri-</span> 
     </span>
    </p>
   </div>
   <div class='ocr_carea' id='block_1_19' title="bbox 183 1701 1968 1781">
    <p class='ocr_par' dir='ltr' id='par_1_19' title="bbox 183 1701 1968 1781">
     <span class='ocr_line' id='line_1_19' title="bbox 183 1701 1968 1781; baseline -0.001 -14"><span class='ocrx_word' id='word_1_137' title='bbox 183 1718 281 1767; x_wconf 84' lang='lat' dir='ltr'>tus</span> <span class='ocrx_word' id='word_1_138' title='bbox 308 1718 556 1776; x_wconf 86' lang='lat' dir='ltr'>sanctus,</span> <span class='ocrx_word' id='word_1_139' title='bbox 589 1728 700 1765; x_wconf 89' lang='lat' dir='ltr'>non</span> <span class='ocrx_word' id='word_1_140' title='bbox 738 1718 850 1766; x_wconf 88' lang='lat' dir='ltr'>tres</span> <span class='ocrx_word' id='word_1_141' title='bbox 879 1712 1144 1781; x_wconf 88' lang='lat' dir='ltr'>Spiritus&#39;</span> <span class='ocrx_word' id='word_1_142' title='bbox 1169 1712 1366 1765; x_wconf 85' lang='lat' dir='ltr'>sancti.</span> <span class='ocrx_word' id='word_1_143' title='bbox 1404 1713 1469 1766; x_wconf 83' lang='lat' dir='ltr'>Et</span> <span class='ocrx_word' id='word_1_144' title='bbox 1513 1711 1571 1764; x_wconf 88' lang='lat' dir='ltr'>in</span> <span class='ocrx_word' id='word_1_145' title='bbox 1623 1712 1728 1764; x_wconf 90' lang='lat' dir='ltr'>hac</span> <span class='ocrx_word' id='word_1_146' title='bbox 1765 1711 1888 1765; x_wconf 90' lang='lat' dir='ltr'>Tri-</span> <span class='ocrx_word' id='word_1_147' title='bbox 1928 1701 1968 1755; x_wconf 78' lang='grc' dir='ltr'>Β</span> 
     </span>
    </p>
   </div>
   <div class='ocr_carea' id='block_1_20' title="bbox 185 1800 1886 1870">
    <p class='ocr_par' dir='ltr' id='par_1_20' title="bbox 185 1800 1886 1870">
     <span class='ocr_line' id='line_1_20' title="bbox 185 1800 1886 1870; baseline 0.001 -17"><span class='ocrx_word' id='word_1_148' title='bbox 185 1801 370 1854; x_wconf 87' lang='lat' dir='ltr'>nitate</span> <span class='ocrx_word' id='word_1_149' title='bbox 405 1801 546 1854; x_wconf 82' lang='lat' dir='ltr'>nihil</span> <span class='ocrx_word' id='word_1_150' title='bbox 579 1801 735 1870; x_wconf 91' lang='lat' dir='ltr'>prius</span> <span class='ocrx_word' id='word_1_151' title='bbox 764 1806 864 1854; x_wconf 89' lang='lat' dir='ltr'>aut</span> <span class='ocrx_word' id='word_1_152' title='bbox 897 1801 1200 1870; x_wconf 84' lang='lat' dir='ltr'>posterius,</span> <span class='ocrx_word' id='word_1_153' title='bbox 1230 1800 1370 1854; x_wconf 84' lang='lat' dir='ltr'>nihil</span> <span class='ocrx_word' id='word_1_154' title='bbox 1411 1801 1596 1870; x_wconf 91' lang='lat' dir='ltr'>majus</span> <span class='ocrx_word' id='word_1_155' title='bbox 1650 1806 1748 1854; x_wconf 90' lang='lat' dir='ltr'>aut</span> <span class='ocrx_word' id='word_1_156' title='bbox 1783 1801 1886 1854; x_wconf 90' lang='lat' dir='ltr'>mi-</span> 
     </span>
    </p>
   </div>
   <div class='ocr_carea' id='block_1_21' title="bbox 184 1889 1892 1959">
    <p class='ocr_par' dir='ltr' id='par_1_21' title="bbox 184 1889 1892 1959">
     <span class='ocr_line' id='line_1_21' title="bbox 184 1889 1892 1959; baseline 0.002 -18"><span class='ocrx_word' id='word_1_157' title='bbox 184 1904 318 1954; x_wconf 89' lang='lat' dir='ltr'>nus,</span> <span class='ocrx_word' id='word_1_158' title='bbox 365 1889 462 1942; x_wconf 87' lang='lat' dir='ltr'>sed</span> <span class='ocrx_word' id='word_1_159' title='bbox 491 1894 621 1942; x_wconf 61' lang='lat' dir='ltr'>tota:</span> <span class='ocrx_word' id='word_1_160' title='bbox 675 1895 788 1942; x_wconf 86' lang='lat' dir='ltr'>tres</span> <span class='ocrx_word' id='word_1_161' title='bbox 849 1905 1108 1959; x_wconf 71' lang='lat' dir='ltr'>personae</span> <span class='ocrx_word' id='word_1_162' title='bbox 1141 1896 1439 1944; x_wconf 65' lang='lat' dir='ltr'>coreternaa</span> <span class='ocrx_word' id='word_1_163' title='bbox 1489 1889 1596 1944; x_wconf 87' lang='lat' dir='ltr'>sibi</span> <span class='ocrx_word' id='word_1_164' title='bbox 1652 1895 1784 1943; x_wconf 90' lang='lat' dir='ltr'>sunt</span> <span class='ocrx_word' id='word_1_165' title='bbox 1835 1895 1892 1944; x_wconf 90' lang='lat' dir='ltr'>et</span> 
     </span>
    </p>
   </div>
   <div class='ocr_carea' id='block_1_22' title="bbox 182 1977 1889 2048">
    <p class='ocr_par' dir='ltr' id='par_1_22' title="bbox 182 1977 1889 2048">
     <span class='ocr_line' id='line_1_22' title="bbox 182 1977 1889 2048; baseline 0.002 -18"><span class='ocrx_word' id='word_1_166' title='bbox 182 1978 528 2048; x_wconf 67' lang='lat' dir='ltr'>coaequales.</span> <span class='ocrx_word' id='word_1_167' title='bbox 565 1977 646 2031; x_wconf 90' lang='lat' dir='ltr'>Ita</span> <span class='ocrx_word' id='word_1_168' title='bbox 679 1989 742 2031; x_wconf 92' lang='lat' dir='ltr'>ut</span> <span class='ocrx_word' id='word_1_169' title='bbox 773 1994 873 2048; x_wconf 91' lang='lat' dir='ltr'>per</span> <span class='ocrx_word' id='word_1_170' title='bbox 901 1978 1116 2044; x_wconf 88' lang='lat' dir='ltr'>omnia,</span> <span class='ocrx_word' id='word_1_171' title='bbox 1151 1979 1294 2032; x_wconf 86' lang='lat' dir='ltr'>sicut</span> <span class='ocrx_word' id='word_1_172' title='bbox 1325 1978 1446 2048; x_wconf 90' lang='lat' dir='ltr'>jam</span> <span class='ocrx_word' id='word_1_173' title='bbox 1497 1979 1889 2048; x_wconf 89' lang='lat' dir='ltr'>supradictum</span> 
     </span>
    </p>
   </div>
   <div class='ocr_carea' id='block_1_23' title="bbox 183 2067 1878 2134">
    <p class='ocr_par' dir='ltr' id='par_1_23' title="bbox 183 2067 1878 2134">
     <span class='ocr_line' id='line_1_23' title="bbox 183 2067 1878 2134; baseline 0.003 -16"><span class='ocrx_word' id='word_1_174' title='bbox 183 2071 292 2131; x_wconf 89' lang='lat' dir='ltr'>est,</span> <span class='ocrx_word' id='word_1_175' title='bbox 328 2073 386 2119; x_wconf 90' lang='lat' dir='ltr'>et</span> <span class='ocrx_word' id='word_1_176' title='bbox 419 2067 661 2120; x_wconf 88' lang='lat' dir='ltr'>Trinitas</span> <span class='ocrx_word' id='word_1_177' title='bbox 692 2067 748 2120; x_wconf 92' lang='lat' dir='ltr'>in</span> <span class='ocrx_word' id='word_1_178' title='bbox 780 2067 1020 2134; x_wconf 88' lang='lat' dir='ltr'>unitate,</span> <span class='ocrx_word' id='word_1_179' title='bbox 1054 2073 1110 2121; x_wconf 90' lang='lat' dir='ltr'>et</span> <span class='ocrx_word' id='word_1_180' title='bbox 1164 2067 1352 2121; x_wconf 89' lang='lat' dir='ltr'>unitas</span> <span class='ocrx_word' id='word_1_181' title='bbox 1391 2068 1450 2121; x_wconf 90' lang='lat' dir='ltr'>in</span> <span class='ocrx_word' id='word_1_182' title='bbox 1481 2067 1756 2122; x_wconf 89' lang='lat' dir='ltr'>Trinitate</span> <span class='ocrx_word' id='word_1_183' title='bbox 1787 2085 1878 2123; x_wconf 77' lang='lat' dir='ltr'>ve-</span> 
     </span>
    </p>
   </div>
   <div class='ocr_carea' id='block_1_24' title="bbox 184 2155 1888 2227">
    <p class='ocr_par' dir='ltr' id='par_1_24' title="bbox 184 2155 1888 2227">
     <span class='ocr_line' id='line_1_24' title="bbox 184 2155 1888 2227; baseline 0.002 -20"><span class='ocrx_word' id='word_1_184' title='bbox 184 2155 445 2208; x_wconf 83' lang='lat' dir='ltr'>neranda</span> <span class='ocrx_word' id='word_1_185' title='bbox 472 2155 563 2208; x_wconf 87' lang='lat' dir='ltr'>sit.</span> <span class='ocrx_word' id='word_1_186' title='bbox 596 2155 699 2220; x_wconf 89' lang='lat' dir='ltr'>Qui</span> <span class='ocrx_word' id='word_1_187' title='bbox 733 2157 852 2210; x_wconf 83' lang='lat' dir='ltr'>vult</span> <span class='ocrx_word' id='word_1_188' title='bbox 877 2172 1014 2227; x_wconf 88' lang='lat' dir='ltr'>ergo</span> <span class='ocrx_word' id='word_1_189' title='bbox 1047 2158 1235 2210; x_wconf 89' lang='lat' dir='ltr'>salvus</span> <span class='ocrx_word' id='word_1_190' title='bbox 1283 2173 1426 2226; x_wconf 89' lang='lat' dir='ltr'>esse,</span> <span class='ocrx_word' id='word_1_191' title='bbox 1470 2157 1548 2212; x_wconf 91' lang='lat' dir='ltr'>ita</span> <span class='ocrx_word' id='word_1_192' title='bbox 1575 2156 1656 2227; x_wconf 58' lang='lat' dir='ltr'>Ide</span> <span class='ocrx_word' id='word_1_193' title='bbox 1701 2157 1888 2212; x_wconf 89' lang='lat' dir='ltr'>Trini-</span> 
     </span>
    </p>
   </div>
   <div class='ocr_carea' id='block_1_25' title="bbox 181 2244 624 2298">
    <p class='ocr_par' dir='ltr' id='par_1_25' title="bbox 181 2244 624 2298">
     <span class='ocr_line' id='line_1_25' title="bbox 181 2244 624 2298; baseline -0.005 -1"><span class='ocrx_word' id='word_1_194' title='bbox 181 2248 306 2297; x_wconf 88' lang='lat' dir='ltr'>tate</span> <span class='ocrx_word' id='word_1_195' title='bbox 335 2244 561 2298; x_wconf 84' lang='lat' dir='ltr'>sentiat.</span> <span class='ocrx_word' id='word_1_196' title='bbox 597 2265 624 2295; x_wconf 70' lang='grc' dir='ltr'><strong>υ</strong></span> 
     </span>
    </p>
   </div>
   <div class='ocr_carea' id='block_1_26' title="bbox 905 2351 1182 2407">
    <p class='ocr_par' dir='ltr' id='par_1_26' title="bbox 905 2351 1182 2407">
     <span class='ocr_line' id='line_1_26' title="bbox 905 2351 1182 2407; baseline -0.007 -1"><span class='ocrx_word' id='word_1_197' title='bbox 905 2351 1032 2406; x_wconf 79' lang='lat' dir='ltr'>CAP.</span> <span class='ocrx_word' id='word_1_198' title='bbox 1074 2351 1182 2407; x_wconf 80' lang='grc' dir='ltr'>ΧΧ.</span> 
     </span>
    </p>
   </div>
   <div class='ocr_carea' id='block_1_27' title="bbox 255 2475 1890 2549">
    <p class='ocr_par' dir='ltr' id='par_1_27' title="bbox 255 2475 1890 2549">
     <span class='ocr_line' id='line_1_27' title="bbox 255 2475 1890 2549; baseline 0.002 -19"><span class='ocrx_word' id='word_1_199' title='bbox 255 2475 597 2531; x_wconf 86' lang='lat' dir='ltr'>Ambrosius</span> <span class='ocrx_word' id='word_1_200' title='bbox 625 2477 1057 2532; x_wconf 86' lang='lat' dir='ltr'>Mediolanensis</span> <span class='ocrx_word' id='word_1_201' title='bbox 1087 2477 1386 2549; x_wconf 89' lang='lat' dir='ltr'>episcopus</span> <span class='ocrx_word' id='word_1_202' title='bbox 1407 2477 1467 2532; x_wconf 89' lang='lat' dir='ltr'>in</span> <span class='ocrx_word' id='word_1_203' title='bbox 1514 2478 1660 2532; x_wconf 88' lang='lat' dir='ltr'>libro</span> <span class='ocrx_word' id='word_1_204' title='bbox 1701 2479 1890 2549; x_wconf 89' lang='lat' dir='ltr'>primo</span> 
     </span>
    </p>
   </div>
   <div class='ocr_carea' id='block_1_28' title="bbox 183 2566 1888 2637">
    <p class='ocr_par' dir='ltr' id='par_1_28' title="bbox 183 2566 1888 2637">
     <span class='ocr_line' id='line_1_28' title="bbox 183 2566 1888 2637; baseline 0.002 -19"><span class='ocrx_word' id='word_1_205' title='bbox 183 2581 364 2636; x_wconf 87' lang='lat' dir='ltr'>quem</span> <span class='ocrx_word' id='word_1_206' title='bbox 419 2566 643 2634; x_wconf 88' lang='lat' dir='ltr'>scripsit</span> <span class='ocrx_word' id='word_1_207' title='bbox 688 2566 754 2620; x_wconf 88' lang='lat' dir='ltr'>ad</span> <span class='ocrx_word' id='word_1_208' title='bbox 796 2567 1129 2620; x_wconf 82' lang='lat' dir='ltr'>Gratianum</span> <span class='ocrx_word' id='word_1_209' title='bbox 1175 2567 1580 2637; x_wconf 84' lang='lat' dir='ltr'>imperatorem</span> <span class='ocrx_word' id='word_1_210' title='bbox 1615 2567 1714 2637; x_wconf 90' lang='lat' dir='ltr'>(De</span> <span class='ocrx_word' id='word_1_211' title='bbox 1756 2569 1888 2636; x_wconf 87' lang='lat' dir='ltr'>Spi-</span> 
     </span>
    </p>
   </div>
   <div class='ocr_carea' id='block_1_29' title="bbox 181 2655 1889 2726">
    <p class='ocr_par' dir='ltr' id='par_1_29' title="bbox 181 2655 1889 2726">
     <span class='ocr_line' id='line_1_29' title="bbox 181 2655 1889 2726; baseline 0.001 -18"><span class='ocrx_word' id='word_1_212' title='bbox 181 2659 302 2709; x_wconf 87' lang='lat' dir='ltr'>ritu</span> <span class='ocrx_word' id='word_1_213' title='bbox 349 2664 554 2722; x_wconf 85' lang='lat' dir='ltr'>sancto,</span> <span class='ocrx_word' id='word_1_214' title='bbox 611 2673 733 2726; x_wconf 85' lang='lat' dir='ltr'>cap.</span> <span class='ocrx_word' id='word_1_215' title='bbox 793 2659 875 2721; x_wconf 86' lang='grc'>10,</span> <span class='ocrx_word' id='word_1_216' title='bbox 930 2655 1084 2724; x_wconf 90' lang='lat' dir='ltr'>init.)</span> <span class='ocrx_word' id='word_1_217' title='bbox 1125 2672 1138 2709; x_wconf 91' lang='lat'><strong>:</strong></span> <span class='ocrx_word' id='word_1_218' title='bbox 1193 2656 1344 2721; x_wconf 87' lang='lat' dir='ltr'>Quod</span> <span class='ocrx_word' id='word_1_219' title='bbox 1373 2658 1621 2726; x_wconf 80' lang='lat' dir='ltr'>Spiritus</span> <span class='ocrx_word' id='word_1_220' title='bbox 1671 2663 1889 2710; x_wconf 90' lang='lat' dir='ltr'>sanctus</span> 
     </span>
    </p>
   </div>
   <div class='ocr_carea' id='block_1_30' title="bbox 183 2745 1889 2813">
    <p class='ocr_par' dir='ltr' id='par_1_30' title="bbox 183 2745 1889 2813">
     <span class='ocr_line' id='line_1_30' title="bbox 183 2745 1889 2813; baseline 0.001 -15"><span class='ocrx_word' id='word_1_221' title='bbox 183 2760 308 2798; x_wconf 86' lang='lat' dir='ltr'>cum</span> <span class='ocrx_word' id='word_1_222' title='bbox 349 2761 383 2797; x_wconf 89' lang='lat' dir='ltr'>a</span> <span class='ocrx_word' id='word_1_223' title='bbox 425 2747 584 2798; x_wconf 88' lang='lat' dir='ltr'>Patre</span> <span class='ocrx_word' id='word_1_224' title='bbox 630 2753 680 2798; x_wconf 86' lang='lat' dir='ltr'>et</span> <span class='ocrx_word' id='word_1_225' title='bbox 732 2745 873 2798; x_wconf 87' lang='lat' dir='ltr'>Filio</span> <span class='ocrx_word' id='word_1_226' title='bbox 905 2745 1170 2813; x_wconf 79' lang='lat' dir='ltr'>procedit,</span> <span class='ocrx_word' id='word_1_227' title='bbox 1213 2761 1320 2798; x_wconf 86' lang='lat' dir='ltr'>non</span> <span class='ocrx_word' id='word_1_228' title='bbox 1371 2749 1613 2798; x_wconf 89' lang='lat' dir='ltr'>transeat</span> <span class='ocrx_word' id='word_1_229' title='bbox 1661 2745 1725 2799; x_wconf 85' lang='lat' dir='ltr'>de</span> <span class='ocrx_word' id='word_1_230' title='bbox 1780 2747 1889 2800; x_wconf 88' lang='lat' dir='ltr'>loco</span> 
     </span>
    </p>
   </div>
   <div class='ocr_carea' id='block_1_31' title="bbox 181 2833 1892 2904">
    <p class='ocr_par' dir='ltr' id='par_1_31' title="bbox 181 2833 1892 2904">
     <span class='ocr_line' id='line_1_31' title="bbox 181 2833 1892 2904; baseline 0.003 -21"><span class='ocrx_word' id='word_1_231' title='bbox 181 2833 259 2884; x_wconf 81' lang='lat' dir='ltr'>ad</span> <span class='ocrx_word' id='word_1_232' title='bbox 304 2835 498 2900; x_wconf 85' lang='lat' dir='ltr'>locum,</span> <span class='ocrx_word' id='word_1_233' title='bbox 535 2833 610 2885; x_wconf 90' lang='lat' dir='ltr'>ita</span> <span class='ocrx_word' id='word_1_234' title='bbox 645 2838 888 2886; x_wconf 86' lang='lat' dir='ltr'>tractat:</span> <span class='ocrx_word' id='word_1_235' title='bbox 923 2853 950 2883; x_wconf 78' lang='grc' dir='ltr'>(ι</span> <span class='ocrx_word' id='word_1_236' title='bbox 1004 2833 1225 2887; x_wconf 88' lang='lat' dir='ltr'>Etenim</span> <span class='ocrx_word' id='word_1_237' title='bbox 1253 2834 1299 2886; x_wconf 90' lang='lat' dir='ltr'>si</span> <span class='ocrx_word' id='word_1_238' title='bbox 1347 2834 1416 2888; x_wconf 91' lang='lat' dir='ltr'>de</span> <span class='ocrx_word' id='word_1_239' title='bbox 1465 2835 1587 2888; x_wconf 89' lang='lat' dir='ltr'>loco</span> <span class='ocrx_word' id='word_1_240' title='bbox 1633 2835 1892 2904; x_wconf 87' lang='lat' dir='ltr'>procedit</span> 
     </span>
    </p>
   </div>
   <div class='ocr_carea' id='block_1_32' title="bbox 180 2920 1890 2990">
    <p class='ocr_par' dir='ltr' id='par_1_32' title="bbox 180 2920 1890 2990">
     <span class='ocr_line' id='line_1_32' title="bbox 180 2920 1890 2990; baseline 0.001 -16"><span class='ocrx_word' id='word_1_241' title='bbox 180 2920 456 2990; x_wconf 88' lang='lat' dir='ltr'>Spiritus,</span> <span class='ocrx_word' id='word_1_242' title='bbox 509 2926 564 2973; x_wconf 89' lang='lat' dir='ltr'>et</span> <span class='ocrx_word' id='word_1_243' title='bbox 611 2921 681 2974; x_wconf 89' lang='lat' dir='ltr'>ad</span> <span class='ocrx_word' id='word_1_244' title='bbox 749 2923 938 2975; x_wconf 90' lang='lat' dir='ltr'>locum</span> <span class='ocrx_word' id='word_1_245' title='bbox 993 2921 1215 2987; x_wconf 86' lang='lat' dir='ltr'>transit,</span> <span class='ocrx_word' id='word_1_246' title='bbox 1263 2927 1394 2988; x_wconf 89' lang='lat' dir='ltr'>etc.,</span> <span class='ocrx_word' id='word_1_247' title='bbox 1441 2937 1607 2990; x_wconf 86' lang='lat' dir='ltr'>usque</span> <span class='ocrx_word' id='word_1_248' title='bbox 1653 2923 1727 2976; x_wconf 84' lang='lat' dir='ltr'>ad</span> <span class='ocrx_word' id='word_1_249' title='bbox 1783 2924 1890 2977; x_wconf 57' lang='lat' dir='ltr'>hac</span> 
     </span>
    </p>
   </div>
   <div class='ocr_carea' id='block_1_33' title="bbox 177 3009 1893 3081">
    <p class='ocr_par' dir='ltr' id='par_1_33' title="bbox 177 3009 1893 3081">
     <span class='ocr_line' id='line_1_33' title="bbox 177 3009 1893 3081; baseline 0.002 -19"><span class='ocrx_word' id='word_1_250' title='bbox 177 3009 351 3062; x_wconf 85' lang='lat' dir='ltr'>verba</span> <span class='ocrx_word' id='word_1_251' title='bbox 377 3027 389 3062; x_wconf 89' lang='lat'><strong>:</strong></span> <span class='ocrx_word' id='word_1_252' title='bbox 420 3010 485 3062; x_wconf 85' lang='lat' dir='ltr'>Et</span> <span class='ocrx_word' id='word_1_253' title='bbox 534 3011 789 3064; x_wconf 85' lang='lat' dir='ltr'>revelasti</span> <span class='ocrx_word' id='word_1_254' title='bbox 817 3028 884 3065; x_wconf 91' lang='lat' dir='ltr'>ea</span> <span class='ocrx_word' id='word_1_255' title='bbox 930 3010 1204 3081; x_wconf 85' lang='lat' dir='ltr'>parvulis,</span> <span class='ocrx_word' id='word_1_256' title='bbox 1240 3027 1359 3080; x_wconf 65' lang='lat' dir='ltr'>qua:</span> <span class='ocrx_word' id='word_1_257' title='bbox 1399 3012 1564 3076; x_wconf 80' lang='lat' dir='ltr'>ﬁnem</span> <span class='ocrx_word' id='word_1_258' title='bbox 1593 3013 1766 3081; x_wconf 79' lang='lat' dir='ltr'>capiti</span> <span class='ocrx_word' id='word_1_259' title='bbox 1797 3013 1893 3066; x_wconf 89' lang='lat' dir='ltr'>im-</span> 
     </span>
    </p>
   </div>
   <div class='ocr_carea' id='block_1_34' title="bbox 175 3103 480 3167">
    <p class='ocr_par' dir='ltr' id='par_1_34' title="bbox 175 3103 480 3167">
     <span class='ocr_line' id='line_1_34' title="bbox 175 3103 480 3167; baseline -0.013 -15"><span class='ocrx_word' id='word_1_260' title='bbox 175 3103 418 3167; x_wconf 72' lang='lat' dir='ltr'>po::unt.</span> <span class='ocrx_word' id='word_1_261' title='bbox 453 3117 480 3148; x_wconf 69' lang='grc' dir='ltr'><strong>υ</strong></span> 
     </span>
    </p>
   </div>
   <div class='ocr_carea' id='block_1_35' title="bbox 889 3205 1192 3259">
    <p class='ocr_par' dir='ltr' id='par_1_35' title="bbox 889 3205 1192 3259">
     <span class='ocr_line' id='line_1_35' title="bbox 889 3205 1192 3259; baseline -0.003 0"><span class='ocrx_word' id='word_1_262' title='bbox 889 3205 1017 3259; x_wconf 81' lang='lat' dir='ltr'>CAP.</span> <span class='ocrx_word' id='word_1_263' title='bbox 1059 3205 1192 3259; x_wconf 79' lang='lat' dir='ltr'>XXI.</span> 
     </span>
    </p>
   </div>
   <div class='ocr_carea' id='block_1_36' title="bbox 254 3324 1892 3396">
    <p class='ocr_par' dir='ltr' id='par_1_36' title="bbox 254 3324 1892 3396">
     <span class='ocr_line' id='line_1_36' title="bbox 254 3324 1892 3396; baseline 0.002 -18"><span class='ocrx_word' id='word_1_264' title='bbox 254 3326 404 3379; x_wconf 88' lang='lat' dir='ltr'>Item</span> <span class='ocrx_word' id='word_1_265' title='bbox 437 3324 588 3378; x_wconf 90' lang='lat' dir='ltr'>idem</span> <span class='ocrx_word' id='word_1_266' title='bbox 631 3325 752 3394; x_wconf 90' lang='lat' dir='ltr'>ipse</span> <span class='ocrx_word' id='word_1_267' title='bbox 805 3325 862 3378; x_wconf 89' lang='lat' dir='ltr'>in</span> <span class='ocrx_word' id='word_1_268' title='bbox 907 3325 1159 3379; x_wconf 88' lang='lat' dir='ltr'>secundo</span> <span class='ocrx_word' id='word_1_269' title='bbox 1211 3325 1402 3380; x_wconf 83' lang='lat' dir='ltr'>libro:</span> <span class='ocrx_word' id='word_1_270' title='bbox 1450 3326 1606 3390; x_wconf 87' lang='lat' dir='ltr'>Quod</span> <span class='ocrx_word' id='word_1_271' title='bbox 1643 3327 1892 3396; x_wconf 84' lang='lat' dir='ltr'>Spiritus</span> 
     </span>
    </p>
   </div>
   <div class='ocr_carea' id='block_1_37' title="bbox 177 3415 1888 3482">
    <p class='ocr_par' dir='ltr' id='par_1_37' title="bbox 177 3415 1888 3482">
     <span class='ocr_line' id='line_1_37' title="bbox 177 3415 1888 3482; baseline 0.002 -16"><span class='ocrx_word' id='word_1_272' title='bbox 177 3421 409 3466; x_wconf 85' lang='lat' dir='ltr'>sanctus</span> <span class='ocrx_word' id='word_1_273' title='bbox 436 3417 576 3468; x_wconf 85' lang='lat' dir='ltr'>sicut</span> <span class='ocrx_word' id='word_1_274' title='bbox 609 3416 849 3467; x_wconf 86' lang='lat' dir='ltr'>mittitur</span> <span class='ocrx_word' id='word_1_275' title='bbox 876 3429 909 3467; x_wconf 84' lang='grc' dir='ltr'>α</span> <span class='ocrx_word' id='word_1_276' title='bbox 931 3417 1110 3478; x_wconf 83' lang='lat' dir='ltr'>Patre,</span> <span class='ocrx_word' id='word_1_277' title='bbox 1157 3417 1238 3468; x_wconf 87' lang='lat' dir='ltr'>ita</span> <span class='ocrx_word' id='word_1_278' title='bbox 1277 3417 1517 3469; x_wconf 85' lang='lat' dir='ltr'>mittitur</span> <span class='ocrx_word' id='word_1_279' title='bbox 1549 3420 1599 3470; x_wconf 90' lang='lat' dir='ltr'>et</span> <span class='ocrx_word' id='word_1_280' title='bbox 1641 3433 1675 3469; x_wconf 92' lang='lat' dir='ltr'>a</span> <span class='ocrx_word' id='word_1_281' title='bbox 1719 3415 1888 3482; x_wconf 87' lang='lat' dir='ltr'>Filio,</span> 
     </span>
    </p>
   </div>
   <div class='ocr_carea' id='block_1_38' title="bbox 177 3504 1893 3576">
    <p class='ocr_par' dir='ltr' id='par_1_38' title="bbox 177 3504 1893 3576">
     <span class='ocr_line' id='line_1_38' title="bbox 177 3504 1893 3576; baseline 0.002 -21"><span class='ocrx_word' id='word_1_282' title='bbox 177 3508 229 3556; x_wconf 88' lang='lat' dir='ltr'>et</span> <span class='ocrx_word' id='word_1_283' title='bbox 267 3504 446 3556; x_wconf 81' lang='lat' dir='ltr'>Filius</span> <span class='ocrx_word' id='word_1_284' title='bbox 491 3505 606 3571; x_wconf 89' lang='lat' dir='ltr'>ipse</span> <span class='ocrx_word' id='word_1_285' title='bbox 649 3506 887 3556; x_wconf 84' lang='lat' dir='ltr'>mittitur</span> <span class='ocrx_word' id='word_1_286' title='bbox 936 3519 968 3556; x_wconf 91' lang='lat' dir='ltr'>a</span> <span class='ocrx_word' id='word_1_287' title='bbox 1017 3505 1258 3571; x_wconf 83' lang='lat' dir='ltr'>Spiritu.</span> <span class='ocrx_word' id='word_1_288' title='bbox 1332 3525 1353 3553; x_wconf 78' lang='grc' dir='ltr'>ι</span> <span class='ocrx_word' id='word_1_289' title='bbox 1393 3505 1700 3559; x_wconf 87' lang='lat' dir='ltr'>Considera</span> <span class='ocrx_word' id='word_1_290' title='bbox 1757 3505 1893 3576; x_wconf 87' lang='lat' dir='ltr'>quia</span> 
     </span>
    </p>
   </div>
   <div class='ocr_carea' id='block_1_39' title="bbox 175 3591 1888 3660">
    <p class='ocr_par' dir='ltr' id='par_1_39' title="bbox 175 3591 1888 3660">
     <span class='ocr_line' id='line_1_39' title="bbox 175 3591 1888 3660; baseline 0.001 -15"><span class='ocrx_word' id='word_1_291' title='bbox 175 3591 470 3645; x_wconf 91' lang='lat' dir='ltr'>Dominus</span> <span class='ocrx_word' id='word_1_292' title='bbox 511 3597 702 3644; x_wconf 90' lang='lat' dir='ltr'>noster</span> <span class='ocrx_word' id='word_1_293' title='bbox 729 3593 886 3645; x_wconf 85' lang='lat' dir='ltr'>Jesus</span> <span class='ocrx_word' id='word_1_294' title='bbox 918 3592 1174 3646; x_wconf 85' lang='lat' dir='ltr'>Christus</span> <span class='ocrx_word' id='word_1_295' title='bbox 1222 3592 1280 3646; x_wconf 89' lang='lat' dir='ltr'>in</span> <span class='ocrx_word' id='word_1_296' title='bbox 1331 3593 1474 3646; x_wconf 85' lang='lat' dir='ltr'>Isaia</span> <span class='ocrx_word' id='word_1_297' title='bbox 1518 3594 1739 3647; x_wconf 89' lang='lat' dir='ltr'>locutus</span> <span class='ocrx_word' id='word_1_298' title='bbox 1784 3598 1888 3660; x_wconf 87' lang='lat' dir='ltr'>est,</span> 
     </span>
    </p>
   </div>
   <div class='ocr_carea' id='block_1_40' title="bbox 173 3680 1889 3752">
    <p class='ocr_par' dir='ltr' id='par_1_40' title="bbox 173 3680 1889 3752">
     <span class='ocr_line' id='line_1_40' title="bbox 173 3680 1889 3752; baseline 0.002 -19"><span class='ocrx_word' id='word_1_299' title='bbox 173 3697 207 3733; x_wconf 86' lang='lat' dir='ltr'>a</span> <span class='ocrx_word' id='word_1_300' title='bbox 232 3680 463 3750; x_wconf 87' lang='lat' dir='ltr'>Spiritu</span> <span class='ocrx_word' id='word_1_301' title='bbox 495 3685 684 3733; x_wconf 89' lang='lat' dir='ltr'>sancto</span> <span class='ocrx_word' id='word_1_302' title='bbox 717 3697 836 3734; x_wconf 89' lang='lat' dir='ltr'>esse</span> <span class='ocrx_word' id='word_1_303' title='bbox 864 3697 922 3734; x_wconf 91' lang='lat' dir='ltr'>se</span> <span class='ocrx_word' id='word_1_304' title='bbox 967 3681 1221 3736; x_wconf 88' lang='lat' dir='ltr'>missum.</span> <span class='ocrx_word' id='word_1_305' title='bbox 1260 3681 1530 3752; x_wconf 88' lang='lat' dir='ltr'>Nunquid</span> <span class='ocrx_word' id='word_1_306' title='bbox 1582 3699 1717 3751; x_wconf 89' lang='lat' dir='ltr'>ergo</span> <span class='ocrx_word' id='word_1_307' title='bbox 1765 3683 1889 3752; x_wconf 86' lang='lat' dir='ltr'>Spi-</span> 
     </span>
    </p>
   </div>
   <div class='ocr_carea' id='block_1_41' title="bbox 175 3769 1889 3841">
    <p class='ocr_par' dir='ltr' id='par_1_41' title="bbox 175 3769 1889 3841">
     <span class='ocr_line' id='line_1_41' title="bbox 175 3769 1889 3841; baseline 0.002 -19"><span class='ocrx_word' id='word_1_308' title='bbox 175 3770 294 3822; x_wconf 87' lang='lat' dir='ltr'>ritu</span> <span class='ocrx_word' id='word_1_309' title='bbox 328 3769 522 3822; x_wconf 91' lang='lat' dir='ltr'>minor</span> <span class='ocrx_word' id='word_1_310' title='bbox 553 3769 743 3835; x_wconf 79' lang='lat' dir='ltr'>Filius,</span> <span class='ocrx_word' id='word_1_311' title='bbox 775 3770 907 3840; x_wconf 84' lang='lat' dir='ltr'>quia</span> <span class='ocrx_word' id='word_1_312' title='bbox 955 3772 1161 3824; x_wconf 87' lang='lat' dir='ltr'>missus</span> <span class='ocrx_word' id='word_1_313' title='bbox 1203 3789 1236 3823; x_wconf 88' lang='lat' dir='ltr'>a</span> <span class='ocrx_word' id='word_1_314' title='bbox 1271 3771 1486 3841; x_wconf 89' lang='lat' dir='ltr'>Spiritu</span> <span class='ocrx_word' id='word_1_315' title='bbox 1543 3773 1669 3825; x_wconf 84' lang='lat' dir='ltr'>est?</span> <span class='ocrx_word' id='word_1_316' title='bbox 1709 3773 1889 3826; x_wconf 80' lang='lat' dir='ltr'>[Iabes</span> 
     </span>
    </p>
   </div>
   <div class='ocr_carea' id='block_1_42' title="bbox 172 3857 1890 3930">
    <p class='ocr_par' dir='ltr' id='par_1_42' title="bbox 172 3857 1890 3930">
     <span class='ocr_line' id='line_1_42' title="bbox 172 3857 1890 3930; baseline 0.002 -20"><span class='ocrx_word' id='word_1_317' title='bbox 172 3857 358 3927; x_wconf 83' lang='lat' dir='ltr'>igitur</span> <span class='ocrx_word' id='word_1_318' title='bbox 391 3857 690 3927; x_wconf 90' lang='lat' dir='ltr'>scriptum,</span> <span class='ocrx_word' id='word_1_319' title='bbox 723 3858 875 3928; x_wconf 91' lang='lat' dir='ltr'>quod</span> <span class='ocrx_word' id='word_1_320' title='bbox 928 3859 1100 3912; x_wconf 78' lang='lat' dir='ltr'>Filius</span> <span class='ocrx_word' id='word_1_321' title='bbox 1130 3876 1163 3912; x_wconf 95' lang='lat' dir='ltr'>a</span> <span class='ocrx_word' id='word_1_322' title='bbox 1213 3861 1376 3913; x_wconf 86' lang='lat' dir='ltr'>Patre</span> <span class='ocrx_word' id='word_1_323' title='bbox 1428 3864 1484 3912; x_wconf 90' lang='lat' dir='ltr'>et</span> <span class='ocrx_word' id='word_1_324' title='bbox 1522 3860 1735 3930; x_wconf 89' lang='lat' dir='ltr'>Spiritu</span> <span class='ocrx_word' id='word_1_325' title='bbox 1767 3862 1890 3929; x_wconf 85' lang='lat' dir='ltr'>ejus</span> 
     </span>
    </p>
   </div>
   <div class='ocr_carea' id='block_1_43' title="bbox 171 3945 1889 4018">
    <p class='ocr_par' dir='ltr' id='par_1_43' title="bbox 171 3945 1889 4018">
     <span class='ocr_line' id='line_1_43' title="bbox 171 3945 1889 4018; baseline 0.002 -19"><span class='ocrx_word' id='word_1_326' title='bbox 171 3946 331 4000; x_wconf 83' lang='lat' dir='ltr'>dicat</span> <span class='ocrx_word' id='word_1_327' title='bbox 361 3962 487 3998; x_wconf 89' lang='lat' dir='ltr'>esse</span> <span class='ocrx_word' id='word_1_328' title='bbox 516 3962 572 3998; x_wconf 92' lang='lat' dir='ltr'>se</span> <span class='ocrx_word' id='word_1_329' title='bbox 603 3945 862 3999; x_wconf 86' lang='lat' dir='ltr'>missum.</span> <span class='ocrx_word' id='word_1_330' title='bbox 906 3949 1018 4012; x_wconf 83' lang='lat' dir='ltr'>Ego</span> <span class='ocrx_word' id='word_1_331' title='bbox 1065 3963 1204 4012; x_wconf 86' lang='lat' dir='ltr'>sum,</span> <span class='ocrx_word' id='word_1_332' title='bbox 1254 3947 1461 4018; x_wconf 90' lang='lat' dir='ltr'>inquit,</span> <span class='ocrx_word' id='word_1_333' title='bbox 1514 3951 1743 4016; x_wconf 86' lang='lat' dir='ltr'>primus,</span> <span class='ocrx_word' id='word_1_334' title='bbox 1796 3965 1889 4016; x_wconf 75' lang='lat' dir='ltr'>ego</span> 
     </span>
    </p>
   </div>
   <div class='ocr_carea' id='block_1_44' title="bbox 171 4036 1890 4104">
    <p class='ocr_par' dir='ltr' id='par_1_44' title="bbox 171 4036 1890 4104">
     <span class='ocr_line' id='line_1_44' title="bbox 171 4036 1890 4104; baseline 0.002 -16"><span class='ocrx_word' id='word_1_335' title='bbox 171 4038 228 4088; x_wconf 85' lang='lat' dir='ltr'>in</span> <span class='ocrx_word' id='word_1_336' title='bbox 259 4039 552 4095; x_wconf 76' lang='lat' dir='ltr'>aeternum,</span> <span class='ocrx_word' id='word_1_337' title='bbox 586 4040 634 4087; x_wconf 89' lang='lat' dir='ltr'>et</span> <span class='ocrx_word' id='word_1_338' title='bbox 664 4050 855 4088; x_wconf 82' lang='lat' dir='ltr'>manus</span> <span class='ocrx_word' id='word_1_339' title='bbox 905 4052 1019 4089; x_wconf 87' lang='lat' dir='ltr'>mea</span> <span class='ocrx_word' id='word_1_340' title='bbox 1073 4036 1332 4100; x_wconf 78' lang='lat' dir='ltr'>fundavit</span> <span class='ocrx_word' id='word_1_341' title='bbox 1387 4042 1608 4104; x_wconf 86' lang='lat' dir='ltr'>terram,</span> <span class='ocrx_word' id='word_1_342' title='bbox 1665 4037 1890 4092; x_wconf 68' lang='lat' dir='ltr'>dextera</span> 
     </span>
    </p>
   </div>
   <div class='ocr_carea' id='block_1_45' title="bbox 169 4123 1889 4193">
    <p class='ocr_par' dir='ltr' id='par_1_45' title="bbox 169 4123 1889 4193">
     <span class='ocr_line' id='line_1_45' title="bbox 169 4123 1889 4193; baseline 0.003 -18"><span class='ocrx_word' id='word_1_343' title='bbox 169 4140 294 4176; x_wconf 81' lang='lat' dir='ltr'>mea</span> <span class='ocrx_word' id='word_1_344' title='bbox 325 4123 591 4177; x_wconf 79' lang='lat' dir='ltr'>solidavit</span> <span class='ocrx_word' id='word_1_345' title='bbox 619 4124 843 4189; x_wconf 60' lang='lat' dir='ltr'>caelum;</span> <span class='ocrx_word' id='word_1_346' title='bbox 876 4129 931 4177; x_wconf 91' lang='lat' dir='ltr'>et</span> <span class='ocrx_word' id='word_1_347' title='bbox 960 4124 1108 4177; x_wconf 83' lang='lat' dir='ltr'>infra</span> <span class='ocrx_word' id='word_1_348' title='bbox 1139 4140 1151 4177; x_wconf 92' lang='lat'><strong>:</strong></span> <span class='ocrx_word' id='word_1_349' title='bbox 1195 4126 1317 4190; x_wconf 86' lang='lat' dir='ltr'>Ego</span> <span class='ocrx_word' id='word_1_350' title='bbox 1360 4126 1564 4178; x_wconf 88' lang='lat' dir='ltr'>locutus</span> <span class='ocrx_word' id='word_1_351' title='bbox 1609 4141 1749 4190; x_wconf 89' lang='lat' dir='ltr'>sum,</span> <span class='ocrx_word' id='word_1_352' title='bbox 1796 4143 1889 4193; x_wconf 88' lang='lat' dir='ltr'>ego</span> 
     </span>
    </p>
   </div>
   <div class='ocr_carea' id='block_1_46' title="bbox 170 4211 1884 4282">
    <p class='ocr_par' dir='ltr' id='par_1_46' title="bbox 170 4211 1884 4282">
     <span class='ocr_line' id='line_1_46' title="bbox 170 4211 1884 4282; baseline 0.002 -16"><span class='ocrx_word' id='word_1_353' title='bbox 170 4213 392 4277; x_wconf 78' lang='lat' dir='ltr'>vocavi,</span> <span class='ocrx_word' id='word_1_354' title='bbox 429 4226 523 4276; x_wconf 82' lang='lat' dir='ltr'>ego</span> <span class='ocrx_word' id='word_1_355' title='bbox 573 4211 789 4265; x_wconf 67' lang='lat' dir='ltr'>adduxi</span> <span class='ocrx_word' id='word_1_356' title='bbox 833 4229 970 4277; x_wconf 86' lang='lat' dir='ltr'>eum,</span> <span class='ocrx_word' id='word_1_357' title='bbox 1022 4217 1072 4266; x_wconf 90' lang='lat' dir='ltr'>et</span> <span class='ocrx_word' id='word_1_358' title='bbox 1104 4228 1425 4281; x_wconf 83' lang='lat' dir='ltr'>prosperum</span> <span class='ocrx_word' id='word_1_359' title='bbox 1464 4218 1569 4266; x_wconf 82' lang='lat' dir='ltr'>iter</span> <span class='ocrx_word' id='word_1_360' title='bbox 1619 4215 1736 4282; x_wconf 88' lang='lat' dir='ltr'>ejus</span> <span class='ocrx_word' id='word_1_361' title='bbox 1761 4217 1884 4281; x_wconf 81' lang='lat' dir='ltr'>feci.</span> 
     </span>
    </p>
   </div>
   <div class='ocr_carea' id='block_1_47' title="bbox 1994 484 3037 555">
    <p class='ocr_par' dir='ltr' id='par_1_47' title="bbox 1994 484 3037 555">
     <span class='ocr_line' id='line_1_47' title="bbox 1994 484 3037 555; baseline -0.005 -15"><span class='ocrx_word' id='word_1_362' title='bbox 1994 486 2165 540; x_wconf 85' lang='lat' dir='ltr'>mittit</span> <span class='ocrx_word' id='word_1_363' title='bbox 2198 488 2378 552; x_wconf 87' lang='lat' dir='ltr'>Pater,</span> <span class='ocrx_word' id='word_1_364' title='bbox 2415 484 2587 538; x_wconf 89' lang='lat' dir='ltr'>mittit</span> <span class='ocrx_word' id='word_1_365' title='bbox 2617 491 2673 539; x_wconf 89' lang='lat' dir='ltr'>et</span> <span class='ocrx_word' id='word_1_366' title='bbox 2710 486 2974 555; x_wconf 81' lang='lat' dir='ltr'>Spiritus.</span> <span class='ocrx_word' id='word_1_367' title='bbox 3010 506 3037 535; x_wconf 68' lang='grc' dir='ltr'><strong><em>ι</em></strong></span> 
     </span>
    </p>
   </div>
   <div class='ocr_carea' id='block_1_48' title="bbox 2671 613 2998 668">
    <p class='ocr_par' dir='ltr' id='par_1_48' title="bbox 2671 613 2998 668">
     <span class='ocr_line' id='line_1_48' title="bbox 2671 613 2998 668; baseline 0.003 -4"><span class='ocrx_word' id='word_1_368' title='bbox 2671 613 2798 665; x_wconf 64' lang='grc' dir='ltr'><strong>(ΞΜ).</strong></span> <span class='ocrx_word' id='word_1_369' title='bbox 2841 614 2998 668; x_wconf 74' lang='lat' dir='ltr'>XXII.</span> 
     </span>
    </p>
   </div>
   <div class='ocr_carea' id='block_1_49' title="bbox 2066 715 3685 788">
    <p class='ocr_par' dir='ltr' id='par_1_49' title="bbox 2066 715 3685 788">
     <span class='ocr_line' id='line_1_49' title="bbox 2066 715 3685 788; baseline -0.002 -18"><span class='ocrx_word' id='word_1_370' title='bbox 2066 719 2204 772; x_wconf 88' lang='lat' dir='ltr'>Item</span> <span class='ocrx_word' id='word_1_371' title='bbox 2237 716 2386 771; x_wconf 90' lang='lat' dir='ltr'>idem</span> <span class='ocrx_word' id='word_1_372' title='bbox 2417 717 2475 770; x_wconf 88' lang='lat' dir='ltr'>in</span> <span class='ocrx_word' id='word_1_373' title='bbox 2508 717 2651 770; x_wconf 87' lang='lat' dir='ltr'>libro</span> <span class='ocrx_word' id='word_1_374' title='bbox 2681 717 2842 769; x_wconf 86' lang='lat' dir='ltr'>tertio</span> <span class='ocrx_word' id='word_1_375' title='bbox 2881 717 3021 787; x_wconf 87' lang='lat' dir='ltr'>(cap.</span> <span class='ocrx_word' id='word_1_376' title='bbox 3065 721 3080 772; x_wconf 93' lang='grc'>1</span> <span class='ocrx_word' id='word_1_377' title='bbox 3127 724 3176 771; x_wconf 89' lang='lat' dir='ltr'>et</span> <span class='ocrx_word' id='word_1_378' title='bbox 3206 718 3257 788; x_wconf 78' lang='lat'>‘2)</span> <span class='ocrx_word' id='word_1_379' title='bbox 3287 735 3302 770; x_wconf 88' lang='lat'><strong><em>:</em></strong></span> <span class='ocrx_word' id='word_1_380' title='bbox 3353 715 3506 782; x_wconf 90' lang='lat' dir='ltr'>Quod</span> <span class='ocrx_word' id='word_1_381' title='bbox 3552 716 3685 782; x_wconf 88' lang='lat' dir='ltr'>Spi-</span> 
     </span>
    </p>
   </div>
   <div class='ocr_carea' id='block_1_50' title="bbox 1992 803 3682 870">
    <p class='ocr_par' dir='ltr' id='par_1_50' title="bbox 1992 803 3682 870">
     <span class='ocr_line' id='line_1_50' title="bbox 1992 803 3682 870; baseline -0.004 -12"><span class='ocrx_word' id='word_1_382' title='bbox 1992 808 2132 859; x_wconf 85' lang='lat' dir='ltr'>ritus</span> <span class='ocrx_word' id='word_1_383' title='bbox 2162 811 2378 859; x_wconf 85' lang='lat' dir='ltr'>sanetus</span> <span class='ocrx_word' id='word_1_384' title='bbox 2417 822 2451 858; x_wconf 90' lang='lat' dir='ltr'>a</span> <span class='ocrx_word' id='word_1_385' title='bbox 2503 808 2661 859; x_wconf 81' lang='lat' dir='ltr'>Patre</span> <span class='ocrx_word' id='word_1_386' title='bbox 2699 807 2770 858; x_wconf 90' lang='lat' dir='ltr'>sit</span> <span class='ocrx_word' id='word_1_387' title='bbox 2801 809 2994 858; x_wconf 89' lang='lat' dir='ltr'>missus</span> <span class='ocrx_word' id='word_1_388' title='bbox 3045 811 3094 859; x_wconf 85' lang='lat' dir='ltr'>et</span> <span class='ocrx_word' id='word_1_389' title='bbox 3124 808 3288 870; x_wconf 80' lang='lat' dir='ltr'>Filio;</span> <span class='ocrx_word' id='word_1_390' title='bbox 3329 807 3422 856; x_wconf 87' lang='lat' dir='ltr'>ubi</span> <span class='ocrx_word' id='word_1_391' title='bbox 3471 803 3682 863; x_wconf 84' lang='lat' dir='ltr'>missio,</span> 
     </span>
    </p>
   </div>
   <div class='ocr_carea' id='block_1_51' title="bbox 1989 893 3682 964">
    <p class='ocr_par' dir='ltr' id='par_1_51' title="bbox 1989 893 3682 964">
     <span class='ocr_line' id='line_1_51' title="bbox 1989 893 3682 964; baseline -0.005 -16"><span class='ocrx_word' id='word_1_392' title='bbox 1989 897 2258 964; x_wconf 86' lang='lat' dir='ltr'>processio</span> <span class='ocrx_word' id='word_1_393' title='bbox 2306 896 2649 961; x_wconf 77' lang='lat' dir='ltr'>intelligitur.</span> <span class='ocrx_word' id='word_1_394' title='bbox 2697 913 2724 943; x_wconf 75' lang='grc' dir='ltr'>(ι</span> <span class='ocrx_word' id='word_1_395' title='bbox 2771 893 3049 962; x_wconf 88' lang='lat' dir='ltr'>Spiritum</span> <span class='ocrx_word' id='word_1_396' title='bbox 3112 909 3342 964; x_wconf 89' lang='lat' dir='ltr'>quoque</span> <span class='ocrx_word' id='word_1_397' title='bbox 3391 897 3448 945; x_wconf 86' lang='lat' dir='ltr'>et</span> <span class='ocrx_word' id='word_1_398' title='bbox 3516 893 3682 944; x_wconf 72' lang='lat' dir='ltr'>Pater</span> 
     </span>
    </p>
   </div>
   <div class='ocr_carea' id='block_1_52' title="bbox 1995 981 3683 1053">
    <p class='ocr_par' dir='ltr' id='par_1_52' title="bbox 1995 981 3683 1053">
     <span class='ocr_line' id='line_1_52' title="bbox 1995 981 3683 1053; baseline -0.004 -17"><span class='ocrx_word' id='word_1_399' title='bbox 1995 983 2148 1036; x_wconf 86' lang='lat' dir='ltr'>misit</span> <span class='ocrx_word' id='word_1_400' title='bbox 2181 989 2240 1036; x_wconf 92' lang='lat' dir='ltr'>ut</span> <span class='ocrx_word' id='word_1_401' title='bbox 2271 983 2460 1043; x_wconf 81' lang='lat' dir='ltr'>Filius,</span> <span class='ocrx_word' id='word_1_402' title='bbox 2494 985 2658 1036; x_wconf 79' lang='lat' dir='ltr'>Pater</span> <span class='ocrx_word' id='word_1_403' title='bbox 2693 983 2846 1035; x_wconf 68' lang='lat' dir='ltr'>misit</span> <span class='ocrx_word' id='word_1_404' title='bbox 2877 983 3011 1053; x_wconf 85' lang='lat' dir='ltr'>quia</span> <span class='ocrx_word' id='word_1_405' title='bbox 3041 983 3316 1051; x_wconf 89' lang='lat' dir='ltr'>scriptum</span> <span class='ocrx_word' id='word_1_406' title='bbox 3351 985 3434 1034; x_wconf 91' lang='lat' dir='ltr'>est</span> <span class='ocrx_word' id='word_1_407' title='bbox 3466 996 3477 1032; x_wconf 93' lang='lat'><strong>:</strong></span> <span class='ocrx_word' id='word_1_408' title='bbox 3513 981 3683 1032; x_wconf 87' lang='lat' dir='ltr'>Para-</span> 
     </span>
    </p>
   </div>
   <div class='ocr_carea' id='block_1_53' title="bbox 1994 1071 3684 1140">
    <p class='ocr_par' dir='ltr' id='par_1_53' title="bbox 1994 1071 3684 1140">
     <span class='ocr_line' id='line_1_53' title="bbox 1994 1071 3684 1140; baseline -0.006 -13"><span class='ocrx_word' id='word_1_409' title='bbox 1994 1073 2155 1127; x_wconf 85' lang='lat' dir='ltr'>cletus</span> <span class='ocrx_word' id='word_1_410' title='bbox 2183 1077 2358 1125; x_wconf 89' lang='lat' dir='ltr'>autem</span> <span class='ocrx_word' id='word_1_411' title='bbox 2406 1073 2496 1126; x_wconf 79' lang='lat' dir='ltr'>ille</span> <span class='ocrx_word' id='word_1_412' title='bbox 2535 1073 2777 1140; x_wconf 83' lang='lat' dir='ltr'>Spiritus</span> <span class='ocrx_word' id='word_1_413' title='bbox 2830 1079 3046 1126; x_wconf 86' lang='lat' dir='ltr'>sanctus</span> <span class='ocrx_word' id='word_1_414' title='bbox 3105 1088 3261 1140; x_wconf 82' lang='lat' dir='ltr'>quem</span> <span class='ocrx_word' id='word_1_415' title='bbox 3307 1072 3480 1123; x_wconf 84' lang='lat' dir='ltr'>mittet</span> <span class='ocrx_word' id='word_1_416' title='bbox 3527 1071 3684 1121; x_wconf 85' lang='lat' dir='ltr'>l&#39;ater</span> 
     </span>
    </p>
   </div>
   <div class='ocr_carea' id='block_1_54' title="bbox 3465 1156 3686 1226">
    <p class='ocr_par' dir='ltr' id='par_1_54' title="bbox 3465 1156 3686 1226">
     <span class='ocr_line' id='line_1_54' title="bbox 3465 1156 3686 1226; baseline -0.014 -15"><span class='ocrx_word' id='word_1_417' title='bbox 3465 1156 3686 1226; x_wconf 86' lang='lat' dir='ltr'>Digitus</span> 
     </span>
    </p>
   </div>
   <div class='ocr_carea' id='block_1_55' title="bbox 2659 1377 3009 1431">
    <p class='ocr_par' dir='ltr' id='par_1_55' title="bbox 2659 1377 3009 1431">
     <span class='ocr_line' id='line_1_55' title="bbox 2659 1377 3009 1431; baseline 0 -1"><span class='ocrx_word' id='word_1_418' title='bbox 2659 1377 2786 1430; x_wconf 81' lang='lat' dir='ltr'>CAP.</span> <span class='ocrx_word' id='word_1_419' title='bbox 2830 1377 3009 1431; x_wconf 72' lang='lat' dir='ltr'>XXIII.</span> 
     </span>
    </p>
   </div>
   <div class='ocr_carea' id='block_1_56' title="bbox 2067 1479 3754 1553">
    <p class='ocr_par' dir='ltr' id='par_1_56' title="bbox 2067 1479 3754 1553">
     <span class='ocr_line' id='line_1_56' title="bbox 2067 1479 3754 1553; baseline -0.002 -16"><span class='ocrx_word' id='word_1_420' title='bbox 2067 1485 2208 1538; x_wconf 92' lang='lat' dir='ltr'>Item</span> <span class='ocrx_word' id='word_1_421' title='bbox 2255 1483 2404 1536; x_wconf 89' lang='lat' dir='ltr'>idem</span> <span class='ocrx_word' id='word_1_422' title='bbox 2454 1482 2574 1552; x_wconf 87' lang='lat' dir='ltr'>ipse</span> <span class='ocrx_word' id='word_1_423' title='bbox 2625 1483 2683 1536; x_wconf 90' lang='lat' dir='ltr'>in</span> <span class='ocrx_word' id='word_1_424' title='bbox 2733 1484 2931 1537; x_wconf 88' lang='lat' dir='ltr'>eodem</span> <span class='ocrx_word' id='word_1_425' title='bbox 2968 1485 3110 1538; x_wconf 89' lang='lat' dir='ltr'>libro</span> <span class='ocrx_word' id='word_1_426' title='bbox 3147 1484 3288 1553; x_wconf 88' lang='lat' dir='ltr'>(cap.</span> <span class='ocrx_word' id='word_1_427' title='bbox 3331 1485 3398 1537; x_wconf 79' lang='lat' dir='ltr'>2O</span> <span class='ocrx_word' id='word_1_428' title='bbox 3446 1486 3494 1535; x_wconf 89' lang='lat' dir='ltr'>et</span> <span class='ocrx_word' id='word_1_429' title='bbox 3544 1479 3632 1549; x_wconf 75' lang='grc'>21)</span> <span class='ocrx_word' id='word_1_430' title='bbox 3672 1496 3684 1534; x_wconf 87' lang='lat'><strong>:</strong></span> <span class='ocrx_word' id='word_1_431' title='bbox 3739 1537 3754 1548; x_wconf 36' lang='grc' dir='ltr'><em>λ</em></span> 
     </span>
    </p>
   </div>
   <div class='ocr_carea' id='block_1_57' title="bbox 1997 1571 3690 1641">
    <p class='ocr_par' dir='ltr' id='par_1_57' title="bbox 1997 1571 3690 1641">
     <span class='ocr_line' id='line_1_57' title="bbox 1997 1571 3690 1641; baseline -0.004 -15"><span class='ocrx_word' id='word_1_432' title='bbox 1997 1573 2152 1639; x_wconf 88' lang='lat' dir='ltr'>Quod</span> <span class='ocrx_word' id='word_1_433' title='bbox 2196 1574 2392 1640; x_wconf 82' lang='lat' dir='ltr'>ﬂuvius</span> <span class='ocrx_word' id='word_1_434' title='bbox 2441 1571 2505 1624; x_wconf 88' lang='lat' dir='ltr'>de</span> <span class='ocrx_word' id='word_1_435' title='bbox 2555 1571 2676 1626; x_wconf 87' lang='lat' dir='ltr'>sede</span> <span class='ocrx_word' id='word_1_436' title='bbox 2725 1575 2817 1626; x_wconf 87' lang='lat' dir='ltr'>Dei</span> <span class='ocrx_word' id='word_1_437' title='bbox 2849 1578 2899 1626; x_wconf 89' lang='lat' dir='ltr'>et</span> <span class='ocrx_word' id='word_1_438' title='bbox 2933 1575 3066 1641; x_wconf 79' lang='lat' dir='ltr'>agni</span> <span class='ocrx_word' id='word_1_439' title='bbox 3107 1572 3398 1641; x_wconf 82' lang='lat' dir='ltr'>procedens</span> <span class='ocrx_word' id='word_1_440' title='bbox 3445 1571 3690 1638; x_wconf 85' lang='lat' dir='ltr'>Spiritus</span> 
     </span>
    </p>
   </div>
   <div class='ocr_carea' id='block_1_58' title="bbox 1995 1660 3690 1729">
    <p class='ocr_par' dir='ltr' id='par_1_58' title="bbox 1995 1660 3690 1729">
     <span class='ocr_line' id='line_1_58' title="bbox 1995 1660 3690 1729; baseline -0.004 -15"><span class='ocrx_word' id='word_1_441' title='bbox 1995 1663 2314 1726; x_wconf 89' lang='lat' dir='ltr'>sanctussit,</span> <span class='ocrx_word' id='word_1_442' title='bbox 2349 1662 2442 1714; x_wconf 87' lang='lat' dir='ltr'>ubi</span> <span class='ocrx_word' id='word_1_443' title='bbox 2473 1662 2798 1728; x_wconf 79' lang='lat' dir='ltr'>intelligitur</span> <span class='ocrx_word' id='word_1_444' title='bbox 2829 1663 2945 1729; x_wconf 87' lang='lat' dir='ltr'>ejus</span> <span class='ocrx_word' id='word_1_445' title='bbox 2994 1678 3028 1714; x_wconf 89' lang='lat' dir='ltr'>a</span> <span class='ocrx_word' id='word_1_446' title='bbox 3072 1663 3230 1714; x_wconf 87' lang='lat' dir='ltr'>Patre</span> <span class='ocrx_word' id='word_1_447' title='bbox 3273 1665 3320 1713; x_wconf 89' lang='lat' dir='ltr'>et</span> <span class='ocrx_word' id='word_1_448' title='bbox 3369 1660 3508 1712; x_wconf 87' lang='lat' dir='ltr'>Filio</span> <span class='ocrx_word' id='word_1_449' title='bbox 3554 1672 3690 1724; x_wconf 88' lang='lat' dir='ltr'>pro-</span> 
     </span>
    </p>
   </div>
   <div class='ocr_carea' id='block_1_59' title="bbox 1997 1745 3686 1820">
    <p class='ocr_par' dir='ltr' id='par_1_59' title="bbox 1997 1745 3686 1820">
     <span class='ocr_line' id='line_1_59' title="bbox 1997 1745 3686 1820; baseline -0.006 -16"><span class='ocrx_word' id='word_1_450' title='bbox 1997 1754 2180 1804; x_wconf 80' lang='lat' dir='ltr'>cessio.</span> <span class='ocrx_word' id='word_1_451' title='bbox 2219 1772 2239 1797; x_wconf 77' lang='grc' dir='ltr'><strong>ε</strong></span> <span class='ocrx_word' id='word_1_452' title='bbox 2281 1750 2459 1803; x_wconf 86' lang='lat' dir='ltr'>llabet</span> <span class='ocrx_word' id='word_1_453' title='bbox 2513 1765 2649 1819; x_wconf 88' lang='lat' dir='ltr'>ergo</span> <span class='ocrx_word' id='word_1_454' title='bbox 2698 1749 2941 1820; x_wconf 88' lang='lat' dir='ltr'>Spiritus</span> <span class='ocrx_word' id='word_1_455' title='bbox 2984 1750 3135 1820; x_wconf 90' lang='lat' dir='ltr'>quod</span> <span class='ocrx_word' id='word_1_456' title='bbox 3187 1749 3360 1802; x_wconf 85' lang='lat' dir='ltr'>habet</span> <span class='ocrx_word' id='word_1_457' title='bbox 3408 1745 3686 1800; x_wconf 80' lang='lat' dir='ltr'>Christus.</span> 
     </span>
    </p>
   </div>
   <div class='ocr_carea' id='block_1_60' title="bbox 2000 1833 3692 1910">
    <p class='ocr_par' dir='ltr' id='par_1_60' title="bbox 2000 1833 3692 1910">
     <span class='ocr_line' id='line_1_60' title="bbox 2000 1833 3692 1910; baseline -0.007 -16"><span class='ocrx_word' id='word_1_458' title='bbox 2000 1839 2181 1894; x_wconf 86' lang='lat' dir='ltr'>llabet</span> <span class='ocrx_word' id='word_1_459' title='bbox 2213 1839 2389 1908; x_wconf 82' lang='lat' dir='ltr'>igitur</span> <span class='ocrx_word' id='word_1_460' title='bbox 2418 1839 2568 1910; x_wconf 90' lang='lat' dir='ltr'>quod</span> <span class='ocrx_word' id='word_1_461' title='bbox 2598 1839 2769 1892; x_wconf 86' lang='lat' dir='ltr'>habet</span> <span class='ocrx_word' id='word_1_462' title='bbox 2804 1840 2968 1904; x_wconf 89' lang='lat' dir='ltr'>Deus,</span> <span class='ocrx_word' id='word_1_463' title='bbox 2995 1839 3131 1908; x_wconf 84' lang='lat' dir='ltr'>quia</span> <span class='ocrx_word' id='word_1_464' title='bbox 3151 1837 3348 1890; x_wconf 89' lang='lat' dir='ltr'>omnia</span> <span class='ocrx_word' id='word_1_465' title='bbox 3370 1851 3498 1906; x_wconf 77' lang='lat' dir='ltr'>quae</span> <span class='ocrx_word' id='word_1_466' title='bbox 3523 1833 3692 1886; x_wconf 86' lang='lat' dir='ltr'>habet</span> 
     </span>
    </p>
   </div>
   <div class='ocr_carea' id='block_1_61' title="bbox 2001 1926 3692 1998">
    <p class='ocr_par' dir='ltr' id='par_1_61' title="bbox 2001 1926 3692 1998">
     <span class='ocr_line' id='line_1_61' title="bbox 2001 1926 3692 1998; baseline -0.005 -17"><span class='ocrx_word' id='word_1_467' title='bbox 2001 1930 2185 1992; x_wconf 89' lang='lat' dir='ltr'>Pater,</span> <span class='ocrx_word' id='word_1_468' title='bbox 2219 1927 2390 1980; x_wconf 90' lang='lat' dir='ltr'>habet</span> <span class='ocrx_word' id='word_1_469' title='bbox 2428 1932 2508 1998; x_wconf 26' lang='lat' dir='ltr'>et.</span> <span class='ocrx_word' id='word_1_470' title='bbox 2535 1927 2722 1980; x_wconf 81' lang='lat' dir='ltr'>Filius.</span> <span class='ocrx_word' id='word_1_471' title='bbox 2787 1927 3035 1997; x_wconf 86' lang='lat' dir='ltr'>Ideoque</span> <span class='ocrx_word' id='word_1_472' title='bbox 3085 1926 3269 1980; x_wconf 83' lang='lat' dir='ltr'>dixit:</span> <span class='ocrx_word' id='word_1_473' title='bbox 3323 1927 3518 1982; x_wconf 86' lang='lat' dir='ltr'>Omnia</span> <span class='ocrx_word' id='word_1_474' title='bbox 3573 1934 3692 1990; x_wconf 78' lang='lat' dir='ltr'>quae</span> 
     </span>
    </p>
   </div>
   <div class='ocr_carea' id='block_1_62' title="bbox 1999 2011 3692 2085">
    <p class='ocr_par' dir='ltr' id='par_1_62' title="bbox 1999 2011 3692 2085">
     <span class='ocr_line' id='line_1_62' title="bbox 1999 2011 3692 2085; baseline -0.005 -16"><span class='ocrx_word' id='word_1_475' title='bbox 1999 2017 2157 2070; x_wconf 88' lang='lat' dir='ltr'>habet</span> <span class='ocrx_word' id='word_1_476' title='bbox 2189 2019 2370 2083; x_wconf 88' lang='lat' dir='ltr'>Pater,</span> <span class='ocrx_word' id='word_1_477' title='bbox 2406 2032 2520 2069; x_wconf 89' lang='lat' dir='ltr'>mea</span> <span class='ocrx_word' id='word_1_478' title='bbox 2555 2020 2680 2069; x_wconf 88' lang='lat' dir='ltr'>sunt</span> <span class='ocrx_word' id='word_1_479' title='bbox 2726 2016 2902 2085; x_wconf 87' lang='lat' dir='ltr'>(Joan.</span> <span class='ocrx_word' id='word_1_480' title='bbox 2952 2032 3063 2080; x_wconf 71' lang='lat' dir='ltr'>xvr,</span> <span class='ocrx_word' id='word_1_481' title='bbox 3103 2019 3203 2082; x_wconf 77' lang='grc'><strong>15).</strong></span> <span class='ocrx_word' id='word_1_482' title='bbox 3235 2015 3345 2068; x_wconf 86' lang='lat' dir='ltr'>Nec</span> <span class='ocrx_word' id='word_1_483' title='bbox 3391 2011 3531 2066; x_wconf 86' lang='lat' dir='ltr'>illud</span> <span class='ocrx_word' id='word_1_484' title='bbox 3558 2025 3692 2077; x_wconf 83' lang='lat' dir='ltr'>me-</span> 
     </span>
    </p>
   </div>
   <div class='ocr_carea' id='block_1_63' title="bbox 1998 2097 3693 2174">
    <p class='ocr_par' dir='ltr' id='par_1_63' title="bbox 1998 2097 3693 2174">
     <span class='ocr_line' id='line_1_63' title="bbox 1998 2097 3693 2174; baseline -0.004 -17"><span class='ocrx_word' id='word_1_485' title='bbox 1998 2105 2187 2158; x_wconf 90' lang='lat' dir='ltr'>diocre</span> <span class='ocrx_word' id='word_1_486' title='bbox 2213 2110 2315 2170; x_wconf 88' lang='lat' dir='ltr'>est,</span> <span class='ocrx_word' id='word_1_487' title='bbox 2349 2105 2497 2174; x_wconf 89' lang='lat' dir='ltr'>quod</span> <span class='ocrx_word' id='word_1_488' title='bbox 2553 2105 2620 2158; x_wconf 89' lang='lat' dir='ltr'>de</span> <span class='ocrx_word' id='word_1_489' title='bbox 2661 2104 2866 2158; x_wconf 85' lang='lat' dir='ltr'>throno</span> <span class='ocrx_word' id='word_1_490' title='bbox 2910 2106 3008 2158; x_wconf 89' lang='lat' dir='ltr'>Dei</span> <span class='ocrx_word' id='word_1_491' title='bbox 3065 2104 3216 2158; x_wconf 81' lang='lat' dir='ltr'>exire</span> <span class='ocrx_word' id='word_1_492' title='bbox 3262 2102 3495 2156; x_wconf 82' lang='lat' dir='ltr'>Iluviuni</span> <span class='ocrx_word' id='word_1_493' title='bbox 3554 2097 3693 2168; x_wconf 86' lang='lat' dir='ltr'>legi-</span> 
     </span>
    </p>
   </div>
   <div class='ocr_carea' id='block_1_64' title="bbox 2001 2192 3692 2264">
    <p class='ocr_par' dir='ltr' id='par_1_64' title="bbox 2001 2192 3692 2264">
     <span class='ocr_line' id='line_1_64' title="bbox 2001 2192 3692 2264; baseline -0.003 -18"><span class='ocrx_word' id='word_1_494' title='bbox 2001 2209 2146 2246; x_wconf 88' lang='lat' dir='ltr'>mus.</span> <span class='ocrx_word' id='word_1_495' title='bbox 2175 2192 2264 2247; x_wconf 90' lang='lat' dir='ltr'>Sic</span> <span class='ocrx_word' id='word_1_496' title='bbox 2286 2193 2436 2245; x_wconf 88' lang='lat' dir='ltr'>enim</span> <span class='ocrx_word' id='word_1_497' title='bbox 2467 2193 2603 2246; x_wconf 90' lang='lat' dir='ltr'>dicit</span> <span class='ocrx_word' id='word_1_498' title='bbox 2645 2195 2893 2248; x_wconf 86' lang='lat' dir='ltr'>Joannes</span> <span class='ocrx_word' id='word_1_499' title='bbox 2944 2193 3295 2264; x_wconf 79' lang='lat' dir='ltr'>evangelista</span> <span class='ocrx_word' id='word_1_500' title='bbox 3326 2208 3338 2245; x_wconf 90' lang='lat'>:</span> <span class='ocrx_word' id='word_1_501' title='bbox 3395 2192 3466 2244; x_wconf 88' lang='lat' dir='ltr'>Et</span> <span class='ocrx_word' id='word_1_502' title='bbox 3517 2193 3692 2244; x_wconf 88' lang='lat' dir='ltr'>osten-</span> 
     </span>
    </p>
   </div>
   <div class='ocr_carea' id='block_1_65' title="bbox 1997 2282 3692 2351">
    <p class='ocr_par' dir='ltr' id='par_1_65' title="bbox 1997 2282 3692 2351">
     <span class='ocr_line' id='line_1_65' title="bbox 1997 2282 3692 2351; baseline -0.004 -16"><span class='ocrx_word' id='word_1_503' title='bbox 1997 2282 2082 2336; x_wconf 86' lang='lat' dir='ltr'>dit</span> <span class='ocrx_word' id='word_1_504' title='bbox 2108 2284 2246 2336; x_wconf 79' lang='lat' dir='ltr'>milii</span> <span class='ocrx_word' id='word_1_505' title='bbox 2271 2284 2466 2350; x_wconf 84' lang='lat' dir='ltr'>ﬂumen</span> <span class='ocrx_word' id='word_1_506' title='bbox 2493 2298 2648 2351; x_wconf 79' lang='lat' dir='ltr'>aqua:</span> <span class='ocrx_word' id='word_1_507' title='bbox 2686 2285 2842 2343; x_wconf 61' lang='lat' dir='ltr'>virm,</span> <span class='ocrx_word' id='word_1_508' title='bbox 2889 2283 3234 2351; x_wconf 88' lang='lat' dir='ltr'>splendidum</span> <span class='ocrx_word' id='word_1_509' title='bbox 3270 2287 3529 2348; x_wconf 81' lang='lat' dir='ltr'>tanquam</span> <span class='ocrx_word' id='word_1_510' title='bbox 3572 2293 3692 2344; x_wconf 80' lang='lat' dir='ltr'>cry-</span> 
     </span>
    </p>
   </div>
   <div class='ocr_carea' id='block_1_66' title="bbox 1997 2364 3694 2436">
    <p class='ocr_par' dir='ltr' id='par_1_66' title="bbox 1997 2364 3694 2436">
     <span class='ocr_line' id='line_1_66' title="bbox 1997 2364 3694 2436; baseline -0.003 -16"><span class='ocrx_word' id='word_1_511' title='bbox 1997 2368 2238 2427; x_wconf 87' lang='lat' dir='ltr'>stallum.</span> <span class='ocrx_word' id='word_1_512' title='bbox 2276 2366 2568 2436; x_wconf 86' lang='lat' dir='ltr'>procedens</span> <span class='ocrx_word' id='word_1_513' title='bbox 2610 2366 2674 2420; x_wconf 87' lang='lat' dir='ltr'>de</span> <span class='ocrx_word' id='word_1_514' title='bbox 2730 2368 2852 2420; x_wconf 88' lang='lat' dir='ltr'>sede</span> <span class='ocrx_word' id='word_1_515' title='bbox 2883 2368 2984 2421; x_wconf 88' lang='lat' dir='ltr'>Dei</span> <span class='ocrx_word' id='word_1_516' title='bbox 3029 2373 3080 2422; x_wconf 89' lang='lat' dir='ltr'>et</span> <span class='ocrx_word' id='word_1_517' title='bbox 3128 2369 3291 2433; x_wconf 86' lang='lat' dir='ltr'>agni;</span> <span class='ocrx_word' id='word_1_518' title='bbox 3322 2372 3371 2420; x_wconf 91' lang='lat' dir='ltr'>et</span> <span class='ocrx_word' id='word_1_519' title='bbox 3416 2369 3475 2418; x_wconf 87' lang='lat' dir='ltr'>in</span> <span class='ocrx_word' id='word_1_520' title='bbox 3522 2364 3694 2416; x_wconf 88' lang='lat' dir='ltr'>medio</span> 
     </span>
    </p>
   </div>
   <div class='ocr_carea' id='block_1_67' title="bbox 1994 2454 3692 2524">
    <p class='ocr_par' dir='ltr' id='par_1_67' title="bbox 1994 2454 3692 2524">
     <span class='ocr_line' id='line_1_67' title="bbox 1994 2454 3692 2524; baseline -0.003 -15"><span class='ocrx_word' id='word_1_521' title='bbox 1994 2456 2188 2524; x_wconf 76' lang='lat' dir='ltr'>platea:</span> <span class='ocrx_word' id='word_1_522' title='bbox 2217 2457 2353 2523; x_wconf 86' lang='lat' dir='ltr'>ejus,</span> <span class='ocrx_word' id='word_1_523' title='bbox 2392 2471 2458 2508; x_wconf 68' lang='lat' dir='ltr'>ea:</span> <span class='ocrx_word' id='word_1_524' title='bbox 2493 2460 2725 2524; x_wconf 79' lang='lat' dir='ltr'>utraque</span> <span class='ocrx_word' id='word_1_525' title='bbox 2751 2461 2906 2523; x_wconf 89' lang='lat' dir='ltr'>parte</span> <span class='ocrx_word' id='word_1_526' title='bbox 2933 2457 3140 2522; x_wconf 84' lang='lat' dir='ltr'>lignum</span> <span class='ocrx_word' id='word_1_527' title='bbox 3175 2458 3300 2509; x_wconf 77' lang='lat' dir='ltr'>vita:</span> <span class='ocrx_word' id='word_1_528' title='bbox 3330 2456 3538 2520; x_wconf 78' lang='lat' dir='ltr'>faciens</span> <span class='ocrx_word' id='word_1_529' title='bbox 3568 2454 3692 2518; x_wconf 83' lang='lat' dir='ltr'>fru-</span> 
     </span>
    </p>
   </div>
   <div class='ocr_carea' id='block_1_68' title="bbox 1998 2542 3694 2612">
    <p class='ocr_par' dir='ltr' id='par_1_68' title="bbox 1998 2542 3694 2612">
     <span class='ocr_line' id='line_1_68' title="bbox 1998 2542 3694 2612; baseline -0.002 -15"><span class='ocrx_word' id='word_1_530' title='bbox 1998 2548 2161 2598; x_wconf 88' lang='lat' dir='ltr'>ctum.</span> <span class='ocrx_word' id='word_1_531' title='bbox 2225 2543 2510 2598; x_wconf 81' lang='lat' dir='ltr'>Duodecim</span> <span class='ocrx_word' id='word_1_532' title='bbox 2559 2560 2658 2612; x_wconf 89' lang='lat' dir='ltr'>per</span> <span class='ocrx_word' id='word_1_533' title='bbox 2703 2545 2944 2612; x_wconf 87' lang='lat' dir='ltr'>singulos</span> <span class='ocrx_word' id='word_1_534' title='bbox 2990 2560 3193 2598; x_wconf 87' lang='lat' dir='ltr'>menses</span> <span class='ocrx_word' id='word_1_535' title='bbox 3243 2543 3526 2596; x_wconf 82' lang='lat' dir='ltr'>reddentes</span> <span class='ocrx_word' id='word_1_536' title='bbox 3567 2542 3694 2606; x_wconf 85' lang='lat' dir='ltr'>fru-</span> 
     </span>
    </p>
   </div>
   <div class='ocr_carea' id='block_1_69' title="bbox 1998 2631 3682 2701">
    <p class='ocr_par' dir='ltr' id='par_1_69' title="bbox 1998 2631 3682 2701">
     <span class='ocr_line' id='line_1_69' title="bbox 1998 2631 3682 2701; baseline -0.002 -17"><span class='ocrx_word' id='word_1_537' title='bbox 1998 2636 2140 2686; x_wconf 88' lang='lat' dir='ltr'>ctum</span> <span class='ocrx_word' id='word_1_538' title='bbox 2178 2649 2352 2697; x_wconf 88' lang='lat' dir='ltr'>suum,</span> <span class='ocrx_word' id='word_1_539' title='bbox 2383 2637 2431 2686; x_wconf 90' lang='lat' dir='ltr'>et</span> <span class='ocrx_word' id='word_1_540' title='bbox 2456 2633 2596 2697; x_wconf 79' lang='lat' dir='ltr'>folia</span> <span class='ocrx_word' id='word_1_541' title='bbox 2623 2631 2766 2701; x_wconf 81' lang='lat' dir='ltr'>ligni</span> <span class='ocrx_word' id='word_1_542' title='bbox 2801 2633 2874 2686; x_wconf 90' lang='lat' dir='ltr'>ad</span> <span class='ocrx_word' id='word_1_543' title='bbox 2919 2633 3240 2686; x_wconf 87' lang='lat' dir='ltr'>medicinam</span> <span class='ocrx_word' id='word_1_544' title='bbox 3269 2634 3508 2686; x_wconf 88' lang='lat' dir='ltr'>omnium</span> <span class='ocrx_word' id='word_1_545' title='bbox 3559 2645 3682 2697; x_wconf 83' lang='lat' dir='ltr'>gen-</span> 
     </span>
    </p>
   </div>
   <div class='ocr_carea' id='block_1_70' title="bbox 1999 2714 3696 2792">
    <p class='ocr_par' dir='ltr' id='par_1_70' title="bbox 1999 2714 3696 2792">
     <span class='ocr_line' id='line_1_70' title="bbox 1999 2714 3696 2792; baseline -0.002 -19"><span class='ocrx_word' id='word_1_546' title='bbox 1999 2723 2135 2775; x_wconf 84' lang='lat' dir='ltr'>tium</span> <span class='ocrx_word' id='word_1_547' title='bbox 2167 2723 2351 2790; x_wconf 80' lang='lat' dir='ltr'>(Apoc.</span> <span class='ocrx_word' id='word_1_548' title='bbox 2388 2737 2520 2787; x_wconf 84' lang='lat' dir='ltr'>xxu,</span> <span class='ocrx_word' id='word_1_549' title='bbox 2585 2723 2658 2782; x_wconf 89' lang='grc'>1).</span> <span class='ocrx_word' id='word_1_550' title='bbox 2696 2721 2794 2774; x_wconf 88' lang='lat' dir='ltr'>Hic</span> <span class='ocrx_word' id='word_1_551' title='bbox 2844 2726 2927 2774; x_wconf 88' lang='lat' dir='ltr'>est</span> <span class='ocrx_word' id='word_1_552' title='bbox 2960 2721 3156 2792; x_wconf 88' lang='lat' dir='ltr'>utique</span> <span class='ocrx_word' id='word_1_553' title='bbox 3215 2720 3421 2774; x_wconf 89' lang='lat' dir='ltr'>Iluvius</span> <span class='ocrx_word' id='word_1_554' title='bbox 3471 2719 3540 2772; x_wconf 91' lang='lat' dir='ltr'>de</span> <span class='ocrx_word' id='word_1_555' title='bbox 3596 2714 3696 2770; x_wconf 88' lang='lat' dir='ltr'>Dei</span> 
     </span>
    </p>
   </div>
   <div class='ocr_carea' id='block_1_71' title="bbox 1998 2805 3697 2880">
    <p class='ocr_par' dir='ltr' id='par_1_71' title="bbox 1998 2805 3697 2880">
     <span class='ocr_line' id='line_1_71' title="bbox 1998 2805 3697 2880; baseline -0.003 -18"><span class='ocrx_word' id='word_1_556' title='bbox 1998 2810 2128 2863; x_wconf 90' lang='lat' dir='ltr'>sede</span> <span class='ocrx_word' id='word_1_557' title='bbox 2156 2811 2483 2880; x_wconf 89' lang='lat' dir='ltr'>procedens,</span> <span class='ocrx_word' id='word_1_558' title='bbox 2518 2810 2624 2862; x_wconf 88' lang='lat' dir='ltr'>hoc</span> <span class='ocrx_word' id='word_1_559' title='bbox 2652 2815 2736 2862; x_wconf 90' lang='lat' dir='ltr'>est</span> <span class='ocrx_word' id='word_1_560' title='bbox 2765 2809 3007 2879; x_wconf 88' lang='lat' dir='ltr'>Spiritus</span> <span class='ocrx_word' id='word_1_561' title='bbox 3059 2813 3304 2871; x_wconf 88' lang='lat' dir='ltr'>sanctus,</span> <span class='ocrx_word' id='word_1_562' title='bbox 3348 2823 3520 2878; x_wconf 87' lang='lat' dir='ltr'>quem</span> <span class='ocrx_word' id='word_1_563' title='bbox 3552 2805 3697 2860; x_wconf 86' lang='lat' dir='ltr'>bibit</span> 
     </span>
    </p>
   </div>
   <div class='ocr_carea' id='block_1_72' title="bbox 1997 2895 3693 2968">
    <p class='ocr_par' dir='ltr' id='par_1_72' title="bbox 1997 2895 3693 2968">
     <span class='ocr_line' id='line_1_72' title="bbox 1997 2895 3693 2968; baseline -0.004 -18"><span class='ocrx_word' id='word_1_564' title='bbox 1997 2898 2095 2968; x_wconf 88' lang='lat' dir='ltr'>qui</span> <span class='ocrx_word' id='word_1_565' title='bbox 2129 2898 2308 2951; x_wconf 91' lang='lat' dir='ltr'>credit</span> <span class='ocrx_word' id='word_1_566' title='bbox 2336 2897 2396 2951; x_wconf 90' lang='lat' dir='ltr'>in</span> <span class='ocrx_word' id='word_1_567' title='bbox 2419 2897 2732 2964; x_wconf 86' lang='lat' dir='ltr'>Christum,</span> <span class='ocrx_word' id='word_1_568' title='bbox 2780 2897 2927 2950; x_wconf 85' lang='lat' dir='ltr'>sicut</span> <span class='ocrx_word' id='word_1_569' title='bbox 2957 2897 3075 2966; x_wconf 90' lang='lat' dir='ltr'>ipse</span> <span class='ocrx_word' id='word_1_570' title='bbox 3105 2897 3182 2949; x_wconf 86' lang='lat' dir='ltr'>ait</span> <span class='ocrx_word' id='word_1_571' title='bbox 3215 2912 3227 2949; x_wconf 89' lang='lat'><strong>:</strong></span> <span class='ocrx_word' id='word_1_572' title='bbox 3278 2897 3339 2951; x_wconf 92' lang='lat' dir='ltr'>Si</span> <span class='ocrx_word' id='word_1_573' title='bbox 3389 2898 3510 2964; x_wconf 84' lang='lat' dir='ltr'>quis</span> <span class='ocrx_word' id='word_1_574' title='bbox 3553 2895 3693 2956; x_wconf 89' lang='lat' dir='ltr'>sitit,</span> 
     </span>
    </p>
   </div>
   <div class='ocr_carea' id='block_1_73' title="bbox 1996 2981 3696 3050">
    <p class='ocr_par' dir='ltr' id='par_1_73' title="bbox 1996 2981 3696 3050">
     <span class='ocr_line' id='line_1_73' title="bbox 1996 2981 3696 3050; baseline -0.004 -10"><span class='ocrx_word' id='word_1_575' title='bbox 1996 2989 2179 3040; x_wconf 78' lang='lat' dir='ltr'>veniat</span> <span class='ocrx_word' id='word_1_576' title='bbox 2210 2986 2282 3039; x_wconf 89' lang='lat' dir='ltr'>ad</span> <span class='ocrx_word' id='word_1_577' title='bbox 2324 3003 2405 3040; x_wconf 89' lang='lat' dir='ltr'>me</span> <span class='ocrx_word' id='word_1_578' title='bbox 2450 2992 2499 3040; x_wconf 87' lang='lat' dir='ltr'>et</span> <span class='ocrx_word' id='word_1_579' title='bbox 2534 2987 2700 3039; x_wconf 87' lang='lat' dir='ltr'>bibat.</span> <span class='ocrx_word' id='word_1_580' title='bbox 2738 2987 2845 3050; x_wconf 87' lang='lat' dir='ltr'>Qui</span> <span class='ocrx_word' id='word_1_581' title='bbox 2893 2986 3065 3039; x_wconf 78' lang='lat' dir='ltr'>credit</span> <span class='ocrx_word' id='word_1_582' title='bbox 3107 2988 3164 3038; x_wconf 88' lang='lat' dir='ltr'>in</span> <span class='ocrx_word' id='word_1_583' title='bbox 3215 3002 3312 3050; x_wconf 87' lang='lat' dir='ltr'>me,</span> <span class='ocrx_word' id='word_1_584' title='bbox 3367 2987 3509 3038; x_wconf 89' lang='lat' dir='ltr'>sicut</span> <span class='ocrx_word' id='word_1_585' title='bbox 3547 2981 3696 3035; x_wconf 69' lang='lat' dir='ltr'>dia-it</span> 
     </span>
    </p>
   </div>
   <div class='ocr_carea' id='block_1_74' title="bbox 2001 3073 3692 3144">
    <p class='ocr_par' dir='ltr' id='par_1_74' title="bbox 2001 3073 3692 3144">
     <span class='ocr_line' id='line_1_74' title="bbox 2001 3073 3692 3144; baseline -0.005 -13"><span class='ocrx_word' id='word_1_586' title='bbox 2001 3077 2308 3144; x_wconf 78' lang='lat' dir='ltr'>Scriptura,</span> <span class='ocrx_word' id='word_1_587' title='bbox 2351 3076 2577 3143; x_wconf 83' lang='lat' dir='ltr'>ﬂiimina</span> <span class='ocrx_word' id='word_1_588' title='bbox 2617 3074 2682 3127; x_wconf 88' lang='lat' dir='ltr'>de</span> <span class='ocrx_word' id='word_1_589' title='bbox 2732 3079 2913 3127; x_wconf 83' lang='lat' dir='ltr'>ventre</span> <span class='ocrx_word' id='word_1_590' title='bbox 2960 3075 3076 3142; x_wconf 84' lang='lat' dir='ltr'>ejus</span> <span class='ocrx_word' id='word_1_591' title='bbox 3118 3078 3285 3141; x_wconf 84' lang='lat' dir='ltr'>[luent</span> <span class='ocrx_word' id='word_1_592' title='bbox 3335 3088 3490 3140; x_wconf 73' lang='lat' dir='ltr'>aqua:</span> <span class='ocrx_word' id='word_1_593' title='bbox 3537 3073 3692 3123; x_wconf 61' lang='lat' dir='ltr'>vivat.</span> 
     </span>
    </p>
   </div>
   <div class='ocr_carea' id='block_1_75' title="bbox 1999 3159 3694 3234">
    <p class='ocr_par' dir='ltr' id='par_1_75' title="bbox 1999 3159 3694 3234">
     <span class='ocr_line' id='line_1_75' title="bbox 1999 3159 3694 3234; baseline -0.005 -16"><span class='ocrx_word' id='word_1_594' title='bbox 1999 3166 2110 3218; x_wconf 89' lang='lat' dir='ltr'>Hoc</span> <span class='ocrx_word' id='word_1_595' title='bbox 2159 3169 2336 3217; x_wconf 88' lang='lat' dir='ltr'>autem</span> <span class='ocrx_word' id='word_1_596' title='bbox 2384 3164 2594 3216; x_wconf 86' lang='lat' dir='ltr'>dicebat</span> <span class='ocrx_word' id='word_1_597' title='bbox 2625 3163 2690 3216; x_wconf 89' lang='lat' dir='ltr'>de</span> <span class='ocrx_word' id='word_1_598' title='bbox 2735 3163 3150 3234; x_wconf 85' lang='lat' dir='ltr'>Spiritu(Joan.</span> <span class='ocrx_word' id='word_1_599' title='bbox 3201 3178 3320 3226; x_wconf 83' lang='lat' dir='ltr'>vin,</span> <span class='ocrx_word' id='word_1_600' title='bbox 3376 3164 3482 3228; x_wconf 83' lang='lat'>38).</span> <span class='ocrx_word' id='word_1_601' title='bbox 3546 3159 3694 3230; x_wconf 84' lang='lat' dir='ltr'>Ergo</span> 
     </span>
    </p>
   </div>
   <div class='ocr_carea' id='block_1_76' title="bbox 2001 3251 2687 3323">
    <p class='ocr_par' dir='ltr' id='par_1_76' title="bbox 2001 3251 2687 3323">
     <span class='ocr_line' id='line_1_76' title="bbox 2001 3251 2687 3323; baseline -0.001 -17"><span class='ocrx_word' id='word_1_602' title='bbox 2001 3255 2217 3307; x_wconf 84' lang='lat' dir='ltr'>ﬂumen</span> <span class='ocrx_word' id='word_1_603' title='bbox 2248 3257 2332 3306; x_wconf 90' lang='lat' dir='ltr'>est</span> <span class='ocrx_word' id='word_1_604' title='bbox 2363 3251 2626 3323; x_wconf 88' lang='lat' dir='ltr'>Spiritus.</span> <span class='ocrx_word' id='word_1_605' title='bbox 2661 3272 2687 3299; x_wconf 90' lang='grc'><strong>››</strong></span> 
     </span>
    </p>
   </div>
   <div class='ocr_carea' id='block_1_77' title="bbox 2675 3375 3022 3431">
    <p class='ocr_par' dir='ltr' id='par_1_77' title="bbox 2675 3375 3022 3431">
     <span class='ocr_line' id='line_1_77' title="bbox 2675 3375 3022 3431; baseline -0.003 0"><span class='ocrx_word' id='word_1_606' title='bbox 2675 3377 2797 3431; x_wconf 80' lang='lat' dir='ltr'>CAP.</span> <span class='ocrx_word' id='word_1_607' title='bbox 2836 3375 3022 3430; x_wconf 79' lang='lat' dir='ltr'>XXIV.</span> 
     </span>
    </p>
   </div>
   <div class='ocr_carea' id='block_1_78' title="bbox 2073 3497 3696 3574">
    <p class='ocr_par' dir='ltr' id='par_1_78' title="bbox 2073 3497 3696 3574">
     <span class='ocr_line' id='line_1_78' title="bbox 2073 3497 3696 3574; baseline -0.006 -16"><span class='ocrx_word' id='word_1_608' title='bbox 2073 3503 2333 3574; x_wconf 85' lang='lat' dir='ltr'>Cyrillus,</span> <span class='ocrx_word' id='word_1_609' title='bbox 2386 3502 2538 3568; x_wconf 82' lang='lat' dir='ltr'>Quod</span> <span class='ocrx_word' id='word_1_610' title='bbox 2578 3502 2820 3570; x_wconf 84' lang='lat' dir='ltr'>Spiritus</span> <span class='ocrx_word' id='word_1_611' title='bbox 2866 3504 3084 3554; x_wconf 89' lang='lat' dir='ltr'>sanctus</span> <span class='ocrx_word' id='word_1_612' title='bbox 3132 3517 3166 3553; x_wconf 89' lang='lat' dir='ltr'>a</span> <span class='ocrx_word' id='word_1_613' title='bbox 3213 3502 3375 3554; x_wconf 89' lang='lat' dir='ltr'>Patre</span> <span class='ocrx_word' id='word_1_614' title='bbox 3439 3497 3696 3567; x_wconf 85' lang='lat' dir='ltr'>procedat</span> 
     </span>
    </p>
   </div>
   <div class='ocr_carea' id='block_1_79' title="bbox 1999 3587 3695 3660">
    <p class='ocr_par' dir='ltr' id='par_1_79' title="bbox 1999 3587 3695 3660">
     <span class='ocr_line' id='line_1_79' title="bbox 1999 3587 3695 3660; baseline -0.003 -14"><span class='ocrx_word' id='word_1_615' title='bbox 1999 3597 2050 3646; x_wconf 85' lang='lat' dir='ltr'>et</span> <span class='ocrx_word' id='word_1_616' title='bbox 2085 3593 2246 3659; x_wconf 85' lang='lat' dir='ltr'>Filio,</span> <span class='ocrx_word' id='word_1_617' title='bbox 2298 3592 2358 3644; x_wconf 91' lang='lat' dir='ltr'>in</span> <span class='ocrx_word' id='word_1_618' title='bbox 2391 3592 2636 3660; x_wconf 87' lang='lat' dir='ltr'>epistola</span> <span class='ocrx_word' id='word_1_619' title='bbox 2679 3590 2746 3643; x_wconf 91' lang='lat' dir='ltr'>ad</span> <span class='ocrx_word' id='word_1_620' title='bbox 2795 3589 3141 3653; x_wconf 86' lang='lat' dir='ltr'>Nestorium,</span> <span class='ocrx_word' id='word_1_621' title='bbox 3189 3587 3269 3641; x_wconf 90' lang='lat' dir='ltr'>sic</span> <span class='ocrx_word' id='word_1_622' title='bbox 3313 3587 3498 3643; x_wconf 87' lang='lat' dir='ltr'>dicit:</span> <span class='ocrx_word' id='word_1_623' title='bbox 3553 3607 3580 3635; x_wconf 88' lang='lat'><strong>((</strong></span> <span class='ocrx_word' id='word_1_624' title='bbox 3618 3587 3695 3640; x_wconf 86' lang='lat' dir='ltr'>De</span> 
     </span>
    </p>
   </div>
   <div class='ocr_carea' id='block_1_80' title="bbox 1999 3676 3693 3751">
    <p class='ocr_par' dir='ltr' id='par_1_80' title="bbox 1999 3676 3693 3751">
     <span class='ocr_line' id='line_1_80' title="bbox 1999 3676 3693 3751; baseline -0.002 -16"><span class='ocrx_word' id='word_1_625' title='bbox 1999 3681 2213 3751; x_wconf 87' lang='lat' dir='ltr'>Spiritu</span> <span class='ocrx_word' id='word_1_626' title='bbox 2239 3697 2460 3750; x_wconf 85' lang='lat' dir='ltr'>quoque</span> <span class='ocrx_word' id='word_1_627' title='bbox 2505 3695 2634 3732; x_wconf 88' lang='lat' dir='ltr'>cum</span> <span class='ocrx_word' id='word_1_628' title='bbox 2681 3679 2859 3733; x_wconf 89' lang='lat' dir='ltr'>dicit:</span> <span class='ocrx_word' id='word_1_629' title='bbox 2903 3680 2998 3732; x_wconf 84' lang='lat' dir='ltr'>Ille</span> <span class='ocrx_word' id='word_1_630' title='bbox 3035 3694 3116 3730; x_wconf 90' lang='lat' dir='ltr'>me</span> <span class='ocrx_word' id='word_1_631' title='bbox 3136 3678 3459 3746; x_wconf 82' lang='lat' dir='ltr'>clariﬁcabit</span> <span class='ocrx_word' id='word_1_632' title='bbox 3504 3676 3693 3746; x_wconf 85' lang='lat' dir='ltr'>(Joan.</span> 
     </span>
    </p>
   </div>
   <div class='ocr_carea' id='block_1_81' title="bbox 1997 3766 3694 3837">
    <p class='ocr_par' dir='ltr' id='par_1_81' title="bbox 1997 3766 3694 3837">
     <span class='ocr_line' id='line_1_81' title="bbox 1997 3766 3694 3837; baseline -0.003 -13"><span class='ocrx_word' id='word_1_633' title='bbox 1997 3788 2109 3837; x_wconf 76' lang='lat' dir='ltr'>xvr,</span> <span class='ocrx_word' id='word_1_634' title='bbox 2148 3771 2226 3827; x_wconf 79' lang='grc'>14)</span> <span class='ocrx_word' id='word_1_635' title='bbox 2265 3785 2276 3823; x_wconf 90' lang='lat'><strong>:</strong></span> <span class='ocrx_word' id='word_1_636' title='bbox 2312 3770 2418 3823; x_wconf 91' lang='lat' dir='ltr'>hoc</span> <span class='ocrx_word' id='word_1_637' title='bbox 2449 3768 2758 3822; x_wconf 87' lang='lat' dir='ltr'>rectissime</span> <span class='ocrx_word' id='word_1_638' title='bbox 2806 3767 3139 3832; x_wconf 89' lang='lat' dir='ltr'>sentientes,</span> <span class='ocrx_word' id='word_1_639' title='bbox 3181 3783 3361 3820; x_wconf 89' lang='lat' dir='ltr'>unum</span> <span class='ocrx_word' id='word_1_640' title='bbox 3409 3766 3694 3820; x_wconf 85' lang='lat' dir='ltr'>Christum</span> 
     </span>
    </p>
   </div>
   <div class='ocr_carea' id='block_1_82' title="bbox 2000 3854 3696 3924">
    <p class='ocr_par' dir='ltr' id='par_1_82' title="bbox 2000 3854 3696 3924">
     <span class='ocr_line' id='line_1_82' title="bbox 2000 3854 3696 3924; baseline -0.004 -11"><span class='ocrx_word' id='word_1_641' title='bbox 2000 3865 2054 3913; x_wconf 91' lang='lat' dir='ltr'>et</span> <span class='ocrx_word' id='word_1_642' title='bbox 2087 3860 2288 3914; x_wconf 86' lang='lat' dir='ltr'>Filium</span> <span class='ocrx_word' id='word_1_643' title='bbox 2331 3874 2443 3911; x_wconf 90' lang='lat' dir='ltr'>non</span> <span class='ocrx_word' id='word_1_644' title='bbox 2494 3858 2645 3910; x_wconf 87' lang='lat' dir='ltr'>velut</span> <span class='ocrx_word' id='word_1_645' title='bbox 2674 3856 2907 3909; x_wconf 89' lang='lat' dir='ltr'>alterius</span> <span class='ocrx_word' id='word_1_646' title='bbox 2957 3860 3221 3924; x_wconf 81' lang='lat' dir='ltr'>egentem</span> <span class='ocrx_word' id='word_1_647' title='bbox 3272 3855 3475 3924; x_wconf 81' lang='lat' dir='ltr'>gloria,</span> <span class='ocrx_word' id='word_1_648' title='bbox 3521 3854 3696 3907; x_wconf 88' lang='lat' dir='ltr'>conti-</span> 
     </span>
    </p>
   </div>
   <div class='ocr_carea' id='block_1_83' title="bbox 1999 3943 3696 4016">
    <p class='ocr_par' dir='ltr' id='par_1_83' title="bbox 1999 3943 3696 4016">
     <span class='ocr_line' id='line_1_83' title="bbox 1999 3943 3696 4016; baseline -0.004 -15"><span class='ocrx_word' id='word_1_649' title='bbox 1999 3953 2192 4002; x_wconf 89' lang='lat' dir='ltr'>teutur</span> <span class='ocrx_word' id='word_1_650' title='bbox 2229 3964 2261 4000; x_wconf 86' lang='lat' dir='ltr'>a</span> <span class='ocrx_word' id='word_1_651' title='bbox 2303 3947 2515 4016; x_wconf 89' lang='lat' dir='ltr'>Spiritu</span> <span class='ocrx_word' id='word_1_652' title='bbox 2567 3950 2760 3998; x_wconf 89' lang='lat' dir='ltr'>sancto</span> <span class='ocrx_word' id='word_1_653' title='bbox 2813 3945 3056 4015; x_wconf 85' lang='lat' dir='ltr'>gloriam</span> <span class='ocrx_word' id='word_1_654' title='bbox 3106 3949 3506 4008; x_wconf 86' lang='lat' dir='ltr'>consecutum;</span> <span class='ocrx_word' id='word_1_655' title='bbox 3560 3943 3696 4013; x_wconf 89' lang='lat' dir='ltr'>quia</span> 
     </span>
    </p>
   </div>
   <div class='ocr_carea' id='block_1_84' title="bbox 1997 4030 3689 4107">
    <p class='ocr_par' dir='ltr' id='par_1_84' title="bbox 1997 4030 3689 4107">
     <span class='ocr_line' id='line_1_84' title="bbox 1997 4030 3689 4107; baseline -0.004 -17"><span class='ocrx_word' id='word_1_656' title='bbox 1997 4037 2240 4107; x_wconf 87' lang='lat' dir='ltr'>Spiritus</span> <span class='ocrx_word' id='word_1_657' title='bbox 2266 4037 2388 4106; x_wconf 84' lang='lat' dir='ltr'>ejus</span> <span class='ocrx_word' id='word_1_658' title='bbox 2420 4051 2524 4088; x_wconf 86' lang='lat' dir='ltr'>nec</span> <span class='ocrx_word' id='word_1_659' title='bbox 2575 4033 2780 4087; x_wconf 87' lang='lat' dir='ltr'>melior</span> <span class='ocrx_word' id='word_1_660' title='bbox 2824 4049 2927 4085; x_wconf 78' lang='lat' dir='ltr'>nec</span> <span class='ocrx_word' id='word_1_661' title='bbox 2957 4032 3220 4100; x_wconf 88' lang='lat' dir='ltr'>superior</span> <span class='ocrx_word' id='word_1_662' title='bbox 3269 4032 3369 4084; x_wconf 89' lang='lat' dir='ltr'>illo</span> <span class='ocrx_word' id='word_1_663' title='bbox 3422 4037 3534 4096; x_wconf 88' lang='lat' dir='ltr'>est;</span> <span class='ocrx_word' id='word_1_664' title='bbox 3597 4030 3689 4084; x_wconf 89' lang='lat' dir='ltr'>sed</span> 
     </span>
    </p>
   </div>
   <div class='ocr_carea' id='block_1_85' title="bbox 1999 4120 3695 4195">
    <p class='ocr_par' dir='ltr' id='par_1_85' title="bbox 1999 4120 3695 4195">
     <span class='ocr_line' id='line_1_85' title="bbox 1999 4120 3695 4195; baseline -0.002 -17"><span class='ocrx_word' id='word_1_665' title='bbox 1999 4127 2132 4195; x_wconf 87' lang='lat' dir='ltr'>quia</span> <span class='ocrx_word' id='word_1_666' title='bbox 2177 4125 2323 4178; x_wconf 88' lang='lat' dir='ltr'>mira</span> <span class='ocrx_word' id='word_1_667' title='bbox 2369 4139 2544 4193; x_wconf 88' lang='lat' dir='ltr'>opera</span> <span class='ocrx_word' id='word_1_668' title='bbox 2592 4123 2802 4176; x_wconf 86' lang='lat' dir='ltr'>faciens</span> <span class='ocrx_word' id='word_1_669' title='bbox 2853 4121 2941 4175; x_wconf 87' lang='lat' dir='ltr'>ad.</span> <span class='ocrx_word' id='word_1_670' title='bbox 2976 4120 3523 4174; x_wconf 64' lang='lat' dir='ltr'>demonstrationem</span> <span class='ocrx_word' id='word_1_671' title='bbox 3577 4135 3695 4174; x_wconf 65' lang='lat' dir='ltr'>sum</span> 
     </span>
    </p>
   </div>
   <div class='ocr_carea' id='block_1_86' title="bbox 1998 4208 3694 4281">
    <p class='ocr_par' dir='ltr' id='par_1_86' title="bbox 1998 4208 3694 4281">
     <span class='ocr_line' id='line_1_86' title="bbox 1998 4208 3694 4281; baseline -0.003 -14"><span class='ocrx_word' id='word_1_672' title='bbox 1998 4214 2224 4268; x_wconf 87' lang='lat' dir='ltr'>deitatis</span> <span class='ocrx_word' id='word_1_673' title='bbox 2289 4213 2496 4264; x_wconf 91' lang='lat' dir='ltr'>virtute</span> <span class='ocrx_word' id='word_1_674' title='bbox 2546 4211 2781 4281; x_wconf 79' lang='lat' dir='ltr'>propria</span> <span class='ocrx_word' id='word_1_675' title='bbox 2834 4210 3079 4280; x_wconf 88' lang='lat' dir='ltr'>Spiritus</span> <span class='ocrx_word' id='word_1_676' title='bbox 3131 4211 3414 4273; x_wconf 85' lang='lat' dir='ltr'>utebatur,</span> <span class='ocrx_word' id='word_1_677' title='bbox 3456 4209 3526 4262; x_wconf 90' lang='lat' dir='ltr'>ab</span> <span class='ocrx_word' id='word_1_678' title='bbox 3571 4208 3694 4279; x_wconf 90' lang='lat' dir='ltr'>ipso</span> 
     </span>
    </p>
   </div>
   <div class='ocr_carea' id='block_1_87' title="bbox 169 4297 3692 4372">
    <p class='ocr_par' dir='ltr' id='par_1_87' title="bbox 169 4297 3692 4372">
     <span class='ocr_line' id='line_1_87' title="bbox 169 4297 3692 4372; baseline -0.001 -19"><span class='ocrx_word' id='word_1_679' title='bbox 169 4299 441 4353; x_wconf 79' lang='lat' dir='ltr'>Accedite</span> <span class='ocrx_word' id='word_1_680' title='bbox 474 4298 547 4350; x_wconf 90' lang='lat' dir='ltr'>ad</span> <span class='ocrx_word' id='word_1_681' title='bbox 577 4315 660 4351; x_wconf 89' lang='lat' dir='ltr'>me</span> <span class='ocrx_word' id='word_1_682' title='bbox 691 4304 738 4351; x_wconf 91' lang='lat' dir='ltr'>et</span> <span class='ocrx_word' id='word_1_683' title='bbox 764 4299 950 4352; x_wconf 86' lang='lat' dir='ltr'>audite</span> <span class='ocrx_word' id='word_1_684' title='bbox 979 4301 1106 4352; x_wconf 69' lang='lat' dir='ltr'>hwc.</span> <span class='ocrx_word' id='word_1_685' title='bbox 1145 4302 1260 4354; x_wconf 87' lang='lat' dir='ltr'>Non</span> <span class='ocrx_word' id='word_1_686' title='bbox 1293 4303 1350 4352; x_wconf 89' lang='lat' dir='ltr'>in</span> <span class='ocrx_word' id='word_1_687' title='bbox 1397 4303 1597 4355; x_wconf 89' lang='lat' dir='ltr'>occulto</span> <span class='ocrx_word' id='word_1_688' title='bbox 1645 4304 1713 4354; x_wconf 90' lang='lat' dir='ltr'>ab</span> <span class='ocrx_word' id='word_1_689' title='bbox 1758 4305 1882 4356; x_wconf 86' lang='lat' dir='ltr'>ini-</span> <span class='ocrx_word' id='word_1_690' title='bbox 1923 4303 1963 4354; x_wconf 92' lang='lat' dir='ltr'>D</span> <span class='ocrx_word' id='word_1_691' title='bbox 1993 4302 2298 4372; x_wconf 86' lang='lat' dir='ltr'>glorilicari</span> <span class='ocrx_word' id='word_1_692' title='bbox 2326 4301 2534 4355; x_wconf 77' lang='lat' dir='ltr'>dicitur</span> <span class='ocrx_word' id='word_1_693' title='bbox 2568 4317 2580 4354; x_wconf 91' lang='lat'><strong>:</strong></span> <span class='ocrx_word' id='word_1_694' title='bbox 2615 4299 3104 4370; x_wconf 88' lang='lat' dir='ltr'>quemadmodum</span> <span class='ocrx_word' id='word_1_695' title='bbox 3133 4298 3178 4351; x_wconf 88' lang='lat' dir='ltr'>si</span> <span class='ocrx_word' id='word_1_696' title='bbox 3212 4298 3338 4368; x_wconf 89' lang='lat' dir='ltr'>quis</span> <span class='ocrx_word' id='word_1_697' title='bbox 3387 4297 3455 4352; x_wconf 90' lang='lat' dir='ltr'>de</span> <span class='ocrx_word' id='word_1_698' title='bbox 3504 4298 3692 4351; x_wconf 84' lang='lat' dir='ltr'>homi-</span> 
     </span>
    </p>
   </div>
   <div class='ocr_carea' id='block_1_88' title="bbox 173 4388 1886 4454">
    <p class='ocr_par' dir='ltr' id='par_1_88' title="bbox 173 4388 1886 4454">
     <span class='ocr_line' id='line_1_88' title="bbox 173 4388 1886 4454; baseline 0.005 -17"><span class='ocrx_word' id='word_1_699' title='bbox 173 4390 248 4440; x_wconf 90' lang='lat' dir='ltr'>tio</span> <span class='ocrx_word' id='word_1_700' title='bbox 273 4389 494 4440; x_wconf 85' lang='lat' dir='ltr'>locutus</span> <span class='ocrx_word' id='word_1_701' title='bbox 524 4401 662 4438; x_wconf 87' lang='lat' dir='ltr'>sum.</span> <span class='ocrx_word' id='word_1_702' title='bbox 715 4388 845 4441; x_wconf 88' lang='lat' dir='ltr'>Cum</span> <span class='ocrx_word' id='word_1_703' title='bbox 894 4389 1081 4454; x_wconf 80' lang='lat' dir='ltr'>fierent</span> <span class='ocrx_word' id='word_1_704' title='bbox 1120 4389 1233 4441; x_wconf 87' lang='lat' dir='ltr'>illic</span> <span class='ocrx_word' id='word_1_705' title='bbox 1280 4404 1448 4453; x_wconf 84' lang='lat' dir='ltr'>eram,</span> <span class='ocrx_word' id='word_1_706' title='bbox 1500 4394 1549 4442; x_wconf 89' lang='lat' dir='ltr'>et</span> <span class='ocrx_word' id='word_1_707' title='bbox 1595 4405 1736 4443; x_wconf 86' lang='lat' dir='ltr'>nunc</span> <span class='ocrx_word' id='word_1_708' title='bbox 1773 4394 1886 4445; x_wconf 86' lang='lat' dir='ltr'>Do—</span> 
     </span>
    </p>
   </div>
   <div class='ocr_carea' id='block_1_89' title="bbox 169 4475 1881 4547">
    <p class='ocr_par' dir='ltr' id='par_1_89' title="bbox 169 4475 1881 4547">
     <span class='ocr_line' id='line_1_89' title="bbox 169 4475 1881 4547; baseline 0.003 -19"><span class='ocrx_word' id='word_1_709' title='bbox 169 4479 362 4528; x_wconf 89' lang='lat' dir='ltr'>minus</span> <span class='ocrx_word' id='word_1_710' title='bbox 400 4475 554 4527; x_wconf 89' lang='lat' dir='ltr'>misit</span> <span class='ocrx_word' id='word_1_711' title='bbox 607 4490 687 4527; x_wconf 88' lang='lat' dir='ltr'>me</span> <span class='ocrx_word' id='word_1_712' title='bbox 717 4479 766 4526; x_wconf 84' lang='lat' dir='ltr'>et</span> <span class='ocrx_word' id='word_1_713' title='bbox 811 4475 1054 4542; x_wconf 88' lang='lat' dir='ltr'>Spiritus</span> <span class='ocrx_word' id='word_1_714' title='bbox 1101 4477 1217 4542; x_wconf 84' lang='lat' dir='ltr'>ejus</span> <span class='ocrx_word' id='word_1_715' title='bbox 1270 4478 1394 4542; x_wconf 87' lang='lat' dir='ltr'>(Isa.</span> <span class='ocrx_word' id='word_1_716' title='bbox 1429 4493 1616 4542; x_wconf 77' lang='lat' dir='ltr'>XLviu,</span> <span class='ocrx_word' id='word_1_717' title='bbox 1655 4480 1738 4542; x_wconf 83' lang='grc'>13,</span> <span class='ocrx_word' id='word_1_718' title='bbox 1798 4482 1881 4547; x_wconf 80' lang='grc'>15,</span> 
     </span>
    </p>
   </div>
   <div class='ocr_carea' id='block_1_90' title="bbox 177 4562 1885 4634">
    <p class='ocr_par' dir='ltr' id='par_1_90' title="bbox 177 4562 1885 4634">
     <span class='ocr_line' id='line_1_90' title="bbox 177 4562 1885 4634; baseline 0.003 -17"><span class='ocrx_word' id='word_1_719' title='bbox 177 4564 284 4631; x_wconf 86' lang='grc'>16).</span> <span class='ocrx_word' id='word_1_720' title='bbox 341 4563 554 4631; x_wconf 87' lang='lat' dir='ltr'>Utique</span> <span class='ocrx_word' id='word_1_721' title='bbox 590 4562 691 4632; x_wconf 81' lang='lat' dir='ltr'>qui</span> <span class='ocrx_word' id='word_1_722' title='bbox 739 4564 944 4616; x_wconf 66' lang='lat' dir='ltr'>malum</span> <span class='ocrx_word' id='word_1_723' title='bbox 1003 4563 1138 4616; x_wconf 82' lang='lat' dir='ltr'>fecit</span> <span class='ocrx_word' id='word_1_724' title='bbox 1167 4569 1223 4616; x_wconf 90' lang='lat' dir='ltr'>et</span> <span class='ocrx_word' id='word_1_725' title='bbox 1287 4570 1517 4627; x_wconf 89' lang='lat' dir='ltr'>terram,</span> <span class='ocrx_word' id='word_1_726' title='bbox 1552 4566 1673 4634; x_wconf 90' lang='lat' dir='ltr'>ipse</span> <span class='ocrx_word' id='word_1_727' title='bbox 1701 4568 1885 4622; x_wconf 87' lang='lat' dir='ltr'>dicita</span> 
     </span>
    </p>
   </div>
   <div class='ocr_carea' id='block_1_91' title="bbox 172 4651 1883 4725">
    <p class='ocr_par' dir='ltr' id='par_1_91' title="bbox 172 4651 1883 4725">
     <span class='ocr_line' id='line_1_91' title="bbox 172 4651 1883 4725; baseline 0.002 -19"><span class='ocrx_word' id='word_1_728' title='bbox 172 4653 435 4706; x_wconf 88' lang='lat' dir='ltr'>Domino</span> <span class='ocrx_word' id='word_1_729' title='bbox 470 4658 524 4703; x_wconf 91' lang='lat' dir='ltr'>et</span> <span class='ocrx_word' id='word_1_730' title='bbox 555 4651 768 4721; x_wconf 88' lang='lat' dir='ltr'>Spiritu</span> <span class='ocrx_word' id='word_1_731' title='bbox 802 4652 924 4720; x_wconf 89' lang='lat' dir='ltr'>ejus</span> <span class='ocrx_word' id='word_1_732' title='bbox 954 4668 1074 4704; x_wconf 88' lang='lat' dir='ltr'>esse</span> <span class='ocrx_word' id='word_1_733' title='bbox 1118 4669 1176 4705; x_wconf 88' lang='lat' dir='ltr'>se</span> <span class='ocrx_word' id='word_1_734' title='bbox 1204 4653 1462 4707; x_wconf 88' lang='lat' dir='ltr'>missum.</span> <span class='ocrx_word' id='word_1_735' title='bbox 1496 4654 1710 4708; x_wconf 84' lang='lat' dir='ltr'>Videtis</span> <span class='ocrx_word' id='word_1_736' title='bbox 1749 4673 1883 4725; x_wconf 89' lang='lat' dir='ltr'>ergo</span> 
     </span>
    </p>
   </div>
   <div class='ocr_carea' id='block_1_92' title="bbox 169 4740 1880 4812">
    <p class='ocr_par' dir='ltr' id='par_1_92' title="bbox 169 4740 1880 4812">
     <span class='ocr_line' id='line_1_92' title="bbox 169 4740 1880 4812; baseline 0.005 -22"><span class='ocrx_word' id='word_1_737' title='bbox 169 4742 328 4812; x_wconf 89' lang='lat' dir='ltr'>quod</span> <span class='ocrx_word' id='word_1_738' title='bbox 363 4740 706 4808; x_wconf 82' lang='lat' dir='ltr'>simplicitas</span> <span class='ocrx_word' id='word_1_739' title='bbox 746 4740 1043 4807; x_wconf 84' lang='lat' dir='ltr'>sermonis,</span> <span class='ocrx_word' id='word_1_740' title='bbox 1074 4757 1188 4794; x_wconf 88' lang='lat' dir='ltr'>non</span> <span class='ocrx_word' id='word_1_741' title='bbox 1221 4741 1430 4812; x_wconf 83' lang='lat' dir='ltr'>injuria</span> <span class='ocrx_word' id='word_1_742' title='bbox 1463 4742 1535 4795; x_wconf 89' lang='lat' dir='ltr'>sit</span> <span class='ocrx_word' id='word_1_743' title='bbox 1576 4743 1880 4798; x_wconf 90' lang='lat' dir='ltr'>missionis.</span> 
     </span>
    </p>
   </div>
   <div class='ocr_carea' id='block_1_93' title="bbox 172 4829 1880 4901">
    <p class='ocr_par' dir='ltr' id='par_1_93' title="bbox 172 4829 1880 4901">
     <span class='ocr_line' id='line_1_93' title="bbox 172 4829 1880 4901; baseline 0.002 -19"><span class='ocrx_word' id='word_1_744' title='bbox 172 4831 301 4897; x_wconf 88' lang='lat' dir='ltr'>Ipse</span> <span class='ocrx_word' id='word_1_745' title='bbox 338 4829 526 4898; x_wconf 84' lang='lat' dir='ltr'>igitur</span> <span class='ocrx_word' id='word_1_746' title='bbox 556 4829 762 4881; x_wconf 89' lang='lat' dir='ltr'>missus</span> <span class='ocrx_word' id='word_1_747' title='bbox 795 4846 827 4882; x_wconf 87' lang='lat' dir='ltr'>a</span> <span class='ocrx_word' id='word_1_748' title='bbox 858 4830 1042 4894; x_wconf 88' lang='lat' dir='ltr'>Patre,</span> <span class='ocrx_word' id='word_1_749' title='bbox 1069 4829 1189 4898; x_wconf 88' lang='lat' dir='ltr'>ipse</span> <span class='ocrx_word' id='word_1_750' title='bbox 1221 4836 1304 4882; x_wconf 89' lang='lat' dir='ltr'>est</span> <span class='ocrx_word' id='word_1_751' title='bbox 1343 4831 1549 4884; x_wconf 90' lang='lat' dir='ltr'>missus</span> <span class='ocrx_word' id='word_1_752' title='bbox 1577 4849 1608 4884; x_wconf 89' lang='lat' dir='ltr'>a</span> <span class='ocrx_word' id='word_1_753' title='bbox 1647 4833 1880 4901; x_wconf 88' lang='lat' dir='ltr'>Spiritu.</span> 
     </span>
    </p>
   </div>
   <div class='ocr_carea' id='block_1_94' title="bbox 171 4918 1878 4989">
    <p class='ocr_par' dir='ltr' id='par_1_94' title="bbox 171 4918 1878 4989">
     <span class='ocr_line' id='line_1_94' title="bbox 171 4918 1878 4989; baseline 0.002 -18"><span class='ocrx_word' id='word_1_754' title='bbox 171 4919 236 4971; x_wconf 78' lang='lat' dir='ltr'>Et</span> <span class='ocrx_word' id='word_1_755' title='bbox 285 4923 352 4971; x_wconf 88' lang='lat' dir='ltr'>ut</span> <span class='ocrx_word' id='word_1_756' title='bbox 397 4934 677 4985; x_wconf 87' lang='lat' dir='ltr'>agnoscas</span> <span class='ocrx_word' id='word_1_757' title='bbox 726 4918 940 4970; x_wconf 89' lang='lat' dir='ltr'>nullam</span> <span class='ocrx_word' id='word_1_758' title='bbox 997 4919 1304 4989; x_wconf 86' lang='lat' dir='ltr'>majestatis</span> <span class='ocrx_word' id='word_1_759' title='bbox 1348 4935 1468 4974; x_wconf 89' lang='lat' dir='ltr'>esse</span> <span class='ocrx_word' id='word_1_760' title='bbox 1533 4920 1878 4985; x_wconf 86' lang='lat' dir='ltr'>distantiam,</span> 
     </span>
    </p>
   </div>
   <div class='ocr_carea' id='block_1_95' title="bbox 168 5005 1883 5077">
    <p class='ocr_par' dir='ltr' id='par_1_95' title="bbox 168 5005 1883 5077">
     <span class='ocr_line' id='line_1_95' title="bbox 168 5005 1883 5077; baseline 0.003 -19"><span class='ocrx_word' id='word_1_761' title='bbox 168 5007 350 5059; x_wconf 82' lang='lat' dir='ltr'>etiam</span> <span class='ocrx_word' id='word_1_762' title='bbox 387 5006 563 5058; x_wconf 79' lang='lat' dir='ltr'>Filius</span> <span class='ocrx_word' id='word_1_763' title='bbox 593 5005 871 5074; x_wconf 89' lang='lat' dir='ltr'>Spiritum</span> <span class='ocrx_word' id='word_1_764' title='bbox 908 5006 1098 5071; x_wconf 88' lang='lat' dir='ltr'>mittit,</span> <span class='ocrx_word' id='word_1_765' title='bbox 1153 5007 1298 5062; x_wconf 89' lang='lat' dir='ltr'>sicut</span> <span class='ocrx_word' id='word_1_766' title='bbox 1344 5009 1465 5077; x_wconf 88' lang='lat' dir='ltr'>ipse</span> <span class='ocrx_word' id='word_1_767' title='bbox 1508 5009 1652 5063; x_wconf 80' lang='lat' dir='ltr'>dixit</span> <span class='ocrx_word' id='word_1_768' title='bbox 1693 5025 1705 5063; x_wconf 93' lang='lat'><strong>:</strong></span> <span class='ocrx_word' id='word_1_769' title='bbox 1754 5011 1883 5065; x_wconf 86' lang='lat' dir='ltr'>Cum</span> 
     </span>
    </p>
   </div>
   <div class='ocr_carea' id='block_1_96' title="bbox 166 5096 1884 5164">
    <p class='ocr_par' dir='ltr' id='par_1_96' title="bbox 166 5096 1884 5164">
     <span class='ocr_line' id='line_1_96' title="bbox 166 5096 1884 5164; baseline 0.004 -18"><span class='ocrx_word' id='word_1_770' title='bbox 166 5101 358 5147; x_wconf 76' lang='lat' dir='ltr'>autem</span> <span class='ocrx_word' id='word_1_771' title='bbox 411 5097 618 5147; x_wconf 69' lang='lat' dir='ltr'>venerit</span> <span class='ocrx_word' id='word_1_772' title='bbox 668 5096 998 5160; x_wconf 85' lang='lat' dir='ltr'>Paractetus,</span> <span class='ocrx_word' id='word_1_773' title='bbox 1056 5112 1210 5164; x_wconf 85' lang='lat' dir='ltr'>quem</span> <span class='ocrx_word' id='word_1_774' title='bbox 1249 5113 1342 5163; x_wconf 79' lang='lat' dir='ltr'>ego</span> <span class='ocrx_word' id='word_1_775' title='bbox 1371 5099 1584 5150; x_wconf 87' lang='lat' dir='ltr'>mittam</span> <span class='ocrx_word' id='word_1_776' title='bbox 1634 5099 1782 5152; x_wconf 82' lang='lat' dir='ltr'>vobis</span> <span class='ocrx_word' id='word_1_777' title='bbox 1850 5117 1884 5154; x_wconf 88' lang='lat' dir='ltr'>a</span> 
     </span>
    </p>
   </div>
   <div class='ocr_carea' id='block_1_97' title="bbox 165 5183 1882 5255">
    <p class='ocr_par' dir='ltr' id='par_1_97' title="bbox 165 5183 1882 5255">
     <span class='ocr_line' id='line_1_97' title="bbox 165 5183 1882 5255; baseline 0.003 -19"><span class='ocrx_word' id='word_1_778' title='bbox 165 5184 340 5236; x_wconf 84' lang='lat' dir='ltr'>Patre</span> <span class='ocrx_word' id='word_1_779' title='bbox 362 5198 499 5248; x_wconf 88' lang='lat' dir='ltr'>meo,</span> <span class='ocrx_word' id='word_1_780' title='bbox 534 5183 802 5249; x_wconf 87' lang='lat' dir='ltr'>Spiritum</span> <span class='ocrx_word' id='word_1_781' title='bbox 835 5185 1106 5249; x_wconf 82' lang='lat' dir='ltr'>veritatis,</span> <span class='ocrx_word' id='word_1_782' title='bbox 1163 5187 1260 5251; x_wconf 89' lang='lat' dir='ltr'>qui</span> <span class='ocrx_word' id='word_1_783' title='bbox 1303 5201 1338 5237; x_wconf 89' lang='lat' dir='ltr'>a</span> <span class='ocrx_word' id='word_1_784' title='bbox 1401 5187 1560 5239; x_wconf 89' lang='lat' dir='ltr'>Patre</span> <span class='ocrx_word' id='word_1_785' title='bbox 1599 5203 1710 5240; x_wconf 89' lang='lat' dir='ltr'>meo</span> <span class='ocrx_word' id='word_1_786' title='bbox 1745 5203 1882 5255; x_wconf 86' lang='lat' dir='ltr'>pro-</span> 
     </span>
    </p>
   </div>
   <div class='ocr_carea' id='block_1_98' title="bbox 166 5271 1884 5339">
    <p class='ocr_par' dir='ltr' id='par_1_98' title="bbox 166 5271 1884 5339">
     <span class='ocr_line' id='line_1_98' title="bbox 166 5271 1884 5339; baseline 0.003 -15"><span class='ocrx_word' id='word_1_787' title='bbox 166 5272 318 5324; x_wconf 86' lang='lat' dir='ltr'>cedit</span> <span class='ocrx_word' id='word_1_788' title='bbox 358 5271 551 5339; x_wconf 89' lang='lat' dir='ltr'>(Joan.</span> <span class='ocrx_word' id='word_1_789' title='bbox 587 5286 696 5333; x_wconf 70' lang='lat' dir='ltr'>xxv,</span> <span class='ocrx_word' id='word_1_790' title='bbox 739 5273 850 5339; x_wconf 78' lang='lat'>26).</span> <span class='ocrx_word' id='word_1_791' title='bbox 892 5273 1049 5324; x_wconf 76' lang='lat' dir='ltr'>Nunc</span> <span class='ocrx_word' id='word_1_792' title='bbox 1083 5274 1346 5326; x_wconf 88' lang='lat' dir='ltr'>eumdem</span> <span class='ocrx_word' id='word_1_793' title='bbox 1378 5275 1731 5328; x_wconf 80' lang='lat' dir='ltr'>Paracletum</span> <span class='ocrx_word' id='word_1_794' title='bbox 1767 5280 1821 5328; x_wconf 89' lang='lat' dir='ltr'>et</span> <span class='ocrx_word' id='word_1_795' title='bbox 1853 5295 1884 5329; x_wconf 89' lang='lat' dir='ltr'>a</span> 
     </span>
    </p>
   </div>
   <div class='ocr_carea' id='block_1_99' title="bbox 169 5357 1882 5429">
    <p class='ocr_par' dir='ltr' id='par_1_99' title="bbox 169 5357 1882 5429">
     <span class='ocr_line' id='line_1_99' title="bbox 169 5357 1882 5429; baseline 0.002 -17"><span class='ocrx_word' id='word_1_796' title='bbox 169 5359 345 5412; x_wconf 82' lang='lat' dir='ltr'>Patre</span> <span class='ocrx_word' id='word_1_797' title='bbox 397 5372 520 5410; x_wconf 89' lang='lat' dir='ltr'>esse</span> <span class='ocrx_word' id='word_1_798' title='bbox 577 5357 918 5410; x_wconf 89' lang='lat' dir='ltr'>mittendum</span> <span class='ocrx_word' id='word_1_799' title='bbox 973 5375 1144 5429; x_wconf 89' lang='lat' dir='ltr'>supra</span> <span class='ocrx_word' id='word_1_800' title='bbox 1189 5361 1374 5428; x_wconf 88' lang='lat' dir='ltr'>posuit</span> <span class='ocrx_word' id='word_1_801' title='bbox 1419 5361 1661 5414; x_wconf 88' lang='lat' dir='ltr'>dicens:</span> <span class='ocrx_word' id='word_1_802' title='bbox 1713 5363 1882 5416; x_wconf 84' lang='lat' dir='ltr'>Para-</span> 
     </span>
    </p>
   </div>
   <div class='ocr_carea' id='block_1_100' title="bbox 169 5447 1882 5519">
    <p class='ocr_par' dir='ltr' id='par_1_100' title="bbox 169 5447 1882 5519">
     <span class='ocr_line' id='line_1_100' title="bbox 169 5447 1882 5519; baseline 0.002 -19"><span class='ocrx_word' id='word_1_803' title='bbox 169 5448 345 5500; x_wconf 87' lang='lat' dir='ltr'>cletus</span> <span class='ocrx_word' id='word_1_804' title='bbox 377 5449 557 5498; x_wconf 86' lang='lat' dir='ltr'>autem</span> <span class='ocrx_word' id='word_1_805' title='bbox 585 5447 674 5498; x_wconf 89' lang='lat' dir='ltr'>ille</span> <span class='ocrx_word' id='word_1_806' title='bbox 720 5447 962 5514; x_wconf 86' lang='lat' dir='ltr'>Spiritus</span> <span class='ocrx_word' id='word_1_807' title='bbox 1009 5454 1247 5515; x_wconf 88' lang='lat' dir='ltr'>sanctus,</span> <span class='ocrx_word' id='word_1_808' title='bbox 1301 5466 1458 5519; x_wconf 88' lang='lat' dir='ltr'>quem</span> <span class='ocrx_word' id='word_1_809' title='bbox 1497 5453 1670 5504; x_wconf 85' lang='lat' dir='ltr'>mittet</span> <span class='ocrx_word' id='word_1_810' title='bbox 1715 5452 1882 5504; x_wconf 87' lang='lat' dir='ltr'>Pater</span> 
     </span>
    </p>
   </div>
   <div class='ocr_carea' id='block_1_101' title="bbox 171 5534 1881 5607">
    <p class='ocr_par' dir='ltr' id='par_1_101' title="bbox 171 5534 1881 5607">
     <span class='ocr_line' id='line_1_101' title="bbox 171 5534 1881 5607; baseline 0.002 -21"><span class='ocrx_word' id='word_1_811' title='bbox 171 5537 228 5588; x_wconf 89' lang='lat' dir='ltr'>in</span> <span class='ocrx_word' id='word_1_812' title='bbox 261 5534 487 5588; x_wconf 85' lang='lat' dir='ltr'>nomine</span> <span class='ocrx_word' id='word_1_813' title='bbox 525 5550 637 5588; x_wconf 91' lang='lat' dir='ltr'>meo</span> <span class='ocrx_word' id='word_1_814' title='bbox 675 5534 853 5604; x_wconf 81' lang='lat' dir='ltr'>(Joan.</span> <span class='ocrx_word' id='word_1_815' title='bbox 905 5552 1017 5601; x_wconf 73' lang='lat' dir='ltr'>xxv,</span> <span class='ocrx_word' id='word_1_816' title='bbox 1048 5538 1158 5605; x_wconf 82' lang='lat'>26).</span> <span class='ocrx_word' id='word_1_817' title='bbox 1207 5537 1343 5591; x_wconf 91' lang='lat' dir='ltr'>Vide</span> <span class='ocrx_word' id='word_1_818' title='bbox 1392 5537 1693 5602; x_wconf 89' lang='lat' dir='ltr'>unitatem,</span> <span class='ocrx_word' id='word_1_819' title='bbox 1744 5537 1881 5607; x_wconf 86' lang='lat' dir='ltr'>quia</span> 
     </span>
    </p>
   </div>
   <div class='ocr_carea' id='block_1_102' title="bbox 1997 4386 3696 4458">
    <p class='ocr_par' dir='ltr' id='par_1_102' title="bbox 1997 4386 3696 4458">
     <span class='ocr_line' id='line_1_102' title="bbox 1997 4386 3696 4458; baseline -0.002 -16"><span class='ocrx_word' id='word_1_820' title='bbox 1997 4391 2164 4443; x_wconf 89' lang='lat' dir='ltr'>nibus</span> <span class='ocrx_word' id='word_1_821' title='bbox 2195 4394 2500 4455; x_wconf 85' lang='lat' dir='ltr'>asseveret,</span> <span class='ocrx_word' id='word_1_822' title='bbox 2533 4389 2682 4458; x_wconf 88' lang='lat' dir='ltr'>quod</span> <span class='ocrx_word' id='word_1_823' title='bbox 2709 4387 2885 4440; x_wconf 89' lang='lat' dir='ltr'>virtus</span> <span class='ocrx_word' id='word_1_824' title='bbox 2915 4404 3016 4439; x_wconf 88' lang='lat' dir='ltr'>sua</span> <span class='ocrx_word' id='word_1_825' title='bbox 3045 4387 3130 4439; x_wconf 85' lang='lat' dir='ltr'>vel</span> <span class='ocrx_word' id='word_1_826' title='bbox 3163 4386 3464 4456; x_wconf 90' lang='lat' dir='ltr'>disciplina</span> <span class='ocrx_word' id='word_1_827' title='bbox 3495 4402 3696 4457; x_wconf 84' lang='lat' dir='ltr'>quem-</span> 
     </span>
    </p>
   </div>
   <div class='ocr_carea' id='block_1_103' title="bbox 1995 4474 3695 4546">
    <p class='ocr_par' dir='ltr' id='par_1_103' title="bbox 1995 4474 3695 4546">
     <span class='ocr_line' id='line_1_103' title="bbox 1995 4474 3695 4546; baseline -0.002 -14"><span class='ocrx_word' id='word_1_828' title='bbox 1995 4478 2132 4532; x_wconf 86' lang='lat' dir='ltr'>libet</span> <span class='ocrx_word' id='word_1_829' title='bbox 2164 4492 2638 4546; x_wconf 79' lang='lat' dir='ltr'>unumquemque</span> <span class='ocrx_word' id='word_1_830' title='bbox 2668 4476 2958 4529; x_wconf 86' lang='lat' dir='ltr'>clariticet.</span> <span class='ocrx_word' id='word_1_831' title='bbox 3001 4475 3269 4539; x_wconf 86' lang='lat' dir='ltr'>Quamvis</span> <span class='ocrx_word' id='word_1_832' title='bbox 3301 4476 3452 4528; x_wconf 92' lang='lat' dir='ltr'>enim</span> <span class='ocrx_word' id='word_1_833' title='bbox 3493 4474 3551 4527; x_wconf 89' lang='lat' dir='ltr'>in</span> <span class='ocrx_word' id='word_1_834' title='bbox 3592 4491 3695 4528; x_wconf 89' lang='lat' dir='ltr'>sua</span> 
     </span>
    </p>
   </div>
   <div class='ocr_carea' id='block_1_104' title="bbox 1995 4563 3693 4634">
    <p class='ocr_par' dir='ltr' id='par_1_104' title="bbox 1995 4563 3693 4634">
     <span class='ocr_line' id='line_1_104' title="bbox 1995 4563 3693 4634; baseline -0.001 -16"><span class='ocrx_word' id='word_1_835' title='bbox 1995 4567 2066 4619; x_wconf 90' lang='lat' dir='ltr'>sit</span> <span class='ocrx_word' id='word_1_836' title='bbox 2095 4565 2410 4619; x_wconf 87' lang='lat' dir='ltr'>substantia</span> <span class='ocrx_word' id='word_1_837' title='bbox 2439 4565 2703 4634; x_wconf 85' lang='lat' dir='ltr'>Spiritus,</span> <span class='ocrx_word' id='word_1_838' title='bbox 2733 4570 2790 4617; x_wconf 88' lang='lat' dir='ltr'>et</span> <span class='ocrx_word' id='word_1_839' title='bbox 2819 4565 2941 4631; x_wconf 89' lang='lat' dir='ltr'>ejus</span> <span class='ocrx_word' id='word_1_840' title='bbox 2975 4564 3332 4634; x_wconf 79' lang='lat' dir='ltr'>intelligatur</span> <span class='ocrx_word' id='word_1_841' title='bbox 3361 4563 3420 4616; x_wconf 88' lang='lat' dir='ltr'>in</span> <span class='ocrx_word' id='word_1_842' title='bbox 3448 4579 3693 4632; x_wconf 88' lang='lat' dir='ltr'>persona</span> 
     </span>
    </p>
   </div>
   <div class='ocr_carea' id='block_1_105' title="bbox 1993 4652 3688 4726">
    <p class='ocr_par' dir='ltr' id='par_1_105' title="bbox 1993 4652 3688 4726">
     <span class='ocr_line' id='line_1_105' title="bbox 1993 4652 3688 4726; baseline -0.003 -18"><span class='ocrx_word' id='word_1_843' title='bbox 1993 4655 2335 4726; x_wconf 88' lang='lat' dir='ltr'>proprietas,</span> <span class='ocrx_word' id='word_1_844' title='bbox 2364 4655 2530 4723; x_wconf 80' lang='lat' dir='ltr'>juxta</span> <span class='ocrx_word' id='word_1_845' title='bbox 2571 4653 2624 4706; x_wconf 91' lang='lat' dir='ltr'>id</span> <span class='ocrx_word' id='word_1_846' title='bbox 2657 4653 2809 4723; x_wconf 89' lang='lat' dir='ltr'>quod</span> <span class='ocrx_word' id='word_1_847' title='bbox 2841 4653 3086 4723; x_wconf 88' lang='lat' dir='ltr'>Spiritus</span> <span class='ocrx_word' id='word_1_848' title='bbox 3113 4659 3199 4706; x_wconf 88' lang='lat' dir='ltr'>est</span> <span class='ocrx_word' id='word_1_849' title='bbox 3247 4658 3304 4707; x_wconf 89' lang='lat' dir='ltr'>et</span> <span class='ocrx_word' id='word_1_850' title='bbox 3337 4669 3449 4706; x_wconf 90' lang='lat' dir='ltr'>non</span> <span class='ocrx_word' id='word_1_851' title='bbox 3495 4652 3688 4714; x_wconf 85' lang='lat' dir='ltr'>Filius,</span> 
     </span>
    </p>
   </div>
   <div class='ocr_carea' id='block_1_106' title="bbox 1993 4741 3692 4811">
    <p class='ocr_par' dir='ltr' id='par_1_106' title="bbox 1993 4741 3692 4811">
     <span class='ocr_line' id='line_1_106' title="bbox 1993 4741 3692 4811; baseline -0.002 -15"><span class='ocrx_word' id='word_1_852' title='bbox 1993 4750 2243 4798; x_wconf 85' lang='lat' dir='ltr'>attamen</span> <span class='ocrx_word' id='word_1_853' title='bbox 2279 4743 2500 4797; x_wconf 86' lang='lat' dir='ltr'>alienus</span> <span class='ocrx_word' id='word_1_854' title='bbox 2529 4759 2645 4796; x_wconf 87' lang='lat' dir='ltr'>non</span> <span class='ocrx_word' id='word_1_855' title='bbox 2685 4748 2768 4796; x_wconf 90' lang='lat' dir='ltr'>est</span> <span class='ocrx_word' id='word_1_856' title='bbox 2789 4743 2860 4795; x_wconf 86' lang='lat' dir='ltr'>ab</span> <span class='ocrx_word' id='word_1_857' title='bbox 2893 4743 3010 4796; x_wconf 91' lang='lat' dir='ltr'>illo.</span> <span class='ocrx_word' id='word_1_858' title='bbox 3053 4743 3192 4796; x_wconf 85' lang='lat' dir='ltr'>Nam</span> <span class='ocrx_word' id='word_1_859' title='bbox 3221 4742 3470 4810; x_wconf 89' lang='lat' dir='ltr'>Spiritus</span> <span class='ocrx_word' id='word_1_860' title='bbox 3501 4741 3692 4811; x_wconf 90' lang='lat' dir='ltr'>appel-</span> 
     </span>
    </p>
   </div>
   <div class='ocr_carea' id='block_1_107' title="bbox 1994 4830 3688 4894">
    <p class='ocr_par' dir='ltr' id='par_1_107' title="bbox 1994 4830 3688 4894">
     <span class='ocr_line' id='line_1_107' title="bbox 1994 4830 3688 4894; baseline -0.002 -10"><span class='ocrx_word' id='word_1_861' title='bbox 1994 4833 2144 4885; x_wconf 89' lang='lat' dir='ltr'>latus</span> <span class='ocrx_word' id='word_1_862' title='bbox 2175 4838 2260 4885; x_wconf 88' lang='lat' dir='ltr'>est</span> <span class='ocrx_word' id='word_1_863' title='bbox 2307 4830 2578 4894; x_wconf 83' lang='lat' dir='ltr'>veritatis,</span> <span class='ocrx_word' id='word_1_864' title='bbox 2625 4836 2682 4884; x_wconf 88' lang='lat' dir='ltr'>et</span> <span class='ocrx_word' id='word_1_865' title='bbox 2717 4831 2925 4884; x_wconf 87' lang='lat' dir='ltr'>veritas</span> <span class='ocrx_word' id='word_1_866' title='bbox 2965 4831 3220 4885; x_wconf 91' lang='lat' dir='ltr'>Christus</span> <span class='ocrx_word' id='word_1_867' title='bbox 3267 4836 3372 4894; x_wconf 85' lang='lat' dir='ltr'>est,</span> <span class='ocrx_word' id='word_1_868' title='bbox 3435 4830 3584 4882; x_wconf 89' lang='lat' dir='ltr'>unde</span> <span class='ocrx_word' id='word_1_869' title='bbox 3633 4834 3688 4881; x_wconf 85' lang='lat' dir='ltr'>et</span> 
     </span>
    </p>
   </div>
   <div class='ocr_carea' id='block_1_108' title="bbox 1994 4915 3688 4988">
    <p class='ocr_par' dir='ltr' id='par_1_108' title="bbox 1994 4915 3688 4988">
     <span class='ocr_line' id='line_1_108' title="bbox 1994 4915 3688 4988; baseline -0.003 -16"><span class='ocrx_word' id='word_1_870' title='bbox 1994 4920 2062 4974; x_wconf 89' lang='lat' dir='ltr'>ab</span> <span class='ocrx_word' id='word_1_871' title='bbox 2086 4921 2194 4973; x_wconf 89' lang='lat' dir='ltr'>isto</span> <span class='ocrx_word' id='word_1_872' title='bbox 2222 4919 2505 4984; x_wconf 88' lang='lat' dir='ltr'>similiter,</span> <span class='ocrx_word' id='word_1_873' title='bbox 2540 4918 2684 4972; x_wconf 86' lang='lat' dir='ltr'>sicut</span> <span class='ocrx_word' id='word_1_874' title='bbox 2731 4934 2793 4971; x_wconf 80' lang='lat' dir='ltr'>ex</span> <span class='ocrx_word' id='word_1_875' title='bbox 2845 4919 2954 4972; x_wconf 89' lang='lat' dir='ltr'>Deo</span> <span class='ocrx_word' id='word_1_876' title='bbox 2991 4919 3151 4972; x_wconf 88' lang='lat' dir='ltr'>Patre</span> <span class='ocrx_word' id='word_1_877' title='bbox 3199 4917 3470 4988; x_wconf 86' lang='lat' dir='ltr'>procedit.</span> <span class='ocrx_word' id='word_1_878' title='bbox 3521 4915 3688 4968; x_wconf 89' lang='lat' dir='ltr'>Deni-</span> 
     </span>
    </p>
   </div>
   <div class='ocr_carea' id='block_1_109' title="bbox 1993 5005 3687 5078">
    <p class='ocr_par' dir='ltr' id='par_1_109' title="bbox 1993 5005 3687 5078">
     <span class='ocr_line' id='line_1_109' title="bbox 1993 5005 3687 5078; baseline -0.005 -17"><span class='ocrx_word' id='word_1_879' title='bbox 1993 5025 2104 5078; x_wconf 92' lang='lat' dir='ltr'>que</span> <span class='ocrx_word' id='word_1_880' title='bbox 2157 5007 2248 5060; x_wconf 86' lang='lat' dir='ltr'>hic</span> <span class='ocrx_word' id='word_1_881' title='bbox 2293 5007 2412 5076; x_wconf 88' lang='lat' dir='ltr'>ipse</span> <span class='ocrx_word' id='word_1_882' title='bbox 2454 5007 2698 5074; x_wconf 83' lang='lat' dir='ltr'>Spiritus</span> <span class='ocrx_word' id='word_1_883' title='bbox 2731 5005 2900 5058; x_wconf 88' lang='lat' dir='ltr'>etiam</span> <span class='ocrx_word' id='word_1_884' title='bbox 2956 5022 3058 5075; x_wconf 88' lang='lat' dir='ltr'>per</span> <span class='ocrx_word' id='word_1_885' title='bbox 3103 5010 3430 5058; x_wconf 88' lang='lat' dir='ltr'>sanctorum</span> <span class='ocrx_word' id='word_1_886' title='bbox 3484 5018 3687 5054; x_wconf 87' lang='lat' dir='ltr'>manus</span> 
     </span>
    </p>
   </div>
   <div class='ocr_carea' id='block_1_110' title="bbox 1993 5089 3686 5168">
    <p class='ocr_par' dir='ltr' id='par_1_110' title="bbox 1993 5089 3686 5168">
     <span class='ocr_line' id='line_1_110' title="bbox 1993 5089 3686 5168; baseline -0.006 -20"><span class='ocrx_word' id='word_1_887' title='bbox 1993 5096 2383 5164; x_wconf 86' lang='lat' dir='ltr'>apostolorum</span> <span class='ocrx_word' id='word_1_888' title='bbox 2458 5093 2729 5146; x_wconf 89' lang='lat' dir='ltr'>miracula</span> <span class='ocrx_word' id='word_1_889' title='bbox 2789 5093 3040 5168; x_wconf 81' lang='lat' dir='ltr'>gloriosa</span> <span class='ocrx_word' id='word_1_890' title='bbox 3101 5091 3422 5159; x_wconf 87' lang='lat' dir='ltr'>perliciens,</span> <span class='ocrx_word' id='word_1_891' title='bbox 3507 5089 3686 5140; x_wconf 91' lang='lat' dir='ltr'>Deum</span> 
     </span>
    </p>
   </div>
   <div class='ocr_carea' id='block_1_111' title="bbox 1992 5174 3687 5252">
    <p class='ocr_par' dir='ltr' id='par_1_111' title="bbox 1992 5174 3687 5252">
     <span class='ocr_line' id='line_1_111' title="bbox 1992 5174 3687 5252; baseline -0.005 -17"><span class='ocrx_word' id='word_1_892' title='bbox 1992 5183 2329 5252; x_wconf 73' lang='lat' dir='ltr'>glorificavit</span> <span class='ocrx_word' id='word_1_893' title='bbox 2374 5183 2567 5237; x_wconf 71' lang='lat' dir='ltr'>Iesum</span> <span class='ocrx_word' id='word_1_894' title='bbox 2641 5182 2925 5236; x_wconf 87' lang='lat' dir='ltr'>Christum</span> <span class='ocrx_word' id='word_1_895' title='bbox 2971 5186 3274 5250; x_wconf 86' lang='lat' dir='ltr'>postquam</span> <span class='ocrx_word' id='word_1_896' title='bbox 3324 5175 3581 5232; x_wconf 86' lang='lat' dir='ltr'>ascendit</span> <span class='ocrx_word' id='word_1_897' title='bbox 3627 5174 3687 5227; x_wconf 88' lang='lat' dir='ltr'>in</span> 
     </span>
    </p>
   </div>
   <div class='ocr_carea' id='block_1_112' title="bbox 1989 5263 3684 5324">
    <p class='ocr_par' dir='ltr' id='par_1_112' title="bbox 1989 5263 3684 5324">
     <span class='ocr_line' id='line_1_112' title="bbox 1989 5263 3684 5324; baseline -0.004 -1"><span class='ocrx_word' id='word_1_898' title='bbox 1989 5273 2214 5324; x_wconf 64' lang='lat' dir='ltr'>cadum.</span> <span class='ocrx_word' id='word_1_899' title='bbox 2250 5271 2390 5324; x_wconf 84' lang='lat' dir='ltr'>Nam</span> <span class='ocrx_word' id='word_1_900' title='bbox 2430 5272 2680 5324; x_wconf 74' lang='lat' dir='ltr'>creditus</span> <span class='ocrx_word' id='word_1_901' title='bbox 2719 5275 2803 5323; x_wconf 87' lang='lat' dir='ltr'>est</span> <span class='ocrx_word' id='word_1_902' title='bbox 2837 5270 3090 5324; x_wconf 83' lang='lat' dir='ltr'>Christus</span> <span class='ocrx_word' id='word_1_903' title='bbox 3125 5275 3328 5320; x_wconf 85' lang='lat' dir='ltr'>natura</span> <span class='ocrx_word' id='word_1_904' title='bbox 3376 5267 3524 5319; x_wconf 88' lang='lat' dir='ltr'>Deus</span> <span class='ocrx_word' id='word_1_905' title='bbox 3567 5263 3684 5316; x_wconf 87' lang='lat' dir='ltr'>exi-</span> 
     </span>
    </p>
   </div>
   <div class='ocr_carea' id='block_1_113' title="bbox 1991 5355 3684 5431">
    <p class='ocr_par' dir='ltr' id='par_1_113' title="bbox 1991 5355 3684 5431">
     <span class='ocr_line' id='line_1_113' title="bbox 1991 5355 3684 5431; baseline -0.004 -20"><span class='ocrx_word' id='word_1_906' title='bbox 1991 5368 2162 5425; x_wconf 87' lang='lat' dir='ltr'>stens,</span> <span class='ocrx_word' id='word_1_907' title='bbox 2199 5377 2300 5428; x_wconf 90' lang='lat' dir='ltr'>per</span> <span class='ocrx_word' id='word_1_908' title='bbox 2327 5377 2495 5414; x_wconf 87' lang='lat' dir='ltr'>suum</span> <span class='ocrx_word' id='word_1_909' title='bbox 2525 5360 2799 5431; x_wconf 84' lang='lat' dir='ltr'>Spiritum</span> <span class='ocrx_word' id='word_1_910' title='bbox 2845 5359 3080 5410; x_wconf 86' lang='lat' dir='ltr'>virtutes</span> <span class='ocrx_word' id='word_1_911' title='bbox 3115 5356 3385 5409; x_wconf 82' lang='lat' dir='ltr'>efticiens.</span> <span class='ocrx_word' id='word_1_912' title='bbox 3437 5355 3684 5422; x_wconf 88' lang='lat' dir='ltr'>Ideoque</span> 
     </span>
    </p>
   </div>
   <div class='ocr_carea' id='block_1_114' title="bbox 1990 5445 3683 5517">
    <p class='ocr_par' dir='ltr' id='par_1_114' title="bbox 1990 5445 3683 5517">
     <span class='ocr_line' id='line_1_114' title="bbox 1990 5445 3683 5517; baseline -0.005 -15"><span class='ocrx_word' id='word_1_913' title='bbox 1990 5449 2254 5504; x_wconf 87' lang='lat' dir='ltr'>dicebat:</span> <span class='ocrx_word' id='word_1_914' title='bbox 2302 5451 2379 5504; x_wconf 89' lang='lat' dir='ltr'>De</span> <span class='ocrx_word' id='word_1_915' title='bbox 2428 5466 2538 5504; x_wconf 88' lang='lat' dir='ltr'>meo</span> <span class='ocrx_word' id='word_1_916' title='bbox 2585 5452 2812 5517; x_wconf 85' lang='lat' dir='ltr'>accipet,</span> <span class='ocrx_word' id='word_1_917' title='bbox 2866 5453 2914 5500; x_wconf 90' lang='lat' dir='ltr'>et</span> <span class='ocrx_word' id='word_1_918' title='bbox 2953 5447 3304 5499; x_wconf 87' lang='lat' dir='ltr'>annuntiabit</span> <span class='ocrx_word' id='word_1_919' title='bbox 3351 5445 3520 5498; x_wconf 82' lang='lat' dir='ltr'>vobis.</span> <span class='ocrx_word' id='word_1_920' title='bbox 3578 5445 3683 5496; x_wconf 78' lang='lat' dir='ltr'>Ne-</span> 
     </span>
    </p>
   </div>
   <div class='ocr_carea' id='block_1_115' title="bbox 1991 5531 3684 5610">
    <p class='ocr_par' dir='ltr' id='par_1_115' title="bbox 1991 5531 3684 5610">
     <span class='ocr_line' id='line_1_115' title="bbox 1991 5531 3684 5610; baseline -0.002 -22"><span class='ocrx_word' id='word_1_921' title='bbox 1991 5555 2278 5610; x_wconf 86' lang='lat' dir='ltr'>quaquam</span> <span class='ocrx_word' id='word_1_922' title='bbox 2314 5555 2446 5592; x_wconf 85' lang='lat' dir='ltr'>vero</span> <span class='ocrx_word' id='word_1_923' title='bbox 2481 5537 2909 5608; x_wconf 83' lang='lat' dir='ltr'>participatione</span> <span class='ocrx_word' id='word_1_924' title='bbox 2956 5533 3189 5588; x_wconf 86' lang='lat' dir='ltr'>alterius</span> <span class='ocrx_word' id='word_1_925' title='bbox 3247 5533 3398 5587; x_wconf 91' lang='lat' dir='ltr'>idem</span> <span class='ocrx_word' id='word_1_926' title='bbox 3439 5531 3684 5603; x_wconf 86' lang='lat' dir='ltr'>Spiritus</span> 
     </span>
    </p>
   </div>
  </div>
