4044 6174
356 315 457 368 703

1584 304 1807 360 (ENEIE
1846 303 2276 362 PARISIENSIS
2318 302 2622 362 EPISCOPI

3740 305 3839 358 70$

356 442 582 513 sapiens
611 447 707 497 aut
729 444 932 511 potens
962 438 1188 505 dicitur,
1227 437 1361 509 quia
1386 453 1489 509 per
1531 437 1724 491 omnia
1754 437 2039 508 perfectus
2077 446 2120 493 A
2154 437 2330 491 rentis
2358 443 2577 491 natura:
2610 437 2877 491 virtutem
2910 452 3083 508 opera
3118 452 3238 501 sua,
3298 451 3472 506 opera
3499 436 3676 491 Patris
3725 452 3841 490 esse

357 538 460 597 est,
494 536 550 586 et
582 532 738 584 nullo
770 545 1002 599 prorsus
1049 528 1312 598 indigens
1367 529 1535 581 bono.
1599 528 1739 581 Nam
1793 533 2046 597 paternae

357 620 581 673 virtutis
608 629 658 671 et
684 617 975 686 sapientiae
1027 616 1176 670 idem
1228 616 1352 671 Filii
1394 616 1641 686 Spiritus
1681 616 1950 679 creditur,
1993 620 2049 669 et

357 708 487 761 ideo
515 708 635 776 ipse
678 711 733 759 et
764 705 1079 758 substantia
1118 706 1313 772 virtus,
1361 710 1417 759 et
1460 704 1738 775 sapientia
1784 720 2047 774 compro-

357 797 539 850 batur.
569 816 593 843 ››

1045 884 1172 937 CAP.
1218 884 1367 938 XXV.

428 1010 569 1062 Item
601 1008 753 1062 idem
786 1008 845 1061 in
878 1007 1113 1078 Dialogo
1148 1023 1275 1060 cum
1318 1006 1670 1060 Theodoreto
1720 1006 1782 1059 in
1822 1006 2052 1077 Tripar-

356 1097 459 1151 tita
509 1098 749 1151 Historia
794 1097 1034 1166 Cyriano
1082 1097 1347 1167 episcopo
1388 1095 1582 1149 habito
1620 1111 1632 1150 :
1688 1095 1839 1161 Quod
1865 1097 2050 1164 Spiri—

359 1192 444 1240 tus
477 1192 695 1240 sanctus
728 1203 762 1238 a
792 1188 952 1239 Patre
978 1186 1255 1253 procedat,
1288 1192 1338 1239 et
1387 1202 1421 1239 a
1459 1186 1594 1239 Filio
1644 1201 1751 1238 non
1790 1187 1863 1238 sit
1912 1186 2051 1237 alie—

359 1290 480 1342 nus,
523 1275 601 1327 sic
641 1274 1005 1344 prosequitur
1041 1290 1052 1326 :
1089 1296 1115 1322 ‹‹
1168 1273 1527 1327 Meminimus
1568 1274 1721 1326 enim
1768 1273 2049 1325 dicentem

362 1363 643 1417 Christum
695 1364 883 1433 palam
932 1364 1000 1416 de
1054 1362 1269 1432 Spiritu
1319 1368 1511 1415 sancto
1576 1364 1671 1416 Ille
1728 1377 1805 1415 me
1856 1363 2054 1429 clarifi-

359 1451 527 1505 cabit.
562 1452 830 1504 Novimus
859 1452 927 1504 ad
960 1452 1079 1504 haec
1127 1450 1306 1504 sancti
1356 1450 1603 1519 Spiritus
1661 1450 2051 1519 operationem

361 1546 752 1592 conterentem
830 1540 1210 1610 aequissimas
1289 1539 1728 1609 immundasquc
1792 1538 2047 1604 virtutes,

362 1628 607 1696 sednon
635 1629 713 1681 ita
745 1629 986 1681 dicimus
1016 1644 1147 1682 eum
1183 1628 1344 1681 sicuti
1380 1628 1627 1699 denique
1666 1642 2047 1697 unumquem-

363 1732 475 1785 que
523 1721 867 1781 sanctorum,
925 1721 1198 1787 tanquam
1249 1717 1434 1769 aliena
1471 1733 1574 1786 per
1603 1717 1879 1785 Spiritum
1929 1733 2052 1769 sano

362 1809 517 1857 ctum
551 1808 805 1858 utentem
834 1805 1062 1858 virtute.
1094 1805 1220 1859 Fuit
1244 1806 1396 1859 enim
1431 1811 1488 1858 et
1518 1811 1599 1857 est
1628 1805 1750 1875 ejus
1790 1805 2050 1874 Spiritus,

362 1892 528 1946 sicuti
549 1893 796 1964 denique
828 1900 882 1947 et
915 1894 1115 1947 Patris.
1153 1896 1215 1948 Et
1248 1894 1352 1947 hoc
1385 1894 1548 1947 nobis
1590 1895 1735 1948 bene
1785 1894 1919 1947 satis
1962 1910 2054 1947 ex-

361 1981 557 2051 planat
587 1982 834 2035 scribens
876 1983 1285 2037 sacratissimus
1334 1984 1541 2037 Paulus
1578 2002 1594 2036 :
1645 1984 1751 2047 Qui
1788 1989 1965 2036 autem
1997 1984 2057 2035 in

361 2086 522 2125 carne
559 2076 704 2137 sunt,
737 2073 948 2139 placere
980 2075 1080 2126 Deo
1109 2087 1215 2125 non
1258 2077 1525 2140 possunt:
1582 2074 1685 2127 Vos
1724 2077 1902 2125 autem
1954 2086 2058 2125 non

363 2162 490 2213 estis
529 2162 586 2214 in
634 2176 812 2220 carne,
860 2162 955 2215 sed
979 2164 1035 2215 in
1075 2164 1298 2230 spiritu,
1343 2164 1391 2214 si
1443 2165 1628 2216 tamen
1668 2162 1907 2230 Spiritus
1960 2161 2061 2214 Dei

366 2249 580 2303 habitat
618 2252 674 2303 in
704 2251 871 2304 vobis.
921 2252 981 2305 Si
1012 2252 1133 2319 quis
1185 2255 1361 2303 autem
1400 2251 1667 2318 Spiritum
1705 2252 1911 2306 Christi
1953 2267 2057 2304 non

366 2338 543 2403 habet,
578 2339 663 2392 hic
688 2354 794 2393 non
822 2344 901 2393 est
943 2355 1059 2408 ejus
1100 2338 1270 2409 (Rom.
1310 2354 1427 2407 vin,
1471 2339 1545 2405 8).
1600 2339 1860 2392 Procedit
1903 2339 2056 2391 enim

366 2443 431 2480 ex
490 2427 603 2479 Deo
637 2433 690 2479 et
717 2428 877 2480 Patre
913 2427 1156 2498 Spiritus
1202 2432 1446 2495 sanctus,
1495 2428 1807 2481 secundum
1865 2427 2057 2481 Salva-

365 2514 507 2568 toris
539 2531 755 2581 vocem,
780 2516 877 2569 sed
908 2532 1024 2569 non
1058 2522 1142 2570 est
1169 2516 1387 2570 alienus
1420 2533 1449 2569 a
1482 2517 1642 2570 Filio.
1679 2516 1881 2570 Omnia
1906 2516 2059 2569 enim

371 2604 541 2656 habet
569 2619 700 2656 cum
731 2605 914 2671 Patre,
949 2610 1003 2657 et
1034 2604 1140 2658 hoc
1187 2606 1308 2675 ipse
1352 2605 1545 2658 docuit
1588 2605 1779 2658 dicens
1827 2605 1897 2657 de
1933 2604 2060 2675 Spi-

372 2691 487 2744 ritu
540 2697 778 2745 sancto:
832 2695 1029 2749 Omnia
1106 2709 1432 2761 quacunque
1490 2694 1649 2747 habet
1709 2696 1889 2758 Pater,
1945 2709 2063 2746 mea

372 2783 517 2834 sunt.
580 2780 847 2848 Proptera
894 2782 1019 2835 dimi
1060 2782 1210 2835 vobis
1267 2783 1398 2849 quia
1443 2798 1509 2834 etc
1542 2797 1659 2835 meo
1713 2784 1956 2850 accipiet,
2014 2786 2061 2834 et

370 2868 723 2921 annuutiabit
772 2869 917 2923 vobis
980 2869 1155 2938 (Joan.
1202 2870 1458 2940 xv1,t5).
1524 2871 1667 2939 Ergo
1725 2870 2065 2940 gloriticavit

376 2955 607 3024 quidem
635 2957 825 3010 Jesum
859 2958 1106 3027 Spiritus
1141 2965 1371 3011 sanctus
1400 2958 1777 3028 iuopinabilia
1820 2976 2063 3029 operan-

2158 526 2297 580 dixit
2329 527 2521 580 dicens
2551 542 2565 580 :
2600 528 2719 594 Ego
2751 542 2914 595 Opera
2955 527 3142 579 Patris
3194 526 3299 578 mei
3339 525 3483 594 facio
3516 540 3529 577 :
3572 525 3843 578 missurus

2158 630 2389 685 quoque
2420 616 2792 679 Paracletum,
2834 614 2999 667 sicuti
3040 615 3372 683 frequenter
3421 612 3747 682 spopondit,
3788 613 3842 665 in

2157 704 2382 757 terdum
2414 720 2546 757 eum
2574 710 2629 758 et
2664 704 3007 757 mittendum
3030 703 3172 756 dixit
3213 698 3462 765 a'Patre,
3498 703 3635 754 dum
3681 716 3843 754 omne

2159 794 2314 863 quod
2366 799 2581 863 ageret,
2629 794 2721 862 pie
2752 793 2963 846 referre
3017 796 3099 844 est
3129 791 3330 844 solitus
3375 791 3447 844 ad
3484 792 3726 845 Patrem.
3778 791 3843 843 Ex

2160 899 2272 951 quo
2328 883 2579 936 hmretici
2633 883 2986 936 occasionem
3065 881 3398 951 frequenter
3463 878 3749 948 arripiunt
3792 886 3847 931 ut

2158 970 2347 1041 ipsum
2382 988 2502 1025 esse
2552 972 2757 1025 Filium
2817 971 3167 1024 Paracletum
3226 969 3435 1035 dicant,
3483 984 3613 1021 cum
3675 968 3732 1020 in
3787 984 3847 1021 eo

2160 1061 2313 1131 quod
2340 1061 2512 1113 alium
2548 1061 2904 1113 Paracletum
2938 1058 3278 1112 mittendum
3313 1074 3346 1110 a
3396 1058 3559 1110 Patre
3609 1056 3683 1108 sit
3724 1072 3843 1125 pre-

2161 1155 2409 1218 caturus,
2460 1149 2841 1203 ditferentiam
2887 1148 3063 1209 missi,
3112 1145 3483 1216 rogantisque
3532 1145 3847 1215 signiticet.)

2161 1238 2217 1292 Si
2256 1238 2381 1308 quis
2408 1238 2682 1308 Spiritum
2717 1244 2974 1291 sanctum
3018 1238 3242 1290 Patrem
3271 1234 3409 1288 dicit
3430 1234 3614 1286 Patris
3644 1232 3730 1284 vel
3765 1231 3847 1283 Fi-

2161 1326 2243 1390 lii,
2270 1328 2572 1380 anathema
2602 1328 2691 1379 sit.
2724 1326 2999 1392 (Stultitia
3035 1324 3287 1378 liam-elici
3332 1322 3543 1375 furoris
3596 1321 3719 1375 haec
3770 1336 3851 1372 co-

2161 1414 2280 1485 egit
2310 1414 2368 1467 in
2400 1415 2692 1485 Scriptura
2722 1415 2954 1478 referre,
2994 1429 3106 1465 non
3136 1412 3395 1482 quaestio.
3434 1412 3576 1464 Nam
3608 1408 3849 1477 Spiritus

2161 1503 2338 1557 sancti
2371 1520 2581 1557 nomen
2613 1504 2818 1556 habeat
2850 1518 3011 1555 suam
3044 1501 3547 1571 signiﬁcationem,
3591 1505 3652 1550 et
3692 1496 3854 1566 Spiri-

2159 1597 2251 1646 tus
2276 1598 2502 1646 sanctus
2531 1592 2851 1662 paracletus
2882 1591 3088 1643 habeat
3111 1589 3445 1643 substantiae
3478 1603 3593 1640 suae
3627 1591 3691 1639 et
3731 1586 3855 1639 ofﬁ-

2163 1683 2313 1735 cium
2345 1689 2401 1735 et
2442 1681 2722 1735 ordinem.
2760 1681 2823 1733 Et
2851 1695 2980 1733 cum
3006 1678 3218 1748 ubique
3241 1674 3676 1731 indemutabilis
3703 1676 3856 1727 Pater

2165 1776 2221 1824 et
2254 1771 2425 1824 Filius
2455 1770 2812 1840 prardicetur,
2859 1768 3151 1839 quomodo
3202 1783 3331 1837 pars
3376 1781 3495 1818 esse
3529 1769 3631 1817 aut
3686 1762 3858 1817 Patris

2166 1865 2222 1913 et
2262 1859 2389 1913 Filii
2440 1859 2683 1928 Sfiritus
2735 1861 2962 1910 sanctus
3009 1856 3330 1909 asseretur?
3370 1854 3477 1907 Sed
3518 1854 3662 1923 quia
3709 1851 3859 1920 {sicut

2166 1948 2318 2001 inter
2339 1952 2546 2000 caetera
2593 1946 2947 2000 insaniarum
2982 1960 3212 2015 genera,
3248 1943 3419 1996 etiam
3467 1942 3570 1995 hoc
3627 1955 3855 2010 quoque

2164 2036 2410 2107 proferri
2465 2036 2533 2088 ab
2584 2034 2780 2105 impiis
2838 2033 3002 2098 solet,
3051 2032 3262 2085 idcirco
3317 2048 3349 2083 a
3392 2030 3597 2083 sanctis
3672 2026 3861 2081 debuit

2166 2125 2525 2196 improbari.)
2576 2124 2635 2179 Si
2675 2123 2801 2194 quis
2855 2125 3080 2177 Patrem
3122 2126 3177 2174 et
3223 2119 3427 2174 Filium
3477 2122 3533 2171 et
3582 2116 3859 2188 Spiritum

2168 2220 2424 2268 sanctum
2458 2220 2571 2267 tres
2596 2213 2729 2267 dicit
2764 2212 2916 2275 deos,
2946 2210 3251 2264 anathema
3280 2208 3370 2262 sit.
3408 2229 3434 2257 ››

2824 2320 2949 2373 CAP.
2983 2317 3213 2372 XXVIII.

2239 2429 2382 2483 Item
2451 2431 2677 2480 sanctus
2731 2424 3020 2478 Hilarius:
3074 2423 3226 2489 Quod
3273 2437 3440 2475 unum
3487 2422 3564 2474 sit
3625 2418 3863 2488 Spiritui

2166 2522 2354 2570 sancto
2412 2533 2445 2569 a
2494 2518 2657 2571 Patre
2705 2514 3004 2583 procedere,
3059 2518 3108 2566 et
3165 2528 3197 2564 α
3249 2512 3385 2565 Filio
3443 2511 3693 2578 accipere
3760 2508 3863 2559 sive

2168 2605 2426 2674 mitti;in
2458 2604 2605 2658 libro
2648 2620 2745 2655 vni
2799 2602 2866 2654 de
2925 2605 3116 2653 sancta
3164 2599 3461 2663 Trinitate,
3516 2597 3595 2649 ita
3644 2596 3858 2649 refert:

2172 2713 2200 2743 ‹‹
2232 2695 2362 2749 Cum
2408 2694 2615 2747 venerit
2661 2691 2955 2744 advocatus
2994 2690 3105 2753 itte,
3138 2703 3293 2755 quem
3335 2701 3428 2752 ego
3458 2687 3680 2738 mittam
3718 2682 3859 2745 vobis

2172 2798 2205 2835 a
2231 2783 2395 2834 Patre
2422 2782 2691 2849 Spiritum
2719 2780 2987 2841 veritatis,
3040 2778 3136 2845 qui
3174 2777 3388 2828 aPatre
3436 2789 3548 2826 meo
3594 2770 3860 2841 procedit,

2171 2875 2288 2941 ipse
2354 2869 2731 2934 testiﬁcabitur
2770 2867 2835 2920 de
2888 2882 2969 2920 me
3017 2866 3194 2933 (Joan.
3257 2880 3346 2924 xv,
3403 2862 3514 2931 26).
3550 2861 3864 2915 Advocatus

2174 2959 2380 3026 veniet,
2414 2964 2470 3011 et
2529 2958 2681 3010 hunc
2721 2955 2911 3009 mittet
2936 2954 3110 3007 Filius
3138 2969 3171 3005 a
3232 2953 3416 3016 Patre,
3464 2949 3718 3018 Spiritus
3769 2962 3865 2998 ve-

370 3049 487 3097 tem
521 3060 534 3097 :
569 3052 961 3100 verumtamen
1022 3046 1166 3101 sicut
1195 3047 1439 3116 Spiritus
1471 3048 1611 3117 ejus,
1641 3053 1697 3101 et
1728 3064 1840 3101 non
1879 3048 2062 3101 aliena
2105 3036 2144 3090 Ο
2173 3049 2357 3102 ritatis
2387 3051 2471 3101 est
2500 3046 2599 3116 qui
2643 3043 2904 3115 procedit
2936 3060 2967 3095 a
3012 3044 3198 3107 Patre,
3242 3045 3375 3105 etc.,
3428 3053 3596 3107 usque
3642 3036 3722 3089 ad
3750 3051 3763 3088 ε
3813 3033 3864 3087 id

372 3132 571 3199 virtus,
629 3139 686 3188 et
728 3151 792 3188 eo
836 3137 1100 3207 superior
1140 3136 1459 3189 secundum
1520 3136 1673 3206 quod
1722 3136 2066 3207 intelligitur

373 3223 541 3276 Deus.
578 3246 605 3270 n

1049 3314 1177 3367 CAP.
1218 3314 1394 3370 XXVI.

447 3438 691 3493 Hilarius
712 3481 724 3505 ,
762 3439 1101 3492 Pictavensis
1133 3438 1454 3508 episcopus,
1494 3440 1562 3492 de
1594 3439 1857 3492 Missione
1889 3440 2067 3508 Spiri-

377 3531 467 3581 tus
500 3527 677 3579 sancti
703 3545 735 3579 a
772 3526 933 3591 Filio,
971 3527 1028 3578 in
1069 3527 1215 3579 libro
1257 3542 1428 3596 quem
1463 3526 1688 3597 scripsit
1731 3527 1792 3578 in
1842 3527 2069 3581 Germa-

379 3615 556 3677 niam,
590 3614 851 3679 Galliam,
889 3616 1190 3684 Belgicam,
1236 3615 1693 3683 Lugdunensem,
1746 3616 2067 3685 Novempo-

377 3704 671 3772 pulanam,
705 3704 968 3756 Tolosam
1003 3708 1057 3756 et
1089 3704 1465 3769 Britanniam,
1516 3704 1595 3756 sic
1634 3704 1772 3757 dicit
1803 3721 1815 3757 :
1850 3725 1877 3751 ‹‹
1931 3704 2069 3758 Cre-

377 3792 567 3845 dimus
597 3798 652 3844 et
679 3791 733 3844 in
761 3791 1038 3862 Spiritum
1081 3796 1361 3852 sanctum.
1414 3792 1523 3845 hoc
1573 3798 1658 3845 est
1698 3793 2069 3863 paracletum,

378 3896 547 3950 quem
582 3881 921 3950 promittens
962 3881 1233 3951 apostolis
1269 3881 1402 3947 suis,
1440 3886 1566 3951 post
1612 3881 1858 3935 reditum
1902 3897 2070 3934 suum

379 3969 435 4021 in
487 3969 680 4035 caelos,
739 3970 896 4022 misit
950 3970 1152 4023 docere
1204 3986 1301 4022 eos
1357 3986 1418 4023 ac
1484 3970 1795 4023 memorari
1853 3970 2069 4035 omnia,

379 4074 479 4127 per
511 4074 683 4127 quem
742 4059 1167 4112 sanctiticantur
1206 4059 1501 4112 sinceriter
1551 4059 1606 4111 in
1663 4074 1793 4111 eum
1838 4058 2069 4111 creden-

380 4147 523 4200 tium
557 4148 784 4201 animie.
824 4168 849 4197 ››

1044 4255 1171 4308 CAP.
1214 4255 1412 4308 XXVII.

456 4345 591 4396 Item
624 4342 774 4396 idem
803 4343 862 4395 iu
902 4343 1106 4396 eodem
1130 4343 1292 4396 libro.
1331 4363 1357 4392 ‹‹
1391 4342 1448 4397 Si
1480 4344 1607 4413 quis
1637 4344 1910 4413 Spiritum
1950 4360 2072 4396 sau-

383 4436 534 4484 ctum
588 4432 939 4500 paracletum
987 4432 1196 4498 dicens,
1249 4431 1643 4485 innascibilem
1696 4434 1872 4486 Deum
1901 4433 2067 4499 dicat,

382 4522 682 4573 anathema
716 4520 805 4574 sit.
843 4525 883 4588 (α
914 4520 1167 4589 Adjectio
1201 4536 1353 4573 nunc
1383 4521 1675 4589 Paracleti,
1726 4522 2073 4574 anathemati

383 4608 689 4661 obnoxiam
723 4608 851 4661 fecit
897 4608 1248 4662 iunascibilis
1282 4610 1340 4661 in
1380 4625 1510 4662 eum
1563 4609 1657 4662 Dei
1709 4610 2072 4680 praedicatio-

385 4712 537 4750 nem.
570 4695 981 4765 Impiissimum
1016 4697 1169 4750 enim
1198 4704 1281 4750 est
1302 4698 1701 4751 innascibilem
1732 4701 1908 4753 Deum
1940 4713 2072 4751 eum

384 4785 513 4849 dici,
546 4786 646 4855 qui
674 4786 744 4838 ad
784 4786 1233 4839 consolationem
1274 4792 1526 4840 nostram
1560 4787 1631 4840 sit
1682 4787 1887 4840 missus
1918 4804 1947 4839 a
1982 4787 2074 4839 Fi-

381 4874 503 4943 lio.)
533 4874 590 4929 Si
617 4875 761 4944 quis,
799 4874 963 4927 sicuti
1000 4875 1192 4928 docuit
1244 4892 1342 4928 nos
1385 4876 1679 4941 Dominus,
1732 4891 1848 4928 non
1898 4876 2073 4928 alium

385 4964 532 5016 dicat
585 4964 933 5017 Paracletum
979 4981 1009 5016 a
1067 4963 1227 5031 Filio,
1280 4963 1421 5017 dixit
1476 4965 1671 5018 enim:
1731 4966 1802 5018 Et
1847 4966 2075 5017 alterum

388 5053 729 5107 Paracletum
786 5055 959 5107 mittet
1021 5053 1170 5106 vobis
1236 5055 1411 5119 Pater,
1472 5069 1625 5121 quem
1696 5054 1894 5121 rogabo
1959 5068 2075 5105 eum

389 5142 562 5211 (Joan.
608 5156 720 5207 xvi,
782 5140 888 5211 16),
934 5141 1238 5194 anathema
1290 5141 1379 5195 sit.
1423 5145 1489 5206 (Α
1531 5141 1669 5195 Filio
1722 5142 2076 5195 Paracletum

394 5231 626 5284 missum
678 5231 1066 5294 meminimus,
1118 5237 1174 5284 et
1214 5231 1272 5283 in
1303 5230 1586 5301 principio
1642 5230 1749 5283 hoc
1781 5230 1922 5284 Iides
1956 5230 2080 5299 ipsa

391 5320 673 5394 exposuit.
705 5321 815 5377 Sed
847 5321 980 5395 quia
1024 5321 1355 5391 frequenter
1389 5319 1558 5373 Filius
1588 5325 1820 5390 propter
1859 5318 2081 5373 indiffe-

2178 3138 2351 3192 Filius
2389 3136 2642 3190 dandum
2673 3150 2705 3187 a
2744 3149 2801 3186 se
2831 3132 3091 3185 fateatur.
3134 3152 3154 3178 ιο

2848 3256 2977 3310 CAP.
3020 3255 3195 3309 XXIX.

2247 3370 2628 3436 Hieronymus
2682 3365 2739 3417 in
2800 3362 2944 3417 libro
2997 3359 3218 3430 Didymi
3269 3360 3385 3428 (lib.
3437 3358 3517 3426 ιι),
3571 3372 3749 3427 quem
3803 3355 3865 3407 de

2176 3460 2369 3514 GNBCO
2394 3457 2453 3509 in
2486 3455 2748 3507 Latinum
2781 3449 3073 3505 transtulit
3112 3465 3124 3502 :
3169 3449 3319 3514 Quod
3356 3448 3601 3516 Spiritus
3651 3448 3866 3498 sanctus

2176 3562 2210 3600 ιι
2240 3548 2403 3600 Patre
2431 3543 2765 3610 egrediatur,
2796 3545 2845 3592 et
2889 3555 2923 3591 a
2954 3538 3089 3592 Filio
3119 3539 3392 3601 mittatur,
3422 3551 3528 3588 non
3578 3532 3867 3587 secundum

2174 3632 2507 3699 angelorum,
2558 3630 2945 3699 prophetarum
2988 3633 3038 3679 et
3069 3626 3432 3694 apostolorum
3480 3623 3861 3677 ministerium.

2176 3722 2270 3776 sed
2298 3726 2357 3774 ut
2395 3737 2429 3773 a
2467 3721 2741 3788 sapientia
2784 3720 2877 3771 Dei
2922 3718 3190 3784 Spiritum
3232 3715 3327 3766 Dei
3365 3713 3512 3765 mitti
3561 3711 3733 3775 decet,
3794 3707 3865 3759 sic

2177 3811 2357 3875 docet,
2380 3825 2442 3862 ex
2476 3824 2589 3878 quo
2612 3807 2916 3859 conﬁtetur
2949 3808 3004 3857 et
3056 3820 3087 3856 a
3137 3803 3275 3856 Filio
3323 3801 3489 3853 illum
3523 3799 3672 3851 sicut
3731 3802 3788 3849 et
3838 3812 3866 3847 a

2180 3900 2341 3951 Patre
2376 3895 2704 3965 procedere.
2742 3914 2768 3940 ‹‹
2802 3893 2941 3946 Cum
2974 3905 3112 3959 ergo
3142 3887 3387 3957 Spiritus
3435 3890 3667 3938 sanctus
3713 3881 3866 3935 simi-

2178 3987 2309 4040 liter
2340 3991 2401 4038 ut
2430 3986 2594 4037 Pater
2624 3988 2681 4035 et
2712 3981 2883 4035 Filius
2916 3984 3168 4032 mentem
3218 3982 3274 4029 et
3301 3974 3643 4028 interiorem
3677 3970 3867 4025 homi-

2179 4091 2311 4130 nem
2340 4073 2599 4127 habitare
2625 4072 2915 4135 doceatur,
2951 4083 3064 4121 non
3101 4066 3284 4120 dicam
3317 4064 3601 4132 ineptum,
3639 4060 3735 4113 sed
3759 4065 3869 4113 im—

2187 4164 2341 4235 pium
2369 4168 2455 4215 est
2492 4176 2624 4213 eum
2658 4158 2846 4212 dicere
2888 4161 3229 4209 creaturam.
3267 4151 3604 4221 Disciplinas
3636 4148 3867 4219 quippe,

2183 4254 2417 4303 virtutes
2438 4249 2564 4301 dico
2608 4252 2663 4299 et
2709 4250 2877 4309 artes,
2912 4248 2967 4296 et
3007 4243 3093 4295 his
3135 4240 3447 4294 contrarias
3485 4235 3869 4308 perturbatio-

2114 4333 2153 4385 Ι)
2188 4358 2303 4404 nes,
2328 4343 2383 4391 et
2412 4335 2727 4407 imperitias
2777 4338 2829 4386 et
2876 4333 3108 4385 attectus
3164 4329 3222 4382 in
3280 4326 3585 4381 animabus
3618 4324 3871 4378 habitare

2184 4426 2454 4499 possibile
2480 4430 2592 4490 est;
2626 4438 2744 4477 non
2774 4428 2969 4475 tamen
3005 4425 3066 4471 ut
3101 4416 3465 4481 substantias,
3510 4415 3609 4467 sed
3668 4418 3729 4466 ut
3788 4428 3872 4464 ac-

2181 4518 2429 4571 cidentes
2463 4532 2476 4567 :
2518 4518 2766 4566 creatam
2816 4526 2947 4563 vero
2976 4513 3239 4561 naturam
3299 4506 3356 4558 in
3389 4520 3557 4557 sensu
3618 4502 3871 4555 habitare

2184 4604 2533 4677 impossibile
2564 4606 2666 4655 est.
2701 4600 2863 4664 Quod
2894 4598 2939 4651 si
2972 4613 3168 4650 verum
3214 4600 3322 4662 est,
3359 4598 3416 4646 et
3452 4593 3698 4663 Spiritus
3744 4607 3871 4643 san-

2189 4700 2309 4748 ctus
2340 4694 2554 4762 absque
2587 4691 2700 4743 ulla
2728 4686 3104 4757 ambiguitate
3159 4683 3492 4748 subsistens,
3536 4680 3745 4734 animm
3795 4684 3874 4732 est

2188 4783 2471 4837 habitator
2501 4784 2559 4833 et
2589 4777 2795 4840 cordis,
2818 4776 2965 4829 nulli
2993 4773 3231 4827 dubium
3265 4776 3347 4824 est
3379 4770 3521 4840 quin
3548 4786 3676 4823 cum
3708 4770 3868 4822 Patre

2189 4876 2245 4926 et
2290 4872 2428 4926 Filio
2470 4869 2623 4921 credi
2664 4867 2867 4921 debeat
2916 4865 3226 4917 increatus.
3276 4862 3355 4913 Ex
3390 4859 3656 4912 omnibus
3702 4858 3877 4927 igitur

2190 4978 2317 5032 quae
2367 4958 2694 5029 praecedens
2725 4970 2914 5009 sermo
2977 4951 3264 5015 disseruit,
3316 4946 3771 5017 incorruptibilis
3826 4950 3876 4996 et

2189 5049 2571 5118 sempiternus
2622 5046 2932 5098 secundum
2987 5044 3247 5094 naturam
3298 5036 3477 5091 Patris
3507 5042 3565 5090 et
3620 5033 3792 5097 Filii,
3827 5036 3878 5084 et

2192 5138 2434 5208 Spiritus
2464 5140 2690 5189 sanctus
2743 5133 3161 5187 demonstratus
3210 5127 3537 5180 universam
3570 5124 3637 5178 de
3676 5138 3733 5175 se
3766 5136 3878 5174 am-

2188 5227 2526 5297 biguitatem
2560 5229 2616 5277 et
2646 5221 3032 5290 suspicionem
3070 5216 3322 5280 abstulit,
3355 5230 3428 5267 ne
3469 5229 3618 5266 unus
3651 5228 3679 5264 e
3721 5226 3877 5263 crea-

2189 5317 2261 5369 tis
2291 5312 2624 5369 substantiis
2693 5309 3010 5364 mstimetur
3062 5307 3162 5378 qui
3217 5303 3461 5374 Spiritus
3520 5300 3619 5356 Dei
3666 5298 3756 5363 sit,
3825 5302 3878 5349 et

460 5517 484 5541 ⁸
513 5506 770 5574 Adjeetio
808 5522 968 5560 nunc.
1002 5504 1291 5575 Quidquid
1342 5504 1401 5558 in
1453 5503 1560 5559 hoc
1601 5503 1849 5575 capitulo
1893 5501 2116 5556 uncinis
2163 5498 2448 5554 inclusum
2503 5499 2607 5559 est,
2648 5494 2706 5548 in
2738 5492 3021 5547 veteribus
3062 5488 3242 5544 sancti
3287 5487 3486 5543 Hilarii
3536 5483 3880 5540 editionibus

389 5578 603 5636 deerat.
