4044 6174
194 310 287 383 ioa

1461 300 1670 379 LIBER
1707 298 2070 378 Αῡνειιευε
2106 298 2410 377 αηλῑέοοε.

3581 310 3685 385 ‘706

193 480 361 536 quem
391 463 551 518 exire
580 460 663 516 de'
706 461 870 516 Patre
897 455 1206 516 Salvatoris
1263 454 1322 514 in
1356 452 1660 528 EVangelio
1707 454 1879 511 Verba
1917 458 1961 511 Α
1992 453 2279 511 increatus
2315 450 2407 523 sit,
2462 463 2880 528 consequenter
2924 458 3265 531 intelligere,
3314 460 3469 532 quod
3515 462 3679 532 cujus

194 552 480 608 declarant
530 569 550 605 :
585 551 714 606 Cum
744 553 973 613 venerit,
1001 549 1211 618 inquit,
1245 549 1570 608 consolator,
1604 561 1762 611 quem
1787 560 1882 611 ego

193 644 401 694 mittam
438 640 609 698 vobis,
645 639 886 706 Spiritus
920 640 1188 697 veritatis,
1236 639 1332 701 qui
1378 635 1444 689 de
1472 637 1634 689 Patre
1669 633 1881 700 egredi-

197 735 300 790 tur,
346 733 464 797 ipse
548 727 913 781 testimonium
964 725 1119 779 dabit
1174 724 1239 778 de
1278 741 1361 778 me
1421 726 1601 793 (Joan.
1657 722 1878 792 xv,26).

198 817 621 871 Consolatorem
670 819 860 866 autem
912 813 1231 866 venientem
1295 811 1571 883 Spiritum
1625 815 1884 863 sanctum

199 905 361 970 dicit;
394 904 466 957 ab
499 902 833 973 operatione
883 900 937 954 ei
970 917 1184 955 nomen
1222 901 1549 971 imponens,
1584 898 1721 970 quia
1765 912 1882 950 non

196 995 381 1047 solum
418 991 746 1046 consolatur
789 1006 888 1044 eos
932 1006 1074 1060 quos
1124 1006 1183 1043 se
1221 989 1427 1059 dignos
1478 1005 1601 1042 esse
1645 988 1882 1056 reperit,

196 1082 287 1136 sed
317 1088 374 1136 et
404 1081 475 1134 ab
501 1080 662 1133 omni
690 1078 924 1132 tristitia
973 1083 1028 1132 et
1063 1079 1496 1149 perturbatione
1532 1075 1719 1130 reddit
1748 1074 1883 1127 alie-

195 1187 315 1225 nos.
350 1170 561 1223 Verum
593 1167 928 1221 incredibile
969 1167 1261 1238 quoddam
1287 1167 1565 1235 gaudium
1598 1170 1654 1218 et
1683 1163 1884 1218 hilari-

197 1265 371 1312 tatem
404 1257 487 1310 eis
515 1255 739 1321 tribuit,
773 1254 833 1309 in
872 1261 1098 1309 tantum
1150 1259 1212 1309 ut
1238 1255 1422 1325 possit
1449 1255 1580 1326 quis
1612 1254 1729 1307 Deo
1763 1268 1888 1322 gra-

197 1346 300 1399 tias
328 1345 608 1410 referens,
639 1342 789 1413 quod
821 1342 922 1396 tali
960 1343 1184 1413 hospite
1233 1342 1442 1413 dignus
1472 1343 1771 1406 habeatur,
1805 1338 1888 1392 di-

200 1449 373 1488 cere:
439 1431 652 1486 Dedisti
704 1432 955 1484 laetitiam
1003 1435 1063 1484 in
1124 1431 1283 1485 corde
1332 1446 1448 1485 meo
1497 1433 1664 1499 (Psal.
1695 1448 1769 1497 iv,
1808 1437 1883 1500 τ).

198 1522 556 1592 Sempiterna
586 1519 803 1590 quippe
834 1518 1033 1573 laetitia
1062 1520 1121 1572 in
1152 1535 1352 1573 eorum
1391 1520 1563 1574 corde
1608 1528 1888 1588 versatur,

202 1624 449 1680 quorum
480 1607 723 1679 Spiritus
755 1614 982 1661 sanctus
1021 1606 1307 1661 habitator
1340 1613 1443 1661 est.
1494 1609 1605 1662 Iste
1645 1609 1890 1679 Spiritus

201 1698 579 1751 consolatora
631 1696 771 1750 Filio
825 1696 1093 1771 mittitur,
1143 1711 1256 1749 non
1301 1698 1620 1751 secundum
1665 1699 1892 1769 angelo-

202 1802 341 1847 rum,
376 1791 432 1838 et
465 1784 902 1854 prophetarum,
948 1789 1002 1836 et
1043 1784 1434 1852 apostolorum
1482 1785 1889 1853 ministerium,

202 1874 291 1927 sed
332 1879 395 1927 ut
450 1872 599 1926 mitti
631 1872 794 1927 decet
822 1891 855 1925 a
895 1870 1177 1941 sapientia
1228 1878 1281 1925 et
1326 1872 1562 1926 veritate
1613 1874 1893 1943 Spiritum

205 1961 318 2027 Dei,
375 1960 680 2014 indivisam
736 1958 1042 2013 habentem
1083 1974 1212 2012 cum
1247 1960 1411 2012 Patre
1454 1965 1511 2013 et
1552 1959 1693 2014 Filio
1752 1960 1893 2014 sub-

203 2048 493 2101 stantiam.
524 2072 549 2093 »ν

886 2135 1014 2188 CAP.
1057 2133 1217 2187 XXX.

270 2239 417 2293 Item
458 2239 612 2292 idem
670 2238 731 2292 in
772 2238 978 2293 eodem
1008 2240 1176 2306 libro,
1232 2244 1364 2310 post
1399 2255 1616 2309 pauca:
1653 2258 1678 2293 ι
1748 2241 1898 2296 Licet

207 2330 363 2383 enim
402 2344 469 2382 ex
502 2329 619 2382 Deo
667 2329 1000 2398 frequenter
1055 2344 1114 2382 se
1171 2329 1325 2383 dicat
1382 2329 1562 2384 exisse
1621 2330 1897 2398 Salvator,

210 2417 624 2488 proprietatem
653 2421 869 2480 tamen,
897 2422 975 2481 et,
1005 2424 1070 2471 ut
1089 2417 1167 2470 ita
1188 2417 1391 2482 dicam,
1423 2418 1897 2486 familiaritatem,

211 2507 275 2560 de
325 2522 445 2575 qua
501 2520 652 2574 saepe
698 2505 1084 2570 tractavimus,
1125 2521 1195 2559 ex
1250 2505 1525 2559 vocabulo
1574 2507 1758 2577 magis
1793 2507 1902 2562 sibi

211 2592 398 2646 Patris
445 2607 743 2646 assumens
803 2590 961 2660 dicit,
1014 2598 1146 2659 etc.,
1189 2608 1363 2659 usque
1403 2593 1477 2646 ad
1513 2594 1698 2662 verba,
1739 2596 1904 2664 juxta

209 2680 559 2752 operationis
588 2679 904 2733 veritatem.
940 2698 967 2729 ii

893 2800 1019 2855 CAP.
1044 2801 1219 2855 XXXI.

277 2929 425 2982 Item
454 2926 606 2981 idem
636 2925 698 2980 in
728 2924 927 2979 eodem
959 2940 1133 2995 opere
1157 2929 1289 2995 post
1310 2940 1490 2995 pauca
1512 2941 1525 2979 :
1544 2945 1570 2974 «
1602 2924 1747 2989 Quia
1768 2941 1903 2995 ergo

1991 560 2109 599 non
2147 552 2235 599 est
2262 553 2451 601 creata
2479 548 2796 601 substantia
2830 555 2978 603 recte
3019 551 3171 604 Patri
3206 550 3465 621 Filioque
3494 551 3681 605 socie-

1991 639 2104 688 tur.
2137 656 2166 683 ι

2649 724 2779 779 CAP.
2831 726 3023 779 XXXV.

2063 829 2119 884 S.
2163 828 2509 897 Augustinus
2555 827 2613 881 in
2649 827 2883 881 humilia
2904 845 3074 898 super
3100 830 3377 884 Joannem
3414 847 3427 885 :
3461 851 3489 883 α
3518 840 3543 865 ⁸
3584 832 3682 886 Hic

1995 916 2201 987 aliquis
2229 915 2469 969 forsitan
2502 920 2743 986 quaerat,
2793 924 2988 969 utrum
3045 922 3102 969 et
3139 933 3172 969 a
3222 917 3362 971 Filio
3411 920 3682 988 procedat

1994 1005 2240 1075 Spiritus
2269 1009 2517 1059 sanctus.
2553 1004 2727 1058 Filius
2756 1004 2913 1057 enim
2946 1005 3123 1057 solius
3155 1006 3336 1059 Patris
3368 1014 3454 1061 est
3486 1008 3677 1074 Filius,

1996 1098 2051 1146 et
2082 1093 2249 1147 Pater
2277 1093 2451 1146 solius
2484 1092 2608 1146 Filii
2656 1098 2741 1145 est
2774 1093 2939 1145 Pater
2970 1108 2982 1145 :
3035 1093 3278 1162 Spiritus
3309 1100 3501 1149 autem
3552 1113 3683 1151 san—

1993 1188 2116 1235 ctus
2148 1198 2264 1235 non
2311 1189 2398 1235 est
2451 1181 2619 1234 unius
2669 1197 2866 1234 eorum
2905 1182 3169 1251 Spiritus,
3225 1184 3321 1234 sed
3360 1184 3680 1239 amborum.

1995 1271 2179 1325 Habes
2243 1271 2435 1340 ipsum
2488 1271 2791 1324 Dominum
2851 1271 3182 1323 dicentem:
3226 1272 3344 1326 Non
3401 1274 3541 1325 enim
3590 1289 3682 1327 vos

1997 1363 2124 1413 estis
2166 1362 2263 1424 qui
2301 1360 2607 1425 loquimini,
2653 1359 2749 1413 sed
2772 1360 3015 1427 Spiritus
3036 1360 3219 1413 Patris
3269 1364 3438 1413 vestri
3481 1365 3576 1425 qui
3607 1362 3684 1416 lo-

1998 1449 2189 1512 quitur
2213 1451 2270 1500 in
2310 1447 2459 1500 vobis
2510 1447 2729 1517 (Matth.
2758 1463 2809 1509 x,
2839 1449 2949 1517 20).
3002 1449 3184 1501 Habes
3212 1453 3270 1502 et
3298 1450 3634 1519 Apostolum
3668 1467 3683 1505 :

2000 1538 2151 1589 Misit
2185 1538 2349 1601 Deus,
2381 1535 2585 1605 inquit,
2613 1536 2881 1603 Spiritum
2909 1538 3036 1590 Filii
3077 1540 3165 1590 sui
3194 1540 3252 1590 in
3293 1537 3461 1591 corda
3501 1544 3689 1594 nostra

2002 1624 2205 1685 (Gtt-litt.
2235 1640 2305 1685 iv,
2341 1624 2413 1692 0).
2450 1624 2718 1695 Nunquid
2749 1626 2861 1678 duo
2908 1632 3063 1689 sunt,
3101 1627 3249 1679 alius
3295 1627 3495 1691 Patris,
3540 1629 3687 1682 alius

2006 1712 2169 1765 Filii?
2197 1711 2375 1765 Absit.
2410 1713 2588 1765 Unum
2612 1712 2768 1766 enim
2790 1729 2986 1782 corpus
3018 1714 3117 1785 aitJ
3155 1730 3283 1768 cum
3335 1715 3690 1784 signiﬁcaret

2008 1800 2329 1861 Ecclesiani,
2366 1816 2615 1869 moxque
2642 1801 2879 1865 addidit,
2917 1807 2967 1855 et
3000 1817 3143 1856 unus
3182 1803 3424 1871 Spiritus
3464 1803 3686 1871 (Ephes.

2003 1905 2073 1949 iv,
2112 1886 2183 1954 7i).
2238 1889 2307 1940 Et
2360 1889 2484 1941 vide
2524 1889 2810 1959 quomodo
2859 1889 2975 1944 illic
3026 1891 3263 1960 impleat
3299 1891 3638 1946 Trinitatem
3673 1908 3687 1947 :

2002 1976 2154 2030 Sicut
2190 1978 2367 2029 vocati
2396 1981 2544 2039 estis,
2578 1976 2783 2047 inquit,
2808 1981 2866 2031 in
2892 1994 3003 2031 una
3022 1994 3116 2046 spe
3144 1983 3441 2033 vocationis
3473 1984 3687 2033 vestrae.

2009 2066 2159 2118 Unus
2208 2067 2490 2118 Dominus.
2546 2065 2645 2118 Hic
2692 2067 2887 2136 utique
2936 2067 3224 2121 Christum
3284 2067 3531 2137 i..telligi
3585 2083 3691 2121 vo-

2004 2151 2132 2206 luit.
2197 2152 2392 2206 Restat
2451 2160 2514 2206 ut
2571 2153 2745 2207 etiam
2803 2156 3023 2208 Patrem
3083 2155 3365 2210 nominet.
3421 2154 3694 2223 Sequitur

2005 2255 2183 2310 ergo:
2253 2242 2374 2294 Una
2441 2240 2594 2310 ﬁdes,
2652 2258 2824 2295 unum
2894 2243 3185 2311 baptisma,
3248 2257 3393 2296 unus
3454 2245 3599 2297 Deus
3642 2246 3693 2295 et

2006 2332 2169 2384 Pater
2218 2334 2477 2392 omnium,
2525 2335 2619 2396 qui
2680 2336 2758 2385 est
2812 2348 2979 2401 super
3029 2349 3209 2387 omnes
3261 2337 3314 2386 et
3358 2347 3460 2401 per
3492 2347 3691 2394 omnes,

2007 2422 2057 2471 et
2130 2422 2188 2471 in
2271 2418 2520 2472 omnibus
2597 2419 2807 2487 (Ibid.).
2886 2421 3026 2474 Cum
3103 2437 3240 2490 ergo
3315 2420 3463 2474 sicut
3544 2435 3697 2474 unus

2009 2507 2197 2572 Pater,
2265 2512 2322 2559 et
2379 2523 2529 2560 unus
2600 2507 2899 2573 Dominus,
2986 2508 3045 2563 id
3103 2515 3189 2562 est
3227 2508 3424 2576 Filius,
3484 2508 3564 2562 ita
3624 2508 3699 2562 sit

2009 2597 2064 2646 et
2090 2608 2237 2645 unus
2290 2592 2556 2661 Spiritus,
2612 2594 2863 2664 profecto
2900 2596 3201 2649 amborum
3244 2600 3368 2649 est:
3434 2595 3696 2664 quando-

2010 2679 2245 2749 quidem
2293 2680 2432 2734 dicit
2484 2681 2607 2749 ipse
2660 2680 2915 2736 Christus
2957 2683 3160 2737 Jesns:
3222 2683 3465 2751 Spiritus
3515 2684 3699 2737 Patris

2008 2768 2177 2820 vestri
2202 2771 2297 2832 qui
2337 2768 2580 2832 loquitur
2606 2771 2663 2821 in
2706 2768 2874 2822 vobis.
2904 2768 2968 2821 Et
3005 2768 3141 2822 dicit
3168 2771 3472 2838 Apostolus
3498 2786 3517 2823 :
3548 2770 3701 2825 Misit

2009 2856 2153 2909 Deus
2179 2855 2447 2923 Spiritum
2467 2856 2593 2908 Filii
2635 2858 2723 2908 sui
2751 2858 2809 2907 in
2840 2854 3005 2908 corda
3033 2860 3239 2909 nostra.
3280 2856 3464 2910 Habes
3497 2856 3556 2910 in
3586 2857 3700 2910 alio

2010 2943 2136 2997 loco
2165 2943 2435 2997 eumdem
2460 2942 2798 3012 Apostolum
2823 2943 3111 2997 dicentem
3145 2958 3158 2997 :
3196 2944 3257 2998 Si
3295 2950 3477 2998 autem
3519 2945 3699 3014 Spiri-

207 3023 262 3071 et
290 3015 544 3086 Spiritus
584 3021 817 3068 sanctus
846 3013 905 3066 in
936 3012 1169 3067 nomine
1197 3012 1326 3067 Filii
1357 3030 1390 3066 a
1418 3013 1581 3067 Patre
1629 3012 1899 3078 mittitur,
1938 3029 1979 3084 ρ
2011 3036 2096 3085 τηε
2141 3034 2260 3099 ejus
2307 3036 2403 3097 qu,-
2448 3034 2733 3086 εηεοειαυίι
2771 3034 2955 3086 Jesum
2992 3049 3059 3087 ea,
3101 3038 3351 3096 mortuis,
3380 3012 3594 3088 habita}
3643 3039 3701 3090 in

207 3102 430 3157 habens
475 3102 600 3156 Filii
661 3099 1099 3171 proprietatem,
1146 3104 1278 3167 etc.,
1335 3114 1508 3165 usque
1584 3099 1660 3154 ad
1701 3099 1897 3163 verba;

207 3190 517 3245 Scientiam
541 3188 888 3243 divinornm.
924 3208 951 3236 ››

877 3312 1004 3366 Car.
1037 3312 1242 3367 XXXII.

276 3419 427 3473 Item
448 3417 602 3471 idem
632 3416 694 3471 in
729 3418 932 3473 eodem
966 3434 1139 3488 opere
1170 3422 1301 3488 post
1331 3433 1513 3488 pauca
1545 3433 1558 3472 :
1587 3440 1614 3467 ‹‹
1648 3418 1904 3490 Denique

210 3505 748 3576 interpretationem
798 3506 1070 3573 inferens,
1120 3507 1411 3575 quomodo
1438 3506 1670 3560 dixisset
1703 3507 1769 3561 de
1790 3523 1904 3563 meo

210 3595 459 3661 accipiet.
499 3594 769 3648 Protinus
802 3593 1044 3663 subjecit
1076 3611 1088 3648 :
1125 3595 1318 3649 Omnia
1363 3609 1484 3660 quae
1528 3593 1688 3647 habet
1721 3595 1903 3661 Pater,

207 3695 326 3734 mea.
356 3686 523 3744 sunt;
563 3687 859 3751 propterea
884 3682 1038 3737 dimi:
1079 3685 1154 3737 De
1177 3699 1292 3737 meo
1327 3685 1572 3751 accipiet,
1609 3687 1659 3735 et
1687 3698 1905 3736 annun-

210 3769 373 3824 tiabit
394 3770 567 3838 vobis,
604 3778 736 3839 etc.,
772 3786 945 3837 usque
970 3771 1045 3825 ad
1070 3771 1254 3834 verba,
1290 3770 1414 3825 haec
1444 3770 1640 3825 eadem
1675 3774 1731 3824 et
1744 3771 1910 3824 Pater

206 3853 406 3909 habet.
445 3876 466 3903 ι

941 3941 1166 3996 XXXIII.

278 4036 427 4090 Item
484 4036 638 4090 idem
685 4037 744 4091 in
793 4039 998 4093 eodem
1042 4054 1215 4111 opere
1253 4041 1385 4109 post
1432 4053 1659 4108 pauca:
1716 4056 1743 4089 α
1783 4038 1910 4104 ξνοε

208 4132 433 4192 autem,
467 4125 546 4179 ait
575 4125 748 4195 (haud
786 4128 1028 4182 dubium
1059 4128 1199 4198 quin
1247 4126 1513 4196 discipuli
1551 4125 1777 4196 Christi)
1811 4127 1911 4198 qui

206 4212 559 4283 sapientiam
601 4213 844 4284 Spiritus
895 4215 1225 4285 suscepistis
1264 4219 1320 4268 et
1366 4214 1537 4267 vitam
1587 4219 1643 4268 et
1688 4230 1907 4284 pacem,

206 4307 264 4352 et
309 4316 437 4354 non
488 4300 620 4353 estis
669 4301 727 4354 in
778 4317 969 4370 carne,
1018 4302 1073 4356 id
1124 4306 1229 4367 est,
1278 4300 1338 4355 in
1381 4300 1568 4355 carnis
1617 4302 1908 4371 operibus,

208 4403 407 4458 neque
455 4388 611 4441 enim
645 4389 767 4457 ejus
805 4406 980 4460 opera
1009 4389 1376 4461 perpetratis,
1409 4388 1694 4460 siquidem
1725 4387 1910 4459 Spiri-

203 4483 332 4530 tum
365 4476 472 4530 Dei
504 4476 727 4530 habetis
757 4478 818 4531 in
850 4478 1026 4532 vobis.
1079 4479 1219 4532 Item
1267 4480 1457 4531 autem
1509 4475 1753 4546 Spiritus
1809 4475 1911 4530 Dei

205 4569 265 4616 et
292 4564 553 4634 Spiritus
601 4564 810 4620 Christi
858 4570 962 4631 est,
1014 4564 1301 4619 adducens
1345 4568 1402 4619 et
1449 4564 1724 4635 copulans
1776 4579 1909 4617 eum

205 4652 308 4721 qui
337 4668 403 4705 se
437 4651 705 4706 habuerit
735 4652 977 4707 Domino
1001 4653 1136 4707 Jesu
1169 4651 1417 4719 Christo,
1449 4655 1583 4721 etc.,
1612 4666 1784 4717 usque
1813 4651 1905 4713 ad,

206 4738 514 4794 Trinitatis
539 4739 918 4795 substantiam
948 4740 1398 4795 demonstratur.
1437 4759 1465 4791 ii

852 4866 990 4920 Car.
1026 4865 1252 4920 XXXIV.

275 4969 435 5024 Item
464 4967 616 5023 idem
663 4968 726 5022 in
773 4968 976 5022 eodem
1024 4985 1200 5040 opere
1246 4972 1374 5039 post
1400 4984 1628 5038 pauca:
1675 4988 1704 5017 «
1768 4968 1911 5023 Cum

201 5059 396 5128 igitur
438 5062 635 5111 sancta
678 5056 973 5128 Scriptura
1020 5057 1271 5128 amplius
1323 5056 1393 5111 de
1462 5056 1739 5110 Trinitate
1794 5072 1911 5109 non

202 5146 384 5211 dicat,
438 5144 548 5198 nisi
582 5145 762 5199 Deum
793 5145 1023 5199 Patrem
1068 5160 1192 5199 esse
1232 5143 1558 5207 Salvatoris,
1595 5149 1651 5198 et
1702 5144 1910 5197 Filium

202 5236 554 5303 generatum
577 5248 699 5285 esse
719 5232 789 5287 de
812 5233 998 5300 Patre,
1032 5231 1141 5285 hoc
1171 5236 1364 5285 autem
1395 5231 1670 5285 debemus
1698 5230 1911 5283 sentire

203 5321 367 5391 quod
397 5318 679 5391 scriptum
724 5326 810 5373 est
841 5334 854 5373 :
888 5323 944 5375 et
970 5324 1198 5373 ostenso
1231 5318 1387 5389 quod
1412 5316 1658 5388 Spiritus
1683 5321 1911 5371 sanctus

274 5503 303 5528 ⁸
361 5492 471 5549 Hic
532 5494 755 5559 aliquis.
816 5492 1006 5547 Monet
1078 5490 1357 5547 Acherius
1420 5490 1717 5545 homiliam
1765 5490 1915 5544 hanc

204 5565 433 5620 frustra
462 5580 576 5619 ase
619 5580 741 5618 esse
784 5564 1118 5635 quaesitam;
1159 5561 1261 5618 sed
1288 5561 1443 5634 quod
1471 5577 1536 5616 ex
1589 5577 1658 5615 ea
1700 5560 1909 5616 exscri-

2009 3119 2159 3173 vobis
2183 3120 2350 3187 (Rom.
2378 3135 2495 3186 vni,
2558 3118 2664 3190 11).
2702 3119 2801 3173 Hic
2840 3120 3039 3191 utique
3077 3120 3355 3191 Spiritum
3392 3121 3571 3175 Patris
3612 3122 3702 3176 in-

2012 3205 2192 3276 telligi
2225 3206 2425 3268 voluit,
2457 3207 2526 3260 de
2559 3223 2673 3277 quo
2704 3213 2897 3262 tamen
2930 3208 2987 3262 in
3018 3210 3130 3263 alio
3163 3210 3291 3263 loco
3322 3209 3460 3263 dicit
3500 3226 3512 3264 :
3547 3208 3703 3274 Quis-

2014 3299 2137 3361 quis
2177 3298 2359 3348 autem
2409 3296 2679 3364 Spiritum
2724 3296 2924 3351 Christi
2960 3313 3068 3352 non
3110 3296 3290 3360 habet,
3341 3297 3428 3352 hic
3470 3314 3579 3353 non
3624 3303 3705 3353 est
3796 3308 3801 3313 '

2014 3384 2132 3453 ejus
2165 3383 2352 3453 (Ibid.,
2388 3386 2456 3453 9).
2492 3385 2557 3438 Et
2623 3386 2802 3439 multa
2832 3385 2944 3440 alia
2991 3392 3126 3441 sunt
3180 3387 3533 3450 testimonia,
3573 3388 3703 3459 qui-

2015 3471 2121 3524 bus
2144 3471 2253 3524 lioc
2283 3470 2575 3526 evidenter
2604 3473 2947 3539 ostenditur,
2993 3480 3049 3528 et
3077 3475 3264 3530 Patris
3313 3481 3372 3531 et
3401 3475 3527 3531 Filii
3581 3490 3703 3530 esse

2014 3558 2314 3627 Spiritum,
2339 3559 2439 3631 qui
2462 3559 2520 3614 in
2539 3560 2814 3616 Trinitate
2834 3562 3043 3617 dicitur
3062 3562 3305 3634 Spiritus
3322 3568 3570 3617 sanctus.
3593 3564 3707 3617 Nec

2016 3646 2088 3699 ob
2142 3646 2299 3700 aliud
2347 3648 2610 3702 existimo
2655 3648 2842 3719 ipsum
2898 3650 3130 3721 proprie
3168 3651 3359 3705 vocari
3402 3649 3705 3721 Spiritum,

2016 3749 2144 3787 cum
2181 3732 2376 3803 etiam,
2407 3735 2455 3787 si
2502 3734 2572 3788 de
2601 3735 2843 3805 singulis
2872 3737 3317 3807 interrogemus,
3349 3754 3469 3792 non
3497 3754 3705 3809 possu-

2017 3837 2145 3875 mus
2169 3821 2279 3875 nisi
2308 3828 2366 3876 et
2417 3823 2646 3878 Patrem
2690 3831 2747 3878 et
2777 3825 2985 3880 Filium
3014 3826 3294 3895 Spiritum
3327 3826 3536 3892 dicere,
3570 3842 3708 3896 quo-

2018 3908 2173 3963 niam
2199 3908 2447 3978 Spiritus
2487 3915 2574 3963 est
2603 3909 2771 3977 Deus,
2814 3910 2868 3964 id
2896 3916 2980 3965 est
3012 3928 3129 3965 non
3162 3928 3372 3983 corpus
3419 3919 3504 3967 est
3537 3913 3705 3979 Deus,

2019 3996 2114 4050 sed
2147 3995 2412 4065 Spiritus.
2447 3995 2608 4060 Quod
2630 4012 2770 4066 ergo
2801 3998 3187 4053 communiter
3214 4006 3487 4054 vocantur
3516 4007 3574 4055 et
3598 4000 3711 4055 sin-

2019 4082 2159 4153 guli,
2193 4084 2302 4136 hoc
2331 4082 2563 4153 proprie
2611 4083 2802 4138 vocari
2831 4085 3086 4155 oportuit
3115 4103 3270 4151 eum,
3324 4087 3427 4157 qui
3478 4103 3596 4142 non
3623 4092 3707 4141 est

2018 4170 2190 4226 unius
2220 4186 2442 4238 eorum,
2473 4172 2570 4225 sed
2598 4171 2657 4225 in
2684 4188 2799 4243 quo
2846 4173 3228 4227 communitas
3257 4174 3558 4228 amborum
3609 4190 3708 4244 ap-

2021 4266 2202 4331 paret.
2237 4260 2351 4315 Cur
2381 4277 2517 4332 ergo
2543 4277 2661 4316 non
2694 4262 2995 4316 credamus
3019 4304 3033 4329 ,
3066 4264 3220 4333 quod
3250 4264 3424 4318 etiam
3463 4262 3532 4317 de
3565 4262 3709 4317 Filio

2020 4349 2289 4419 procedat
2318 4349 2563 4419 Spiritus
2608 4356 2859 4419 sanctus,
2893 4366 3025 4405 cum
3056 4351 3184 4406 Filii
3212 4367 3444 4423 quoque
3481 4350 3605 4422 ipse
3635 4351 3711 4404 sit

2019 4436 2282 4507 Spiritus.
2314 4437 2371 4491 Si
2403 4437 2560 4491 enim
2614 4439 2686 4492 ab
2733 4456 2801 4493 eo
2853 4454 2972 4492 non
3016 4439 3372 4509 procederet,
3412 4455 3530 4493 non
3582 4445 3710 4509 post

2020 4523 2500 4577 resurrectionem
2546 4541 2606 4578 se
2662 4529 3078 4594 repraesentans
3122 4525 3419 4596 discipulis
3454 4526 3571 4579 suis
3613 4526 3710 4579 iii-

2020 4608 2320 4671 sufﬂasset,
2348 4610 2545 4664 dicens
2585 4627 2598 4664 :
2630 4612 2878 4682 Accipite
2933 4613 3201 4681 Spiritum
3243 4618 3490 4668 sanctum
3525 4614 3707 4685 (Joan.

2017 4714 2111 4766 xx,
2145 4699 2259 4769 2'2).
2289 4698 2434 4763 Quid
2466 4700 2622 4754 enim
2652 4700 2805 4754 aliud
2838 4700 3182 4770 signiﬁcavit
3228 4702 3564 4770 insufflatio,
3599 4704 3709 4757 nisi

2020 4787 2174 4859 quod
2203 4788 2472 4858 procedat
2517 4788 2760 4858 Spiritus
2808 4797 3036 4843 sanctus
3086 4796 3143 4845 et
3175 4792 3246 4846 de
3276 4791 3440 4862 ipso?
3467 4792 3552 4846 Ad
3590 4792 3711 4860 §hoc

2019 4876 2270 4948 pertinet
2285 4876 2458 4930 etiam
2489 4876 2628 4930 illud
2661 4877 2813 4947 quod
2844 4877 2923 4931 ait
2941 4878 3011 4932 de
3040 4879 3305 4945 muliere,
3336 4896 3465 4949 qua:
3487 4880 3709 4934 ﬂuxum

2020 4962 2316 5033 sanguinis
2364 4963 2730 5033 patiebatur:
2787 4966 2986 5032 Tetigit
3022 4981 3106 5021 me
3144 4967 3378 5031 aliquis;
3427 4981 3522 5033 ego
3568 4970 3708 5020 enim

2019 5056 2163 5106 sensi
2201 5054 2458 5105 virtutem
2500 5051 2565 5107 de
2600 5069 2685 5107 me
2705 5057 2880 5108 emisse
2908 5054 3061 5125 (Luc.
3093 5070 3213 5118 vni,
3244 5055 3352 5123 46).
3404 5056 3545 5108 Nam
3594 5054 3708 5108 vir-

2019 5141 2156 5195 tutis
2185 5139 2421 5194 nomine
2466 5142 2744 5212 appellari
2801 5144 2974 5196 etiam
3032 5142 3309 5214 Spiritum
3340 5149 3620 5207 sanctum,
3653 5151 3710 5197 et

2020 5246 2086 5281 eo
2117 5229 2241 5282 loco
2268 5231 2485 5283 clarum
2512 5235 2616 5297 est,
2660 5230 2758 5285 ubi
2786 5231 3024 5300 angelus
3045 5230 3258 5284 dicenti
3298 5230 3485 5284 Maria:
3510 5245 3525 5284 :
3574 5230 3711 5295 Quo.

2017 5314 2174 5369 modo
2231 5319 2322 5385 ﬁet
2372 5316 2558 5380 istud;
2589 5321 2847 5383 quoniam
2891 5321 3072 5371 virum
3115 5332 3224 5370 non
3272 5321 3573 5385 cognosco?
3600 5319 3710 5373 lte-

2018 5495 2184 5564 ptum
2215 5491 2398 5564 estab
2423 5492 2616 5558 Euea,
2651 5491 3028 5546 Theodulfum
3082 5507 3313 5564 quoque
3354 5491 3620 5549 retulisse
3652 5492 3715 5548 in

2023 5560 2171 5616 libro
2200 5561 2271 5617 de
2301 5562 2520 5633 Spiritu
2548 5571 2766 5617 sancto.
