4038 6174
170 312 257 365 709
1417 304 1624 362 LIBER
1662 304 2025 364 ADVERSUS
2065 305 2379 363 GRAECOS.

816 443 941 497 CAP.
978 440 1157 496 XLIV.

229 548 358 601 Item
408 546 555 599 idem
618 546 672 599 in
729 545 929 599 eodem
988 546 1127 598 libro
1187 544 1344 614 (ibid.
1402 550 1452 599 et
1512 561 1631 615 cap.
1691 545 1831 615 27):

168 657 189 685 (ι
222 637 476 706 Nunquid
509 652 644 705 ergo
676 651 980 705 possumus
1023 651 1276 703 quaerere
1311 640 1501 687 utrum
1541 636 1661 704 jam
1696 653 1836 705 pro-

165 731 383 777 cesserat
415 724 483 778 de
526 726 687 777 Patre
716 723 969 792 Spiritus
1008 728 1233 775 sanctus
1278 724 1505 793 quando
1552 730 1717 777 natus
1753 730 1836 778 est

165 814 340 879 Filius,
372 829 442 865 an
474 812 731 866 nondum
766 816 1139 881 processerat,
1174 815 1228 864 et
1265 811 1363 865 illo
1407 817 1541 865 nato
1577 812 1644 865 de
1680 818 1832 866 utro—

163 919 260 973 que
290 903 559 971 processit
590 901 684 954 ubi
719 902 874 954 nulla
906 906 1038 953 sunt
1070 905 1350 971 tempora,
1384 906 1511 968 etc.,
1542 918 1709 972 usque
1740 903 1832 969 ad,

162 991 399 1044 videatur
430 994 619 1045 mente
652 991 804 1061 quod
836 994 1062 1044 tenetur
1095 988 1227 1043 tide.
1264 1011 1290 1038 ››

829 1098 954 1151 CAP.
988 1097 1141 1151 XLV.

219 1204 351 1257 Item
391 1203 443 1257 S.
493 1203 889 1272 Augustinus:
938 1204 1089 1272 Quod
1125 1203 1366 1270 Spiritus
1407 1208 1625 1256 sanctus
1666 1207 1737 1256 sit
1778 1205 1835 1257 in

160 1295 301 1347 Putre
324 1299 371 1345 et
397 1294 553 1356 Filio,
576 1292 667 1360 :sic
706 1293 843 1345 dicit
884 1292 943 1344 in
975 1292 1119 1344 libro
1159 1308 1332 1361 quem
1372 1292 1598 1360 scripsit
1636 1296 1835 1345 contra

160 1382 395 1451 quinque
448 1380 714 1447 haereses,
774 1380 830 1433 id
876 1385 979 1441 est,
1031 1381 1306 1449 Pagauos,
1359 1380 1601 1443 Judceos,
1653 1381 1835 1433 Mani-

161 1473 349 1535 chaeos,
387 1470 762 1531 Sabellianos,
808 1474 863 1521 et
902 1468 1158 1523 Arianos.
1195 1490 1221 1515 «
1257 1468 1511 1522 Diximus
1554 1470 1623 1521 de
1670 1471 1833 1522 Patre

161 1566 209 1612 et
252 1561 384 1613 Filio
429 1560 581 1628 quod
632 1558 922 1626 potuimus
967 1563 1020 1609 et
1072 1563 1353 1627 quantum
1414 1557 1731 1627 potuimus,
1788 1557 1835 1609 si

160 1654 332 1700 tamen
363 1646 582 1716 aliquid
615 1647 786 1715 digne
820 1646 1128 1716 potuimus.
1167 1650 1243 1701 De
1276 1646 1491 1714 Spiritu
1524 1652 1716 1699 sancto
1750 1652 1832 1700 ta-

158 1738 378 1800 cuimus,
414 1738 510 1788 sed
548 1751 664 1787 non
709 1751 839 1787 eum
878 1735 1311 1804 praeterivimus.
1357 1734 1640 1804 Quidquid
1681 1736 1831 1787 enim

156 1826 215 1879 de
242 1827 400 1879 Patre
433 1829 488 1877 et
521 1824 661 1877 Filio
694 1823 965 1889 diximus,
993 1824 1062 1875 de
1093 1823 1309 1892 Spiritu
1342 1829 1535 1875 sancto
1562 1824 1827 1877 diximus.

158 1916 233 1967 Est
265 1914 413 1966 enim
445 1912 504 1965 in
538 1912 650 1964 illis
682 1917 735 1964 et
760 1912 1022 1964 cumillis
1044 1928 1192 1965 unus
1224 1917 1280 1964 et
1310 1928 1474 1964 verus
1502 1913 1682 1977 Deus;
1718 1928 1831 1965 non

158 2003 323 2054 minor
350 2006 447 2054 aut
496 2001 695 2053 tertius
736 2001 901 2053 Deus.
949 1999 1094 2063 Quid
1128 2000 1312 2052 adhuc
1353 1999 1541 2052 dicam
1582 1999 1833 2069 fatigatis

154 2088 442 2160 fatigatus?
476 2089 583 2153 Qui
610 2089 883 2157 Spiritum
910 2094 1167 2141 sanctum
1192 2106 1220 2140 a
1242 2089 1404 2141 Patre
1430 2092 1485 2141 et
1506 2088 1645 2140 Filio
1669 2092 1832 2140 aeter-

154 2180 312 2233 nitate
336 2184 388 2231 et
409 2177 751 2243 substantia,
771 2178 857 2230 vel
882 2177 1289 2230 communione
1312 2182 1558 2245 separat,
1585 2192 1833 2246 eumque

154 2274 306 2337 negat
330 2267 609 2336 Spiritum
642 2283 761 2318 esse
801 2267 977 2319 Patris
1005 2272 1055 2318 et
1095 2266 1234 2329 Filii,
1267 2265 1471 2334 plenus
1504 2270 1589 2317 est
1619 2264 1835 2333 Spiritu

152 2356 453 2421 immundo,
478 2371 690 2407 vacuus
713 2355 1251 2424 estSpiritusancto.
1279 2355 1407 2407 Ideo
1431 2354 1585 2407 enim
1602 2354 1829 2418 dicitur,

157 2446 282 2498 Deus
310 2446 556 2498 Charitas
592 2443 778 2513 (Joan.
820 2459 894 2508 IV,
941 2446 1019 2512 8),
1054 2443 1188 2513 quia
1232 2442 1495 2511 partibus
1536 2458 1651 2495 nou
1692 2442 1832 2495 divi-

152 2534 223 2587 dit
258 2536 559 2598 unitatem,
607 2532 701 2585 sed
749 2531 1111 2586 ineffabiliter
1164 2532 1429 2601 coagulat
1471 2531 1830 2584 Trinitatem.

153 2622 267 2691 Ipsa
296 2628 379 2675 est
408 2623 567 2675 enim
598 2621 843 2674 Trinitas
874 2636 1019 2673 unus
1054 2622 1216 2684 Deus,
1262 2619 1434 2672 turris
1480 2619 1834 2672 fortitudinis

152 2728 179 2763 a
206 2712 335 2763 facie
367 2709 607 2768 inimici.
642 2709 739 2779 qui
771 2710 829 2762 in
858 2725 915 2762 se
944 2708 1237 2763 credentes
1267 2708 1511 2762 custodit
1534 2708 1593 2761 in
1629 2709 1835 2761 saecula

152 2802 498 2853 saeculorum.
536 2804 737 2853 Amen.
774 2820 799 2846 ››

810 2889 937 2941 CAP.
971 2886 1147 2941 XLVI.

212 2986 340 3039 Item
403 2984 760 3053 Augustinus
811 2983 869 3036 in
927 2982 1338 3053 disceptatione
1401 2999 1575 3053 quam
1631 2983 1833 3037 habuit

3532 316 3636 367 710

1873 447 1917 498 Λ
1949 449 2078 497 ante
2113 449 2280 509 esset,
2314 445 2417 497 hoc
2450 448 2595 498 esset
2625 442 3011 513 principium?
3050 442 3103 499 Si
3132 463 3267 515 ergo
3312 447 3477 502 Pater
3503 455 3635 505 ante

1945 534 2294 603 principium
2326 538 2446 599 est;
2474 539 2604 586 ante
2632 550 2687 586 se
2720 534 2907 603 ipsum
2939 539 3051 599 est;
3076 535 3209 603 quia
3242 541 3297 588 et
3327 537 3449 606 ipse
3478 540 3635 608 prin-

1945 622 2157 691 cipium
2195 628 2294 676 est.
2342 622 2485 686 Quid
2521 628 2603 675 est
2647 629 2838 675 autem
2876 638 2888 675 :
2937 623 3007 674 In
3044 626 3316 691 principio
3355 633 3471 679 erat
3510 630 3637 681 Ver-

1946 711 2071 766 bum
2102 713 2289 781 (Joan.
2334 728 2368 764 l.
2412 710 2476 780 t),
2522 710 2630 763 nisi
2682 711 2737 763 in
2780 712 2942 764 Patre
2983 717 3105 763 erat
3150 712 3365 765 Filius?
3408 716 3470 767 Et
3517 717 3635 786 ipse

1951 801 2122 855 Filius
2162 802 2545 869 interrogatus
2584 817 2615 852 a
2650 799 2862 853 Iudaeis
2902 801 3031 870 quis
3072 808 3237 866 esset,
3292 805 3632 872 respondit:

1947 892 2282 958 Principium
2321 891 2417 957 qui
2463 895 2513 941 et
2542 890 2731 957 loquor
2758 890 2906 942 vobis
2950 890 3125 955 (Joau.
3160 906 3275 955 Vltt,
3317 891 3426 959 24).
3471 893 3637 945 Pater

1944 997 2078 1049 ergo
2108 978 2453 1048 principium
2485 994 2597 1030 non
2631 978 2699 1030 de
2733 976 3038 1046 principio,
3084 977 3257 1031 Filius
3288 979 3633 1049 principium

1944 1068 2013 1122 de
2060 1067 2367 1137 principio.
2411 1067 2514 1121 Sed
2567 1071 2873 1136 utrumque
2920 1066 3109 1131 simul,
3174 1083 3289 1119 non
3343 1068 3479 1133 duo,
3538 1070 3635 1122 sed

1945 1174 2125 1211 unum
2174 1155 2541 1226 principium.
2585 1156 2741 1209 Sicut
2778 1157 2943 1208 Pater
2975 1156 3121 1208 Deus
3159 1161 3216 1209 et
3259 1156 3429 1209 Filius
3468 1159 3635 1223 Deus,

1946 1246 2113 1298 ambo
2146 1249 2335 1298 autem
2368 1245 2558 1311 simul,
2590 1261 2701 1297 non
2736 1245 2849 1297 duo
2876 1245 2955 1297 dii
2992 1244 3090 1297 sed
3130 1260 3281 1297 unus
3320 1247 3483 1299 Deus.
3529 1248 3639 1299 Nec

1945 1334 2218 1404 Spiritum
2260 1338 2517 1387 sanctum
2556 1334 2625 1386 de
2678 1338 2917 1403 utroque
2963 1333 3365 1402 procedentem
3416 1335 3638 1405 negabo

1945 1439 2068 1477 esse
2130 1422 2497 1493 principium,
2548 1421 2642 1475 sed
2708 1421 2814 1474 tria
2864 1422 2985 1475 lizec
3039 1422 3208 1475 simul
3259 1422 3403 1478 sicut
3457 1439 3639 1477 unum

1948 1514 2146 1579 Deum,
2171 1512 2248 1565 ita
2283 1527 2461 1564 unum
2485 1511 2607 1564 dico
2642 1527 2761 1563 esse
2790 1510 3157 1579 principium.
3194 1532 3220 1559 ››

2598 1618 2723 1672 CAP.
2766 1618 2989 1671 XLVIII.

2016 1709 2156 1762 Item
2199 1706 2353 1760 idem
2396 1706 2453 1759 in
2488 1706 2688 1759 eodem
2718 1706 2861 1758 libro
2899 1721 2909 1759 :
2947 1725 2973 1755 (ι
3003 1706 3220 1769 Quaeris
3255 1722 3287 1759 a
3318 1724 3408 1761 me
3446 1724 3458 1761 :
3495 1708 3541 1761 si
3571 1708 3640 1762 de

1943 1796 2257 1850 substantia
2299 1795 2477 1849 Patris
2518 1799 2599 1848 est
2640 1794 2829 1857 Filius,
2871 1794 2939 1847 de
2976 1795 3294 1849 substantia
3332 1797 3512 1849 Patris
3556 1803 3640 1851 est

1944 1886 2117 1939 etiam
2155 1884 2397 1953 Spiritus
2438 1888 2685 1948 sanctus,
2727 1900 2829 1937 cur
2880 1901 3023 1937 unus
3058 1884 3232 1937 Filius
3269 1884 3357 1949 sit,
3402 1888 3457 1937 et
3496 1884 3639 1938 alius

1944 1991 2059 2027 non
2113 1974 2183 2026 sit
2254 1972 2459 2026 Filius?
2520 1974 2651 2025 Ecce
2713 1972 3049 2041 respondeo,
3113 1973 3229 2025 sive
3271 1972 3480 2043 capias,
3522 1973 3637 2026 sive

1943 2079 2058 2115 non
2092 2060 2299 2131 capias.
2338 2062 2413 2114 De
2446 2062 2609 2114 Patre
2641 2065 2725 2113 est
2756 2061 2947 2127 Filius,
2981 2061 3048 2114 de
3081 2063 3243 2114 Patre
3282 2066 3361 2114 est
3393 2061 3639 2129 Spiritus

1941 2155 2189 2216 sanctus,
2210 2154 2338 2215 etc.,
2362 2164 2529 2218 usque
2553 2149 2646 2215 ad,
2676 2149 2771 2202 sed
2797 2149 2930 2203 inde
2951 2154 3036 2202 est
3057 2150 3206 2203 unde
3230 2149 3499 2220 procedit.
3542 2171 3563 2197 ι

2638 2256 2763 2309 CAP.
2791 2256 2961 2309 XLIX.

2014 2347 2152 2399 Item
2184 2346 2237 2399 S.
2274 2332 2625 2413 Augustinus
2656 2353 2699 2411 ει,
2727 2344 2782 2395 in
2814 2344 2958 2397 libro
2990 2344 3057 2397 de
3090 2344 3491 2398 Incarnatioue
3527 2344 3636 2396 Do-

1943 2436 2087 2488 mini
2125 2450 2138 2488 :
2174 2454 2199 2484 ε(
2234 2433 2511 2503 Spiritum
2553 2448 2783 2503 quoque
2832 2439 3092 2486 sanctum
3140 2450 3255 2487 non
3308 2433 3631 2503 ingenitum

1940 2538 2129 2593 neque
2155 2521 2433 2591 genitum,
2470 2521 2568 2574 sed
2602 2536 2667 2573 ex
2708 2522 2868 2575 Patre
2912 2522 3168 2591 Filioque
3204 2521 3637 2590 procedentem,

1944 2628 2009 2666 eo
2040 2611 2190 2681 quod
2234 2610 2415 2663 Patris
2458 2614 2515 2662 et
2555 2609 2684 2662 Filii
2729 2610 2803 2661 sit
2841 2609 3107 2677 Spiritus,
3152 2614 3207 2662 et
3238 2609 3359 2678 ipse
3392 2608 3639 2661 consub-

1943 2700 2223 2753 stantialis
2273 2704 2329 2751 et
2376 2703 2689 2751 coaeternus
2737 2697 3034 2762 ambobus,
3086 2714 3189 2751 nec
3233 2698 3408 2751 alium
3468 2696 3640 2749 fuisse

1941 2789 2217 2858 Spiritum
2265 2792 2525 2841 sanctum
2567 2802 2737 2855 quem
2778 2785 3080 2839 iusuftlans
3140 2786 3318 2850 dedit,
3364 2789 3422 2838 et
3461 2786 3637 2837 alium

1943 2894 2113 2948 quem
2149 2881 2278 2945 post
2308 2874 2692 2927 ascensionem
2728 2889 2889 2926 suam
2929 2874 3099 2926 misit.
3152 2875 3307 2927 Unus
3335 2874 3488 2926 enim
3522 2872 3638 2941 Spi-

1944 2966 2082 3018 ritus
2125 2964 2243 3028 Dei,
2294 2962 2542 3033 Spiritus
2584 2962 2763 3015 Patris
2811 2967 2868 3014 et
2914 2963 3060 3027 Filii,
3094 2962 3336 3031 Spiritus
3387 2966 3636 3027 sanctus,

150 3080 331 3127 contra
390 3074 754 3128 Pascentium
805 3072 1072 3125 comitem
1128 3072 1490 3138 Arianorum,
1550 3083 1829 3140 praesente
1870 3044 1909 3099 (λ
1941 3054 2093 3106 idem
2135 3054 2281 3107 Deus
2322 3052 2421 3123 (ἶυί
2462 3056 2730 3121 Operam"
2768 3051 2961 3104 omnia
3015 3050 3073 3103 in
3117 3050 3402 3140 οωηνίδηδ·
3456 3050 3536 3102 Ha
3581 3053 3641 3101 Ut

152 3162 459 3228 Laurentio,
488 3162 681 3231 judice
722 3161 900 3214 electo
944 3160 1011 3213 ab
1050 3160 1310 3229 utrisque
1351 3160 1608 3228 partibus
1648 3160 1827 3230 (epist.

151 3254 239 3304 178
270 3251 323 3304 in
354 3251 596 3317 medio).
634 3270 659 3299 ‹‹
694 3250 831 3302 Ecce
864 3248 1000 3318 quid
1031 3253 1116 3301 est
1145 3248 1507 3314 homousion,
1544 3250 1695 3319 quod
1734 3266 1831 3303 ex-

150 3341 439 3407 probratur
474 3338 720 3408 injuste?
765 3339 887 3391 Non
927 3337 1081 3390 enim
1126 3338 1362 3389 verbum
1404 3338 1610 3402 solum,
1654 3338 1750 3390 sed
1778 3342 1834 3391 et

148 3429 319 3481 resin
357 3429 535 3481 verbo
581 3432 684 3492 est,
729 3442 832 3479 nec
876 3427 1031 3478 solus
1073 3441 1261 3478 sermo
1314 3440 1521 3477 sonans
1573 3424 1830 3489 auribus,

149 3517 233 3569 sed
264 3517 579 3571 substantia
612 3532 722 3570 una
754 3521 839 3569 est
874 3514 971 3568 Dei
1006 3513 1291 3567 credenda
1324 3514 1382 3565 in
1428 3514 1736 3567 mentibus.
1774 3512 1830 3566 Si

149 3606 285 3659 enim
317 3608 374 3659 in
408 3605 741 3659 hominibus
778 3603 1140 3657 credentibus
1164 3601 1223 3655 in
1263 3619 1321 3655 se
1355 3606 1507 3656 totus
1537 3602 1681 3654 Deus
1712 3617 1831 3654 cre-

149 3694 349 3748 dendus
377 3699 466 3748 est
526 3694 809 3759 habitare,
867 3692 1159 3762 quomodo
1193 3691 1397 3744 Filium
1446 3695 1628 3743 totum
1670 3690 1730 3742 in
1773 3705 1831 3742 se

149 3783 316 3850 Pater,
346 3789 445 3837 aut
480 3783 653 3836 Filius
695 3783 919 3835 Patrem
965 3796 1082 3833 non
1123 3779 1387 3833 credatur
1423 3778 1723 3847 excipere?
1755 3780 1831 3829 Ac

147 3887 237 3939 per
276 3873 379 3926 hoc
434 3873 557 3941 ipse
596 3871 655 3923 in
695 3872 884 3937 Patre,
924 3873 977 3922 et
1008 3870 1174 3923 Pater
1206 3868 1265 3921 in
1307 3884 1373 3921 eo
1418 3871 1631 3933 manet,
1666 3871 1721 3919 et
1767 3881 1831 3919 ex

149 3961 297 4014 Patre
346 3962 435 4014 vel
488 3960 629 4013 Filio
680 3963 907 4011 sanctus
947 3956 1262 4011 credendus
1304 3960 1386 4008 est
1422 3954 1668 4024 Spiritus
1719 3968 1830 4005 non

146 4051 314 4102 solum
353 4048 721 4120 processisse,
765 4046 861 4100 sed
902 4062 1126 4116 semper
1165 4046 1232 4098 ad
1288 4043 1612 4115 peragenda
1658 4058 1832 4112 opera

146 4138 423 4192 Trinitatis
454 4137 693 4191 omnino
720 4135 1049 4207 procedere.
1087 4155 1113 4183 ››

800 4243 929 4297 CAP.
964 4240 1166 4295 XLVII.

209 4352 344 4405 Item
394 4352 448 4406 S.
508 4351 910 4419 Augustinus:
968 4347 1119 4417 Quod
1158 4347 1395 4415 Spiritus
1439 4350 1656 4398 sanctus
1702 4359 1825 4411 pro-

146 4443 286 4494 cedat
324 4458 358 4494 a
395 4444 554 4495 Putre
581 4445 630 4492 et
664 4440 821 4503 Filio,
860 4437 920 4490 in
970 4436 1113 4488 libro
1147 4434 1397 4488 secundo
1448 4434 1572 4502 (imo
1611 4434 1705 4486 lib.
1748 4448 1826 4498 ιιι,

144 4546 254 4599 cap.
313 4532 421 4598 t7),
466 4543 635 4598 quem
674 4528 897 4596 scripsit
948 4532 1145 4579 contra
1191 4522 1558 4577 Maximinum
1602 4522 1829 4574 haereti-

146 4635 285 4683 cum,
319 4621 399 4672 sic
431 4618 510 4670 ait
546 4634 558 4670 :
597 4636 621 4667 α
658 4618 925 4684 Magnum
958 4612 1176 4683 aliquid
1216 4627 1350 4665 sane
1383 4611 1484 4664 tibi
1532 4610 1717 4663 dicere
1752 4610 1830 4660 vi-

146 4708 302 4772 deris,
342 4707 479 4777 quia
518 4705 675 4770 dicis,
723 4704 895 4757 Filius
951 4708 1071 4755 erat
1102 4702 1159 4754 in
1203 4700 1485 4771 principio
1524 4705 1829 4767 antequam

147 4796 351 4865 aliquid
402 4799 568 4859 esset,
616 4797 779 4847 Pater
828 4808 962 4845 vero
1003 4796 1135 4843 ante
1186 4789 1556 4858 principium.
1598 4787 1699 4840 libi
1750 4787 1831 4839 le-

146 4883 265 4951 gisti
296 4892 355 4937 ut
392 4886 497 4937 lioc
526 4880 824 4935 crederes?
856 4879 1011 4933 Unde
1045 4877 1456 4948 praesumpsisti
1512 4881 1575 4929 ut
1603 4877 1711 4928 hoc
1747 4875 1831 4927 di-

145 4987 306 5034 ceres,
355 4972 457 5025 ubi
496 4988 597 5024 nec
646 4969 951 5023 auctoritas
997 4969 1115 5021 ulla
1164 4983 1267 5019 nec
1315 4966 1460 5019 ratio
1517 4963 1639 5019 est?
1686 4963 1833 5027 Quid

146 5066 221 5113 est
248 5061 398 5114 enim
433 5065 562 5114 ante
604 5058 974 5129 principium,
1026 5055 1497 5128 quandoquidem
1550 5052 1830 5124 quidquid

206 5230 229 5258 τι
257 5219 321 5271 In
352 5218 489 5270 libro
530 5216 594 5269 de
634 5216 1041 5269 Incarnatione.
1098 5213 1328 5267 Nullum
1370 5228 1521 5264 nunc
1571 5208 1835 5262 novimus

144 5289 441 5355 Augustini
476 5292 778 5340 tractatum
813 5286 881 5339 de
910 5287 1336 5355 lncarnatioue;
1376 5298 1502 5333 nam
1533 5280 1836 5355 eoslibros

145 5358 205 5410 de
230 5350 661 5420 Incarnatione,
707 5356 807 5427 qui
848 5357 995 5408 inter
1035 5356 1221 5427 Opera
1257 5354 1310 5407 S.
1349 5350 1837 5427 Augustiniediti

148 5436 289 5495 sunt,
322 5432 458 5483 satis
497 5422 986 5481 constat-alterius
1033 5426 1325 5493 cujusdam
1352 5439 1484 5495 esse
1520 5422 1831 5495 scriptoris.

150 5500 201 5571 tu
236 5491 439 5571 quibus
464 5515 592 5552 cum
627 5515 735 5551 non
766 5498 1086 5571 reperiatur
1102 5491 1209 5548 hoc
1240 5494 1575 5571 capitulum,
1622 5491 1837 5571 nemini

148 5564 375 5624 dubium
419 5587 541 5625 esse
580 5570 747 5624 debet
785 5564 925 5639 quin
966 5568 1354 5636 fragmentum
1398 5565 1469 5617 sit
1509 5564 1697 5633 operis
1732 5578 1836 5615 cu-

1944 3143 2193 3212 perfecta
2223 3142 2490 3194 credatur
2518 3140 2763 3193 Trinitas
2803 3145 3039 3209 propter
3066 3139 3473 3208 proprietatem
3508 3152 3637 3206 per-

1943 3246 2233 3296 sonarum,
2264 3234 2322 3283 et
2350 3245 2499 3282 unus
2530 3230 2677 3282 Deus
2708 3232 2944 3299 prepter
2980 3226 3422 3298 inseparabilem
3452 3224 3636 3279 Trini-

1941 3324 2137 3373 tatem.
2176 3340 2201 3369 >›

2660 3388 2787 3442 CAP.
2822 3387 2881 3440 L.

2014 3479 2156 3533 Item
2188 3478 2244 3533 S.
2289 3477 2642 3544 Augustinus
2672 3480 2715 3543 ι),
2767 3476 2826 3530 in
2875 3476 3020 3529 libro
3070 3473 3451 3545 Expositionis
3501 3474 3636 3527 ﬁdei

1943 3568 2008 3621 ad
2057 3570 2328 3621 Petrum:
2383 3567 2588 3620 «Sicut
2645 3582 2779 3635 ergo
2833 3581 2936 3618 nec
2980 3564 3152 3617 Filius
3202 3563 3488 3633 posterior
3543 3568 3639 3615 aut

1942 3656 2129 3709 minor
2151 3669 2235 3707 est
2282 3656 2465 3721 Patre,
2518 3654 2595 3706 ita
2643 3670 2745 3706 nec
2801 3653 3040 3723 Spiritus
3080 3655 3308 3705 sanctus
3358 3650 3641 3721 posterior

1941 3750 2040 3797 aut
2099 3744 2289 3796 minor
2332 3747 2414 3797 est
2466 3741 2622 3804 Filio,
2673 3747 2803 3806 etc.,
2863 3757 3033 3809 usque
3089 3741 3182 3807 ad,
3234 3740 3414 3793 Graeci
3458 3742 3639 3790 οὐσίαν

1940 3835 2159 3885 vocant.
2194 3850 2220 3883 ››

2661 3900 2785 3953 CAP.
2823 3900 2907 3953 LI.

2020 3992 2161 4044 Item
2223 3989 2375 4043 idem
2436 3989 2493 4041 in
2556 3988 2754 4041 eodem
2815 4004 2987 4057 opere
3052 3991 3178 4057 post
3250 4002 3531 4056 pauca:«
3575 3987 3639 4038 In

1944 4081 2039 4133 illa
2071 4079 2250 4149 igitur
2293 4083 2484 4131 sancta
2522 4076 2814 4140 'I'rinitate,
2858 4076 3010 4146 quod
3049 4076 3178 4129 ideo
3224 4092 3255 4128 a
3285 4074 3447 4128 nobis
3477 4090 3639 4143 repe-

1940 4171 2104 4234 titur,
2160 4172 2220 4221 ut
2268 4173 2454 4220 vestro
2504 4165 2661 4219 cordi
2710 4165 2967 4218 tenacius
3012 4164 3309 4233 intigatur,
3357 4180 3505 4217 unus
3555 4168 3639 4215 est

1942 4260 2107 4311 Pater
2138 4254 2237 4327 qui
2264 4258 2414 4309 solus
2463 4255 2843 4309 essentialiter
2882 4254 2949 4307 de
2990 4253 3175 4323 seipso
3220 4268 3399 4306 unum
3432 4251 3638 4305 Filium

1942 4346 2160 4415 genuit,
2200 4350 2253 4398 et
2300 4361 2449 4399 unus
2497 4344 2689 4411 Filius,
2743 4344 2841 4413 qui
2881 4338 2951 4396 de
2999 4358 3114 4395 uno
3155 4344 3319 4396 Patre
3369 4342 3521 4394 solus
3557 4347 3640 4393 est

1938 4425 2318 4479 essentialiter
2378 4430 2576 4489 natus;
2638 4430 2695 4477 et
2750 4439 2896 4476 unus
2939 4422 3183 4492 Spiritus
3242 4428 3489 4488 sanctus,
3538 4422 3637 4489 qui

1939 4514 2095 4566 solus
2136 4513 2513 4566 cssentialiter
2552 4512 2620 4565 de
2672 4514 2835 4565 Patre
2882 4512 3141 4580 Filioque
3193 4511 3465 4580 procedit.
3524 4512 3639 4563 Hoc

1939 4607 2131 4655 autem
2184 4607 2369 4655 totum
2414 4618 2526 4653 una
2574 4616 2817 4670 persona
2857 4616 2972 4653 non
3014 4605 3223 4669 posset,
3266 4600 3323 4653 id
3366 4606 3449 4653 est
3480 4604 3532 4653 et
3561 4602 3638 4669 gi-

1940 4706 2115 4761 gnere
2157 4706 2234 4754 se,
2281 4695 2333 4742 et
2374 4689 2528 4742 nasci
2571 4689 2639 4740 de
2682 4704 2759 4753 se,
2804 4693 2862 4740 et
2904 4688 3211 4757 procedere
3258 4689 3328 4741 de
3370 4706 3447 4741 se.
3496 4688 3639 4751 Quia

1941 4778 2117 4848 igitur
2157 4777 2311 4829 aliud
2340 4783 2423 4829 est
2466 4776 2731 4846 genuisse
2761 4792 2931 4845 quam
2961 4782 3159 4829 natum
3193 4792 3331 4837 esse,
3364 4775 3635 4843 aliudque

1938 4866 2251 4937 procedere
2301 4881 2473 4936 quam
2524 4864 2789 4934 genuisse
2832 4866 2917 4918 vel
2961 4870 3158 4918 natum
3202 4881 3345 4923 esse.
3395 4863 3634 4915 manife-

1943 4962 2091 5008 stum
2136 4960 2237 5019 est,
2272 4953 2541 5023 quoniam
2586 4954 2732 5007 alius
2768 4959 2855 5007 est
2893 4955 3079 5021 Pater,
3132 4954 3278 5007 alios
3320 4956 3405 5004 est
3440 4952 3632 5017 Filius,

1943 5045 2087 5097 alius
2117 5049 2201 5098 est
2227 5042 2471 5113 Spiritus
2500 5049 2748 5097 sanctus.
2785 5063 2835 5095 ››.

1937 5203 2169 5273 jusdam
2207 5202 2511 5271 deperditi.

2013 5276 2037 5315 ι)
2068 5276 2126 5327 In
2174 5267 2311 5326 libro
2352 5274 2729 5341 expositionis.
2781 5275 2939 5327 Nunc
2992 5287 3191 5323 omnes
3241 5272 3454 5341 norunt
3512 5267 3635 5341 ejus

1945 5344 2317 5412 expositionis
2357 5340 2691 5413 scriptorem
2739 5344 2908 5396 fuisse
2944 5360 3058 5396 non
3096 5340 3500 5410 Augustinum,
3538 5340 3635 5413 sed

1946 5410 2332 5483 Fuigentium,
2368 5410 2528 5485 cujus
2565 5415 2715 5467 inter
2754 5416 2937 5484 Opera
2981 5412 3130 5466 edita
3168 5418 3253 5464 est
3291 5426 3442 5463 anno
3480 5410 3634 5475 168i,

1946 5488 2232 5556 pag.502.
