4044 6174
431 277 522 356 in
1656 264 1877 352 sunt:
1916 265 2348 351 PMtISlttNSls
2387 259 2703 348 Episcopi
3791 285 3880 345 τω

1143 428 1274 484 CAP.
1311 427 1418 484 LII.

507 541 650 593 Item
682 540 830 592 idem
865 538 924 590 in
951 536 1152 590 eodem
1177 552 1349 604 opere
1373 538 1510 602 (cup.
1542 535 1595 602 '2)
1632 550 1644 588 :
1683 557 1704 582 α
1748 535 1941 603 Neque
1974 533 2127 586 enim

435 631 493 683 in
526 628 620 681 illa
669 627 942 680 'I‘rinitato
985 624 1284 694 proprium
1326 630 1471 676 esset
1511 623 1684 676 solius
1733 625 1930 688 Patris,
1973 621 2130 693 quod

434 737 547 773 non
585 721 669 770 est
700 723 864 768 natus
909 714 1051 783 ipse,
1087 714 1182 766 sed
1225 729 1405 765 unum
1439 713 1642 765 Filium
1673 712 1908 780 genuit;
1942 727 2130 781 neque

433 807 586 860 enim
631 805 928 874 proprium
971 802 1146 855 solius
1187 801 1333 864 Filii,
1385 800 1543 871 quod
1591 816 1704 853 non
1745 800 1945 869 genuit
1985 799 2127 867 ipse,

432 894 530 947 sed
568 892 745 945 Patris
779 890 1021 942 essentia
1053 892 1220 941 natus
1250 895 1372 941 est:
1408 904 1592 958 neque
1634 890 1790 941 enim
1830 904 2127 958 proprium

434 980 680 1050 Spiritus
710 978 912 1042 sancti,
948 977 1102 1047 quod
1136 993 1236 1029 nec
1269 983 1432 1029 natus
1480 976 1601 1045 ipse
1630 993 1734 1029 nec
1775 976 1994 1047 genuit,
2031 976 2131 1029 sed

433 1061 591 1114 solus
647 1059 715 1112 de
775 1059 938 1111 Patre
979 1057 1258 1128 filioque
1307 1055 1759 1110 iucommutahili
1818 1056 2131 1109 aeternitate

433 1149 712 1220 procedit.
749 1170 774 1198 ν

1145 1246 1270 1298 CAP.
1308 1245 1442 1298 LIII.

506 1355 647 1406 Item
697 1351 852 1406 idem
906 1350 968 1403 in
1006 1350 1130 1420 ipso
1181 1367 1353 1420 opere
1395 1357 1522 1421 post
1573 1367 1756 1420 pauca
1807 1348 1946 1418 (cap.
1995 1352 2127 1418 ll):

439 1463 466 1492 ς
506 1440 855 1496 Firmissime
884 1444 940 1492 et
965 1439 1293 1492 nullatenus
1313 1438 1538 1500 dubites
1568 1439 1833 1490 eumdem
1855 1436 2131 1506 Spiritum

438 1534 696 1582 sanctum
749 1528 847 1597 qui
897 1527 1076 1580 Patris
1125 1532 1180 1578 et
1229 1526 1354 1579 Filii
1415 1541 1564 1578 unus
1611 1524 1856 1595 Spiritus
1907 1529 2012 1587 est,
2063 1523 2130 1576 de

443 1620 604 1672 Patre
649 1625 706 1670 et
747 1616 887 1668 Filio
939 1615 1268 1684 procedere,
1323 1620 1454 1682 etc.,
1508 1628 1676 1681 usque
1731 1613 1824 1679 ait,
1877 1612 2014 1682 quia
2063 1612 2132 1666 de

439 1708 562 1777 ejus
594 1721 691 1758 ore
723 1703 1002 1774 procedit.
1039 1725 1064 1752 »

1133 1800 1262 1854 CAP.
1295 1799 1420 1852 LIV.

513 1905 844 1960 Hormisdas
871 1921 1017 1975 papa
1047 1904 1317 1957 Romana:
1348 1904 1611 1957 Ecclesiae
1642 1921 1658 1956 :
1704 1903 1855 1967 Quod
1894 1903 2136 1970 Spiritus

438 2001 656 2049 sanctus
690 2011 724 2046 a
754 1996 914 2047 Patre
941 1992 1186 2061 Filioque
1234 1992 1498 2061 procedit,
1531 1992 1610 2044 sic
1639 1991 1776 2045 dicit
1807 1991 1864 2042 in
1892 1990 2138 2060 epistola

441 2098 613 2151 quam
646 2082 715 2134 ad
748 2081 1035 2134 Justiuum
1083 2080 1493 2149 imperatorem
1535 2079 1690 2132 misit
1733 2079 1998 2132 adversus
2025 2079 2135 2130 Ne-

441 2170 601 2222 storii
687 2177 740 2222 et
799 2168 1123 2237 Eutychetis
1198 2167 1581 2236 blasphemi-as
1631 2168 1828 2235 (Epist.
1887 2165 2068 2226 Lxxvr)
2121 2180 2135 2218 :

443 2281 471 2305 «ι
503 2258 822 2311 Aduremus
863 2258 1086 2309 Patrem
1130 2260 1186 2307 et
1215 2255 1421 2308 Filium
1464 2264 1519 2308 et
1546 2256 1823 2325 Spiritum
1855 2260 2134 2318 sanctum,

442 2345 831 2399 iudistiuctam
875 2345 1162 2411 distincte,
1211 2334 1846 2412 incompreliensibilem
1901 2352 1957 2396 et
2011 2342 2138 2395 ine-

441 2432 788 2486 narrabilem
839 2431 1218 2485 substantiam
1267 2431 1608 2498 Trinitatis;
1657 2430 1755 2482 ubi
1795 2431 1900 2482 etsi
1928 2429 2136 2482 admit-

441 2526 525 2574 tat
560 2535 869 2572 numerum
910 2519 1053 2572 ratio
1102 2535 1502 2588 personarum,
1549 2518 1738 2571 unitas
1788 2523 1981 2570 tamen
2021 2533 2138 2570 non

445 2607 697 2662 admittit
724 2616 748 2640 ε
786 2607 1046 2660 essentiae
1090 2607 1531 2676 separationem.
1575 2607 1660 2660 Ita
1694 2612 1888 2659 tamen
1920 2609 1984 2658 ut
2021 2621 2134 2657 ser-

443 2711 642 2750 vemus
695 2695 902 2748 divinae
954 2695 1186 2764 propria
1241 2696 1553 2764 unicuique
1610 2710 1894 2764 personas,
1954 2699 2015 2747 ut
2069 2709 2140 2746 ne

446 2783 709 2855 personis
751 2783 1066 2837 divinitatis
1117 2783 1486 2852 singularitas
1535 2784 1872 2852 deuegetur,
1920 2797 2024 2835 nec
2071 2783 2140 2834 ad

446 2871 754 2926 essentiam
789 2871 897 2924 hoc
933 2870 1087 2941 quod
1121 2876 1206 2924 est
1235 2870 1535 2940 proprium
1567 2870 1867 2923 nominum
1899 2870 2139 2923 transfe-

445 2963 626 3011 ratur.
690 2958 957 3026 Magnum
1003 2963 1107 3024 est,
1158 2966 1416 3011 sanctum
1467 2963 1523 3011 et
1563 2957 2142 3027 incompreliensibile

445 3045 781 3116 mysterium
813 3046 1123 3113 Trinitatis,
1173 3047 1317 3099 Deus
1350 3047 1535 3114 Pater,
1584 3047 1733 3100 Deus
1771 3047 1964 3108 Filius,
1997 3047 2143 3099 Deus

449 3134 692 3204 Spiritus
726 3140 974 3201 sanctus,
999 3135 1244 3188 Trinitas
1291 3134 1568 3200 indivisa;
1615 3140 1672 3188 et
1711 3139 1904 3188 tamen
1941 3140 2143 3188 notum

449 3228 535 3275 est
560 3223 696 3292 quia
732 3224 1031 3292 proprium
1083 3227 1168 3276 est
1208 3224 1390 3276 Patris
1425 3239 1701 3290 generare
1745 3223 1974 3289 Filium,
2007 3239 2144 3293 pro-

446 3311 641 3381 prium
676 3311 802 3364 Filii
836 3311 953 3378 Dei,
992 3317 1056 3364 ut
1085 3327 1150 3364 ex
1190 3313 1358 3364 Patre
1400 3311 1553 3364 Patri
1592 3318 1921 3366 nasceretur
1958 3329 2146 3381 aequa-

447 3399 541 3466 lis,
592 3400 889 3470 proprium
932 3399 1178 3468 Spiritus
1229 3398 1408 3452 sancti
1465 3404 1527 3451 ut
1568 3399 1636 3453 de
1685 3400 1851 3455 Patre
1899 3403 1956 3455 et
2008 3399 2144 3452 Filio

449 3488 783 3558 procederet
808 3487 912 3541 sub
945 3504 1058 3541 una
1091 3487 1408 3541 substantia
1437 3486 1681 3542 deitatis.
1718 3509 1744 3535 ››

1163 3594 1291 3648 CAP.
1330 3595 1433 3648 LV.

521 3709 649 3776 Leo,
699 3725 848 3778 papa
899 3709 1170 3762 Romanae
1205 3709 1506 3763 Ecclesiae:
1546 3708 1696 3774 Quod
1737 3710 1978 3777 Spiritus
2016 3724 2147 3762 san-

449 3801 565 3851 ctus
603 3813 635 3849 a
682 3798 842 3850 Putre
887 3797 1130 3865 Filioque
1169 3798 1447 3865 procedat,
1492 3797 1570 3850 sic
1615 3796 1751 3851 dicit
1800 3797 1860 3849 in
1908 3796 2150 3867 epistola

451 3901 626 3954 quam
678 3885 836 3939 misit
883 3885 952 3938 ad
1001 3886 1299 3940 Turibium
1345 3885 1768 3940 Asturicensem
1813 3883 2148 3954 episcopum

453 3976 634 4042 (epist.
695 3977 784 4039 93,
837 3991 885 4027 c.
926 3973 1014 4043 l):
1064 3996 1084 4022 ι
1123 3975 1312 4028 Primo
1361 3975 1556 4044 itaque
1606 3974 1858 4043 capitulo
1907 3973 2149 4026 demon-

455 4067 686 4127 stratur,
723 4079 896 4132 quam
931 4063 1106 4133 impie
1137 4063 1204 4117 de
1233 4062 1506 4116 Trinitate
1530 4061 1722 4116 divina
1749 4061 2018 4126 sentiant,
2052 4061 2152 4131 qui

454 4150 637 4203 Patris
667 4156 725 4204 et
776 4149 900 4203 Filii
949 4155 1005 4204 et
1051 4151 1296 4220 Spiritus
1337 4151 1511 4204 sancti
1552 4165 1725 4203 unam
1772 4155 1945 4218 atque
1992 4165 2153 4202 eam-

453 4238 584 4291 dem
628 4243 893 4291 asserunt
939 4256 1061 4292 esse
1110 4254 1435 4307 personam,
1482 4243 1759 4308 tanquam
1797 4237 1953 4290 idem
2005 4254 2155 4290 nunc

455 4327 640 4391 Pater,
673 4342 827 4380 nunc
859 4327 1051 4393 Filius,
1077 4342 1228 4379 nunc
1251 4326 1492 4396 Spiritus
1529 4331 1752 4379 sanctus
1782 4327 2148 4395 nominetur;
2191 4315 2235 4368 D

454 4430 559 4468 nec
585 4415 728 4467 alius
775 4415 848 4468 sit
881 4414 980 4484 qui
1019 4414 1239 4484 genuit,
1290 4414 1435 4468 alius
1470 4415 1571 4485 qui
1609 4415 1837 4484 genitus
1877 4420 1979 4481 est,
2008 4415 2153 4468 alius

456 4502 653 4572 qui‘de
687 4507 931 4572 utroque
980 4504 1258 4572 procedit,
1302 4508 1358 4556 et
1397 4503 1706 4573 singularis
1746 4505 1934 4557 unitas
1959 4504 2018 4556 in
2049 4505 2154 4557 tri-

456 4589 562 4644 bus
592 4590 826 4660 quidem
857 4591 1163 4658 vocabulis,
1188 4591 1287 4646 sed
1312 4592 1507 4645 nonin
1531 4591 1712 4645 tribus
1730 4591 1804 4645 sit
1823 4591 2154 4662 accipienda

458 4679 733 4748 personis.
774 4678 938 4742 Quod
988 4679 1368 4750 blasphemiae
1415 4696 1598 4750 genus
1649 4681 1717 4735 de
1766 4681 2000 4735 Sabellii
2027 4681 2152 4751 opi-

459 4765 632 4820 nione
665 4773 1058 4836 sumpserunt.
1095 4788 1124 4820 ι)

1167 4877 1295 4931 CAP.
1333 4876 1459 4929 LVI.

529 4987 856 5057 Gregorius,
891 5006 1036 5060 papa
1070 4991 1343 5046 Romanae
1384 4991 1641 5044 Ecclesiae
1673 5007 1686 5045 :
1722 4990 1872 5056 Quod
1905 4993 2154 5060 Spiritus

457 5082 675 5130 sanctus
719 5094 754 5130 a
810 5080 966 5131 Patre
1007 5081 1252 5147 Filioque
1287 5079 1565 5147 procedat,
1611 5079 1666 5132 in
1701 5079 1940 5132 humilia
1975 5081 2044 5133 ‘26
2077 5081 2155 5134 sic

458 5163 596 5218 dicit
627 5179 640 5217 :
680 5163 935 5234 «Itaque
970 5165 1214 5220 dicitur:
1248 5167 1398 5222 Sicut
1435 5168 1585 5221 misit
1630 5183 1709 5220 me
1755 5169 1934 5234 Pater,
1981 5172 2031 5222 et
2061 5183 2155 5236 ego

458 5255 612 5306 mitto
641 5268 734 5306 vos
779 5256 963 5322 (Joan.
1013 5270 1106 5318 xx,
1140 5255 1248 5322 21),
1302 5254 1358 5308 id
1390 5260 1476 5308 est
1504 5272 1570 5308 ea
1608 5255 1887 5310 cliaritate
1934 5272 2032 5310 vos
2076 5257 2157 5310 di-

528 5418 553 5442 ⁸
581 5411 846 5463 Esseutix
877 5412 1294 5476 separatiouem.
1347 5409 1440 5462 Sic
1491 5411 1800 5464 maluimus
1835 5427 1919 5465 ex
1962 5411 2151 5479 editis,

459 5495 630 5549 quam
665 5483 821 5548 quod
848 5494 1016 5532 antea
1041 5481 1357 5549 legebatur,
1385 5483 1690 5534 essentiam.

527 5551 554 5592 ιι
583 5549 924 5615 Fulgentius.
978 5551 1129 5604 Nihil
1175 5566 1244 5604 ex
1293 5550 1418 5604 istis
1460 5550 1746 5622 Fulgentii
1785 5551 1946 5605 libris
1976 5558 2156 5606 exstat

2165 427 2206 481 A
2241 419 2358 493 ligo
2396 439 2528 476 cum
2582 423 2732 476 inter
2773 419 3038 474 scandala
3089 425 3512 490 persecuturum
3562 421 3730 485 mitto,
3791 439 3884 491 qua

2239 530 2330 567 me
2361 512 2637 566 charitate
2677 513 2844 564 Pater
2890 509 3097 579 diligit,
3134 525 3305 580 quem
3342 509 3530 562 venire
3571 509 3634 562 ad
3668 510 3883 562 toleran-

2237 603 2336 655 das
2379 603 2674 670 paSsiunes
2716 600 2868 652 fecit.
2907 598 3178 662 Quamvis
3223 597 3372 650 mitti
3412 599 3577 650 etiam
3613 598 3765 666 juxta
3803 616 3883 650 ua-

2238 695 2428 743 turaiu
2471 689 2786 742 divinitatis
2833 687 3013 757 possit
3061 685 3324 756 intelligi.
3376 687 3447 739 Eo
3503 686 3653 738 enim
3702 687 3811 754 ipso
3857 705 3882 738 a

2241 780 2404 832 Patre
2459 777 2634 831 Filius
2675 776 2828 830 mitti
2877 777 3103 840 dicitur,
3154 792 3266 845 quo
3306 791 3339 826 ξι
3387 775 3546 827 Patre
3597 782 3884 842 generatur.

2243 868 2383 920 Nam
2415 873 2674 920 sanctum
2717 881 2949 936 quoque
2979 863 3256 934 Spiritum
3303 863 3425 933 qui,
3456 879 3581 915 cum
3625 863 3692 915 sit
3729 880 3887 931 aequa-

2239 955 2308 1008 lis
2347 956 2499 1009 Patri
2539 962 2595 1009 et
2633 955 2794 1020 Filio,
2835 970 2950 1007 non
2988 957 3182 1006 tamen
3233 952 3558 1005 incarnatus
3588 957 3689 1018 est,
3718 951 3887 1004 iisdem

2241 1061 2298 1098 se
2354 1045 2528 1099 Filius
2576 1044 2801 1097 mittere
2859 1042 3122 1112 perhibet
3170 1048 3226 1094 et
3271 1039 3510 1093 dicens:
3554 1039 3685 1093 Cum
3719 1043 3888 1092 verterit

2243 1134 2558 1188 Paracletus
2609 1148 2765 1200 quem
2804 1147 2897 1198 ego
2929 1133 3082 1184 mitto
3127 1129 3276 1183 vobis
3318 1145 3352 1181 a
3402 1129 3562 1181 Patre
3603 1127 3775 1194 (Joan.
3819 1141 3887 1190 xv,

2239 1227 2350 1291 26),
2385 1229 2510 1289 etc.,
2535 1237 2699 1290 usque
2729 1220 2821 1286 ad,
2851 1219 3058 1274 debeat
3083 1219 3153 1271 ad
3187 1232 3446 1271 amorem
3481 1215 3719 1269 Domini.
3750 1233 3772 1263 ν

2929 1336 3057 1389 CAP.
3094 1333 3252 1388 LVII.

2313 1453 2454 1507 Item
2488 1451 2640 1504 idem
2690 1450 2750 1503 in
2788 1450 2934 1503 libro
2973 1447 3268 1503 Moralium
3314 1444 3564 1498 secundo
3606 1445 3740 1513 (cap.
3786 1446 3891 1509 27):

2245 1564 2271 1589 (ι
2304 1541 2360 1594 Si
2415 1539 2728 1610 prophetiae
2787 1538 3036 1608 Spiritus
3070 1536 3364 1606 prophetis
3411 1549 3638 1602 semper
3691 1534 3893 1594 adesset,

2245 1629 2419 1682 David
2465 1629 2588 1697 regi
2632 1627 2701 1680 de
2751 1627 2952 1696 templi
2994 1623 3420 1678 constructione
3468 1619 3795 1680 consulenti,
3822 1635 3895 1669 ne-

2175 1725 2217 1779 B
2246 1732 2540 1788 quaquam
2589 1715 2814 1769 Natlian
2864 1713 3144 1785 propheta
3194 1710 3555 1772 concederet,
3604 1707 3747 1777 quod
3797 1713 3897 1774 post

2245 1807 2565 1876 paupulum
2596 1809 2853 1872 negaret.
2892 1802 3048 1855 Unde
3070 1800 3216 1853 bene
3248 1798 3308 1850 in
3333 1795 3636 1864 Evangelio
3665 1793 3896 1862 scriptum

2244 1900 2372 1948 est:
2427 1895 2600 1962 Super
2649 1908 2804 1960 quem
2855 1890 3058 1943 videris
3117 1889 3388 1955 Spiritum
3443 1881 3822 1936 descendentem
3860 1885 3897 1931 et

2244 1987 2542 2034 manentem
2563 1996 2728 2049 super
2749 1995 2886 2046 eum,
2921 1980 3006 2031 hic
3035 1981 3113 2030 est
3136 1978 3232 2043 qui
3263 1975 3508 2042 baptizat
3541 1973 3711 2038 (Joun.
3741 1987 3775 2034 ι,
3812 1971 3895 2034 33;.

2245 2071 2308 2124 Iu
2339 2075 2570 2123 cunctos
2603 2085 2852 2138 namque
2885 2068 3080 2121 tideles
3105 2065 3350 2135 Spiritus
3383 2062 3558 2127 \enit,
3593 2059 3685 2112 sed
3715 2058 3768 2111 in
3802 2059 3896 2108 solo

2249 2159 2560 2211 mediatore
2607 2156 2975 2226 singulariter
3020 2159 3346 2224 permanet;
3389 2151 3528 2220 quia
3567 2150 3686 2216 ejus
3737 2148 3898 2199 huma-

2245 2247 2483 2298 nitatem
2515 2261 2813 2314 nunquam
2845 2243 3117 2306 deseruit,
3151 2257 3215 2294 ex
3265 2239 3427 2307 cujus
3470 2235 3766 2289 Divinitate
3792 2250 3898 2302 pru—

2245 2336 2412 2388 cedit.
2446 2335 2508 2387 In
2544 2333 2643 2386 illo
2701 2333 2878 2403 igitur
2930 2338 3145 2398 manet,
3191 2328 3291 2400 qui
3335 2327 3487 2380 solus
3538 2331 3593 2378 et
3638 2323 3813 2376 omnia
3859 2327 3901 2372 et

2247 2438 2475 2494 semper
2499 2425 2705 2492 potest.
2740 2442 2767 2470 »

2855 2557 2858 2566 ι
2922 2536 3046 2590 CAP.
3084 2537 3266 2591 LVIII.

2320 2634 2460 2687 Item
2505 2633 2655 2686 idem
2696 2632 2757 2686 in
2806 2633 3008 2687 eodem
3047 2633 3195 2688 libro
3240 2639 3366 2705 post
3411 2651 3593 2705 pauca
3623 2638 3754 2702 (cap.
3790 2631 3899 2698 '28):

2252 2743 2279 2773 α
2308 2725 2370 2776 In
2398 2723 2486 2776 his
2516 2722 2695 2792 igitur
2733 2722 2900 2775 donis
2936 2723 3055 2775 sine
3099 2723 3308 2792 quibus
3345 2723 3413 2776 ad
3455 2724 3629 2776 vitam
3661 2719 3903 2791 perveniri

2250 2827 2364 2864 non
2410 2815 2620 2881 potest,
2660 2810 2905 2880 Spiritus
2951 2817 3178 2864 sanctus
3218 2813 3331 2864 sive
3377 2812 3436 2864 in
3479 2807 3904 2881 praedicatoribus

2249 2898 2387 2964 suis,
2433 2913 2533 2950 seu
2591 2897 2651 2949 in
2714 2897 2907 2950 electis
2955 2899 3225 2952 omnibus
3282 2916 3503 2969 semper
3551 2903 3749 2964 manet,
3795 2903 3901 2958 etc.,

2249 3002 2420 3056 usque
2450 2985 2544 3054 ad,
2575 2991 2766 3040 manet
2798 2986 2867 3040 ad
2896 2993 3118 3042 cuncta.
3154 3009 3181 3036 »
3395 2986 3400 2990 ’

2981 3112 3108 3166 CAP.
3141 3111 3270 3168 LIX.

2323 3227 2462 3278 Item
2502 3225 2656 3279 idem
2703 3225 2762 3278 in
2809 3225 2956 3278 libro
3003 3225 3207 3295 quinto
3245 3227 3386 3294 (cap.
3430 3227 3520 3294 26)
3553 3243 3565 3280 :
3595 3223 3737 3290 Quod
3763 3222 3902 3292 Spiri-

2253 3318 2339 3368 tus
2378 3320 2598 3368 sanctus
2632 3315 2697 3368 de
2737 3316 2900 3368 Patre
2936 3315 3211 3382 procedat,
3264 3319 3314 3367 et
3345 3314 3410 3367 de
3447 3330 3506 3368 eo
3545 3313 3684 3382 quod
3713 3317 3782 3364 est
3810 3310 3905 3362 Filii

2253 3404 2508 3471 accipiat,
2534 3403 2629 3456 ubi
2655 3403 2985 3470 intelligitur
3027 3407 3077 3456 et
3105 3403 3172 3455 ab
3193 3419 3250 3456 eo
3269 3402 3578 3471 procedere.
3606 3424 3633 3450 ι(
3663 3401 3736 3454 Et
3762 3410 3902 3450 vocem

2254 3494 2415 3559 quasi
2443 3507 2592 3545 aurz
2620 3491 2753 3545 lenis
2785 3491 2978 3544 audiui
2998 3491 3126 3558 (Job
3143 3507 3218 3556 iv,
3247 3494 3349 3546 16).
3373 3490 3522 3554 Quid
3557 3489 3705 3544 enim
3728 3502 3817 3556 per
3833 3500 3904 3536 vo-

2255 3594 2379 3631 cem
2407 3595 2562 3632 auree
2594 3579 2760 3647 lenis,
2794 3578 2903 3632 nisi
2931 3578 3184 3647 cognitio
3206 3579 3450 3648 Spiritus
3477 3578 3656 3631 sancti
3682 3574 3902 3642 designa-

2255 3667 2386 3720 tur?
2411 3666 2511 3737 qui
2540 3667 2608 3721 de
2642 3667 2804 3721 Patre
2835 3667 3168 3736 procedens,
3201 3673 3257 3720 et
3288 3667 3356 3720 de
3397 3682 3464 3720 eo
3511 3665 3665 3736 quod
3713 3669 3786 3717 est
3808 3657 3906 3714 Filii

2255 3754 2561 3826 accipiens,
2593 3760 2801 3809 nostra;
2827 3756 3078 3809 tenuiter
3107 3755 3325 3809 notitiae
3357 3754 3706 3808 inﬁrmitatis
3749 3748 3904 3804 infun-

2259 3842 2433 3910 ditur,
2468 3849 2596 3911 etc.,
2624 3859 2793 3912 usque
2821 3843 2916 3909 ad,
2949 3843 3328 3898 illuminando
3360 3843 3680 3913 perturbat.
3712 3859 3736 3891 ii

2999 3967 3128 4021 CAP.
3165 3968 3266 4021 LX.

2326 4064 2750 4130 Fulgentiusb:
2822 4063 2974 4129 Quod
3018 4066 3160 4118 solus
3208 4067 3370 4118 Pater
3420 4064 3666 4130 genuerit
3727 4059 3906 4115 Filium,

2259 4154 2404 4207 solus
2426 4153 2604 4206 Filius
2634 4169 2668 4204 a
2697 4154 2859 4206 Patre
2887 4155 3100 4218 genitus
3130 4155 3221 4216 sit,
3273 4153 3416 4205 solus
3459 4152 3705 4220 Spiritus
3732 4149 3908 4200 sanctus

2261 4258 2294 4295 α
2319 4243 2481 4295 Patre
2511 4243 2752 4308 Filioque
2791 4240 3067 4309 procedat,
3119 4240 3176 4294 in
3219 4239 3567 4293 libro-tertio
3611 4252 3769 4308 quem
3815 4230 3910 4284 scri-

2261 4330 2373 4400 psit
2411 4335 2608 4382 contra
2638 4328 2971 4395 Fabianum,
3017 4329 3097 4381 sic
3141 4328 3278 4382 dicit
3313 4345 3325 4382 :
3357 4347 3385 4380 (ί
3419 4328 3702 4380 Veracitcr
3739 4321 3906 4392 quippe

2260 4417 2598 4488 proﬁtemur
2628 4418 2810 4470 solum
2842 4418 3066 4471 Patrem
3095 4416 3380 4486 genuisse,
3417 4417 3604 4469 solum
3643 4411 3826 4466 Filium
3855 4406 3906 4457 de

2261 4508 2426 4560 Patre
2475 4513 2674 4558 natum
2724 4521 2893 4558 esse:
2936 4506 3213 4558 veraciter
3266 4504 3441 4558 etiam
3483 4503 3719 4557 dicimus
3759 4497 3908 4550 solum

2261 4593 2538 4665 Spiritum
2573 4598 2833 4646 sanctum
2863 4593 2932 4646 de
2963 4594 3128 4646 Patre
3160 4593 3417 4663 Filioque
3448 4591 3767 4663 procedere.
3797 4604 3818 4634 η

2965 4709 3093 4762 CAP.
3129 4709 3258 4762 LXI.

2333 4816 2476 4869 Item
2519 4813 2672 4867 idem
2705 4814 2764 4867 in
2808 4815 2951 4868 libro
2985 4816 3188 4884 quinto
3213 4819 3410 4867 contra
3443 4811 3710 4868 eumdem
3739 4801 3905 4861 Fabia-

2261 4919 2404 4957 num
2439 4918 2452 4956 :
2493 4923 2519 4952 ιι
2566 4904 2702 4955 Ecce
2743 4902 3088 4972 inquantum
3129 4903 3312 4971 potui,
3353 4902 3486 4955 licet
3521 4901 3774 4960 breviter,
3810 4889 3905 4944 red-

2263 4991 2380 5045 didi
2411 4990 2718 5055 rationem,
2754 5007 2866 5058 qua
2905 5007 3086 5044 unum
3130 4992 3308 5044 Deum
3349 4990 3608 5044 dicamus
3647 4988 3842 5040 Patrem
3867 4979 3907 5027 et

2265 5078 2470 5132 Filium
2501 5085 2555 5132 et
2587 5079 2862 5148 Spiritum
2908 5087 3187 5142 sanctum,
3233 5085 3288 5131 et
3318 5078 3376 5130 in
3416 5077 3542 5146 ipsa
3579 5074 3810 5142 imagine
3839 5060 3909 5119 Dei

2266 5165 2496 5219 ostendi
2525 5165 2814 5233 quoddam
2843 5165 3049 5218 divina:
3081 5165 3389 5235 agnitionis
3421 5164 3712 5216 indicium.
3751 5158 3802 5210 lu
3827 5163 3911 5221 qui

2265 5251 2499 5324 quidem
2531 5252 2807 5323 imagine,
2843 5253 3144 5318 memoria,
3186 5251 3566 5322 intelligentia
3605 5256 3660 5303 et
3697 5246 3910 5300 voluntas

2264 5416 2472 5483 praeter
2501 5411 2688 5465 hancce
2735 5412 3078 5483 fragmenta,
3106 5428 3235 5482 quae
3266 5411 3618 5467 Theodulfus
3643 5406 3802 5461 etiam
3834 5412 3908 5452 el-

2265 5482 2489 5552 scripsit
2517 5483 2580 5536 iu
2611 5484 2757 5538 libro
2788 5482 2858 5539 de
2883 5483 3100 5554 Spiritu
3123 5489 3338 5538 sancto.
