4044 6174
159 253 248 302 7-13
1412 251 1474 305 LI
1484 253 1619 308 BER
1659 251 2018 308 ADVERSUS
2055 250 2370 306 GRAECOS.

3532 254 3634 306 714

152 400 258 436 non
309 383 517 436 habent
573 383 830 452 singulas
869 383 1246 454 propriasque
1287 401 1579 454 personas.
1634 388 1827 457 Imago
1868 391 1914 442 Α
1949 385 2146 439 turalis
2175 358 2513 455 agnoscunt.
2549 386 2678 438 Haec
2707 389 2791 438 est
2819 400 2926 437 vox
2953 384 3098 449 Filii,
3131 384 3254 438 haec
3307 389 3391 438 est
3418 385 3628 440 locutio

151 471 354 541 quippe
380 476 464 524 est
504 471 605 524 ista
639 487 755 524 non
803 477 954 538 nata,
989 473 1084 526 sed
1125 473 1306 538 facta;
1337 490 1453 528 non
1491 475 1707 545 genita,
1742 475 1836 529 sed

152 565 351 612 creata.
393 559 475 612 Ad
516 559 620 612 hoc
641 559 858 629 utique,
905 566 966 612 ut
1003 561 1149 614 sicut
1183 561 1243 614 in
1283 562 1389 616 ista
1431 579 1544 616 una
1584 563 1836 633 imagine

150 648 436 699 invenitur
491 647 754 716 quasdam
813 647 1080 701 discretio
1163 649 1590 716 vocabulorum,
1648 651 1726 703 sic
1778 651 1837 704 in

147 734 238 787 illa
268 750 378 787 una
407 734 700 787 divinitate
731 741 1108 804 cognoscatur
1137 736 1399 792 discretio
1424 755 1796 807 personarum
1821 756 1833 805 ;
1877 727 1884 734 ί

146 828 198 874 et
229 822 502 876 naturalis
565 823 756 874 unitas
807 824 1066 876 ostendat
1113 841 1294 877 unum
1350 826 1527 878 Deum
1562 842 1683 879 esse
1730 828 1836 879 Pa-

148 916 287 963 trem
319 916 375 964 et
419 911 645 975 Filium,
681 917 737 964 et
784 910 1060 980 Spiritum
1110 918 1409 978 sanctum;
1459 930 1832 982 personarum

149 1014 276 1051 vero
333 1000 653 1068 pr0prietas
725 999 1083 1052 demonstret
1162 1000 1338 1054 alium
1397 1018 1520 1054 esse
1580 1004 1830 1070 Patrem,

144 1087 316 1139 alium
354 1087 582 1150 Filium,
607 1086 783 1140 alium
807 1087 1082 1157 Spiritum
1117 1095 1397 1142 sanctum.
1422 1090 1610 1143 Alium
1639 1096 1831 1144 autem

144 1175 382 1236 Patrem.
417 1190 532 1227 non
573 1189 640 1225 eo
683 1175 830 1243 quod
871 1176 1050 1227 Deum
1085 1181 1186 1236 est,
1228 1177 1324 1228 sed
1365 1193 1431 1229 eo
1472 1177 1626 1246 quod
1667 1179 1834 1231 Pater

146 1267 257 1325 est;
294 1270 349 1314 et
391 1262 568 1315 alium
603 1263 831 1328 Filium,
862 1279 978 1314 non
1019 1279 1085 1315 eo
1125 1264 1276 1332 quod
1313 1265 1460 1317 Deus
1498 1272 1602 1330 est,
1637 1266 1732 1318 sed
1763 1283 1831 1320 eo

143 1350 287 1418 quod
323 1350 497 1402 Filius
551 1355 669 1413 est;
719 1351 894 1403 alium
943 1367 1173 1422 quoque
1218 1352 1494 1421 Spiritum
1547 1349 1828 1418 sanctum,

145 1453 253 1490 non
283 1453 350 1489 eo
393 1438 546 1508 quod
584 1439 731 1490 Deus
771 1443 874 1503 est,
910 1439 1008 1491 sed
1049 1456 1114 1492 eo
1147 1441 1300 1510 quod
1335 1446 1388 1492 et
1421 1440 1600 1493 Patris
1626 1446 1680 1492 et
1707 1441 1831 1494 Filii

143 1525 379 1595 Spiritus
414 1531 519 1580 est.
552 1528 736 1580 Alium
778 1543 914 1596 ergo
946 1529 1192 1593 Patrem,
1226 1527 1362 1597 quia
1391 1529 1620 1598 genuit:
1655 1528 1829 1580 alium

145 1613 365 1680 Filium,
415 1614 552 1683 quia
582 1615 650 1668 de
685 1618 847 1669 Patre
882 1620 1048 1668 natus
1079 1622 1164 1668 est
1192 1636 1206 1681 ;
1239 1621 1292 1668 et
1321 1617 1496 1669 alium
1532 1616 1827 1685 Spiritum,

143 1702 272 1770 quia
301 1703 371 1756 de
402 1704 568 1756 Patre
611 1703 863 1773 Filioque
913 1704 1188 1772 procedit.
1244 1705 1366 1757 Non
1411 1711 1603 1757 tamen
1653 1704 1827 1756 alium

147 1791 318 1843 Deum
389 1792 638 1856 Patrem,
683 1795 739 1844 et
790 1791 965 1844 alium
1021 1792 1198 1843 Deum
1256 1791 1482 1857 Filium,
1543 1796 1598 1843 et
1650 1791 1828 1844 alium

151 1879 318 1932 Deum
349 1879 628 1947 Spiritum
672 1885 966 1944 sanctum;
1002 1879 1097 1932 sed
1152 1895 1330 1931 unum
1367 1881 1543 1932 Deum
1581 1881 1823 1944 Patrem,

140 1972 192 2018 et
224 1967 455 2030 Filium,
497 1973 552 2018 et
589 1966 864 2034 Spiritum
911 1971 1190 2018 sanctum.
1236 1966 1360 2018 Non
1401 1966 1553 2019 enim
1587 1965 1826 2018 confun-

139 2055 215 2106 dit
244 2056 435 2107 unitas
467 2054 826 2113 Trinitatem,
862 2069 965 2106 nec
985 2053 1231 2106 Trinitas
1259 2058 1486 2122 separat
1514 2053 1823 2115 unitatem;

141 2143 264 2212 quia
303 2144 461 2213 quod
497 2143 558 2196 in
619 2159 996 2212 personarum
1057 2142 1404 2212 proprietate
1462 2141 1824 2208 discernitur,

138 2231 236 2283 hoc
262 2246 444 2284 unum
479 2229 818 2282 naturaliter
875 2229 1133 2282 essentia:
1193 2229 1364 2282 unius
1415 2229 1825 2282 communione

144 2324 510 2372 monstratur.
547 2340 572 2365 ››

817 2407 944 2460 CAP.
994 2407 1141 2460 LXII.

206 2523 340 2574 Item
383 2520 540 2573 idem
597 2521 654 2572 in
693 2519 839 2572 libro
905 2536 978 2572 vn
1036 2519 1294 2589 ejusdem
1359 2518 1585 2589 operis:
1621 2541 1640 2566 ι
1705 2521 1822 2574 Non

142 2614 269 2662 enim
325 2611 581 2674 loquetur
637 2625 668 2660 a
724 2613 1048 2676 semetipso;
1105 2609 1200 2660 sed
1257 2623 1588 2672 quacunque
1637 2607 1824 2660 audiet

141 2700 399 2761 loquetur,
437 2702 488 2748 et
543 2712 661 2761 qua
692 2701 922 2748 ventura
943 2701 1070 2748 sunt
1123 2695 1477 2748 annuntiabit
1524 2695 1693 2747 vobis.
1727 2696 1824 2747 Ille

140 2801 211 2837 me
241 2784 584 2854 cla-riﬁcabit,
637 2787 766 2848 quia
806 2783 872 2836 de
921 2799 1034 2835 meo
1090 2786 1316 2850 accipiet
1367 2787 1418 2833 et
1471 2783 1824 2835 annuntiabit

137 2874 274 2926 vobis
308 2875 493 2938 (Joan.
526 2889 636 2934 xvr,
666 2873 775 2940 i3).
818 2873 954 2924 Ecce
989 2872 1241 2941 primum
1273 2871 1524 2924 ostendit
1556 2887 1670 2924 non
1703 2887 1824 2924 esse

139 2962 237 3014 alia
265 2961 516 3031 Spiritus
563 2961 765 3025 sancti,
801 2975 975 3030 quam
1008 2975 1135 3029 qua:
1168 2963 1304 3012 sunt
1335 2959 1480 3011 Filii.
1518 2959 1730 3012 Deinde
1761 2964 1823 3011 ut
1861 2972 1901 3026 ε

140 3051 453 3103 ostenderet
494 3049 688 3102 omnia
727 3065 827 3101 sua
862 3064 982 3100 esse
1016 3063 1144 3117 quas
1175 3047 1358 3100 Patris
1389 3052 1542 3112 sunt,
1577 3047 1817 3116 adjecit:

140 3139 317 3192 Omnia
361 3154 697 3204 quaemmquc
742 3137 903 3190 habet
932 3139 1114 3200 Pater,
1165 3151 1282 3188 mea
1327 3140 1492 3188 sunt:
1530 3141 1822 3203 prapte-rca

141 3227 265 3288 diri,
301 3233 430 3293 quia
479 3227 543 3279 de
587 3243 698 3279 meo
742 3229 969 3293 accipiet
1000 3229 1049 3277 et
1091 3224 1446 3277 annuntiabit
1482 3225 1649 3277 vobis.
1683 3223 1821 3277 Illud

139 3316 303 3384 igitur
341 3315 611 3386 primitus
651 3315 1013 3368 attendamus
1054 3313 1207 3382 quod
1247 3313 1362 3365 ait:
1407 3313 1525 3367 Non
1565 3316 1703 3364 enim
1745 3313 1822 3364 lo-

143 3410 386 3469 quetura
440 3407 744 3472 semetipso,
813 3402 908 3455 sed
933 3416 1266 3466 quaecunque
1312 3400 1499 3452 audiet
1552 3400 1822 3463 loquetur.

141 3491 266 3554 Quis
288 3498 481 3546 autem
515 3490 962 3560 comprehendat
997 3489 1180 3558 qualis
1227 3487 1300 3540 sit
1343 3487 1497 3539 illius
1549 3486 1824 3557 simplicis

142 3584 349 3632 natura:
377 3579 614 3645 locutio,
637 3579 724 3631 vel
755 3577 942 3648 qualis
990 3576 1232 3640 auditio,
1280 3575 1378 3628 ubi
1406 3591 1520 3628 non
1551 3579 1636 3628 est
1668 3574 1822 3628 aliud

142 3667 324 3720 audire
369 3682 547 3737 quam
595 3666 763 3720 esse?
819 3665 993 3719 Audit
1039 3665 1235 3734 itaque
1303 3663 1547 3733 Spiritus
1595 3668 1824 3716 sanctus

143 3770 488 3825 quaecunque
522 3755 688 3808 Pater
735 3758 791 3806 et
833 3753 1003 3806 Filius
1053 3752 1209 3816 dicit,
1245 3755 1298 3804 et
1333 3751 1453 3803 haac
1497 3749 1698 3804 eadem
1747 3749 1825 3801 si-

143 3844 340 3898 militer
367 3843 522 3897 facit.
560 3843 624 3895 In
655 3842 752 3895 illa
795 3841 950 3894 enim
991 3845 1216 3905 natura,
1251 3839 1344 3892 ubi
1392 3844 1478 3891 est
1517 3853 1741 3890 summa
1770 3841 1825 3889 et

143 3947 264 3985 vera
292 3932 656 4001 simplicitas,
691 3929 748 3982 in
783 3946 850 3983 eo
891 3929 1063 3982 Filius
1109 3929 1256 3982 videt
1286 3927 1436 3997 quod
1470 3927 1636 3979 Pater
1668 3925 1820 3986 facit,

141 4020 370 4090 Spiritus
403 4026 634 4074 sanctus
675 4018 834 4072 audit
863 4019 1015 4088 quod
1060 4033 1190 4070 cum
1241 4017 1404 4069 Patre
1450 4015 1625 4067 Filius
1668 4013 1821 4078 dicit,

143 4111 266 4178 quia
297 4107 709 4162 communione
763 4105 1045 4160 naturalis
1097 4103 1378 4170 essentize,
1441 4106 1496 4155 et
1553 4102 1728 4155 Filius
1757 4101 1825 4154 de

145 4197 293 4251 Patre
322 4205 494 4251 natus
539 4196 771 4260 exstitit,
806 4202 862 4248 et
909 4193 1156 4263 Spiritus
1187 4198 1412 4245 sanctus
1443 4192 1510 4244 de
1543 4191 1704 4243 Patre
1739 4189 1822 4243 Fi-

144 4285 322 4355 lioque
376 4285 654 4356 procedit.
707 4285 822 4337 Hoc
852 4283 1031 4352 igitur
1073 4287 1158 4334 est
1205 4279 1443 4350 Spiritui
1493 4284 1685 4332 sancto
1722 4295 1822 4330 au-

147 4373 276 4438 dire,
310 4375 466 4445 quod
501 4379 587 4427 est
640 4373 708 4426 de
741 4378 945 4425 natura
993 4369 1172 4424 Patris
1205 4369 1444 4439 Filiique
1475 4368 1820 4435 procedere:

148 4469 198 4516 et
225 4464 328 4517 hoc
361 4468 448 4516 est
501 4462 678 4532 loqui,
737 4461 890 4531 quod
940 4465 1024 4514 est
1052 4475 1156 4530 per
1189 4458 1429 4528 gratiam
1470 4455 1680 4508 nostris
1712 4470 1828 4507 cor-

151 4551 303 4605 dibus
329 4551 700 4606 inelI‘abiIiter
727 4549 1014 4603 intimare.
1053 4569 1080 4596 ››

804 4675 932 4727 CAP.
979 4672 1154 4725 LXIII.

216 4793 352 4846 Item
385 4792 539 4846 idem
575 4791 634 4844 in
652 4791 854 4844 eodem
880 4789 1025 4842 libro
1053 4803 1066 4841 :
1103 4809 1127 4834 ‹‹
1166 4789 1231 4840 Et
1253 4803 1356 4840 non
1391 4790 1537 4854 rapit
1562 4801 1651 4837 eas
1679 4788 1829 4848 quis-

152 4894 301 4941 quam
357 4880 424 4932 dc
463 4895 630 4932 manu
689 4894 826 4930 mea.
885 4879 1049 4930 Pater
1097 4890 1247 4928 meus
1301 4874 1448 4939 quod
1497 4872 1647 4925 dedit
1675 4871 1827 4937 mihi,

153 4968 318 5034 majus
349 4968 601 5021 omnibus
632 4972 747 5019 est:
805 4971 853 5018 et
898 4980 1049 5018 nemo
1093 4968 1271 5031 potest
1317 4978 1506 5030 capere
1562 4961 1626 5013 de
1665 4975 1831 5012 manu

155 5055 317 5107 Patris
347 5059 473 5108 mei.
512 5057 626 5121 Ego
651 5058 701 5108 et
749 5055 912 5107 Pater
962 5068 1127 5105 unum
1171 5067 1358 5104 smnus
1407 5051 1582 5118 (Joan.
1631 5064 1680 5113 Χ,
1714 5047 1827 5114 28).

157 5140 274 5194 Haec
303 5149 386 5196 est
416 5159 554 5209 ergo
584 5158 688 5195 vox
721 5157 894 5211 quam
927 5156 1058 5193 oves
1090 5137 1212 5207 ejus
1252 5137 1526 5192 audiunt:
1565 5152 1691 5206 quae
1724 5134 1825 5188 sci-

156 5228 274 5282 licet
315 5231 374 5283 in
425 5246 492 5282 eo
531 5229 680 5299 quod
723 5245 892 5282 nemo
935 5228 1082 5298 rapit
1119 5227 1187 5280 de
1229 5241 1402 5279 manu
1446 5224 1590 5288 Filii,
1647 5239 1831 5292 neque

157 5313 216 5367 de
247 5332 418 5370 manu
451 5317 652 5382 Patris,
691 5331 865 5369 unam
904 5314 1169 5366 virtutem
1219 5311 1342 5365 Filii
1369 5316 1424 5362 et
1455 5310 1631 5362 Patris
1666 5309 1832 5361 intel-

160 5405 365 5475 ligunt;
400 5412 459 5459 et
486 5404 772 5458 audientis
803 5403 876 5456 ab
910 5418 977 5455 eo
1013 5400 1151 5470 quia
1186 5399 1307 5468 ipse
1358 5403 1411 5450 et
1456 5399 1622 5450 Pater
1654 5411 1831 5448 unum

163 5500 300 5562 sunt,
330 5494 609 5548 unitatem
643 5508 833 5546 veram
880 5491 938 5543 in
972 5491 1135 5542 Patre
1164 5493 1220 5541 et
1271 5486 1410 5540 Filio
1443 5486 1701 5538 essenlize
1734 5501 1832 5536 na-

502 5584 776 5646 PATROL.
829 5579 1031 5644 CXXI.

1948 476 2194 544 Spiritus
2216 474 2417 538 sancti,
2450 473 2586 543 quia
2607 475 2674 527 de
2703 479 2907 527 natura
2928 473 3108 526 Patris
3129 477 3298 526 natus
3319 478 3405 527 est
3435 473 3634 539 Filius,

1947 571 2004 618 et
2059 564 2262 618 exinde
2316 563 2574 633 procedit
2626 562 2868 631 Spiritus
2931 567 3177 615 sanctus.
3240 563 3354 616 Hoc
3400 562 3637 616 etiama

1946 654 2110 706 Patre
2133 657 2188 705 et
2222 651 2360 704 Filio
2390 649 2631 720 Spiritus
2678 654 2902 702 sanctus
2949 650 3130 715 audit,
3175 649 3308 719 quia
3351 650 3419 704 de
3469 651 3635 704 Patre

1946 746 2002 794 et
2050 741 2192 794 Filio
2242 738 2566 793 communis
2620 737 2932 791 divinitatis
2979 739 3302 808 aequalitate
3354 738 3629 808 procedit.

1945 829 2065 882 Non
2125 843 2261 897 ergo
2318 827 2566 896 Spiritus
2621 832 2844 878 sanctus
2900 827 3454 896 loquituraseipso,
3498 827 3635 897 quia

1946 931 2062 968 non
2092 920 2176 968 est
2206 932 2237 968 a
2264 916 2470 984 seipso,
2504 914 2600 967 sed
2634 914 2703 967 de
2738 915 2902 967 Patre
2937 918 2993 966 et
3025 913 3164 967 Filio
3195 914 3369 968 habet
3401 919 3632 969 natura-

1941 1003 2055 1056 lem
2087 1003 2454 1062 locutionem,
2486 1002 2641 1056 unde
2696 1001 3032 1054 naturaliter
3092 1002 3404 1071 procedens
3463 1004 3635 1058 habet

1942 1091 2182 1161 originis
2213 1091 2530 1144 veritatem.
2565 1089 2650 1142 Ad
2684 1090 2789 1142 hoc
2822 1089 3021 1158 utique
3055 1091 3301 1159 pertinet
3331 1093 3480 1161 quod
3513 1092 3626 1145 ait:

1941 1181 2039 1233 Ille
2064 1196 2146 1233 me
2200 1179 2540 1247 clari/icabit,
2602 1182 2733 1242 quia
2793 1178 2857 1230 de
2907 1194 3021 1231 meo
3078 1183 3304 1246 accipiet
3337 1184 3385 1232 ct
3416 1195 3630 1233 annun-

1942 1268 2100 1321 tiabit
2125 1267 2294 1319 vobis.
2331 1267 2524 1320 Omnia
2557 1282 2674 1330 qua
2728 1266 2888 1318 habet
2934 1269 3099 1319 Pater
3150 1282 3269 1319 mea
3300 1272 3465 1320 sunt:
3494 1283 3632 1335 pro-

1932 1359 2123 1422 pterea
2149 1355 2288 1417 dimi,
2320 1357 2450 1418 quia
2491 1354 2556 1406 de
2608 1369 2719 1406 meo
2754 1357 3000 1422 accipiet.
3035 1353 3214 1416 Quam
3247 1355 3392 1408 bene
3426 1357 3631 1412 verita-

1939 1447 2052 1494 tem
2091 1441 2364 1495 doctrinaa
2392 1457 2504 1492 suae
2537 1441 2746 1492 veritas
2776 1440 2899 1510 ipsa
2939 1442 3185 1494 servavit
3213 1440 3223 1494 ι
3260 1442 3318 1495 Si
3346 1442 3497 1494 enim
3527 1442 3636 1495 hoc

1939 1546 2057 1582 non
2114 1530 2364 1595 dixisset,
2421 1528 2584 1598 quasi
2655 1545 2822 1580 suum
2879 1545 3000 1582 esse
3067 1535 3288 1582 tantum
3356 1530 3633 1598 Spiritum

1943 1617 2323 1681 ostendisset;
2380 1617 2476 1669 sed
2552 1616 2744 1669 dicens
2817 1617 3010 1670 Omnia
3083 1633 3199 1681 quae
3257 1619 3414 1669 habet
3473 1620 3636 1670 Pater

1941 1722 2059 1758 mea
2086 1711 2215 1758 sunt
2246 1722 2257 1757 :
2285 1710 2577 1773 propterea
2607 1704 2744 1764 dixi,
2777 1709 2907 1768 quia
2937 1705 3002 1757 de
3028 1721 3139 1758 meo
3165 1709 3410 1772 accipiet,
3442 1704 3631 1774 ipsum

1939 1793 2214 1862 Spiritum
2251 1797 2507 1844 sanctum
2559 1807 2740 1844 unum
2797 1808 2917 1844 esse
2971 1793 3220 1845 ostendit
3276 1799 3331 1844 et
3365 1792 3544 1845 Patris
3573 1798 3631 1845 et

1938 1896 2124 1932 suum.
2161 1880 2333 1947 Cujus
2366 1879 2751 1948 intelligentia
2791 1879 3024 1932 dicens:
3085 1881 3400 1933 Paraclctus
3449 1885 3626 1932 autem

1937 1971 2178 2036 Spiritus
2220 1972 2462 2033 sanctus,
2515 1983 2668 2031 quem
2723 1971 2899 2019 mittet
2949 1969 3111 2020 Pater
3163 1972 3216 2020 in
3251 1972 3462 2020 nomine
3491 1983 3624 2027 meo,

1935 2057 2027 2107 ille
2057 2071 2148 2108 vos
2201 2055 2408 2108 docebit
2451 2058 2629 2106 omnia
2673 2068 3005 2118 qmecunquc
3048 2053 3236 2105 dixero
3268 2054 3434 2106 vobis.
3464 2055 3630 2106 Pater

1937 2143 2131 2208 mittit,
2168 2144 2265 2196 sed
2297 2143 2354 2196 in
2385 2142 2617 2195 nomine
2670 2141 2798 2194 Filii
2843 2140 3055 2194 mittit:
3087 2141 3330 2211 Spiritus
3369 2141 3571 2194 missus
3597 2157 3628 2191 a

1935 2232 2100 2284 Patre
2129 2230 2312 2294 docet,
2345 2229 2442 2282 sed
2476 2229 2645 2282 Filius
2676 2228 2832 2283 dicit.
2867 2230 2982 2282 Hoc
3013 2230 3184 2281 etiam
3238 2229 3339 2281 illo
3387 2229 3627 2283 demon-

1935 2323 2147 2372 stratur
2174 2319 2319 2383 loco,
2375 2317 2470 2370 ubi
2508 2316 2781 2370 Dominus
2810 2316 2946 2370 dicit
2977 2333 2989 2370 :
3025 2318 3153 2370 Cum
3206 2321 3385 2369 autem
3421 2319 3628 2369 venerit

1934 2408 2242 2460 Paraclitus
2273 2422 2425 2471 quem
2455 2422 2548 2472 ego
2577 2409 2789 2458 mittam
2825 2409 2883 2456 in
2907 2420 2998 2457 vos
3044 2421 3077 2456 a
3129 2406 3310 2465 Patre,
3360 2406 3626 2472 Spiritum

1931 2499 2200 2560 veritatis,
2253 2499 2348 2558 qui
2386 2510 2419 2545 a
2449 2496 2611 2547 Patre
2646 2492 2911 2560 procedit.
2967 2493 3100 2545 Ecce
3133 2492 3224 2544 hic
3272 2492 3621 2560 paracletum

1935 2599 2109 2652 quem
2142 2583 2318 2636 mittit
2351 2581 2586 2635 Paterin
2606 2582 2838 2635 nomine
2870 2580 3015 2646 Filii,
3038 2580 3227 2649 ipsum
3251 2579 3430 2632 mittit
3452 2579 3625 2633 Filius

1934 2689 1966 2724 a
2000 2674 2196 2725 Patre:
2261 2670 2439 2724 mittit
2498 2675 2751 2723 autema
2803 2670 2966 2722 Patre
3021 2667 3300 2737 Spiritum
3353 2668 3625 2722 veritatis.

1933 2761 2099 2814 Mittit
2131 2775 2268 2828 ergo
2301 2776 2332 2812 a
2360 2760 2524 2812 Patre
2556 2757 2834 2828 Spiritum
2865 2773 3055 2819 suum,
3100 2757 3236 2826 quia
3264 2756 3387 2826 ipse
3419 2761 3503 2810 est
3530 2772 3626 2810 ve-

1933 2847 2110 2914 ritas;
2141 2847 2313 2900 mittit
2347 2862 2478 2899 eum
2511 2847 2678 2898 Pater
2733 2846 2792 2898 in
2844 2845 3076 2898 nomine
3129 2844 3272 2908 Filii,
3308 2845 3444 2914 quia
3475 2860 3625 2898 unus

1933 2935 2177 3004 Spiritus
2207 2939 2292 2987 est
2323 2934 2502 2987 Patris
2532 2938 2589 2985 et
2623 2932 2767 2986 Filii.
2807 2932 2971 2985 Mittit
3001 2948 3134 2985 eum
3167 2931 3342 2984 Filius
3373 2948 3402 2984 a
3435 2933 3619 2997 Patre,

1933 3023 2067 3092 quia
2092 3022 2172 3074 sic
2222 3021 2480 3091 procedit
2535 3037 2568 3073 a
2616 3021 2772 3085 Filio,
2835 3019 2980 3072 sicut
3030 3019 3289 3090 procedit
3343 3035 3375 3072 a
3437 3021 3622 3072 Patre.

1934 3110 2090 3163 Idem
2123 3125 2350 3179 quoque
2409 3108 2653 3178 Spiritus
2713 3107 2916 3174 Patris,
2965 3107 3065 3177 qui
3121 3107 3366 3177 Spiritus
3411 3110 3496 3160 est
3538 3123 3626 3161 ve-

1932 3198 2132 3252 ritatis.
2167 3199 2245 3251 De
2306 3197 2442 3251 Filio
2502 3213 2638 3267 ergo
2679 3196 2916 3266 accepit,
2950 3199 3006 3249 et
3041 3196 3233 3248 omnia
3284 3211 3411 3266 quas
3458 3195 3628 3249 habet

1933 3287 2119 3352 Pater,
2184 3285 2310 3339 Filii
2367 3291 2518 3346 sunt,
2571 3300 2701 3354 qua:
2759 3283 3006 3353 Spiritus
3072 3287 3298 3336 sanctus
3360 3283 3621 3353 accepit:

1934 3374 2068 3445 quia
2119 3390 2232 3428 non
2280 3373 2349 3427 de
2400 3373 2519 3425 solo
2575 3373 2762 3437 Patre,
2832 3387 2936 3424 nec
2985 3372 3053 3424 de
3113 3371 3234 3424 solo
3297 3371 3459 3432 Filio.
3529 3371 3627 3424 sed

1934 3463 2105 3516 simul
2133 3462 2202 3516 de
2234 3469 2475 3531 utroque
2526 3459 2799 3530 procedit.
2863 3459 2981 3513 Hoc
3039 3463 3230 3512 autem
3291 3458 3625 3512 vocabulum

1932 3550 2309 3621 processionis
2342 3550 2409 3602 de
2467 3550 2630 3603 Patre
2687 3548 2834 3602 nulli
2887 3553 3162 3602 creaturae
3221 3547 3509 3601 invenitur
3547 3548 3630 3601 in-

1931 3639 2179 3704 dultum,
2215 3642 2275 3691 ut
2332 3637 2651 3706 proprietas
2701 3637 2809 3690 ista
2865 3636 3242 3705 processionis
3297 3636 3471 3689 solius
3507 3651 3627 3690 esse

1933 3727 2359 3780 demonstretur
2416 3725 2677 3777 assentire
2763 3723 3060 3777 naturalis.
3149 3723 3415 3792 Legimus
3473 3723 3628 3776 enim

1936 3815 2140 3868 Filium
2173 3813 2240 3866 de
2274 3813 2436 3864 Patre
2493 3811 2775 3880 genitum,
2837 3815 2893 3864 et
2945 3811 3204 3880 quamvis
3260 3810 3318 3863 in
3375 3825 3441 3863 eo
3473 3811 3627 3879 quod

1935 3901 2266 3970 unigenitus
2295 3898 2524 3962 dicitur,
2583 3899 2643 3951 in
2700 3898 2818 3951 solo
2880 3898 3151 3951 naturalis
3181 3897 3472 3966 generatio
3528 3898 3626 3951 de-

1933 3993 2306 4054 monstretur,
2341 3993 2531 4040 tamen
2575 3993 2806 4057 propter
2861 3987 3106 4056 gratiam
3166 3985 3487 4055 adoptionis
3520 4002 3623 4039 nos

1934 4092 2162 4148 quoque
2210 4077 2357 4128 Deus
2417 4077 2581 4128 Pater
2631 4074 2952 4128 voluntarie
3013 4074 3215 4143 genuit
3271 4074 3440 4127 verbo
3470 4075 3624 4128 veri-

1934 4166 2084 4218 tatis.
2123 4164 2461 4234 Unigenitus
2517 4163 2693 4233 igitur
2753 4179 2900 4216 unus
2961 4168 3013 4216 et
3073 4163 3226 4215 solus
3278 4167 3362 4216 est
3409 4163 3480 4217 de
3532 4164 3627 4216 Pa-

1867 4262 1907 4315 D
1940 4253 2041 4308 tris
2071 4252 2317 4305 essentia
2359 4252 2529 4305 Filius
2578 4259 2779 4316 mtas;
2840 4251 2937 4304 sed
2971 4256 3028 4303 et
3084 4267 3188 4303 nos
3228 4266 3330 4320 per
3360 4251 3624 4320 adoptio-

1937 4357 2066 4394 nem
2098 4347 2153 4394 et
2183 4341 2287 4394 ﬁlii
2317 4341 2417 4394 Dei
2447 4340 2712 4405 dicimur,
2746 4345 2803 4393 et
2831 4340 2898 4392 de
2933 4341 3046 4392 Deo
3078 4339 3218 4402 nati,
3253 4339 3417 4393 beato
3452 4341 3628 4393 Evan-

1936 4428 2135 4499 gelista
2167 4429 2422 4482 dicente:
2466 4428 2739 4493 Quotquot
2793 4433 2968 4480 autem
3020 4432 3336 4495 receperunt
3369 4445 3508 4489 eum,
3535 4429 3625 4482 dc-

1938 4517 2020 4569 dit
2053 4519 2127 4569 eis
2153 4520 2472 4583 potestatem
2519 4517 2658 4585 ﬁlios
2688 4519 2784 4568 Dei
2824 4519 2959 4584 ﬁeri,
3024 4516 3106 4567 his
3166 4519 3261 4580 qui
3319 4517 3547 4570 credunt
3573 4521 3628 4571 in

1939 4609 2150 4657 nomine
2176 4605 2312 4671 ejus,
2343 4609 2436 4668 qui
2469 4620 2574 4656 non
2615 4619 2681 4656 eJ:
2710 4602 3091 4669 sanguinibus,
3135 4619 3306 4666 neque
3340 4619 3407 4656 ea!
3442 4605 3630 4658 volun-

1941 4698 2050 4746 tate
2074 4697 2196 4751 viri,
2225 4693 2320 4745 sed
2340 4709 2406 4745 ea:
2430 4696 2535 4745 Deo
2568 4695 2694 4744 nati
2723 4695 2851 4743 sunt
2880 4693 3059 4758 (.loan.
3096 4707 3131 4752 ι,
3175 4695 3282 4758 1'2).
3320 4691 3460 4746 Cum
3492 4709 3628 4762 ergo

1941 4787 2129 4834 nosset
2163 4780 2259 4833 Dei
2293 4780 2459 4846 filios,
2493 4785 2549 4832 et
2581 4780 2649 4832 de
2681 4779 2792 4831 Deo
2824 4779 3065 4848 genitos,
3126 4784 3182 4832 et
3213 4780 3282 4834 de
3320 4781 3434 4833 Deo
3467 4785 3630 4833 natos

1939 4868 2142 4922 divinis
2190 4869 2520 4922 ostendatur
2569 4867 2832 4936 eloquiis,
2885 4866 3262 4936 processionis
3324 4873 3518 4920 tamen
3561 4867 3629 4920 de

1941 4957 2056 5009 Deo
2087 4954 2420 5008 vocabulum
2452 4969 2620 5007 nemo
2652 4958 2837 5024 potest
2878 4959 3152 5007 creaturae
3205 4954 3471 5023 cuiquam
3534 4953 3632 5007 do-

1941 5060 2067 5097 cere
2123 5058 2474 5095 concessum.
2553 5041 2699 5104 Quid
2752 5042 2848 5108 ita,
2907 5042 3017 5095 nisi
3075 5041 3211 5111 quia
3269 5041 3629 5110 unigenitum

1945 5133 2148 5185 Filium
2179 5135 2368 5200 posset
2400 5130 2673 5183 naturalis
2697 5129 2961 5182 nativitas
2994 5145 3189 5183 verum
3228 5129 3404 5182 Deum
3438 5134 3620 5183 osten-

1943 5219 2098 5281 dere,
2133 5234 2379 5286 eumque
2435 5234 2546 5270 non
2600 5218 2955 5286 adoptivum,
2990 5233 3093 5270 nec
3122 5216 3358 5270 diversa:
3391 5221 3628 5279 natura),

1944 5307 2040 5359 sed
2086 5305 2629 5358 consubstantialem
2691 5305 2839 5359 Patri
2895 5305 3016 5358 sine
3075 5304 3430 5358 dubitatione
3463 5321 3630 5359 mon-

1945 5400 2141 5446 strare.
2181 5395 2489 5446 Procedcre
2522 5400 2711 5447 autem
2746 5395 2813 5446 de
2867 5394 2978 5446 Dco
3014 5393 3140 5446 ideo
3188 5393 3346 5446 nulla
3372 5400 3630 5448 creatura

1950 5481 2180 5545 dicitur,
2217 5485 2269 5532 ul
2307 5481 2401 5534 ille
2455 5484 2553 5550 qui
2609 5481 2865 5550 procedit
2919 5481 2988 5533 dc
3049 5483 3211 5555 Patre
3252 5487 3308 5533 et
3364 5483 3523 5547 Filio,
3558 5483 3636 5536 sic

3210 5579 3244 5634 ‘2
3255 5578 3288 5632 3
