4038 6174
437 283 540 334 ’715

1677 275 1890 329 [ΕΝΕᾹΞ
1933 278 2013 329 PA
2025 276 2355 330 RISIENSIS
2389 274 2694 330 EPISCOPI

3817 283 3894 329 7lti

441 427 559 462 esse
588 408 854 460 credatur
886 408 1052 472 Deus,
1088 407 1231 459 sicut
1263 412 1347 458 est
1404 408 1570 458 Pater
1598 410 1653 457 et
1687 405 1889 470 Filius;
1943 407 2119 459 solius
2159 410 2202 460 Α
2233 407 2515 469 assentire,
2565 407 2940 477 ejusdemque
3000 408 3290 475 potestatis
3350 413 3408 460 et
3438 408 3894 478 sempiternitatis,

440 501 525 549 est
547 495 699 549 enim
730 495 973 564 Spiritus
1034 495 1212 548 sancti
1263 495 1332 547 de
1389 496 1552 548 Patre
1607 499 1663 548 et
1696 494 1836 548 Filio
1868 495 2131 565 proprie-

440 589 524 637 tas
547 585 652 636 ista
704 583 1107 652 processionis,
1163 585 1324 652 cujus
1364 587 1447 635 est
1500 598 1629 636 cum
1669 584 1832 636 Patre
1886 589 1943 636 et
1996 582 2135 636 Filio

442 678 644 726 natura
675 671 1014 724 communis.
1055 673 1128 724 De
1160 673 1323 724 Patre
1371 670 1585 741 quippe
1644 687 1705 723 ac
1758 671 1898 725 Filio
1933 687 2134 741 proce-

439 761 542 826 dit,
577 761 672 813 sed
709 777 822 812 non
870 760 1120 817 recedit;
1172 776 1271 812 nec
1329 765 1414 811 est
1475 759 1534 811 in
1591 759 1784 829 aliquo
1818 761 2009 812 minor
2036 764 2137 812 aut

439 849 719 912 subditus,
753 848 852 917 qui
909 849 977 900 de
1027 849 1187 900 Patre
1245 848 1546 912 immenso,
1611 863 1672 900 ac
1731 848 1796 901 de
1850 848 2134 901 immenso

443 937 581 991 Filio
627 936 1089 1004 inseparabiliter
1129 942 1183 988 et
1228 951 1375 988 unus
1422 935 1684 1004 procedit
1736 941 1791 988 et
1845 941 2015 989 totus.
2045 934 2136 989 Sic

440 1025 615 1096 igitur
647 1025 696 1078 ei
731 1039 843 1077 non
879 1027 1066 1092 potest
1099 1023 1371 1092 imperari
1419 1023 1572 1092 quod
1625 1023 1965 1076 mirabiliter
1995 1039 2132 1093 ope-

441 1119 612 1167 ratur.
651 1132 677 1161 ι)

1115 1183 1242 1236 CAP.
1291 1183 1460 1235 LXIV.

514 1299 655 1350 Item
683 1297 834 1350 idem
868 1298 927 1349 in
967 1295 1113 1348 libro
1156 1311 1248 1348 vm
1305 1296 1561 1364 ejusdem
1617 1296 1838 1365 operis:
1871 1316 1896 1346 ‹ι
1961 1296 2136 1349 Filius

441 1371 728 1453 estigitur
760 1400 792 1435 a
831 1384 996 1436 Patre
1055 1383 1283 1448 missus,
1321 1399 1432 1435 non
1495 1384 1661 1436 Pater
1691 1399 1722 1434 a
1777 1383 1939 1448 Filio,
2002 1385 2137 1454 quia

443 1473 617 1527 Filius
648 1479 793 1525 esta
849 1474 1014 1525 Patre
1073 1475 1263 1536 natus,
1315 1487 1428 1523 non
1495 1473 1716 1524 Patera
1775 1471 1939 1525 Filio.
1973 1471 2138 1525 Simi-

443 1563 572 1614 liter
602 1562 771 1613 ctiam
825 1560 1071 1628 Spiritus
1133 1563 1362 1611 sanctus
1393 1577 1422 1611 a
1455 1561 1614 1612 Patre
1671 1564 1724 1611 et
1758 1560 1896 1612 Filio
1929 1561 2138 1630 legitur

444 1651 668 1713 missus,
698 1649 830 1718 quia
861 1664 892 1699 a
925 1649 1085 1700 Patre
1121 1648 1375 1716 Filioque
1408 1648 1673 1716 procedit.
1707 1648 1812 1701 Sed
1856 1649 1990 1718 quia
2021 1664 2136 1701 non

441 1754 558 1791 uno
594 1738 760 1790 modo
790 1737 848 1788 in
879 1735 1186 1804 Scripturis
1242 1736 1451 1788 sanctis
1504 1735 1714 1788 dicitur
1749 1736 1964 1801 missio,
1995 1753 2135 1806 pro-—

442 1832 637 1894 pterea
671 1826 728 1877 in
759 1828 1112 1876 sacramento
1150 1822 1559 1876 incarnationis
1618 1840 1730 1876 non
1765 1825 1947 1876 solum
1975 1840 2006 1876 a
2038 1826 2138 1877 Pa-

442 1921 546 1977 tre,
579 1929 774 1968 verum
827 1913 999 1965 etiam
1036 1913 1105 1965 ab
1159 1912 1375 1981 Spiritu
1423 1917 1616 1964 sancto
1669 1912 1876 1964 missus
1909 1918 1993 1965 est
2047 1912 2136 1965 Fi-

442 2003 572 2066 lius,
607 2003 741 2073 quia
773 2002 1058 2055 mediator
1091 2001 1190 2054 Dei
1229 2006 1284 2053 ct
1327 2001 1630 2053 hominum
1683 2001 1856 2054 homo
1883 2001 2139 2055 Christus

439 2091 599 2142 Iesus
631 2090 808 2142 totius
840 2095 923 2141 est
951 2089 1242 2142 Trinitatis
1274 2090 1605 2156 operatione
1645 2090 1976 2158 plasmatus.
2012 2089 2138 2142 Alio

444 2183 636 2230 autem
669 2177 841 2229 modo
876 2175 1123 2228 mittitur
1156 2192 1187 2227 ιι
1223 2176 1380 2226 Patre
1417 2182 1472 2228 et
1522 2175 1660 2228 Filio
1715 2175 1961 2245 Spiritus
2009 2193 2136 2228 san-

441 2272 586 2326 ctus,
620 2266 756 2334 quia
805 2263 1142 2316 naturaliter
1171 2282 1199 2314 a
1229 2264 1391 2316 Patre
1428 2264 1685 2334 Filioque
1714 2264 1983 2334 procedit.
2014 2265 2135 2318 Mit-

447 2355 587 2405 titur
635 2353 790 2405 enim
828 2368 859 2403 a
889 2353 1051 2404 Patre
1081 2359 1136 2404 et
1169 2352 1340 2404 Filius
1371 2357 1424 2404 et
1456 2352 1698 2420 Spiritus
1729 2361 1976 2414 sanctus,
2008 2367 2136 2405 cum

449 2441 520 2494 ab
552 2443 674 2510 ipso
701 2440 975 2493 Trinitate
1017 2455 1132 2492 uno
1167 2441 1280 2491 Deo
1326 2441 1524 2506 gratiae
1577 2441 1850 2509 spiritalis
1895 2442 2141 2494 donatur

451 2529 698 2582 effectus.
731 2550 757 2575 ››

1135 2616 1261 2668 CAP.
1309 2617 1454 2669 LXV.

522 2735 657 2787 Item
691 2731 838 2783 idem
871 2731 927 2782 in
986 2730 1130 2782 libro
1192 2747 1240 2782 ix
1289 2729 1547 2798 ejusdem
1602 2731 1791 2800 operis
1831 2747 1842 2782 :
1879 2750 1906 2781 (ι
1963 2733 2141 2785 Deum

451 2821 642 2888 itaque
675 2819 894 2870 Patrem
930 2832 1042 2869 non
1078 2816 1250 2869 totius
1297 2817 1602 2882 Trinitatis,
1652 2816 1746 2870 sed
1784 2817 1904 2870 Filii
1933 2823 1987 2870 et
2017 2817 2139 2883 Spi-

450 2908 590 2961 ritus
621 2907 794 2960 sancti
843 2906 1088 2959 fatemur
1119 2912 1408 2958 auctorem
1435 2922 1447 2971 ;
1481 2907 1549 2960 de
1579 2923 1692 2976 quo
1722 2905 1893 2960 habet
1922 2911 1978 2959 et
2009 2908 2137 2960 uni-

450 2997 678 3065 genitus
714 2996 884 3048 Filius
914 3000 1142 3047 aeternas
1177 2994 1508 3059 nativitatis,
1554 3000 1608 3046 et
1636 2993 1880 3063 Spiritus
1913 3001 2141 3048 sanctus

449 3093 676 3138 aeternae
711 3083 1085 3153 processionis
1109 3083 1416 3151 originem.
1466 3083 1660 3136 Unitas
1689 3089 1880 3137 autem
1914 3090 2140 3137 natura-

452 3175 537 3239 lis,
575 3180 886 3226 creatorem
921 3173 1124 3225 Filium
1179 3172 1246 3224 de
1277 3177 1532 3225 creatore
1567 3174 1730 3225 Patre
1763 3173 2010 3226 naturali
2045 3191 2139 3226 na-

451 3263 668 3316 tivitate
708 3262 959 3314 insinuat
1017 3259 1316 3324 exstitisse,
1375 3263 1432 3313 et
1489 3269 1801 3314 creatorem
1859 3262 2138 3331 Spiritum

449 3357 704 3404 sanctum
742 3350 810 3402 de.
845 3351 1006 3402 Patre
1039 3348 1297 3418 Filioque
1322 3348 1651 3418 procedere.
1692 3372 1708 3394 ι

1133 3462 1256 3513 ΟΜ».
1303 3461 1468 3514 LXVI.

527 3571 665 3621 Item
720 3566 867 3619 idem
901 3567 961 3618 in
1019 3565 1162 3617 libro
1202 3581 1234 3618 x
1287 3565 1542 3633 ejusdem
1576 3567 1802 3636 operis:
1843 3590 1861 3614 ι
1904 3569 2139 3638 Expleta

452 3671 577 3707 verr
615 3653 972 3706 confessione
1000 3669 1147 3706 veras
1199 3653 1540 3720 Divinitatis,
1575 3670 1836 3724 verasque
1873 3654 2140 3708 humani-

452 3743 580 3796 tatis
611 3741 764 3794 unici
794 3741 918 3795 Filii
952 3741 1071 3808 Dei,
1131 3741 1476 3794 contitemur
1517 3757 1621 3794 nos
1661 3743 1892 3796 credere
1926 3744 1982 3796 in
2014 3744 2139 3813 Spi-

455 3833 622 3884 ritum
666 3836 943 3895 sanctum,
989 3830 1086 3900 qui
1119 3835 1202 3883 est
1239 3846 1387 3883 unus
1416 3829 1664 3898 Spiritus
1699 3831 1876 3884 Patris
1907 3838 1963 3885 et
1993 3833 2138 3894 Filii,

452 3921 519 3972 de
565 3920 724 3972 Patre
756 3918 1009 3988 Filioque
1039 3919 1376 3988 procedens,
1409 3918 1465 3971 in
1493 3919 1658 3973 Patre
1685 3919 1938 3990 Filioque
1970 3925 2142 3973 natu-

450 4008 644 4060 raliter
675 4023 933 4063 manens.
977 4007 1045 4060 de
1078 4008 1241 4060 Patre
1271 4022 1336 4059 ac
1386 4006 1526 4060 Filio
1575 4007 1745 4060 unius
1781 4008 2014 4060 Deitatis
2046 4008 2143 4061 ha-

449 4097 588 4148 bens
615 4096 950 4148 naturaliter
983 4094 1296 4147 veritatem.
1338 4114 1363 4144 »

1113 4209 1241 4262 CAP.
1288 4209 1484 4298 LXVII.

521 4325 656 4376 Item
687 4322 856 4386 idem,
902 4327 961 4374 ut
991 4322 1316 4375 ostenderet
1347 4321 1621 4393 Spiritum
1658 4327 1916 4374 sanctum
1951 4338 2136 4392 aequa-

447 4413 559 4464 lem
592 4411 740 4464 Patri
771 4417 826 4463 et
881 4409 1040 4474 Filio,
1075 4410 1338 4463 eumdem
1393 4410 1670 4480 Spiritum
1715 4415 1974 4464 sanctum
2019 4416 2075 4464 et
2104 4427 2136 4464 a

449 4501 612 4552 Patre
641 4507 696 4550 et
728 4515 758 4550 a
811 4497 972 4566 Filio,
1003 4503 1058 4551 et
1111 4500 1310 4552 Filium
1347 4517 1376 4551 a
1405 4500 1565 4553 Patre
1618 4504 1673 4552 et
1701 4498 1911 4569 Spiritu
1943 4505 2136 4552 sancto

450 4589 682 4640 missum
717 4604 836 4641 esse
877 4592 1116 4640 testatur
1148 4588 1207 4640 in
1239 4588 1385 4641 libro
1417 4587 1665 4642 secundo
1713 4604 1883 4658 quem
1912 4587 2137 4657 scripsit

446 4676 514 4728 ad
555 4675 1007 4728 Trasemundum
1046 4691 1237 4746 regem
1273 4677 1425 4746 (Lib.
1478 4693 1513 4730 ιι
1545 4676 1618 4730 ad
1648 4678 1942 4729 Monimum
1973 4692 2019 4729 c.
2046 4679 2093 4743 6)
2120 4693 2132 4730 :

451 4787 471 4810 ι
511 4766 632 4818 .Iam
666 4781 817 4817 nunc
875 4765 1047 4817 etiam
1102 4765 1199 4817 illa
1247 4765 1407 4818 nobis
1445 4773 1527 4820 est
1573 4765 1641 4817 de
1675 4765 1922 4835 Spiritus
1955 4765 2134 4818 sancti

447 4853 718 4906 missione
777 4853 1018 4922 quaestio
1077 4854 1434 4916 revolvenda,
1494 4858 1624 4918 etc.,
1685 4869 1856 4918 usque
1891 4855 1964 4906 ad
1993 4869 2134 4925 quo-

446 4957 617 5010 quam
650 4941 847 4994 localis
889 4940 1182 4992 adventus.
1223 4960 1248 4988 »

1090 5055 1216 5108 CAP.
1264 5056 1486 5109 LXVIII.

518 5161 783 5226 Isidorus,
845 5161 1130 5230 Spalensis
1176 5160 1495 5229 episcopus,
1558 5163 1617 5213 in
1680 5162 1826 5214 libro
1887 5162 2135 5215 secundo

445 5249 774 5305 Ofﬁciorum
809 5256 952 5317 (cap.
1007 5250 1097 5316 23)
1151 5248 1301 5300 inter
1331 5254 1532 5300 caetera
1588 5250 1666 5303 sic
1698 5249 1874 5303 dicit:
1925 5268 1952 5299 ς(
2009 5251 2135 5303 Hec

445 5346 530 5390 est
575 5344 766 5391 autem
817 5343 950 5407 post
1004 5337 1380 5406 apostolicum
1437 5335 1770 5404 Symbolum
1821 5336 2136 5389 certissima

445 5425 604 5492 ﬁdes,
641 5442 810 5495 quam
839 5426 1097 5478 doctores
1142 5425 1314 5478 nostri
1351 5423 1732 5488 tradiderunt,
1769 5429 1831 5477 ut
1859 5424 2135 5494 profitea-

446 5529 573 5568 mur
601 5516 823 5569 Patrem
854 5519 908 5568 et
949 5515 1152 5569 Filium
1203 5520 1257 5566 et
1309 5512 1591 5586 Spiritum
1653 5517 1905 5566 sanctum
1965 5513 2135 5568 unius

2246 511 2424 548 unum
2457 497 2635 548 Deum
2667 495 3043 559 invisibilem;
3077 495 3156 548 ita
3185 500 3246 548 ut
3284 496 3527 566 singulis
3559 514 3896 566 personarum

2244 583 2598 654 proprietate
2630 591 2874 648 servata,
2909 599 3011 635 nec
3053 583 3508 637 substantialiter
3555 586 3794 638 Trinitas
3833 587 3898 639 di-

2243 671 2377 737 vidi,
2411 687 2515 724 nec
2545 672 2926 740 personaliter
2967 671 3171 724 debeat
3207 673 3446 725 omnino
3503 673 3793 726 confundi.
3822 675 3900 726 Pa-

2245 764 2390 812 trem
2419 775 2650 828 quoque
2709 759 2970 812 conﬁteri
3012 759 3358 828 ingenitum,
3405 760 3610 812 Filium
3657 761 3900 829 genitum.

2244 847 2518 916 Spiritum
2550 853 2740 900 autem
2770 852 3026 898 sanctum
3048 863 3150 900 nec
3179 848 3436 916 genitum
3463 864 3567 901 nec
3593 848 3900 918 ingenitum,

2246 935 2341 987 sed
2369 951 2432 988 ex
2457 937 2618 988 Patre
2643 941 2700 988 et
2756 935 2894 987 Filio
2954 935 3394 1004 procedentem;
3449 936 3656 989 Filium
3689 950 3721 988 a
3775 937 3902 989 Patre

2247 1025 2531 1077 nascendo
2562 1024 2894 1092 procedere,
2949 1023 3226 1092 Spiritum
3287 1039 3418 1076 vero
3450 1029 3711 1077 sanctum
3740 1039 3902 1093 proce-

2245 1111 2431 1164 dendo
2453 1127 2568 1165 non
2601 1111 2772 1164 nasci.
2812 1134 2837 1156 η

2919 1226 3046 1279 CAP.
3091 1226 3256 1280 LXIX.

2319 1341 2570 1394 Isidorus
2604 1341 2660 1392 in
2693 1340 2838 1392 libro
2872 1341 3115 1408 septimo
3141 1338 3632 1408 Etymologiarum
3667 1345 3804 1408 (cap.
3837 1342 3902 1390 3?:

2247 1429 2400 1492 Quod
2430 1429 2668 1496 Spiritus
2724 1433 2945 1481 sanctus
2972 1444 3004 1479 α
3037 1429 3197 1481 Pot-rc
3252 1428 3496 1492 Filioque
3539 1427 3815 1495 procedat,
3850 1428 3908 1477 sic

2246 1517 2382 1569 dicit
2415 1534 2426 1568 :
2472 1537 2498 1564 ι(
2531 1516 2773 1586 Spiritus
2806 1520 3030 1568 sanctus
3065 1515 3190 1568 ideo
3236 1515 3582 1584 praedicatur
3615 1516 3776 1576 Deus,
3800 1515 3909 1583 quia

2247 1621 2313 1658 ex
2355 1606 2517 1658 Patre
2553 1605 2809 1673 Filioque
2857 1603 3126 1673 procedit,
3187 1609 3316 1664 etc...
3377 1620 3547 1667 usque
3601 1603 3676 1656 ad
3698 1603 3786 1655 hic
3817 1618 3906 1655 non

2179 1699 2216 1752 Β
2248 1698 2331 1746 est
2357 1692 2403 1760 ej
2417 1709 2498 1745 us.
2538 1715 2562 1738 ››

2936 1780 3059 1831 Car.
3110 1779 3248 1831 LXX.

2321 1897 2456 1947 Item
2497 1895 2648 1948 idem
2691 1895 2748 1948 in
2801 1895 3000 1948 eodem
3052 1909 3222 1963 opere
3282 1899 3404 1961 post
3444 1909 3626 1962 pauca
3669 1895 3804 1961 (cap.
3834 1894 3905 1952 il:

2253 2003 2276 2026 ‹‹
2313 1982 2478 2033 Pater
2508 1981 2684 2051 igitur
2723 1987 2778 2034 et
2826 1982 2999 2035 Filius
3043 1989 3100 2032 et
3128 1980 3370 2050 Spiritus
3427 1985 3657 2033 sanctus
3701 1979 3909 2032 Trinitas

2249 2074 2304 2120 et
2333 2071 2544 2121 unitas.
2583 2070 2738 2123 Idem
2775 2068 2988 2122 etenim
3024 2085 3221 2132 unum,
3282 2068 3433 2120 idem
3468 2075 3522 2120 et
3583 2067 3713 2120 tria.
3748 2069 3805 2119 In
3833 2083 3907 2119 na-

2249 2162 2393 2220 tura,
2432 2173 2631 2220 unum,
2664 2158 2720 2210 in
2753 2157 3012 2226 personis
3063 2157 3188 2208 tria.
3225 2157 3408 2210 Unum
3440 2161 3682 2225 propter
3734 2156 3907 2224 majes-

2249 2245 2382 2298 tatis
2413 2246 2900 2309 communionem,
2949 2246 3056 2298 tria
3115 2250 3348 2314 propter
3402 2259 3776 2314 personarum
3807 2259 3908 2312 pru-

2249 2333 2566 2403 prietatem.
2598 2335 2737 2386 Nam
2769 2335 2914 2385 alius
2948 2336 3127 2396 I’ater,
3161 2333 3304 2385 alius
3339 2333 3532 2396 Filius,
3595 2332 3739 2384 alius
3768 2331 3906 2400 Spiri-

2249 2427 2340 2474 tus
2368 2429 2614 2486 sanctus,
2650 2421 2742 2474 sed
2779 2423 2944 2484 alius,
2978 2437 3094 2474 non
3128 2421 3356 2491 quidem
3391 2421 3544 2473 aliud
3579 2438 3591 2474 :
3628 2420 3760 2490 quia
3789 2419 3906 2489 pari-

2251 2515 2337 2562 ter
2395 2510 2658 2578 simplex,
2716 2509 3045 2578 pariterque
3099 2509 3569 2562 incommutabile
3612 2508 3822 2561 bonum
3871 2513 3910 2559 et

2250 2603 2620 2651 comternum.
2658 2599 2822 2650 Pater
2859 2597 3171 2652 solustnon
3202 2602 3283 2649 est
3316 2597 3384 2649 de
3433 2596 3542 2649 alio
3570 2612 3583 2661 ;
3632 2597 3758 2650 ideo
3787 2597 3910 2649 solus

2251 2685 2460 2738 dicitur
2487 2685 2795 2754 ingenitus.
2835 2685 3006 2737 Filius
3036 2686 3188 2736 solus
3216 2685 3285 2737 de
3313 2685 3478 2737 Patre
3502 2689 3588 2737 est
3604 2690 3787 2744 natus.
3811 2683 3910 2736 ideo

2253 2773 2408 2826 solus
2445 2774 2766 2843 appellatur
2815 2771 3077 2841 genitus:
3125 2772 3366 2841 Spiritus
3409 2778 3637 2824 sanctus
3688 2773 3829 2824 solus
3859 2771 3910 2823 de

2254 2863 2420 2916 Patre
2474 2868 2529 2913 et
2595 2861 2732 2914 Filio
2792 2861 3065 2930 procedit,
3108 2860 3234 2913 ideo
3291 2860 3444 2912 solus.
3486 2861 3607 2929 jam
3641 2860 3908 2913 amborum
4005 2887 4007 2893 ι

2253 2956 2615 3020 nuncupatus
2651 2950 2914 3020 Spiritus.

2922 3092 3049 3144 CAP.
3097 3092 3266 3146 LXXI.

2323 3209 2462 3260 Item
2499 3207 2643 3259 idem
2678 3205 2737 3258 in
2786 3205 2932 3258 libro
2968 3206 3432 3258 Ditferentiarum
3471 3207 3585 3274 (lib.
3620 3222 3678 3271 ιι,
3706 3223 3814 3275 cup.
3843 3208 3866 3255 3
3899 3221 3906 3254 :

2253 3317 2280 3346 (ι
2310 3297 2464 3348 Inter
2511 3309 2815 3363 personam
2874 3293 3053 3346 Patris
3085 3300 3140 3346 et
3203 3293 3326 3346 Filii
3387 3299 3442 3346 et
3489 3294 3735 3364 Spiritus
3761 3292 3906 3346 sancti

2251 3385 2331 3437 ita
2355 3381 2694 3446 secernitur,
2733 3382 2887 3452 quod
2933 3383 3098 3434 Pater
3138 3397 3242 3434 nec
3277 3381 3457 3434 factus
3497 3397 3603 3434 nec
3637 3388 3792 3434 natus
3816 3386 3906 3440 est;

2252 3472 2426 3525 Filius
2455 3475 2621 3523 natus
2663 3485 2778 3523 non
2833 3470 3033 3533 factus,
3088 3469 3333 3539 Spiritus
3387 3485 3521 3522 vero
3573 3476 3789 3523 sanctus
3826 3483 3905 3520 uer

2253 3565 2418 3612 natus
2469 3573 2572 3610 nec
2627 3557 2830 3621 factus,
2879 3557 2977 3610 sed
3020 3573 3089 3610 ex
3140 3557 3304 3610 Patre
3353 3557 3686 3628 procedens.
3727 3578 3750 3605 ι»
3798 3563 3904 3610 εἰς..

2252 3665 2421 3712 usque
2446 3647 2520 3700 ad
2547 3651 2702 3715 ﬁnem
2736 3651 2952 3714 capitis.

2903 3762 3032 3815 CAP.
3078 3761 3271 3814 LXXII.

2325 3880 2468 3933 Item
2518 3877 2668 3930 idem
2703 3876 2759 3930 in
2803 3877 2948 3930 libro
2979 3877 3402 3930 Sententiarum
3438 3877 3555 3946 (lib.
3593 3894 3630 3936 ι,
3659 3894 3772 3945 cap.
3804 3880 3902 3937 l7):

2254 3986 2280 4017 (ι
2310 3966 2556 4036 Spiritus
2601 3970 2826 4018 sanctus
2853 3968 3077 4018 creator
3105 3969 3208 4028 est,
3242 3965 3385 4017 sicut
3419 3965 3586 4018 Pater
3612 3969 3667 4016 et
3694 3963 3902 4016 Verbum

2250 4058 2491 4107 testante
2525 4053 2840 4122 propheta:
2897 4053 3138 4120 Spiritus
3191 4055 3406 4106 Domini
3463 4055 3593 4117 fecit
3648 4069 3741 4111 me,
3790 4057 3832 4102 et
3866 4053 3904 4098 in

2251 4143 2587 4212 spiraculum.
2643 4145 3025 4208 omnipotentis
3077 4142 3370 4208 vivificauit
3421 4153 3504 4192 me
3565 4140 3703 4208 (Job.
3747 4151 3904 4194 xxxiii,

2253 4232 2326 4300 4).
2353 4229 2599 4300 Spiritus
2630 4233 2857 4281 sanctus
2887 4228 3066 4281 Patris
3101 4233 3157 4281 et
3186 4228 3309 4280 Filii
3345 4232 3462 4293 est;
3499 4232 3557 4282 et
3608 4227 3734 4280 inde
3760 4238 3904 4278 unum

2254 4324 2389 4372 sunt
2417 4319 2583 4371 Pater
2632 4323 2690 4370 et
2738 4317 2954 4380 Filius;
2991 4316 3124 4386 quia
3171 4315 3316 4368 nihil
3369 4315 3542 4369 habet
3598 4317 3758 4370 Pater
3783 4314 3904 4384 quod

2243 4423 2358 4461 non
2393 4405 2600 4459 habeat
2632 4405 2826 4458 Filius.
2869 4405 2992 4458 Non
3009 4405 3160 4456 enim
3189 4420 3279 4456 res
3311 4420 3426 4457 una
3450 4409 3506 4456 et
3537 4403 3778 4457 duorum
3805 4417 3904 4454 eon-

2245 4493 2633 4548 substantialis
2667 4491 2879 4562 poterit
2929 4493 3096 4545 simul
3157 4491 3226 4545 ab
3259 4491 3340 4545 eis
3371 4492 3701 4561 procedere,
3757 4497 3803 4544 et
3846 4489 3904 4540 si-

2245 4583 2380 4638 mul.
2396 4582 2599 4646 inesse,
2635 4580 2743 4633 nisi
2781 4596 2959 4633 unum
2992 4579 3202 4633 fuerint
3234 4580 3496 4650 aquibus
3528 4580 3794 4650 procedit.
3828 4597 3848 4627 υ

2901 4694 3031 4750 CAP.
3077 4694 3298 4748 LXXIII.

2318 4813 2558 4879 Prosper
2588 4810 2646 4862 in
2688 4809 2832 4862 libro
2873 4809 2941 4862 de
2981 4810 3102 4862 Vita
3140 4808 3586 4876 contemplativa
3619 4812 3747 4872 (sive
3770 4809 3906 4861 Julia-

2246 4915 2348 4952 nus
2395 4902 2672 4952 Pomcrius
2711 4898 2801 4950 lib.
2862 4915 2898 4963 ι,
2935 4913 3055 4966 cap.
3093 4899 3156 4950 i8
3219 4902 3268 4949 ct
3311 4899 3432 4960 19):
3497 4896 3655 4961 Quod
3702 4899 3902 4966 Spiritus

2245 4992 2466 5040 sanctus
2519 5002 2552 5039 a
2611 4987 2791 5045 Patre,
2853 4990 2904 5037 et
2948 4985 3086 5038 Filio
3123 4985 3407 5052 procedat,
3452 4983 3530 5037 sic
3579 4983 3768 5037 docet:
3802 5007 3822 5027 ‹‹
3850 4981 3906 5033 At

2245 5091 2374 5128 cum
2406 5091 2521 5127 non
2558 5074 2747 5127 solum
2785 5073 3099 5126 secundum
3160 5071 3498 5141 Apostolum
3546 5087 3652 5126 nos
3681 5071 3903 5141 oporteat

2245 5163 2489 5216 formam
2524 5161 2779 5231 prmbere
2827 5157 3110 5223 ﬁdelibus,
3158 5160 3252 5212 sed
3287 5160 3460 5213 etiam
3495 5176 3594 5213 eos
3627 5160 3771 5229 ipsos
3798 5153 3904 5208 tide-

2244 5253 2324 5304 Ies
2355 5251 2454 5321 qui
2482 5251 2650 5304 nobis
2692 5250 2963 5303 divinitus
2989 5249 3328 5303 instituendi
3360 5250 3656 5303 commissi
3686 5252 3807 5301 sunt
3834 5245 3901 5296 in-

2201 5344 2468 5392 ,struere
2525 5339 2852 5400 debeamus,
2910 5339 2979 5392 de
3033 5339 3196 5392 Patre
3255 5345 3547 5407 quomodo
3603 5339 3750 5390 solus
3791 5330 3902 5386 acci-

2247 5426 2436 5497 piatur
2465 5426 2782 5496 ingenitus;
2819 5426 2886 5479 de
2923 5427 3061 5480 Filio
3089 5425 3378 5496 quomodo
3412 5425 3566 5478 solus
3589 5425 3799 5480 dicatur
3824 5434 3901 5489 ge-

2246 5513 2425 5576 nitus;
2461 5519 2516 5567 et
2547 5515 2616 5567 de
2664 5515 2876 5584 Spiritu
2924 5519 3118 5568 sancto
3149 5514 3441 5583 quomodo
3473 5529 3538 5567 ex
3577 5516 3735 5567 Patre
3757 5515 3805 5563 et
3835 5507 3899 5560 Fi-

2181 4289 2222 4342 D
