4044 6174
169 281 245 329 ἷ1ἷ

1422 278 1629 332 LIBER
1667 275 2028 332 ADVERSUS
2067 275 2371 332 ϐΒιΕΟΟὸ.

3529 288 3633 337 ’718

166 415 224 464 lio
247 411 577 478 procedens,
602 427 704 464 nec
738 411 1025 481 ingenitus
1056 413 1234 481 possit
1262 412 1370 466 dici
1427 429 1529 466 nec
1561 414 1809 482 genitus.
1854 418 1894 466 Α
1923 412 2123 479 sibilis,
2160 429 2364 482 corpus
2398 419 2602 467 nostra),
2660 416 2984 486 fragilitatis
3016 419 3331 489 assumpsit
3365 436 3376 472 :
3413 436 3528 473 non
3560 427 3630 473 ut

165 503 392 566 Qualiter
418 502 525 555 ista
559 503 666 555 tria
701 519 876 556 unum
910 503 1044 559 sint.
1077 509 1132 557 et
1167 505 1270 557 lioc
1327 521 1504 558 unum
1539 521 1650 558 non
1683 504 1822 558 divi—

163 591 322 653 datur,
361 591 459 644 sed
493 591 880 660 distinguatur
910 591 968 645 in
999 593 1127 658 tria,
1168 613 1193 643 ι)
1227 599 1352 658 etc,,
1390 594 1652 660 usquead
1682 595 1826 646 bene

164 683 285 747 agat

796 769 922 821 CAP.
956 769 1170 822 LXXIV.

218 881 468 949 Vigilius,
529 881 825 935 Africanus
882 883 1183 952 episcopus
1246 885 1365 952 {Latq
1429 884 1665 954 \‘igilius
1715 885 1829 938 sive

161 970 338 1038 Virgil.
394 969 646 1023 Trident.
705 971 905 1040 episc.,
966 971 1005 1024 l.
1053 971 1113 1039 1],
1174 972 1449 1040 Spiritum
1483 978 1740 1026 sanctum
1799 990 1832 1026 a

163 1059 302 1110 Patre
336 1057 592 1128 Filioque
623 1059 929 1127 procedere
983 1060 1072 1112 his
1121 1061 1306 1113 verbis
1367 1061 1724 1114 demonstrat
1774 1063 1830 1114 in

160 1145 296 1197 libris
355 1162 497 1215 quos
539 1147 762 1215 scripsit
794 1147 1290 1218 Constantinopoli
1325 1149 1382 1201 in
1435 1150 1831 1204 defensionem

159 1233 279 1286 torni
315 1233 514 1285 Leonis
544 1249 707 1302 papae
735 1241 934 1287 contra
966 1236 1420 1305 Eutycliianistas
1453 1253 1465 1289 :
1504 1256 1530 1286 ι(
1563 1237 1834 1291 Similiter

159 1320 304 1373 nobis
347 1325 400 1374 et
433 1321 498 1374 de
528 1321 806 1374 Trinitate
846 1323 1225 1391 quaestionem
1269 1325 1519 1394 aliquam
1581 1331 1830 1390 movent,

160 1414 209 1461 ut
234 1410 364 1478 quia
398 1414 530 1462 sunt
563 1410 825 1480 quaedam
875 1411 1107 1480 propria
1163 1413 1373 1478 Patris,-
1425 1430 1552 1481 qua:
1603 1431 1708 1467 nec
1764 1415 1834 1467 ad

162 1497 368 1562 Filium,
405 1513 507 1550 nec
569 1499 636 1550 ad
695 1497 975 1566 Spiritum
1047 1505 1305 1553 sanctum
1364 1503 1718 1570 pertineant;
1781 1508 1836 1555 et

155 1590 272 1637 sunt
298 1585 566 1653 quasdam
609 1585 840 1654 propria
880 1587 1022 1649 Filii,
1059 1603 1186 1656 quae
1237 1604 1337 1640 nec
1365 1589 1432 1641 ad
1461 1590 1681 1642 Patrem
1733 1607 1834 1643 nec

155 1675 214 1725 ad
241 1673 516 1742 Spiritum
549 1679 806 1726 sanctum
830 1675 1175 1744 pertineant,
1220 1682 1274 1729 et
1308 1683 1442 1730 sunt
1498 1679 1672 1732 etiam
1704 1679 1836 1748 Spi-

153 1760 280 1812 ritus
310 1761 495 1813 sancti
537 1763 818 1814 nonnulla
859 1762 1114 1831 propria,
1166 1780 1292 1832 qua:
1325 1779 1428 1819 nec
1463 1765 1534 1817 ad
1591 1767 1835 1824 Patrem.

154 1861 244 1899 nec
281 1848 353 1899 ad
409 1847 616 1900 Filium
647 1847 935 1916 pertinere
971 1854 1384 1915 monstrantur,
1432 1856 1546 1904 tres
1584 1869 1614 1904 a
1646 1869 1705 1905 se
1745 1853 1838 1905 in-

152 1935 316 1987 vicem
401 1941 694 2004 separatos
765 1935 1147 1989 criminentur
1224 1939 1530 1992 catholicos
1609 1941 1839 1994 credere

154 2023 292 2076 deos.
331 2023 444 2076 Sed
477 2039 548 2075 ne
597 2023 835 2076 forsitan
862 2023 1161 2093 inopinata
1192 2026 1507 2094 quaestione
1565 2028 1833 2094 turberis,

152 2111 375 2164 adverte
407 2127 510 2180 per
539 2112 766 2180 singula
788 2113 1038 2180 suscepti
1056 2113 1308 2166 hominis
1332 2115 1839 2184 dispensationem,

154 2216 246 2253 nec
275 2201 344 2254 ad
376 2202 600 2254 Patrem
638 2217 739 2253 nec
780 2200 851 2253 ad
885 2200 1183 2270 Spiritum,
1216 2202 1314 2255 sed
1344 2203 1413 2256 ad
1443 2205 1628 2257 solum
1659 2205 1837 2274 perti-

154 2304 276 2342 nere
337 2289 564 2343 Filium.
627 2289 862 2358 Proprie
921 2289 1072 2342 enim
1130 2290 1301 2343 Filius
1360 2307 1473 2344 non
1528 2294 1714 2350 Pater.
1771 2293 1841 2346 de

156 2377 377 2443 Virgine
408 2379 574 2429 natus
603 2382 706 2429 est.
752 2378 967 2430 Rursus
995 2378 1093 2431 illa
1127 2395 1255 2449 quae
1286 2396 1460 2450 super
1487 2397 1616 2433 eum
1649 2381 1841 2434 audita

153 2470 230 2518 est
251 2482 379 2529 vox,
411 2468 511 2518 Hic
549 2471 627 2518 est
658 2465 840 2519 Filius
874 2481 1018 2519 meus
1073 2467 1320 2532 dilectus,
1368 2484 1471 2520 nec
1510 2469 1579 2522 ad
1630 2470 1840 2522 Filium

153 2569 247 2607 nec
305 2553 379 2606 ad
439 2553 716 2622 Spiritum
768 2559 1050 2620 sanctum,
1080 2554 1179 2608 sed
1225 2556 1295 2608 ad
1330 2557 1554 2610 Patrem
1585 2558 1840 2627 pertinet

153 2644 351 2695 solum.
391 2643 530 2695 Item
564 2642 839 2695 columbae
869 2643 1086 2712 species
1118 2659 1245 2712 qua:
1277 2644 1333 2696 in
1381 2645 1629 2698 Jordane
1661 2661 1839 2715 appa-

150 2732 276 2796 ruit,
305 2737 364 2785 et
395 2731 697 2799 ignearum
731 2731 1060 2800 linguarum
1101 2733 1479 2802 multipcrtita
1509 2733 1840 2788 distributio

154 2821 380 2890 proprie
411 2820 478 2872 ad
512 2819 689 2872 sancti
719 2819 958 2888 Spiritus
1002 2835 1305 2888 personam
1355 2821 1640 2890 pertinere.
1675 2838 1839 2876 mon—

154 2913 385 2960 stratur.
416 2907 524 2961 Sed
559 2924 627 2960 ne
650 2908 834 2960 adhuc
872 2908 941 2960 de
978 2908 1064 2960 his
1105 2909 1553 2977 proprietatibus
1592 2911 1840 2979 dubites,

153 2996 273 3048 audi
321 2996 708 3049 manifestius.
758 2997 1062 3065 Proprium
1117 2996 1297 3049 Patris
1347 3003 1430 3050 est
1472 2999 1756 3067 genuisse,
1791 3004 1845 3052 et

148 3085 446 3154 proprium
482 3084 606 3138 Filii
639 3090 720 3138 est
746 3091 943 3138 natum
999 3085 1202 3150 fuisse;
1239 3086 1541 3154 proprium
1581 3103 1714 3140 vero
1757 3091 1841 3141 est

149 3172 379 3242 Spiritui
433 3177 626 3226 sancto
687 3173 754 3226 de
799 3175 962 3226 Patre
1013 3173 1266 3244 Filioque
1320 3175 1648 3244 procedere.
1733 3177 1846 3229 Nec

151 3263 384 3317 omnino
434 3261 821 3330 reciprocatur
878 3261 937 3314 in
994 3262 1162 3315 aliam
1194 3279 1526 3332 personam,
1578 3263 1731 3333 quod
1764 3268 1846 3316 est

151 3351 460 3420 unicuique
492 3366 752 3419 personae
784 3349 1107 3419 specialiter
1129 3350 1446 3420 proprium.
1481 3350 1537 3404 Si
1579 3367 1715 3420 ergo
1755 3352 1845 3405 ha:

150 3443 258 3490 tres
305 3454 566 3508 personas
615 3439 890 3491 habentes
954 3438 1193 3508 singulae
1254 3439 1630 3509 proprietates
1694 3456 1843 3505 suas,

148 3526 354 3595 quibus
413 3526 831 3595 significantius
881 3526 1324 3596 distinguantur,
1364 3542 1476 3579 non
1507 3526 1717 3596 quibus
1754 3543 1845 3580 se-

148 3620 446 3682 parentur,
505 3630 657 3667 unus
715 3619 799 3667 est
860 3616 1025 3680 Deus,
1081 3616 1372 3685 quomodo
1464 3615 1640 3668 Filius
1696 3617 1849 3669 salva

146 3703 450 3774 utriusque
501 3707 728 3756 natura
779 3702 1130 3772 proprietate
1191 3720 1306 3757 non
1367 3708 1452 3756 est
1496 3719 1644 3755 unus
1687 3704 1845 3757 Chri-

148 3792 305 3844 stus?
339 3811 370 3841 ι)

829 3882 956 3935 CAP.
985 3882 1174 3935 LXXV.

216 3998 476 4060 Proclus,
496 3994 1186 4065 Constantinopolitanus.
1204 3994 1523 4064 episc0pus,
1541 3995 1598 4046 in
1612 3994 1852 4063 epistola

145 4083 214 4136 ad
247 4083 561 4138 Armenios
611 4084 882 4136 adversus
922 4082 1217 4135 haereticos
1264 4083 1543 4136 destinata
1574 4083 1850 4151 Spiritum

147 4179 416 4225 sanctum
466 4173 538 4224 ab
582 4172 827 4225 essentia
875 4171 1098 4224 deitatis
1145 4171 1605 4240 inseparabiliter
1651 4187 1849 4240 proce-

149 4259 283 4313 dere
319 4261 413 4314 bis
453 4261 641 4320 verbis
673 4261 873 4314 edocet
903 4275 914 4313 :
979 4279 1004 4310 α
1043 4259 1349 4328 Fugiamus
1381 4259 1574 4329 itaque
1617 4259 1853 4312 consilia

150 4348 532 4414 seductionis,
593 4350 806 4402 fluenta
863 4348 1262 4400 haereticorum
1319 4347 1445 4400 dico
1514 4347 1851 4416 perniciosa,

153 4438 396 4507 Deoque
429 4436 665 4489 inimica
695 4436 977 4506 contagia,
1013 4436 1131 4488 Arii
1193 4435 1505 4499 vesaniam,
1535 4435 1637 4504 qui
1669 4435 1854 4487 Trini-

149 4530 325 4579 tatem
382 4525 826 4595 inseparabilem
880 4524 1219 4578 substantiis
1273 4524 1520 4576 dividit:
1586 4522 1856 4576 Eunomii

148 4615 474 4672 audaciam,
537 4613 635 4684 qui
693 4618 954 4666 naturam
1016 4611 1654 4680 incomprehensibilem
1712 4611 1860 4662 infra

148 4703 461 4756 scientiam
496 4701 867 4754 humanitatis
901 4701 1144 4753 includit
1177 4717 1188 4752 :
1248 4699 1542 4752 Maniclizei
1576 4704 1630 4751 et
1689 4700 1862 4751 Mace-

149 4790 313 4844 donii
363 4791 614 4856 rabiem,
671 4787 770 4858 qui
817 4795 1138 4858 sequestrat
1199 4789 1270 4842 ab
1329 4788 1574 4840 essentia
1630 4787 1862 4841 Deitatis

149 4878 440 4947 Spiritum
475 4883 755 4939 sanctum,
820 4881 878 4928 ut
929 4876 1324 4945 separabiliter
1375 4875 1854 4944 procedentem.»

826 4991 954 5044 Car.
990 4991 1206 5043 LXXVI.

219 5089 517 5161 Agnellus
575 5089 635 5141 in
685 5089 929 5159 epistola
980 5089 1052 5142 ad
1101 5088 1369 5153 Menium,
1421 5087 1564 5155 quod
1625 5088 1863 5156 Spiritus

151 5186 383 5233 sanctus
418 5194 452 5230 a
485 5179 656 5230 Patre
712 5177 972 5245 procedat
1024 5181 1073 5230 et
1111 5179 1248 5230 Filio
1301 5176 1379 5228 sic
1425 5175 1590 5227 docet
1625 5192 1635 5226 :
1681 5197 1699 5221 ‹‹
1739 5174 1866 5228 Ideo

153 5285 215 5319 ex
251 5269 440 5321 Patre
485 5266 688 5330 Filius,
740 5281 804 5319 ex
838 5267 1002 5319 Patre
1032 5269 1086 5318 et
1123 5265 1262 5318 Filio
1322 5263 1580 5334 procedit
1626 5262 1870 5333 Spiritus

156 5360 426 5408 sanctus.
461 5355 590 5418 Nec,
635 5360 697 5407 ut
728 5353 963 5424 quidam
995 5352 1212 5416 dicunt,
1245 5353 1388 5406 duos
1415 5351 1586 5404 habet
1617 5352 1766 5404 Deus
1790 5351 1872 5403 Fi-

157 5444 266 5496 lios
301 5442 606 5499 Christum
638 5447 693 5494 et
721 5442 999 5511 Spiritum
1024 5446 1301 5507 sanctum,
1337 5441 1430 5493 sed
1466 5440 1633 5492 liabet
1667 5439 1870 5491 Filium

159 5531 551 5585 invisibilem.
589 5531 734 5583 sicut
765 5532 884 5600 ipse
915 5529 1216 5583 invisibilis
1247 5535 1359 5586 est;
1393 5529 1490 5598 qui
1525 5533 1582 5579 ut
1613 5533 1760 5578 esset
1792 5526 1873 5578 vi-

1877 1690 1916 1741 Β

1886 3007 1924 3060 C

1897 4298 1938 4350 D

1941 501 2240 554 invisibilis
2265 518 2384 555 esse
2417 510 2680 566 cessaret,
2717 506 2813 558 sed
2843 511 2904 558 ut
2934 506 2993 558 in
3026 507 3150 576 ipso
3175 507 3402 562 Christo
3437 508 3634 562 invisi-

1939 588 2066 641 bilis
2096 588 2401 643 incredulis
2432 598 2815 660 permaneret.
2864 594 3023 653 Nam.
3057 611 3189 648 cum
3249 596 3388 649 dicit
3421 612 3432 649 :
3476 599 3634 651 Beati

1941 678 2080 731 oculi
2113 680 2210 745 qui
2237 693 2376 732 nunc
2397 678 2581 744 vident
2614 695 2731 746 qua:
2760 695 2850 733 vos
2871 681 3066 736 videtis
3085 684 3237 752 (Luc.
3263 701 3316 749 Σ,
3343 688 3462 751 23):
3497 701 3634 755 ergo

1939 765 2094 819 beati
2126 770 2287 818 erant
2315 766 2495 819 Judaei
2541 782 2758 833 omnes,
2806 773 2860 820 et
2907 769 2966 821 lii
3025 770 3123 839 qui
3167 787 3298 824 eum
3347 772 3636 826 cruciﬁxu-

1940 859 2101 919 runt;
2127 855 2197 907 de
2219 854 2428 923 quibus
2450 870 2551 924 per
2568 855 2734 907 David
2766 856 2902 908 dicit
2932 872 2944 908 :
2975 859 3096 925 Ipsi
3114 875 3236 912 vero
3263 861 3634 915 considerare-

1941 948 2070 995 runt
2089 947 2138 995 et
2168 949 2557 1010 conspemerunt
2574 944 2844 1010 me(Psal.
2870 961 2981 1010 χχι,
3017 948 3122 1014 18).
3153 947 3317 1001 Vides
3342 965 3477 1018 ergo
3499 950 3636 1020 quia

1942 1029 2242 1083 invisibilis
2275 1031 2437 1083 Pater
2467 1037 2810 1099 perseverat,
2835 1039 2892 1085 et
2920 1039 3112 1086 mente
3141 1035 3392 1089 cernitur
3416 1052 3562 1104 pura
3583 1042 3638 1090 et

1943 1119 2190 1172 credula.
2227 1120 2372 1188 Ergo
2426 1119 2728 1172 invisibilis
2765 1121 2947 1186 Pater,
2982 1121 3285 1176 invisibilis
3319 1123 3508 1190 Filius,
3545 1125 3634 1177 in-

1943 1207 2180 1260 visibilis
2213 1207 2458 1276 Spiritus
2512 1214 2760 1261 sanctus.
2801 1210 2864 1261 Et
2898 1214 2958 1262 ut
3000 1210 3070 1263 ad
3127 1210 3232 1265 hoc
3261 1216 3317 1264 te
3351 1227 3632 1280 revocem,

1942 1297 2094 1350 unde
2137 1295 2348 1348 factum
2377 1302 2462 1348 cst
2486 1301 2549 1348 ut
2577 1296 2687 1350 hoc
2717 1297 2784 1349 de
2826 1298 3016 1368 fragili
3044 1299 3280 1352 homine
3311 1300 3637 1366 doceamus,

1945 1385 2054 1437 tria
2084 1385 2205 1437 haec
2248 1383 2582 1446 invisibilia,
2639 1390 2694 1437 et
2722 1385 2985 1450 indivisa,
3022 1391 3079 1440 et
3107 1387 3168 1440 in
3199 1404 3380 1442 unum
3413 1391 3641 1459 conglo-

1946 1478 2180 1536 merata,
2234 1478 2289 1525 et
2333 1472 2558 1525 virtutis
2616 1473 2868 1526 efficacia
2899 1475 3302 1542 redundantia,
3335 1475 3387 1527 id
3422 1482 3505 1528 est
3548 1493 3641 1531 vo-

1946 1578 2067 1615 cem
2097 1561 2435 1630 genitricem
2468 1562 2641 1625 verbi,
2680 1579 2742 1614 ex
2775 1563 2948 1616 verbo
2985 1579 3114 1616 vero
3148 1565 3316 1616 simul
3349 1581 3479 1618 cum
3509 1582 3642 1618 voce

1947 1650 2290 1718 procedente
2319 1650 2651 1713 efficaciam,
2691 1667 2818 1720 quae
2875 1651 3044 1704 faciat
3076 1653 3314 1704 alterum
3345 1651 3641 1704 consulem

1951 1738 2091 1804 fieri,
2146 1739 2389 1791 alterum
2423 1740 2734 1791 trucidari:
2771 1739 2860 1791 dic
2912 1739 3074 1805 mihi,
3113 1739 3337 1806 Ariane,
3393 1739 3500 1792 ista
3531 1739 3639 1792 tria

1949 1841 2128 1878 unum
2162 1830 2290 1878 sunt
2324 1842 2398 1878 an
2422 1825 2576 1878 non?
2609 1826 2666 1880 Si
2687 1842 2867 1879 unum
2892 1842 3008 1879 non
3041 1833 3192 1887 sunt,
3228 1828 3417 1881 divide
3445 1844 3640 1882 vocem

1951 1931 1981 1967 a
2006 1913 2193 1978 verbo,
2227 1917 2281 1964 et
2313 1913 2619 1967 efficaciam
2655 1931 2686 1965 a
2736 1929 2869 1966 voce
2901 1920 2958 1967 et
2996 1915 3185 1968 verbo.
3251 1915 3411 1979 Quod
3445 1917 3491 1968 si
3533 1917 3642 1970 hoc

1951 2002 2008 2054 in
2071 2001 2261 2072 fragili
2317 2003 2550 2055 homine
2590 2003 2669 2055 ita
2698 2019 2878 2055 unum
2912 2006 3045 2056 sunt
3077 2003 3204 2071 tria,
3238 2020 3365 2069 vox,
3427 2010 3483 2058 et.
3514 2021 3639 2057 ver-

1959 2091 2116 2158 bum,
2153 2096 2207 2142 et
2237 2091 2506 2157 efficacia,
2545 2095 2603 2143 ut
2635 2097 2748 2144 tres
2794 2092 3028 2161 quidem
3083 2107 3343 2162 personae
3374 2093 3505 2158 sint,
3541 2092 3640 2146 sed

1951 2195 2064 2232 una
2095 2179 2441 2233 subsistendi
2482 2179 2788 2248 potentia:
2845 2180 2905 2232 in
2959 2180 3191 2233 homine
3249 2181 3642 2250 fragilissimo,

1953 2272 2012 2320 ut
2045 2267 2314 2334 diximus,
2347 2268 2466 2321 haec
2497 2267 2570 2320 sit
2597 2273 2757 2322 tanta
2786 2268 3066 2337 potentia,
3111 2273 3324 2338 quanto
3367 2269 3550 2338 magis
3581 2269 3639 2321 in

1950 2356 2366 2426 omnipotentia
2428 2356 2525 2410 Dei
2557 2357 2637 2410 ita
2680 2361 2784 2420 est,
2836 2360 2897 2408 ut
2949 2356 3020 2409 sit
3081 2358 3248 2410 Pater
3278 2357 3644 2426 omnipotens

1951 2443 2177 2514 genitor
2211 2444 2359 2508 Filii,
2391 2449 2447 2498 et
2487 2461 2552 2497 ex
2588 2447 2750 2498 Patre
2797 2449 2853 2497 et
2883 2445 3022 2498 Filio
3079 2446 3408 2514 procedens
3440 2446 3643 2512 virtus,

1952 2532 2048 2602 qui
2083 2537 2167 2586 est
2198 2533 2441 2602 Spiritus
2473 2537 2720 2586 sanctus.
2760 2554 2780 2581 ι

2593 2638 2718 2692 CAP.
2762 2638 3003 2691 LXXVII.

2025 2734 2412 2797 Cassiodorus,
2441 2731 2499 2786 in
2532 2733 2887 2803 expositione
2919 2732 3129 2786 Psalmi
3161 2749 3208 2799 1.,
3234 2733 3379 2802 quod
3399 2734 3640 2802 Spiritus

1953 2826 2168 2875 sanctus
2200 2837 2234 2873 a
2262 2823 2420 2874 Patre
2471 2822 2714 2888 Filioque
2756 2820 3012 2889 procedat
3051 2820 3128 2872 sic
3168 2821 3305 2874 dicit
3340 2838 3350 2874 :
3385 2841 3410 2870 α
3455 2822 3646 2874 Redde

1953 2909 2090 2961 mihi
2125 2909 2371 2962 laetitiam
2407 2909 2670 2961 salutaris
2703 2911 2799 2970 tui,
2850 2913 2898 2960 et
2939 2908 3160 2975 Spiritu
3186 2910 3488 2976 principali
3517 2924 3641 2962 con-

1951 2998 2114 3067 ﬁrma
2142 3012 2222 3049 me
2254 2998 2418 3065 (Psal.
2478 3013 2526 3061 L,
2562 2997 2667 3063 14).
2704 2997 2815 3049 Nec
2851 2996 3138 3048 incassum
3190 3002 3460 3065 putemus
3491 2998 3647 3067 quod

1954 3085 2041 3137 vir
2066 3090 2294 3137 sanctus
2334 3088 2391 3136 et
2451 3083 2637 3136 cordis
2695 3083 3121 3136 illuminatione
3180 3084 3431 3138 radiatus
3476 3085 3646 3138 tertio

1954 3173 2232 3242 Spiritum
2267 3171 2610 3235 nominavit.
2662 3171 2774 3224 nisi
2831 3170 2966 3241 quia
3017 3171 3329 3226 individuus
3385 3173 3646 3226 Trinitati

1957 3262 2212 3325 devotus,
2256 3259 2490 3313 concedi
2525 3260 2633 3313 sibi
2659 3260 2728 3313 ab
2779 3275 2843 3313 ea
2872 3259 3096 3313 veniam
3155 3261 3482 3329 postulavit.
3518 3261 3642 3331 Spl-

1955 3350 2099 3403 ritus
2129 3350 2280 3402 enim
2311 3353 2590 3419 quantum
2622 3349 2693 3400 ad
2733 3346 3037 3400 essentiam
3066 3348 3401 3414 divinitatis,
3453 3353 3508 3402 et
3540 3350 3641 3402 Pa-

1954 3442 2041 3491 ter
2088 3442 2144 3490 et
2176 3438 2346 3491 Filius
2377 3443 2431 3490 et
2460 3437 2705 3506 Spiritus
2765 3442 2994 3490 sanctus
3051 3443 3199 3490 recte
3252 3453 3400 3491 unus
3439 3436 3648 3491 dicitur

1958 3528 2126 3592 Deus,
2157 3527 2254 3581 sed
2305 3543 2407 3596 pro
2463 3525 2826 3579 distinctione
2884 3542 3284 3596 personarum,
3349 3526 3650 3596 proprium

1957 3622 2042 3669 est
2072 3615 2224 3669 Patri
2273 3615 2428 3685 quod
2475 3614 2812 3668 naturaliter
2864 3615 2986 3668 sine
3043 3614 3208 3667 initio
3268 3620 3397 3668 ante
3443 3615 3650 3668 saecula

1957 3704 2161 3773 genuit
2192 3703 2426 3766 Filium;
2460 3703 2760 3772 proprium
2794 3707 2879 3756 est
2933 3703 3074 3756 Filio
3128 3703 3278 3772 quod
3313 3702 3652 3756 naturaliter

1959 3793 2181 3844 aPatre
2236 3797 2540 3860 generatus
2585 3795 2686 3855 est;
2735 3791 3037 3860 proprium
3095 3796 3178 3844 est
3233 3791 3470 3861 Spiritui
3506 3790 3651 3844 'san-

1959 3884 2046 3933 cto
2107 3879 2259 3949 quod
2312 3897 2343 3932 a
2403 3880 2568 3931 Patre
2598 3884 2653 3931 et
2684 3880 2824 3931 Filio
2875 3879 3146 3947 procedit,
3206 3879 3340 3949 quia
3375 3878 3653 3932 ineffabili

1959 3973 2237 4026 charitate
2268 3977 2440 4042 atque
2473 3971 2872 4041 cooperatione
2905 3987 3104 4023 eorum
3155 3970 3652 4024 consubstantialis

1961 4061 2256 4115 aeternitas
2293 4067 2348 4113 et
2401 4065 2650 4130 potestas
2679 4060 2872 4112 omnia
2898 4059 3029 4112 facit
3069 4076 3196 4128 quze
3228 4060 3346 4112 vult
3397 4059 3456 4111 in
3511 4060 3652 4112 coelo

1961 4155 2014 4203 et
2055 4151 2114 4202 in
2154 4155 2323 4212 terra,
2365 4174 2382 4194 ι»
2420 4154 2549 4206 etc..
2601 4163 2765 4216 usque
2812 4148 2887 4200 ad
2915 4147 3161 4200 breviter
3215 4148 3283 4200 de
3335 4147 3654 4201 aeternitate

1968 4237 2250 4290 disseruit.

2594 4326 2719 4377 CAP.
2759 4324 3029 4377 LXXVIII.

2040 4423 2177 4473 Item
2212 4421 2364 4474 idem
2394 4420 2453 4472 in
2485 4420 2706 4488 psalmo
2738 4420 3090 4489 sexagesimo
3113 4421 3337 4490 primo:
3379 4443 3398 4467 ιι
3426 4421 3511 4474 Ab
3541 4424 3659 4490 ipso

1966 4510 2106 4560 enim
2155 4508 2395 4560 salutare
2450 4523 2642 4571 meum,
2701 4507 2755 4560 id
2808 4512 2894 4559 est
2951 4507 3281 4576 unigenitus
3332 4509 3524 4574 Filius,
3562 4509 3660 4579 qui

1969 4602 2118 4649 recte
2150 4595 2510 4648 credentibus
2541 4595 2801 4647 salutaris
2831 4595 3038 4648 existit.
3070 4597 3150 4649 Ab
3185 4596 3309 4665 ipso
3343 4598 3496 4650 enim
3531 4614 3661 4650 cum

1970 4684 2194 4749 dicitur,
2231 4683 2398 4736 Filius
2459 4684 2838 4751 significatur.
2875 4685 3002 4735 Ilaic
3033 4683 3186 4736 enim
3226 4685 3479 4754 propria,
3517 4702 3664 4738 unus

1971 4773 2117 4825 Deus
2174 4779 2366 4824 sancta
2423 4771 2668 4823 Trinitas
2716 4771 2887 4824 habet
2941 4772 3090 4840 quod
3127 4773 3291 4825 Pater
3350 4773 3659 4841 ingenitus,

1975 4860 2143 4913 Filius
2175 4861 2420 4929 genitus,
2462 4859 2704 4929 Spiritus
2739 4864 2962 4912 sanctus
2990 4877 3022 4912 a
3053 4861 3214 4914 Patre
3246 4866 3302 4914 et
3348 4862 3490 4914 Filio
3527 4877 3660 4929 pro-

1973 4948 2142 5012 cedit,
2176 4968 2200 4997 »
2235 4953 2362 5010 ctc.,
2400 4963 2568 5015 usque
2613 4947 2686 5000 ad
2745 4947 2994 5000 mirabili
3034 4948 3273 5000 veritate
3305 4947 3661 5001 monstravit.

2636 5062 2762 5114 ΟΑΡ.
2799 5062 3012 5115 LXXIX.

2049 5176 2322 5229 Alcuinus
2366 5175 2418 5227 in
2452 5176 2596 5228 libro
2629 5175 2817 5244 primo
2849 5176 2918 5228 de
2971 5175 3104 5228 Fide
3148 5181 3352 5228 sanctae
3383 5175 3670 5229 Trinitatis

1982 5268 2124 5334 (cap.
2153 5266 2208 5327 ϐ’)
2246 5264 2434 5328 :Quod
2474 5265 2717 5332 Spiritus
2767 5269 2985 5316 sanctus
3033 5265 3324 5316 communis
3376 5270 3453 5317 est
3489 5266 3671 5318 Patris

1979 5358 2026 5406 et
2056 5354 2184 5405 Filii
2228 5353 2473 5421 Spiritus
2501 5368 2511 5404 :
2549 5375 2568 5399 α
2612 5353 2754 5420 Ergo
2809 5351 2914 5404 hoc
2947 5352 3156 5403 donum
3190 5350 3307 5418 Dei,
3351 5351 3404 5405 id
3437 5357 3521 5405 est
3546 5353 3671 5422 Spi-

1981 5439 2125 5492 ritus
2159 5444 2386 5492 sanctus
2438 5440 2534 5509 qui
2569 5439 2635 5491 de
2668 5440 2830 5491 Patre
2863 5445 2916 5490 ct
2967 5437 3105 5490 Filio
3145 5439 3444 5508 aequaliter
3494 5457 3678 5510 proce-

1986 5526 2090 5592 dit,
2128 5526 2432 5578 ini-flabilis
2463 5527 2724 5596 qumdam
2760 5524 2934 5578 Patris
2957 5524 3196 5594 Filiiquc
3219 5531 3547 5581 cmnnmuio
3573 5537 3672 5580 est.
