4044 6174
451 317 555 367 7H)

456 447 521 499 Et
551 446 679 499 ideo
712 446 946 498 fortasse
992 443 1067 495 sic
1108 443 1451 512 appellatur,
1503 442 1638 512 quia
1676 442 1824 495 Patri
1896 448 1952 496 et
2000 444 2140 497 Filio

453 540 641 605 potest
665 535 862 586 eadem
894 532 1201 601 appellatio
1223 530 1551 585 convenire.
1578 532 1719 585 Nam
1744 532 1848 584 hoc
1869 532 1990 601 ipse
2012 549 2142 602 pro-

451 623 574 692 prie
604 621 827 685 dicitur,
862 621 1016 690 quod
1040 620 1123 672 illi
1156 621 1541 672 communiter
1572 619 1858 673 dicuntur.
1896 621 2037 683 Quia
2086 626 2144 673 et

457 715 623 764 Pater
667 710 931 779 Spiritus,
992 717 1048 762 et
1102 711 1272 762 Filius
1302 709 1573 779 Spiritus;
1609 717 1663 761 et
1691 711 1854 763 Pater
1892 715 2139 773 sanctus,

456 802 512 849 et
551 798 724 849 Filius
751 802 979 849 sanctus
1013 803 1159 849 recte
1192 796 1417 849 dicitur.
1483 797 1625 865 Ergo
1691 803 1750 848 ut
1806 797 2139 849 nominibus

440 884 675 953 junctis,
728 900 857 953 quas
901 884 1209 953 separatim
1269 884 1568 952 utriusque
1624 899 1885 951 personae
1943 899 2144 935 conve-

448 972 637 1035 niunt,
673 973 969 1041 utriusque
997 973 1327 1024 communio
1366 972 1595 1041 proprie
1630 972 2008 1040 signiﬁcetur,
2034 988 2139 1026 vo-

446 1066 608 1113 catur
637 1066 868 1112 sanctus
896 1060 1154 1127 Spiritus,
1189 1058 1289 1127 qui
1319 1064 1405 1110 est
1434 1059 1604 1111 tertia
1639 1059 1697 1110 in
1729 1064 1918 1112 sancta
1953 1060 2138 1113 Trini-

444 1151 560 1201 tate
592 1148 879 1216 persona,
909 1147 1061 1200 Patri
1115 1153 1173 1200 et
1229 1146 1366 1198 Filio
1398 1162 1501 1215 per
1534 1147 1727 1199 omnia
1761 1149 2020 1217 mqualis,
2056 1164 2145 1201 co-

446 1241 693 1289 aeternus
724 1240 779 1289 et
835 1235 1347 1288 consubstantialis.
1408 1235 1470 1287 Et
1534 1235 1654 1287 haec
1698 1236 1944 1289 Trinitas
1996 1252 2145 1289 unus

447 1330 533 1378 est
563 1326 730 1389 Deus,
761 1324 912 1377 solus
933 1324 1139 1387 bonus,
1174 1339 1434 1392 magnus,
1460 1328 1730 1388 aeternus,
1755 1323 2138 1392 omnipotens.

449 1412 572 1481 Ipse
611 1412 716 1465 sibi
746 1412 953 1477 unitas,
987 1412 1189 1476 deitas,
1236 1411 1595 1480 magnitudo,
1656 1411 1904 1475 bonitas,
1958 1414 2143 1465 omni-

446 1500 722 1569 potentia,
757 1506 812 1553 et
843 1500 1122 1569 quidquid
1172 1500 1240 1553 ad
1293 1516 1351 1552 se
1410 1499 1864 1553 substantialiter
1914 1500 2142 1554 dicitur.

451 1590 573 1642 Non
626 1589 703 1641 ita
734 1588 791 1641 in
829 1588 1078 1641 relativis
1126 1587 1410 1640 vocabulis
1458 1587 1898 1655 intelligendum
1935 1594 2019 1639 est
2060 1589 2144 1641 vel

446 1677 781 1742 dicendum;
838 1676 975 1745 quia
1008 1676 1119 1729 dici
1168 1692 1283 1727 non
1333 1680 1541 1744 potest,
1593 1676 1760 1729 Pater
1807 1676 1914 1729 sibi
1955 1677 2140 1742 Pater,

446 1766 533 1818 vel
567 1765 742 1817 Filius
774 1764 883 1815 sibi
917 1764 1112 1826 Filius,
1164 1764 1249 1815 vel
1282 1762 1528 1831 Spiritus
1583 1768 1810 1814 sanctus
1856 1762 1963 1814 sibi
2024 1763 2144 1832 Spi-

446 1855 589 1907 ritus
641 1861 892 1915 sanctus,
947 1852 1045 1904 sed
1106 1851 1225 1903 haec
1260 1850 1495 1903 relativa
1528 1851 1802 1903 vocabula
1866 1851 1935 1904 ad
1968 1851 2141 1905 aliam

448 1943 645 2011 procul
676 1941 851 1994 dubio
884 1955 1189 2009 personam
1220 1939 1417 1991 referri
1445 1939 1675 1992 debent.
1724 1959 1749 1988 »

1116 2054 1243 2107 CAP.
1276 2053 1471 2108 LXXX.

527 2154 668 2206 Item
705 2153 855 2207 idem
903 2151 960 2204 in
990 2150 1193 2204 eodem
1226 2150 1368 2218 (cap.
1405 2149 1528 2219 12):
1569 2171 1589 2197 ι
1624 2149 1867 2219 Spiritus
1920 2154 2146 2203 sanctus

452 2242 646 2312 itaque
699 2242 806 2293 hoc
866 2239 1040 2292 habet
1079 2238 1376 2308 proprium
1419 2238 1570 2306 quod
1624 2254 1687 2289 ex
1724 2238 1884 2291 Patre
1918 2243 1973 2291 et
2005 2238 2145 2291 Filio

452 2328 753 2399 aequaliter
796 2327 1071 2396 procedit,
1114 2346 1139 2376 ››
1176 2330 1307 2393 etc.,
1338 2342 1505 2392 usque
1543 2325 1615 2378 ad
1645 2325 2062 2395 omnipotentia
2093 2330 2145 2378 et

454 2417 791 2470 aeternitate.

1107 2504 1234 2556 CAP.
1272 2503 1487 2556 LXXXI.

527 2613 667 2663 Item
700 2608 932 2677 idemjin
960 2610 1164 2662 eodem
1201 2609 1343 2676 (cap.
1376 2607 1459 2677 t5)
1496 2624 1507 2661 :
1542 2608 1834 2677 «Spiritus
1864 2608 2145 2678 siquidem

456 2701 682 2748 sanctus
722 2711 821 2748 nec
845 2696 1155 2765 ingenitus,
1200 2712 1302 2748 nec
1331 2696 1558 2765 genitus
1598 2696 1809 2749 alicubi
1850 2695 2081 2761 dicitur,
2118 2715 2143 2744 ι)

456 2790 583 2837 etc..
617 2798 785 2851 usque
805 2784 897 2849 ad,
933 2784 1200 2853 procedat
1226 2783 1471 2853 Spiritus
1498 2791 1743 2837 sanctus.

1093 2899 1220 2952 CAP.
1258 2898 1499 2953 LXXXII.

530 3000 670 3051 Item
700 2998 853 3051 idem
885 2998 943 3050 in
973 2996 1118 3050 libro
1150 2995 1399 3049 secundo
1428 2996 1573 3064 (cap.
1611 2997 1664 3063 9)
1701 3012 1713 3048 :
1752 3015 1773 3043 ι
1822 2994 1965 3048 Sunt
2024 2995 2147 3047 hac

456 3086 567 3139 tria
598 3087 960 3150 aeternaliter,
995 3086 1122 3139 tria.
1176 3084 1337 3147 Quod
1386 3084 1709 3153 ingenitum
1744 3090 1831 3135 est
1860 3085 2025 3136 Pater
2064 3088 2149 3136 est

458 3177 632 3240 solus,
667 3175 765 3244 qui
796 3192 828 3228 a
858 3175 1015 3228 nullo
1056 3189 1176 3226 esse
1210 3173 1381 3226 habet
1419 3172 1572 3242 quod
1608 3177 1693 3225 est
1722 3172 1831 3224 nisi
1862 3188 1895 3224 a
1938 3173 2146 3241 seipso.

457 3264 618 3327 Quod
648 3264 905 3332 genitum
947 3269 1030 3315 est
1073 3262 1245 3314 Filius
1297 3268 1401 3325 est,
1462 3262 1618 3313 cuia
1666 3261 1833 3313 Patre
1886 3266 1971 3313 est
2029 3277 2149 3313 esse

460 3353 614 3423 quod
646 3355 749 3405 est.
784 3351 939 3414 Quod
999 3366 1133 3403 vero
1166 3366 1271 3403 uec
1319 3349 1641 3418 ingenitum
1682 3355 1785 3413 est,
1846 3365 1948 3401 nec
2006 3349 2153 3418 geni-

461 3448 606 3504 tum,
656 3440 900 3508 Spiritus
948 3444 1178 3491 sanctus
1228 3442 1330 3496 est,
1380 3438 1473 3489 cui
1528 3443 1611 3489 est
1664 3453 1789 3489 esse
1839 3453 1871 3489 a
1900 3437 2064 3489 Patre
2096 3441 2151 3489 et

465 3528 605 3582 Filio
636 3526 961 3596 procedere.
1012 3527 1075 3578 Et
1117 3526 1233 3578 hac
1265 3524 1373 3577 tria
1404 3524 1647 3577 Trinitas
1678 3531 1763 3578 est
1820 3540 1970 3587 vera,
2021 3540 2153 3577 con-

463 3613 848 3667 substantialis
878 3618 933 3666 et
958 3618 1257 3666 coaeterna.
1306 3636 1334 3661 ››

1083 3727 1209 3781 CAP.
1258 3726 1516 3781 LXXXIII.

536 3826 675 3877 Item
708 3825 859 3879 idem
886 3824 944 3878 in
978 3824 1125 3878 libro
1158 3825 1407 3879 secundo
1440 3826 1582 3893 (cap.
1626 3826 1710 3893 Η)
1738 3864 1752 3878 .
1782 3846 1803 3873 ι
1836 3826 1899 3878 In
1930 3824 2152 3879 Christo

464 3919 653 3967 autem
688 3913 1000 3967 secundum
1032 3913 1326 3966 catholica:
1377 3914 1508 3966 fidei
1565 3914 1883 3978 veritatem,
1916 3912 1975 3965 in
2019 3914 2154 3965 uni-

461 4007 573 4055 tate
606 4018 861 4072 personae
896 4002 1065 4055 simul
1091 4007 1145 4054 et
1174 4002 1444 4055 deitatem
1484 4002 1752 4065 fatemur,
1787 4007 1845 4054 et
1900 4001 2150 4054 animam

460 4090 795 4144 rationalem
825 4094 881 4141 et
902 4105 1155 4141 carnem.
1192 4090 1254 4141 In
1285 4106 1399 4158 qua
1428 4095 1621 4142 tamen
1664 4088 1845 4141 deitas
1875 4088 2151 4157 Spiritum

462 4178 717 4247 accipere
747 4194 862 4230 non
910 4179 1112 4245 potuit,
1167 4177 1302 4247 quia
1332 4178 1645 4230 secundum
1678 4176 1951 4230 deitatem
1986 4177 2155 4230 Pater

464 4272 516 4318 et
539 4266 713 4317 Filius
742 4270 798 4317 et
826 4265 1066 4333 Spiritus
1097 4271 1322 4317 sanctus
1357 4281 1506 4317 unus
1537 4272 1619 4318 est
1646 4266 1812 4318 Deus.
1846 4266 1968 4318 Non
2014 4280 2150 4334 ergo

463 4351 653 4419 potuit
678 4350 952 4418 Spiritum
978 4356 1235 4403 sanctum
1271 4351 1538 4404 divinitas
1568 4352 1693 4404 Filii
1713 4354 1987 4421 accipere,
2019 4367 2149 4404 cum

462 4440 586 4507 ipse
643 4438 886 4505 Spiritus
943 4445 1169 4491 sanctus
1220 4439 1299 4491 sic
1345 4439 1615 4508 procedat
1673 4457 1705 4492 a
1756 4441 1920 4508 Filio,
2006 4440 2151 4493 sicut

465 4526 729 4595 procedit
756 4542 787 4579 a
819 4527 1003 4590 Patre,
1033 4532 1089 4580 et
1133 4528 1212 4580 sic
1259 4528 1426 4581 detur
1469 4544 1498 4580 a
1550 4528 1692 4581 Filio
1734 4528 1879 4582 sicut
1926 4528 2094 4581 datur
2120 4544 2151 4580 a

466 4616 651 4667 Patre.
701 4634 725 4663 η

1088 4706 1217 4760 CAP.
1253 4704 1522 4758 LXXXIV.

532 4820 670 4871 Item
703 4819 854 4872 idem
904 4819 962 4872 in
999 4819 1141 4872 libro
1190 4820 1435 4873 secundo
1469 4824 1611 4889 (cap.
1652 4822 1736 4889 19)
1776 4837 1786 4873 :
1844 4824 1912 4874 De
1946 4823 2152 4873 unitate

461 4909 699 4976 Spiritus
730 4911 905 4960 sancti
937 4924 1053 4961 omn
1089 4910 1246 4961 Patre
1283 4913 1331 4961 et
1380 4909 1522 4961 Filio
1557 4925 1568 4961 :
1597 4932 1621 4955 ‹‹
1666 4908 1908 4977 Spiritus
1960 4908 2150 4977 itaque

458 5002 685 5049 sanctus
715 4996 861 5049 sicut
894 4998 1059 5049 Pater
1092 5004 1149 5050 et
1175 4998 1349 5049 Filius
1394 4998 1597 5066 plenus
1639 5003 1723 5049 est
1756 4998 1901 5049 Deus
1930 5002 1984 5049 et
2020 5012 2149 5065 per-

458 5084 655 5148 fectus,
690 5084 807 5135 imo
837 5100 982 5135 unus
1013 5085 1158 5136 Deus
1191 5099 1321 5136 cum
1348 5085 1512 5135 Patre
1547 5089 1603 5135 et
1634 5083 1774 5135 Filio
1818 5090 1987 5153 atque
2039 5099 2150 5136 una

455 5172 794 5237 substantia,
829 5170 974 5223 sicut
1003 5186 1175 5240 supra
1199 5170 1656 5231 memoravimus,
1684 5188 1709 5219 ι)
1733 5177 1864 5232 etc.,
1891 5186 2059 5238 usque
2078 5172 2151 5224 ad

461 5258 558 5312 ubi
590 5260 709 5312 vult
738 5259 935 5329 spirat.

1094 5346 1222 5399 CAP.
1278 5346 1509 5399 LXXXV.

524 5462 664 5514 Item
698 5462 849 5515 idem
888 5462 947 5514 in
992 5460 1135 5513 libro
1168 5460 1413 5513 secundo
1463 5460 1604 5529 (cap.
1639 5460 1731 5525 ρο)
1768 5477 1779 5513 :
1843 5483 1868 5507 ‹‹
1903 5460 2149 5529 Spiritus

454 5554 677 5602 sanctus
716 5551 777 5602 in
823 5550 1022 5603 eadem
1067 5551 1281 5602 unitate
1330 5548 1657 5601 substantiae
1704 5555 1757 5601 et
1807 5550 2143 5619 aequalitate

1687 312 1912 367 τΕΝΕΑέ
1955 313 2379 369 PARISIENSIS
2424 315 2727 371 EPISCOPI

3823 325 3905 371 7'2“

2179 449 2225 499 A
2254 461 2385 498 cum
2415 448 2577 499 Patre
2609 452 2665 498 et
2699 447 2838 499 Filio
2892 447 3167 510 consistit,
3205 470 3222 492 ν
3277 452 3405 507 etc.,
3456 463 3621 513 usque
3656 448 3723 500 ad
3762 453 3895 516 ﬁnem

2254 538 2477 603 capitis.

2860 623 2987 677 CAP.
3022 622 3277 676 LXXXVI.

2328 740 2461 791 Item
2504 738 2656 790 idem
2705 738 2759 789 in
2795 737 2994 789 eodem
3039 740 3180 804 (cap.
3214 739 3306 805 2t)
3344 752 3354 789 :
3393 738 3501 792 Cur
3532 737 3669 790 idem
3696 740 3905 806 Spiritus

2251 832 2468 879 sanctus
2518 826 2597 878 bis
2653 841 2687 877 a
2738 828 2836 878 Deo
2892 828 3103 880 Christo
3132 825 3294 878 datus
3326 828 3413 878 sit.
3449 847 3475 872 «
3509 826 3727 895 Absque
3758 828 3903 879 dubi-

2256 914 2473 967 tatione
2527 914 2657 966 ideo
2690 913 2938 982 Spiritus
2968 921 3192 965 sanctus
3226 913 3309 965 bis
3340 914 3502 965 datus
3534 920 3634 979 est,
3684 919 3742 966 ut
3777 930 3907 967 com-

2250 1003 2660 1055 mandarentur
2691 1002 2802 1053 duo
2854 1008 3143 1071 praecepta
3182 1001 3492 1066 charitatis,
3532 1024 3551 1049 ι
3589 1006 3715 1063 etc.,
3769 1018 3911 1071 usque

2254 1089 2328 1142 ad
2354 1092 2511 1158 ﬁnem
2542 1091 2760 1157 capitis.

2876 1178 3001 1231 CAP.
3036 1177 3318 1231 LXXXVII.

2325 1294 2465 1345 Item
2524 1292 2675 1347 idem
2730 1294 2789 1345 in
2839 1293 2983 1345 libro
3036 1308 3143 1345 ui:
3202 1292 3471 1358 Quomodo
3530 1294 3713 1345 missio
3758 1295 3911 1345 sancti

2256 1384 2496 1450 Spiritus
2539 1385 2611 1435 sit
2657 1381 3031 1452 intelligenda.
3082 1400 3108 1431 ‹‹
3147 1379 3302 1434 Sicut
3342 1380 3495 1433 enim
3546 1397 3579 1432 a
3613 1381 3771 1433 Patre
3815 1381 3914 1450 Spi-

2254 1476 2399 1523 rttus
2430 1475 2654 1524 sanctus
2686 1470 2951 1535 mittitur,
2987 1469 3065 1521 ita
3096 1474 3152 1521 et
3181 1485 3214 1521 a
3251 1468 3412 1533 Filio,
3445 1488 3471 1517 n
3507 1473 3639 1533 etc.,
3666 1484 3821 1536 usque
3849 1470 3909 1521 ad

2187 1562 2199 1574 '
2254 1561 2412 1627 ﬁnem
2443 1561 2664 1626 capitis.

2505 1657 2516 1668 ’
2847 1647 2973 1700 CAP.
3017 1646 3332 1700 LXXXVIII.

2186 1744 2224 1795 Β
2326 1761 2467 1814 Item
2494 1761 2551 1814 in
2594 1761 2726 1814 Fide
2752 1760 2933 1831 ipsius
2962 1761 3186 1814 Alcuini
3221 1777 3233 1813 :
3280 1780 3307 1809 α
3354 1760 3651 1814 Credimus
3694 1766 3915 1814 sanctam

2253 1849 2612 1917 Trinitatem,
2674 1849 2731 1902 id
2782 1856 2884 1915 est,
2938 1850 3161 1902 Patrem
3208 1853 3265 1901 et
3319 1849 3523 1901 Filium
3556 1856 3617 1901 et
3673 1849 3913 1918 Spiritum

2253 1944 2532 2003 sanctum,
2561 1954 2737 1991 unum
2769 1939 2949 1991 Deum
2983 1939 3461 2006 omnipotentem,
3493 1938 3664 1989 unius
3694 1938 3917 1991 substan-

2253 2026 2370 2089 tias,
2433 2026 2603 2079 unius
2647 2026 2929 2089 essentiae,
2993 2026 3159 2078 unius
3225 2026 3550 2094 potestatis;
3616 2027 3906 2078 Creatorem

2255 2113 2517 2167 omnium
2565 2118 2982 2165 creaturarum.
3032 2115 3078 2164 Α
3108 2128 3219 2182 quo
3249 2112 3461 2177 omnia,
3495 2128 3602 2181 per
3632 2129 3792 2182 quem
3820 2129 3915 2165 oru-

2256 2203 2370 2265 nia,
2400 2202 2460 2255 in
2487 2217 2603 2270 quo
2637 2200 2851 2253 omnia.
2906 2201 3133 2253 Patrem
3179 2218 3209 2252 a
3266 2218 3324 2253 se
3371 2201 3495 2269 ipso
3542 2217 3659 2254 non
3690 2202 3757 2253 ab
3802 2204 3913 2259 alio.

2257 2290 2463 2343 Filium
2492 2305 2525 2341 a
2559 2290 2721 2341 Patre
2743 2288 3023 2357 genitum,
3061 2290 3238 2342 Deum
3280 2305 3476 2342 verum
3534 2290 3608 2343 de
3644 2292 3751 2343 Deo
3780 2306 3907 2351 vero,

2255 2382 2448 2432 lumen
2480 2394 2674 2431 verum
2698 2377 2766 2430 de
2796 2377 3015 2430 lumine
3045 2394 3197 2439 vero,
3234 2394 3349 2431 non
3384 2385 3580 2432 tamen
3610 2380 3721 2433 duo
3768 2380 3909 2433 lumi-

2254 2484 2349 2534 na,
2394 2467 2490 2520 sed
2533 2482 2712 2519 unum
2746 2466 2939 2519 lumen
2992 2465 3268 2535 Spiritum
3313 2472 3575 2521 sanctum
3630 2485 3659 2520 a
3692 2470 3840 2521 Patre
3873 2473 3915 2519 et

2256 2556 2398 2609 Filio
2464 2556 2761 2624 aequaliter
2862 2555 3288 2623 procedentem,
3377 2557 3913 2615 consubstantialem,

2255 2650 2603 2698 coaeternum
2636 2643 2787 2696 Patri
2810 2650 2865 2696 et
2898 2644 3059 2696 Filio.
3108 2666 3126 2689 ο

2863 2750 2991 2802 CAP.
3037 2749 3304 2803 LXXXIX.

2329 2858 2465 2910 Item
2498 2856 2648 2908 idem
2681 2855 2954 2908 Alcuinus
2988 2856 3047 2907 in
3096 2856 3404 2925 propositis
3434 2858 3835 2927 quaestionibus
3860 2857 3914 2909 de

2259 2950 2453 2999 sancta
2482 2943 2755 2997 Trinitate
2805 2944 2969 3012 (resp.
3023 2944 3096 2997 ad
3124 2947 3382 3010 interrog.
3449 2945 3499 3013 ‘2)
3538 2962 3550 2999 :
3586 2969 3605 2994 ι
3647 2945 3915 3015 Proprium

2185 3035 2225 3090 C
2258 3040 2343 3087 est
2368 3033 2549 3087 Patris
2602 3033 2754 3102 quod
2800 3032 2950 3085 solus
2994 3037 3078 3085 est
3110 3033 3293 3093 Pater,
3323 3039 3374 3085 et
3410 3036 3562 3103 quod
3597 3035 3667 3088 ab
3699 3036 3799 3087 alio
3828 3049 3916 3085 non

2260 3129 2338 3175 est
2373 3122 2484 3176 nisi
2514 3138 2545 3173 a
2575 3137 2653 3174 se.
2688 3121 2991 3190 Proprium
3018 3125 3101 3173 est
3123 3121 3267 3188 Filii,
3327 3123 3480 3192 quod
3517 3140 3549 3175 a
3582 3125 3744 3177 Patre
3780 3121 3913 3191 geni-

2258 3217 2349 3265 tus
2399 3215 2502 3274 est,
2532 3210 2683 3261 solus
2734 3225 2768 3261 a
2815 3210 2933 3262 solo
2964 3213 3279 3262 coaeternus
3337 3217 3393 3262 et
3450 3208 3917 3264 consubstantialis

2260 3299 2501 3370 genitus.
2540 3299 2840 3367 Proprium
2881 3301 2965 3349 est
3004 3296 3249 3367 Spiritus
3299 3298 3495 3359 sancti,
3535 3300 3690 3368 quod
3725 3315 3817 3351 nec
3846 3298 3917 3349 in-

2261 3388 2486 3457 genitus
2519 3392 2623 3452 est,
2662 3386 2756 3439 sed
2804 3401 2836 3437 a
2887 3386 3050 3438 Patre
3104 3392 3161 3437 et
3208 3386 3347 3439 Filio
3402 3389 3702 3456 aequaliter
3748 3400 3913 3456 proce-

2259 3476 2413 3529 dens.
2458 3496 2477 3519 η

2970 3562 3096 3615 CAP.
3132 3561 3234 3615 XC.

2334 3668 2674 3723 Prudentius
2706 3667 2764 3720 in
2805 3667 2946 3721 libro
2993 3673 3188 3720 contra
3220 3668 3579 3723 Marcionitas
3631 3674 3803 3723 metro
3841 3668 3915 3720 lie-

2263 3757 2413 3811 roico
2437 3758 2523 3825 (in
2548 3760 2788 3824 perorat.
2813 3755 3255 3824 Hamartigem’a)
3289 3772 3301 3809 :

2404 3846 2446 3900 Ο
2478 3846 2587 3898 Dee
2610 3843 3006 3913 cunctipotens
3050 3844 3256 3896 animae
3287 3844 3470 3909 dator,
3505 3863 3537 3898 ο
3572 3847 3683 3899 Dee
3714 3844 3914 3905 Christe,

2404 3934 2576 4003 Cujus
2605 3933 2674 3985 ab
2708 3948 2805 3986 ore
2839 3932 2985 3985 Deus
3014 3932 3265 3985 substitit
3294 3932 3543 4002 Spiritus
3576 3951 3738 3987 unus.

2961 4040 3088 4092 CAP.
3126 4038 3256 4093 XCI.

2334 4146 2476 4197 Item
2535 4142 2685 4197 idem
2738 4143 2799 4195 in
2855 4142 3000 4195 libro
3047 4144 3399 4213 Hymnorum
3463 4149 3652 4197 metro
3710 4141 3916 4196 iambiw

2267 4233 2475 4302 (hymn.
2509 4238 2634 4285 ante
2662 4230 2926 4299 somnum)
2971 4245 2982 4283 ξ

2652 4335 2694 4388 Ο
2725 4334 3017 4388 Trinitatis
3049 4334 3241 4405 hujus,

2654 4423 2744 4475 Vis
2764 4439 2881 4476 una
2908 4423 3105 4477 lumen
3136 4439 3338 4490 unum,

2653 4512 2799 4565 Deus
2833 4527 2897 4564 ex
2918 4512 3049 4578 ,Deo
3079 4512 3366 4581 perennis,

2655 4602 2800 4654 Deus
2824 4616 2891 4653 ex
2923 4606 3165 4669 utroque
3194 4599 3418 4654 missus.

2949 4716 3074 4769 CAP.
3111 4716 3263 4768 XCII.

2334 4822 2471 4873 Item
2502 4820 2656 4873 idem
2702 4819 2761 4872 in
2791 4819 2938 4873 libro
2971 4820 3328 4890 Hymnorum
3385 4825 3573 4873 metro
3613 4814 3914 4873 choriambi-

2260 4924 2347 4973 co,
2379 4909 2533 4978 quod
2566 4907 2999 4977 Asclepiadeum
3033 4908 3365 4961 nominatur
3390 4910 3614 4974 (Hymn.
3648 4907 3721 4960 ad
3760 4909 3908 4957 incen-

2258 5010 2376 5049 sum
2405 4998 2542 5049 cerei
2572 4996 2874 5064 Paschalis)
2912 5012 2924 5047 :

2194 4328 2235 4380 D

2402 5102 2666 5153 Inventor
2691 5102 2845 5153 rutili
2874 5100 2988 5154 dux
3018 5101 3167 5154 bone
3201 5100 3453 5165 luminis,

2400 5190 2505 5252 Qui
2528 5189 2693 5241 certis
2731 5189 2948 5242 vicibus
2979 5196 3239 5259 tempora
3264 5189 3488 5251 dividis,

2400 5278 2578 5331 Merso
2612 5277 2728 5330 sole
2749 5277 2916 5330 chaos
2950 5278 3167 5345 ingruit
3193 5278 3515 5345 horridum,

2402 5367 2617 5418 Lumen
2648 5365 2822 5418 redde
2855 5365 2983 5427 tuis,
3014 5366 3249 5429 Christe,
3276 5364 3561 5418 ﬁdelibus.

2471 5461 2580 5513 Per
2610 5461 2895 5514 Christum
2933 5462 3216 5529 genitum,
3264 5476 3485 5514 summe
3539 5462 3726 5528 Pater,
3758 5464 3908 5513 tuum.

2401 5549 2461 5599 In
2493 5564 2607 5617 quo
2630 5548 2929 5601 invisibilis
2961 5553 3072 5601 stat
3100 5548 3425 5617 tibigloria,
