4044 6174
156 260 245 309 7'2t
580 308 585 311 ι
1421 256 1628 313 LIBER
1667 258 2030 315 ADVERSUS
2071 259 2378 316 GRAECOS.

288 386 392 449 Qui
422 391 616 438 noster
640 386 931 451 Dominus,
961 387 1060 456 qui
1090 391 1221 439 tuus
1254 388 1457 439 unicus

287 474 471 544 Spirat
503 475 572 527 de
603 476 786 543 patrio
814 475 983 528 corde
1026 476 1402 528 Paracletum.

357 564 461 615 Per
503 578 673 631 quem
727 563 1017 631 splendor,
1078 564 1280 627 honor,
1336 566 1473 630 laus,
1538 563 1834 634 sapientia,

287 652 558 718 Majestas,
594 651 838 715 bonitas,
873 656 930 703 et
956 651 1134 719 pietas
1176 657 1291 707 tua.

286 740 543 808 Regnum
574 740 870 793 continuat
893 740 1124 792 nomine
1156 739 1368 808 triplici

279 828 493 880 Texens
525 828 815 897 perpetuis
854 829 1059 880 saecula
1100 829 1337 881 saeculis.

814 944 940 995 CAP.
976 942 1155 995 XCIII.

212 1058 350 1109 Item
377 1056 435 1109 in
471 1055 603 1109 Fide
635 1056 933 1120 catholica,
966 1072 1137 1126 quam
1172 1055 1262 1107 die
1294 1055 1583 1109 dominica
1620 1056 1831 1110 decan-

148 1152 220 1197 tat
262 1145 330 1198 ad
366 1145 596 1197 missam
644 1144 978 1197 universalis
1035 1143 1342 1198 Galliarum
1423 1144 1682 1211 Ecclesia,
1752 1145 1831 1197 sic

145 1233 360 1285 canitur
390 1233 543 1285 inter
566 1238 768 1286 caetera
801 1248 813 1284 :
854 1253 875 1279 ι
912 1232 1090 1285 Credo
1129 1237 1185 1284 et
1223 1232 1281 1284 in
1332 1233 1610 1300 Spiritum
1663 1249 1830 1285 sanc-

145 1328 259 1374 tum
302 1322 610 1375 Dominum
645 1326 702 1374 et
736 1320 1138 1385 viviﬁcantem,
1172 1320 1271 1389 qui
1320 1336 1384 1372 ex
1437 1322 1597 1373 Patre
1651 1321 1827 1374 Filio-

145 1427 246 1479 que
277 1411 552 1480 procedit,
586 1410 683 1480 qui
712 1426 840 1463 curn
877 1411 1036 1461 Patre
1069 1416 1125 1461 et
1166 1409 1305 1462 Filio
1338 1409 1507 1461 simul
1557 1411 1830 1463 adoratur

142 1505 193 1551 et
219 1499 701 1569 congloriﬁcatur,
735 1499 833 1568 qui
860 1500 1083 1551 locutus
1111 1502 1195 1550 est
1226 1514 1329 1566 per
1363 1499 1668 1566 prophetas
1702 1520 1727 1543 ››

803 1613 930 1667 CAP.
972 1611 1152 1665 XCIV.

3542 273 3643 322 7'22

1868 393 1906 444 A
1940 392 2160 443 Domino
2184 396 2244 443 ut
2279 394 2383 444 sim
2411 391 2612 460 fidelis.
2650 393 2927 448 Existimo
2964 410 3088 461 ergo
3139 398 3233 451 hoc
3295 399 3490 453 bonum
3522 416 3633 455 esse

1943 483 2167 545 prapter
2217 481 2506 533 instantem
2568 485 2961 546 necessitatem,
3013 488 3270 551 quoniam
3328 488 3521 541 bonum
3561 495 3641 543 est

1944 564 2157 618 homini
2202 568 2277 619 sic
2330 553 2441 620 esse
2502 568 2695 631 (Ibid.,
2758 571 2869 637 25).
2916 571 3285 639 Subauditur,
3341 580 3401 627 ut
3430 575 3511 629 ita
3569 578 3641 632 sit

1942 653 2238 706 continens
2300 655 2445 707 sicut
2496 672 2619 726 ego.
2662 658 2723 708 Et
2758 658 2892 709 item
2919 664 3044 727 post
3085 677 3302 729 pauca:
3368 666 3491 717 Volo
3542 682 3638 719 au-

1943 746 2045 794 tem
2090 758 2180 795 vos
2236 746 2353 795 sine
2390 745 2757 798 sollicitudine
2804 761 2930 799 esse.
2994 748 3101 811 Qui
3143 751 3259 802 sine
3314 766 3481 804 uxore
3536 759 3633 819 est,

1940 831 2205 883 sollicitus
2253 837 2332 885 est
2369 848 2486 899 qua,
2534 835 2748 886 Domini
2787 839 2931 901 sunt,
2966 837 3225 902 quomodo
3248 839 3460 906 placeat
3510 844 3631 895 Deo.

1941 918 2045 983 Qui
2072 926 2249 972 autem
2279 936 2399 973 cum
2428 938 2596 973 uxore
2650 928 2746 988 est,
2782 924 3042 977 sollicitus
3074 931 3151 978 est
3191 928 3450 993 quomodo
3501 931 3633 997 pla-

1938 1014 2053 1062 ceat
2084 1013 2262 1062 uxori.
2312 1010 2369 1063 Si
2416 1017 2607 1063 autem
2661 1012 2805 1064 hanc
2856 1012 3249 1065 castimoniam
3295 1015 3449 1068 laicis
3498 1018 3632 1070 hor-

1940 1096 2110 1148 tando
2142 1100 2359 1165 suadet,
2396 1100 2575 1152 multo
2620 1100 2801 1167 magis
2852 1100 3124 1153 ministris
3176 1103 3429 1156 Ecclesiae
3472 1122 3631 1158 eam-

1940 1183 2066 1236 dem
2104 1184 2287 1239 inesse
2333 1187 2616 1240 desiderat
2702 1190 2841 1242 Item
2890 1191 3194 1259 Apostolus
3250 1192 3319 1244 ad
3359 1193 3581 1246 Galatas
3620 1212 3631 1247 :

1938 1272 2151 1339 Spiritu
2191 1274 2481 1339 ambulate,
2523 1282 2574 1328 et
2617 1278 2890 1330 desideria
2939 1282 3121 1332 carnis
3170 1295 3274 1333 non
3319 1284 3629 1349 perﬁcietis.

1938 1360 2073 1413 Caro
2104 1363 2243 1414 enim
2274 1366 2599 1430 concupiscit
2629 1365 2888 1418 adversus
2914 1368 3191 1433 spiritum,
3241 1371 3470 1435 spiritus
3527 1386 3636 1422 au—

1938 1451 2040 1500 tem
2072 1449 2330 1503 adversus
2368 1467 2601 1504 carnem.
2658 1454 2776 1505 ch
2827 1456 2967 1505 enim
3010 1457 3234 1508 invicem
3283 1458 3391 1509 sibi
3437 1458 3631 1511 adver-

1935 1542 2148 1603 santur,
2192 1545 2252 1591 ut
2298 1555 2402 1592 non
2437 1554 2765 1607 quacunque
2815 1543 2981 1595 vultis
3038 1542 3137 1596 illa
3183 1546 3436 1609 faciatis;
3490 1548 3634 1613 quod

1936 1627 1987 1677 si
2012 1627 2217 1692 spiritu
2265 1626 2548 1691 ducimini,
2590 1644 2694 1681 non
2744 1631 2872 1682 estis
2910 1631 3009 1683 sub
3058 1631 3169 1697 lege
3214 1633 3361 1699 (Gal.
3406 1650 3457 1698 v,
3521 1635 3627 1699 16).

202 1731 337 1783 Item
372 1728 620 1782 Isidorus
667 1728 722 1781 in
781 1727 914 1780 Fide
971 1726 1249 1779 catholica
1304 1725 1454 1778 inter
1491 1731 1693 1779 caetera
1747 1728 1825 1779 sic
1866 1681 1907 1734 Β
1938 1712 2004 1766 Εἴ
2042 1714 2175 1765 item
2212 1730 2225 1765 ε
2276 1716 2510 1768 FWCWS
2556 1722 2733 1769 ααίεηῑ
2781 1717 3019 1784 spirit!“
3065 1724 3142 1772 εει
3183 1681 3445 1785 Charitas,
3491 1681 3630 1787 9"“:

137 1819 263 1871 dicit
292 1819 432 1883 (Lib.
497 1818 561 1870 de
609 1816 810 1871 Ordine
856 1817 1259 1879 Creaturarum,
1300 1830 1423 1883 cap.
1472 1814 1562 1879 l):
1602 1838 1626 1864 ‹‹
1680 1818 1824 1870 Deus

136 1924 272 1959 unus
300 1906 688 1975 omnipotens,
720 1910 911 1957 sancta
959 1904 1202 1957 Trinitas
1244 1904 1410 1955 Pater
1452 1907 1506 1955 et
1556 1902 1726 1955 Filius
1770 1909 1825 1957 et

134 1995 373 2063 Spiritus
437 1998 678 2046 sanctus.
726 1994 891 2045 Pater
920 2007 1057 2060 ergo
1115 1991 1505 2059 omnipotens,
1555 2006 1619 2042 ex
1663 1992 1821 2044 nullo

134 2084 407 2153 originem
457 2083 629 2146 ducit,
663 2088 717 2134 et
747 2082 864 2150 ipse
897 2081 1056 2149 origo
1117 2080 1426 2133 divinitatis
1476 2086 1580 2146 est,
1635 2097 1665 2131 a
1706 2097 1819 2150 quo

137 2174 294 2225 Filius
345 2173 494 2223 Deus
548 2171 911 2240 omnipotens
957 2170 1183 2239 genitus
1234 2169 1355 2222 sine
1405 2172 1663 2238 tempore
1713 2174 1815 2236 est,

132 2277 236 2313 non
269 2260 484 2329 quippe
516 2264 740 2312 creatus
785 2263 887 2321 est,
938 2258 1072 2326 quia
1104 2258 1252 2310 Deus
1293 2261 1393 2309 est.
1443 2256 1568 2321 Cui,
1611 2262 1821 2324 praeter

134 2351 268 2419 quod
314 2349 490 2402 Filius
538 2353 640 2411 est,
684 2347 742 2399 in
795 2346 1089 2399 divnnitate
1149 2350 1332 2398 totum
1374 2351 1458 2397 est
1514 2361 1817 2397 commune

136 2438 300 2490 Patris
352 2438 411 2489 in
457 2435 796 2498 aeternitate,
842 2434 902 2487 in
934 2436 1241 2497 voluntate,
1278 2434 1334 2485 in
1394 2438 1696 2503 potestate,
1756 2433 1816 2485 in

131 2526 420 2596 sapientia.
453 2524 541 2578 Sic
574 2529 627 2578 et
673 2524 843 2587 Patri,
885 2528 1096 2591 praeter
1144 2522 1299 2592 quod
1364 2523 1529 2574 Pater
1584 2528 1686 2585 est,
1730 2526 1814 2574 to-

132 2624 241 2669 tum
282 2620 365 2669 est
412 2630 716 2667 commune
766 2612 905 2665 Filii.
961 2611 1205 2681 Spiritus
1254 2616 1483 2662 sanctus
1530 2616 1613 2663 est
1672 2612 1814 2663 Deus

130 2704 508 2773 omnipotens,
549 2718 652 2754 nec
699 2702 926 2772 genitus
979 2705 1081 2761 est,
1137 2699 1271 2768 quia
1313 2716 1425 2751 non
1478 2702 1561 2750 est
1618 2700 1812 2766 Filius,

132 2806 222 2842 nec
272 2795 518 2855 creatus,
571 2790 702 2858 quia
758 2805 873 2841 non
930 2794 1013 2841 est
1061 2793 1338 2850 creatura,
1386 2787 1483 2841 sed
1532 2803 1599 2840 ex
1651 2788 1813 2839 Patre

126 2880 369 2947 procedit
417 2884 472 2932 et
523 2878 684 2931 Filio.
721 2877 837 2940 Cui,
885 2881 1093 2946 praeter
1122 2876 1271 2945 quod
1303 2875 1545 2943 Spiritus
1589 2880 1812 2927 sanctus

1933 1800 2109 1865 dium,
2139 1818 2274 1869 pax,
2309 1805 2597 1869 patientia,
2649 1805 3057 1869 longanimitas,
3093 1807 3324 1872 bonitas,
3380 1808 3624 1873 benigni-

1933 1893 2036 1952 tas,
2094 1890 2247 1957 ﬁdes,
2304 1891 2587 1953 modestia,
2660 1892 2874 1957 lenitas,
2932 1896 3281 1960 continentia,
3356 1899 3622 1950 castitas:

1930 1977 2188 2031 adversus
2262 1978 2575 2046 hujusmodi
2650 1996 2755 2033 non
2819 1986 2897 2033 est
2961 1983 3048 2035 lex
3120 1983 3301 2049 (Ibid,
3371 1986 3483 2051 22).
3564 1987 3627 2039 Et

1929 2065 2099 2120 item:
2135 2067 2196 2120 Si
2221 2070 2419 2134 spiritu
2442 2070 2695 2133 vivimus,
2729 2072 2950 2134 spiritu,
2985 2075 3035 2122 et
3069 2071 3400 2124 ambulemus
3458 2074 3619 2141 (Ibid.

1926 2169 2065 2206 vers.
2100 2156 2205 2219 25).
2251 2155 2389 2207 Cum
2449 2162 2638 2208 autem
2686 2156 2753 2208 de
2804 2172 3011 2226 magno
3072 2158 3339 2227 pontitice
3399 2159 3622 2213 Christo

1927 2241 1995 2293 ad
2027 2241 2288 2293 Hebraaos
2320 2242 2551 2295 dixisset
2584 2259 2595 2295 :
2634 2244 2780 2297 Talis
2809 2247 2949 2297 enim
2980 2245 3197 2298 decebat
3226 2250 3286 2298 ut
3318 2247 3470 2300 nobis
3492 2253 3624 2302 esset

1921 2331 2173 2397 pontifex
2219 2335 2458 2397 sanctus,
2510 2334 2779 2397 innocens,
2834 2334 3166 2399 impollutus,
3230 2339 3542 2401 segregatus
3588 2354 3623 2389 a

1922 2419 2296 2484 peccatoribus
2332 2425 2382 2471 et
2427 2421 2689 2473 excelsior
2727 2423 2869 2473 cxlis
2898 2424 3082 2485 factus
3120 2422 3303 2491 (Hebr.
3331 2440 3426 2488 vn,
3474 2426 3561 2485 36)
3605 2441 3616 2477 :

1925 2505 2070 2557 hanc
2131 2506 2402 2559 castitatis
2452 2508 2795 2561 munditiam
2861 2510 3078 2562 cunctis
3127 2511 3513 2564 sacerdotibus
3567 2518 3622 2565 et

1926 2592 2203 2646 ministris
2235 2595 2488 2647 Ecclesim
2533 2598 2869 2650 servandam
2907 2599 3224 2667 proposuit.
3284 2601 3348 2652 Et
3395 2600 3441 2651 si
3488 2601 3622 2654 talia

1922 2682 1983 2734 in
2017 2683 2384 2736 saecularibus
2417 2684 2743 2743 laudantur.
2780 2686 3244 2741 abundantiusin
3275 2689 3618 2742 ecclesiasti-

1923 2772 2000 2821 cis
2030 2771 2355 2824 honestiora
2390 2789 2511 2824 esse
2544 2773 2827 2826 videntur.
2880 2774 3019 2827 Item
3052 2776 3261 2827 Paulus
3311 2776 3379 2828 ad
3425 2777 3615 2829 Colos-

1922 2873 2112 2909 senses
2155 2860 2539 2922 :Morti/icate,
2580 2861 2786 2930 inquit,
2832 2864 3069 2915 membra
3107 2868 3287 2915 vestra
3320 2878 3438 2930 qua.v
3492 2870 3619 2917 sunt

128 2975 217 3027 est,
253 2974 437 3020 totum
470 2983 777 3019 commune
822 2972 907 3018 est
960 2965 1137 3018 Patris
1183 2972 1237 3016 et
1287 2964 1444 3027 Filii;
1501 2964 1636 3033 quia
1694 2980 1796 3016 nor

1981 2960 2083 3011 per
2148 2950 2364 3007 terram,
2427 2948 2860 3013 fornicationem,
2937 2951 3365 3011 immunditiam,
3430 2951 3615 3004 libidi-

127 3056 212 3124 qui
246 3058 409 3109 Pater
439 3061 541 3115 est.
581 3055 753 3108 Filius
780 3061 878 3107 aut
908 3053 1152 3123 Spiritus
1183 3056 1409 3105 sanctus
1455 3052 1512 3104 in
1564 3068 1810 3120 persona

127 3144 206 3195 hic
233 3150 332 3208 est,
372 3160 477 3197 nec
504 3144 602 3214 qui
646 3144 816 3196 Filius
865 3149 948 3195 est
996 3144 1161 3195 Pater
1213 3147 1311 3193 aut
1358 3140 1605 3210 Spiritus
1655 3156 1809 3193 sanc-

130 3236 209 3285 tus
244 3232 335 3285 hic
369 3238 477 3297 est,
512 3248 613 3284 nec
651 3232 750 3302 qui
788 3230 1031 3301 Spiritus
1081 3235 1306 3283 sanctus
1353 3234 1457 3294 est,
1506 3231 1669 3293 Pater
1710 3234 1810 3279 aut

128 3322 284 3373 Filius
330 3322 425 3373 hic
474 3329 576 3387 est,
629 3321 726 3374 sed
785 3321 845 3373 in
889 3322 1137 3373 essentia
1192 3319 1340 3389 quod
1402 3320 1568 3371 Pater
1605 3322 1705 3383 est,
1752 3322 1809 3370 et

130 3406 303 3473 Filius,
356 3414 414 3461 et
445 3408 693 3477 Spiritus
734 3413 961 3459 sanctus
1006 3408 1112 3459 lioc
1161 3423 1339 3459 unum
1386 3410 1487 3459 est.
1547 3407 1609 3458 Et
1656 3404 1806 3475 quod

128 3496 286 3548 Filius
337 3502 445 3561 est,
504 3498 668 3549 Pater
720 3502 777 3548 et
829 3495 1070 3563 Spiritus
1131 3502 1358 3547 sanctus
1413 3494 1520 3547 hoc
1575 3499 1678 3547 est.
1746 3495 1808 3547 Et

125 3585 259 3651 quod
290 3585 541 3653 Spiritus
588 3591 816 3637 sanctus
859 3588 962 3648 est,
1022 3584 1189 3635 Pater
1236 3587 1291 3634 et
1340 3583 1513 3636 Filius
1545 3584 1650 3635 hoc
1699 3587 1803 3647 est,

124 3672 205 3725 sed
235 3690 345 3726 non
379 3674 588 3742 triplex
640 3672 699 3725 in
756 3673 852 3725 illa
901 3671 1177 3725 Trinitate
1230 3671 1469 3725 deorum
1534 3687 1806 3723 numerus

124 3766 210 3811 est.
246 3763 409 3815 Salva
431 3761 586 3814 enim
618 3760 977 3831 separatione
1008 3775 1383 3829 personarum
1414 3764 1599 3812 totum
1649 3774 1802 3811 com-

126 3864 278 3903 mune
317 3849 635 3903 divinitatis
666 3856 768 3902 est.
804 3870 827 3897 ι

800 3962 925 4015 CAP.
960 3961 1109 4015 XCV.

124 4078 435 4131 Testimonia
482 4082 791 4131 sanctorum
824 4079 1043 4130 Patrum
1072 4081 1261 4130 contra
1307 4090 1391 4128 eos
1430 4077 1527 4143 qui
1564 4077 1803 4142 profana

179 4167 467 4219 intentione
518 4165 843 4217 munditiam
903 4166 1279 4217 ministrorum
1340 4163 1545 4217 Christi
1622 4177 1800 4230 oppu-

1918 3047 2055 3097 nem,
2125 3036 2611 3101 concupiscentiam
2654 3037 2855 3088 malum
2908 3037 3129 3105 (Coloss.
3182 3055 3262 3102 ιιι,
3314 3042 3382 3105 ὅ).
3445 3039 3615 3092 Addit

1920 3120 2093 3173 etiam
2126 3137 2138 3173 :
2176 3123 2400 3189 PrOpter
2440 3138 2558 3189 qua:
2595 3126 2740 3175 venit
2788 3126 2875 3175 ira
2927 3128 3020 3178 Dei
3058 3140 3221 3194 super
3266 3128 3404 3194 ﬁlios
3448 3129 3613 3180 incre-

1919 3207 2191 3261 dulitatis.
2228 3211 2289 3262 1n
2322 3210 2515 3276 quibus
2548 3216 2598 3264 et
2626 3226 2715 3263 vos
2752 3214 2938 3275 fuistis
2988 3213 3286 3281 aliquando
3320 3229 3437 3266 cum
3470 3217 3611 3266 vive-

1917 3299 2049 3350 retis
2106 3300 2164 3350 in
2220 3299 2353 3351 illis.
2420 3291 2573 3352 Nun'c
2622 3306 2800 3352 autem
2858 3301 3108 3368 deponite
3160 3307 3210 3354 et
3259 3318 3349 3355 vos
3406 3305 3609 3367 omnia,

1917 3387 2078 3452 iram,
2123 3386 2571 3451 indignationem,
2606 3390 2896 3453 malitiam,
2942 3390 3349 3457 blasphemiam,
3403 3395 3611 3455 turpem

1917 3488 2208 3527 sermonem
2242 3476 2307 3528 de
2342 3491 2430 3529 ore
2476 3482 2669 3529 vestro.
2712 3477 2793 3530 Ad
2844 3477 2967 3529 hzec
3025 3477 3448 3545 augmentanda
3512 3475 3610 3529 Dei

1921 3563 2094 3615 Filius
2126 3564 2468 3617 concludens
2518 3564 2759 3633 imperat
2792 3582 2803 3618 :
2857 3568 2979 3621 Sint
3019 3566 3217 3618 lumbri
3254 3568 3423 3619 vestri
3463 3581 3604 3633 prae-

1915 3652 2096 3714 cincti,
2147 3656 2197 3702 et
2245 3652 2470 3705 lucernae
2526 3654 2775 3705 ardentes
2816 3655 2874 3705 in
2921 3653 3169 3706 manibus
3217 3655 3411 3706 vestris
3449 3653 3605 3722 (Luc.

1914 3754 2007 3804 xu,
2052 3740 2163 3801 35).
2217 3741 2277 3791 Et
2326 3740 2577 3792 Paulus:
2626 3740 2835 3793 Bonum
2884 3746 2961 3794 est
3005 3743 3278 3794 mulierem
3324 3756 3427 3794 non
3481 3747 3608 3793 tan—

1914 3842 2036 3892 gere
2064 3828 2109 3893 (Ι
2139 3828 2266 3880 Cor.
2302 3843 2397 3891 vn,
2444 3831 2515 3893 l),
2569 3828 2828 3881 videlicet
2890 3830 3052 3898 quasi
3113 3829 3169 3880 in
3202 3833 3354 3881 tactu
3412 3829 3605 3880 statim

1912 3912 2233 3983 periculum
2287 3930 2390 3983 pro
2422 3914 2635 3967 foribus
2681 3916 2917 3968 adesset.
2975 3916 3031 3970 Si
3080 3916 3403 3969 carnalibus
3461 3921 3547 3968 est
3576 3933 3607 3968 a

1912 4007 2061 4055 tactu
2094 4002 2535 4071 temperandum
2568 4008 2623 4055 et
2652 4004 2990 4071 cavendum,
3026 4003 3329 4057 instantius
3374 4003 3602 4073 spirita—

1911 4090 2058 4143 libus
2085 4091 2154 4143 ab
2190 4091 2454 4159 amplexu
2494 4091 2689 4144 illicito
2727 4093 3135 4160 perpetualiter
3178 4092 3602 4145 abstinendum.

1912 4181 2047 4232 Item
2080 4180 2285 4232 Paulus
2321 4194 2332 4233 :
2366 4182 2676 4233 Fornicutio
2719 4186 2897 4232 autem
2938 4187 2989 4233 et
3033 4183 3203 4234 omnis
3251 4181 3605 4234 immunditia

180 4268 340 4316 gnare
360 4253 708 4317 contendunt,
742 4268 905 4320 quam
934 4252 1167 4320 pulchra
1211 4253 1363 4317 virgo
1409 4254 1458 4301 et
1506 4265 1632 4301 vera
1674 4264 1793 4302 ma-

1982 4269 2287 4331 tavaritia,
2330 4282 2422 4319 nec
2443 4269 2747 4319 nominetur
2774 4269 2831 4319 in
2866 4268 3035 4335 vobis,
3083 4270 3221 4321 sicut
3264 4268 3409 4321 decet
3447 4284 3601 4323 sanc-

182 4345 255 4392 ter
304 4343 547 4395 Ecclesia
604 4356 707 4393 non
747 4340 947 4394 habens
986 4340 1255 4392 maculam
1302 4344 1397 4390 aut
1454 4353 1663 4404 rugam,
1722 4338 1805 4389 vel

180 4430 390 4497 aliquid
426 4429 756 4497 hujusmodi,
792 4444 999 4496 semper
1026 4428 1133 4481 sibi
1181 4427 1399 4495 obsequi
1439 4426 1646 4478 illibate
1704 4425 1803 4477 de-

180 4517 321 4581 legit.

181 4622 281 4675 Vox
315 4622 556 4675 tonitrui
588 4621 794 4673 Paulus
838 4620 911 4673 ita
963 4620 1033 4673 de
1084 4620 1365 4673 munditia
1410 4618 1797 4688 prosequitur,

120 4723 230 4761 cum
280 4709 614 4780 vulgaribus
673 4708 1005 4779 conjugium
1055 4707 1452 4777 permitteret:
1499 4709 1799 4775 Unusquis-

121 4812 207 4861 que
239 4813 395 4851 suam
433 4812 655 4851 uxorem
691 4797 904 4860 habeat,
945 4801 994 4848 et
1044 4811 1381 4864 unaquaeque
1418 4810 1573 4849 suum
1623 4798 1798 4848 virum

119 4882 312 4938 habeat.
352 4888 480 4951 Hoc,
514 4885 722 4954 inquit,
767 4884 885 4937 dico
923 4884 1214 4938 secundum
1243 4884 1661 4950 indulgentiam,
1695 4899 1800 4937 non

119 4974 385 5026 secundum
417 4975 724 5042 imperium.
765 4974 890 5026 Volo
936 4978 1114 5025 autem
1172 4987 1347 5025 omnes
1404 4974 1641 5025 homines
1691 4987 1801 5024 esse

118 5061 239 5112 sicut
264 5066 548 5129 meipsum,
588 5062 681 5115 sed
730 5063 1103 5129 unusquisque
1157 5060 1439 5128 proprium
1487 5061 1645 5113 habet
1703 5059 1797 5111 do-

119 5161 231 5201 num
250 5165 315 5202 ex
348 5153 473 5204 Deo.
506 5150 665 5203 Alius
691 5150 909 5217 quidem
938 5152 1032 5215 sic,
1069 5150 1209 5204 alius
1241 5165 1363 5202 vero
1400 5150 1496 5201 sic.
1536 5150 1661 5201 Dico
1692 5163 1798 5200 au-

120 5238 207 5286 tem
233 5252 336 5290 non
384 5240 568 5306 nuptis
614 5243 665 5290 et
705 5236 911 5303 viduis,
955 5237 1148 5290 bonum
1177 5240 1256 5289 est
1285 5226 1401 5289 illis
1434 5238 1483 5289 si
1532 5237 1609 5288 sic
1644 5251 1799 5288 man-

121 5325 269 5377 serint
300 5327 441 5378 sicut
468 5330 517 5377 et
547 5342 640 5393 ego
691 5328 742 5393 (1
791 5326 925 5379 Cor.
972 5342 1066 5390 vn,
1113 5329 1168 5389 2,
1219 5327 1292 5391 6).
1354 5322 1419 5377 Et
1472 5323 1619 5377 idem
1670 5327 1799 5392 post

124 5424 283 5473 pauca
315 5412 371 5465 in
403 5413 602 5466 eadem
636 5414 883 5483 Epistola
910 5413 979 5466 ad
1013 5404 1343 5466 Corinthios
1384 5412 1569 5481 prima
1606 5428 1617 5465 :
1668 5414 1799 5467 Con-

127 5499 287 5552 silium
311 5508 491 5554 antem
521 5502 587 5555 do
634 5509 894 5571 tanquam
939 5502 1366 5557 misericordiam
1418 5506 1723 5555 consecutus
1765 5519 1797 5555 a

1917 4358 2022 4413 tos;
2065 4358 2161 4407 aut
2208 4355 2509 4423 turpitudo,
2560 4360 2655 4407 aut
2702 4357 3120 4423 stultiloquium,
3154 4361 3251 4408 aut
3292 4358 3603 4412 scurrilitas

1914 4457 2031 4509 qua
2061 4442 2135 4494 ad
2170 4458 2281 4494 rem
2313 4445 2561 4508 pertinet,
2592 4442 2686 4495 sed
2717 4446 2891 4509 magis
2936 4446 3245 4509 gratiarum
3292 4448 3453 4499 actio.
3497 4448 3606 4499 Hoc

1913 4532 2054 4581 enim
2080 4531 2265 4582 scitote
2310 4530 2688 4597 intelligentes,
2733 4530 2877 4596 quod
2923 4533 3095 4583 omnis
3157 4534 3461 4597 fornicator
3508 4540 3606 4589 aut

1911 4616 2242 4682 immundus,
2286 4623 2382 4669 aut
2438 4632 2659 4682 avarus,
2710 4617 2855 4685 quod
2897 4622 2975 4670 est
3033 4620 3300 4673 idolorum
3347 4624 3600 4687 servitus,

1910 4721 2015 4759 non
2040 4706 2197 4758 habet
2228 4706 2592 4759 hereditatem
2621 4708 2678 4758 in
2702 4722 2865 4772 regno
2906 4707 3112 4762 Christi
3158 4715 3209 4762 et
3238 4712 3335 4762 Dei
3378 4710 3600 4778 (Ephes.

1912 4810 1963 4859 v,
1999 4794 2069 4862 3).
2108 4795 2173 4846 Et
2202 4794 2373 4861 paulo
2404 4799 2533 4862 post
2565 4810 2576 4846 :
2622 4797 2809 4848 Eratis
2847 4798 2988 4849 enim
3014 4797 3317 4865 aliquando
3355 4799 3601 4863 tenebrae,

1909 4897 2050 4935 nunc
2094 4886 2273 4933 autem
2324 4882 2419 4933 lux
2474 4883 2532 4933 in
2566 4883 2825 4945 Domino;
2882 4890 2941 4936 ut
2979 4885 3084 4952 ﬁlii
3132 4886 3265 4937 lucis
3307 4885 3597 4938 ambulate.

1913 4970 2140 5023 Fructus
2189 4972 2328 5023 enim
2359 4970 2493 5022 lucis
2531 4976 2609 5023 est
2656 4973 2715 5023 in
2744 4974 2889 5025 omni
2935 4973 3171 5025 bonitate
3200 4977 3248 5024 et
3290 4974 3515 5038 justitia
3553 4980 3603 5027 et

1907 5061 2135 5111 veritate
2189 5058 2370 5126 (Ibid,
2426 5058 2501 5127 8).
2560 5059 2653 5112 His
2713 5065 2771 5112 et
2825 5060 2951 5113 aliis
2998 5059 3440 5130 quamplurimis
3493 5078 3601 5114 au-

1908 5146 2261 5199 ctoritatibus
2298 5147 2572 5215 pudicitia
2612 5148 2819 5201 mentis
2873 5154 2928 5201 et
2980 5147 3233 5217 corporis
3292 5162 3472 5216 usque
3530 5150 3599 5202 ad

1908 5235 2080 5288 caelos
2111 5235 2421 5288 extollitur.

2580 5307 2708 5361 CAP.
2750 5305 2925 5361 XCVI.

1981 5414 2043 5465 lu
2088 5412 2314 5465 Nicaeno
2364 5413 2638 5477 Concilio,
2695 5412 2761 5465 de
2824 5410 3252 5466 subintroductis
3282 5412 3602 5469 mulieribus

1906 5504 2059 5568 (can.
2092 5504 2145 5566 3,
2176 5517 2237 5553 ex
2272 5502 2455 5569 prima
2486 5501 2647 5559 edit.)
2684 5517 2693 5552 :
2726 5519 2751 5549 α
2783 5498 3080 5553 Interdixit
3119 5514 3223 5568 per
3255 5500 3451 5553 omnia
3484 5518 3601 5554 ma-
