4044 6174
417 313 522 362 723

1649 308 1761 364 EN
1770 311 1877 364 EKE
1920 309 2065 364 PAR:

2249 309 2342 364 SIS
2381 311 2694 366 EPISCOPI
3786 318 3875 369 7'24

419 457 532 510 gna
580 441 850 510 synodus,
900 456 1013 492 non
1059 438 1348 508 episcopo,
1411 456 1526 491 non
1586 440 1934 508 presbytero,
1993 455 2109 492 non
2148 441 2191 490 A
2226 456 2366 510 quas
2419 445 2654 510 propter
2701 442 2846 494 solas
2904 442 3390 496 necessitudinum
3423 459 3614 496 causas
3652 444 3878 497 habitare

422 530 691 593 Diacono,
726 542 827 578 nec
853 526 1021 578 alicui
1072 525 1309 578 omnino
1361 526 1458 595 qui
1489 526 1544 578 in
1578 527 1730 580 clero
1781 532 1884 584 est,
1943 526 2110 579 licere

421 615 911 669 subintroductam
980 614 1189 667 habere
1252 614 1569 679 mulierem,
1633 615 1744 668 nisi
1796 615 1937 668 forte
1990 629 2109 667 ma-

419 710 586 768 trem,
632 707 730 755 aut
784 717 1060 768 sororem,
1115 706 1212 754 aut
1271 701 1528 766 amitam,
1595 702 1678 754 vel
1742 718 1836 754 eas
1887 706 2112 754 tantum

421 807 690 860 personas
721 805 849 860 qum
893 788 1245 859 suspiciones
1277 789 1578 857 ell‘ugiunt.
1618 791 1732 843 Hoc
1781 793 1971 841 autem
2021 787 2113 841 Ni-

419 895 645 932 coenum
676 877 981 931 concilium
1013 878 1212 930 beatus
1233 879 1565 931 Ambrosius
1604 877 1662 930 in
1712 877 1854 930 libro
1889 879 1956 930 de
1989 877 2115 929 Tri-

421 968 597 1020 nitate
632 969 715 1034 (In
739 967 847 1036 fine
876 982 1066 1035 procer
1095 968 1134 1017 ii
1162 967 1196 1017 ι.
1253 984 1264 1018 l
1321 967 1384 1018 de
1441 967 1549 1023 ﬁde
1583 967 1656 1019 ad
1692 969 1971 1029 Gratian.)
2028 966 2131 1018 his-

420 1055 608 1108 verbis
634 1055 692 1108 in
735 1056 1078 1107 immensum
1122 1054 1319 1106 eﬁ‘ert:
1360 1055 1435 1106 De
1487 1054 1738 1106 conciliis
1775 1054 1829 1106 id
1882 1053 2116 1123 potissi-

422 1159 581 1196 mum
613 1159 840 1212 sequar,
874 1143 1026 1212 quod
1061 1143 1296 1195 trecenti
1331 1142 1526 1195 decem
1577 1148 1633 1194 et
1689 1148 1814 1195 octo
1859 1142 2116 1194 sacerdo-

419 1237 524 1297 tes,
586 1237 859 1300 tanquam
907 1231 1148 1284 Abrahae
1190 1231 1318 1283 lecti
1372 1231 1612 1299 judicio,
1679 1247 1930 1284 consona
1985 1230 2117 1283 ﬁdei

421 1321 632 1372 virtute
676 1319 933 1385 victores,
1000 1319 1151 1371 velut
1195 1325 1474 1388 tropaeum
1523 1325 1640 1372 toto
1690 1321 1824 1372 orbe
1874 1319 2119 1372 subactis

425 1408 660 1477 perﬁdis
692 1408 1019 1460 extulerunt
1062 1423 1073 1458 :
1111 1412 1173 1459 ut
1200 1407 1341 1459 mihi
1383 1407 1642 1460 videatur
1676 1409 1783 1460 hoc
1822 1423 1940 1460 esse
1976 1407 2120 1460 divi-

426 1513 586 1560 num,
622 1495 775 1565 quod
825 1496 1028 1548 eodem
1074 1511 1316 1548 numero
1373 1496 1430 1548 in
1493 1496 1761 1549 Conciliis
1810 1496 2121 1549 habeamus

423 1586 744 1649 oraculum,
787 1601 899 1654 quo
930 1585 989 1637 in
1018 1584 1252 1637 historia
1281 1584 1510 1653 pietatis
1541 1585 1891 1653 exemplum.
1935 1605 1953 1631 ι

1085 1701 1209 1752 Car.
1253 1699 1452 1753 XCVII.

501 1789 560 1840 lu
601 1786 974 1840 decretalibus
1027 1786 1212 1840 Siricii
1269 1803 1454 1856 papas,
1513 1788 1578 1840 de
1634 1789 1840 1840 clericis
1883 1790 2116 1840 inconti-

426 1875 696 1940 nentibus,
730 1892 851 1945 cap.
888 1880 916 1927 7
949 1877 1131 1942 (epist.
1163 1879 1211 1941 l,
1243 1891 1289 1927 c.
1323 1875 1416 1943 7):
1448 1897 1473 1921 ‹‹
1509 1875 1816 1928 Veniamus
1846 1891 1998 1928 nunc
2048 1875 2118 1928 ad

428 1964 836 2018 sacratissimos
869 1964 1100 2017 ordines
1134 1963 1489 2028 clericorum,
1551 1963 1702 2034 quod
1748 1963 1807 2016 in
1847 1978 2119 2016 veneran-

428 2054 515 2106 dae
564 2052 859 2121 religionis
913 2051 1183 2120 injuriam
1244 2051 1321 2103 ita
1379 2067 1480 2120 per
1539 2057 1750 2104 vestras
1804 2051 2121 2120 provincias

425 2142 668 2195 calcatos
735 2145 906 2209 atque
962 2140 1244 2205 confusos,
1303 2140 1578 2192 cbaritate
1637 2145 1736 2192 tua
1795 2139 2121 2192 insinuante

423 2229 768 2299 reperimus,
818 2233 880 2281 ut
917 2228 1180 2282 Jeremize
1233 2228 1397 2281 nobis
1439 2244 1570 2281 voce
1620 2228 1927 2281 dicendum
1981 2228 2051 2280 sit
2107 2244 2120 2280 :

427 2320 554 2384 Quis
582 2318 735 2371 dabit
773 2319 942 2384 capiti
974 2332 1083 2369 meo
1123 2332 1344 2384 aquam,
1379 2322 1474 2368 aut
1503 2318 1670 2370 oculis
1731 2320 1860 2370 meis
1921 2319 2125 2381 fontem

429 2409 823 2474 lacrymarum;
877 2410 927 2458 et
991 2406 1120 2470 ﬂebo
1180 2406 1440 2473 populum
1512 2407 1651 2458 hunc
1699 2405 1787 2457 die
1845 2421 1906 2458 ac
1976 2411 2125 2458 nocte

428 2494 554 2562 (Jer.
585 2494 676 2561 ix).
710 2492 768 2545 Si
799 2508 935 2561 ergo
964 2492 1160 2545 beatus
1191 2494 1471 2561 propheta
1500 2493 1566 2546 ad
1624 2492 1874 2560 lugenda
1926 2493 2126 2561 populi

429 2586 660 2650 peccata
693 2597 804 2632 non
848 2581 954 2633 sibi
978 2581 1058 2633 ait
1087 2581 1364 2649 lacrymas
1394 2597 1557 2649 posse
1589 2582 1870 2638 sufﬁcere.
1914 2586 2126 2650 quanto

431 2685 533 2721 nos
562 2683 864 2735 possumus
893 2667 1107 2733 dolore,
1143 2668 1399 2736 percelli,
1433 2685 1562 2720 cum
1587 2684 1787 2720 eorum
1810 2669 1908 2737 qui
1942 2673 1997 2719 in
2032 2685 2127 2721 no-

433 2762 550 2808 stro
586 2759 718 2807 sunt
753 2769 1013 2824 corpore,
1053 2754 1453 2823 compellimur
1491 2755 1740 2807 facinora
1778 2756 2076 2823 deplorare
2101 2755 2128 2808 ?

436 2844 652 2908 Quibus
712 2843 1020 2912 praecipue,
1075 2843 1386 2896 secundum
1445 2843 1674 2895 beatum
1733 2844 1996 2908 Paulum,
2042 2847 2126 2897 in-

435 2935 643 2986 stantia
673 2931 1012 3000 quotidiana,
1055 2938 1104 2984 et
1133 2932 1440 2984 sollicitudo
1488 2934 1724 2984 omnium
1769 2933 2128 2986 Ecclesiarum

2221 544 2348 582 cum
2384 529 2584 583 iisdem
2617 530 2862 599 synodus
2894 530 3119 584 Nicmna
3152 531 3428 600 permisit.
3462 553 3488 577 »

2953 671 3080 725 CAP.
3125 672 3182 724 C.

2295 791 2661 843 Innocentius
2703 807 2850 861 papa
2872 791 2930 844 in
2985 795 3072 843 l‘i-w
3100 791 3393 856 retalibus,
3426 795 3496 846 De
3527 795 3885 846 incontinentia

2222 878 2562 931 sacerdotum
2607 881 2687 932 vel
2744 881 3047 944 levitarum,
3117 896 3239 949 cap.
3291 884 3376 941 2|,
3451 879 3520 932 ad
3579 880 3886 949 Exuperium

2225 966 2555 1035 episcopum
2585 968 2929 1020 Tolosanum
2969 969 3149 1035 (epist.
3183 969 3233 1033 3,
3267 984 3308 1020 c.
3353 968 3399 1035 l)
3435 984 3446 1019 :
3484 986 3511 1016 α
3561 968 3886 1036 Pr0p0511isti

2226 1055 2362 1124 quid
2396 1054 2463 1107 de
2505 1055 2592 1107 his
2638 1055 2926 1108 observari
2967 1055 3184 1120 debeat,
3233 1071 3377 1125 quos
3425 1055 3485 1107 in
3529 1055 3746 1108 diaconi
3802 1056 3888 1106 mi-

2228 1143 2484 1210 nisterio,
2518 1149 2612 1196 aut
2659 1143 2717 1196 in
2767 1144 2954 1196 ofﬁcio
3000 1143 3340 1213 presbyterii
3387 1142 3620 1213 positos,
3686 1143 3894 1196 inconti-

2229 1237 2426 1285 nentes
2465 1249 2606 1298 esse,
2660 1238 2757 1286 aut
2806 1233 3002 1298 fuisse,
3064 1233 3318 1300 generati
3366 1232 3471 1284 ﬁlii
3526 1232 3889 1301 prodiderunt.

2233 1321 2307 1373 De
2347 1321 2436 1373 his
2462 1327 2516 1373 et
2547 1321 2871 1374 divinarum
2923 1322 3113 1390 legum
3145 1325 3231 1372 est
3279 1320 3598 1389 disciplina,
3635 1326 3688 1372 et
3740 1318 3891 1370 beata

2229 1408 2634 1461 recordationis
2679 1408 2785 1461 viri
2836 1409 3021 1463 Siricii
3069 1407 3323 1477 episcopi
3372 1408 3589 1460 monita
3639 1406 3894 1459 evidentia

2232 1502 2649 1560 commearunt,
2687 1502 2746 1549 ut
2773 1497 3194 1550 incontinentes
3227 1496 3282 1547 in
3317 1495 3518 1548 ofﬁciis
3570 1494 3770 1548 talibus
3811 1510 3899 1562 po-

2233 1584 2326 1637 siti
2359 1585 2518 1637 omni
2567 1587 2784 1638 honore
2828 1584 3202 1638 ecclesiastico
3248 1584 3630 1653 privarentur,
3673 1599 3770 1635 nec
3814 1582 3892 1634 ad-

2235 1671 2535 1725 mittantur
2563 1673 2631 1725 ad
2662 1673 2772 1726 tale
2799 1672 3201 1734 ministerium,
3238 1671 3388 1741 quod
3417 1671 3536 1724 sola
3573 1668 3900 1724 continentia

2230 1765 2455 1830 oportet
2485 1761 2731 1830 impleri,
2769 1782 2790 1808 ι
2826 1766 2957 1822 etc.,
2981 1775 3147 1827 usque
3175 1761 3249 1812 ad
3279 1759 3543 1812 arbitrari
3596 1763 3727 1811 sunt
3765 1756 3900 1809 volu-

2231 1855 2465 1918 ptatem.

2955 1955 3026 2008 CA
3036 1971 3080 2007 1».
3125 1954 3211 2009 CI.

2305 2071 2439 2122 Item
2474 2085 2620 2138 papa
2655 2069 3038 2132 Innocentius,
3072 2069 3224 2134 Quod
3255 2070 3313 2121 hi
3352 2071 3449 2136 qui
3490 2070 3549 2120 in
3597 2068 3900 2134 presbyterio

2230 2159 2368 2225 filios
2422 2160 2725 2224 genuerint,
2757 2159 3018 2210 removeri
3063 2157 3129 2208 ab
3170 2158 3336 2222 o/ﬁcio
3385 2155 3634 2214 debeant,
3681 2169 3793 2221 cap.
3850 2149 3904 2201 ‘23

2232 2247 2408 2314 (epist.
2472 2248 2521 2310 ὅ,
2557 2247 2661 2299 sub
2694 2245 2843 2313 init.)
2880 2261 2891 2297 :
2931 2266 2957 2291 «
3001 2243 3109 2307 Qui
3141 2246 3261 2297 zelo
3313 2244 3443 2296 ﬁdei
3505 2260 3571 2294 ac
3623 2240 3901 2308 disciplina

2236 2335 2435 2386 ductus
2499 2350 2613 2386 non
2680 2335 2896 2402 patitur
2952 2333 3250 2386 Ecclesiam
3313 2331 3488 2400 pollui
3549 2331 3621 2383 ab
3681 2327 3903 2397 indignis

2237 2421 2595 2488 presbyteris,
2647 2435 2789 2488 quos
2831 2419 2889 2471 in
2947 2417 3303 2487 presbyterio
3336 2418 3484 2469 ﬁlios
3539 2415 3743 2468 asserit
3791 2430 3905 2481 pro-

2237 2523 2475 2561 creasse.
2530 2508 2687 2570 Quod
2746 2523 2859 2560 non
2914 2507 3081 2559 licere
3129 2520 3499 2576 exponerem,
3554 2504 3666 2556 nisi
3712 2517 3904 2555 nossem

2237 2601 2479 2648 vestram
2524 2595 2885 2662 prudentiam
2919 2595 3062 2662 legis
3093 2594 3266 2645 totius
3298 2592 3505 2644 habere
3556 2591 3828 2643 notitiam.
3861 2590 3907 2640 Et

2239 2685 2381 2745 ideo,
2413 2684 2613 2736 fratres
2644 2683 2983 2746 charissimi,
3033 2681 3208 2734 libelli
3238 2681 3334 2750 qui
3383 2681 3674 2748 subjectus
3710 2683 3786 2732 est
3838 2683 3908 2729 te-

2239 2788 2378 2825 nore
2410 2777 2722 2840 perspecto,
2781 2788 2876 2823 eos
2922 2770 3021 2840 qui
3067 2771 3201 2822 talia
3253 2775 3614 2838 perpetrasse
3670 2767 3907 2820 dicuntur

2233 2861 2428 2928 jubete
2455 2860 2510 2911 in
2537 2859 2725 2911 medio
2759 2857 3044 2924 collocari,
3090 2857 3472 2926 discussisque
3523 2854 3908 2925 objectionibus

2241 2948 2530 3017 quaeipsis
2581 2946 2925 3017 presbyteris
2977 2945 3401 3014 impinguntur,
3437 2943 3482 2995 si
3537 2941 3788 2995 convinci
3831 2954 3908 3007 po-

438 3023 802 3075 indcsinenter
848 3020 1126 3073 incumbit.
1193 3020 1327 3083 Quis
1382 3023 1524 3072 enim
1565 3021 1896 3086 infirmatur,
1949 3028 1999 3073 et
2037 3037 2062 3073 e

2249 3035 2476 3100 tuerint,
2513 3051 2545 3088 a
2579 3034 2910 3087 sacerdotali
2943 3039 3344 3086 removeantur
3392 3031 3615 3096 ofﬁcio;
3653 3031 3777 3100 quia
3829 3043 3903 3096 qui

437 3128 540 3165 non
592 3112 877 3177 inﬁrmor?
927 3111 1057 3174 Quis
1100 3109 1531 3171 scandalizatur,
1587 3115 1636 3161 et
1676 3125 1768 3175 ego
1815 3126 1917 3162 non
1963 3114 2130 3162 uror?

439 3202 520 3265 (Il
552 3200 671 3254 Cor.
704 3198 796 3262 x1.)
828 3197 1111 3249 Plurimos
1157 3197 1309 3250 enim
1351 3197 1671 3249 sacerdotes
1706 3198 1910 3251 Christi
1962 3204 2134 3267 atque

439 3287 636 3340 levitas
667 3290 796 3354 post
827 3285 997 3353 longa
1036 3285 1476 3338 consecrationis
1526 3301 1640 3338 sum
1688 3291 1965 3354 tempora,
2018 3292 2135 3338 tam

443 3376 512 3428 de
546 3373 828 3442 conjugiis
860 3374 1129 3442 propriis,
1161 3389 1333 3441 quam
1375 3373 1549 3424 etiam
1581 3374 1648 3425 de
1680 3374 1830 3441 turpi
1861 3374 2014 3426 coitu
2047 3390 2134 3426 so-

442 3464 630 3517 bolem
675 3461 978 3515 didicimus
1031 3476 1376 3529 procreasse,
1434 3467 1491 3512 et
1542 3461 1758 3513 crimen
1813 3478 1978 3514 suum
2035 3462 2138 3513 hac

443 3550 874 3620 praescriptione
942 3548 1265 3614 defendere,
1340 3549 1476 3617 quia
1536 3549 1720 3601 Veteri
1779 3550 2138 3603 Testamento

443 3638 833 3691 sacerdotibus
859 3653 922 3689 ac
965 3637 1238 3688 ministris
1283 3637 1598 3706 generandi
1651 3639 1886 3690 facultas
1933 3639 2142 3708 legitur

445 3725 738 3788 attributa,
778 3746 796 3770 ι
835 3731 963 3784 etc.,
997 3740 1166 3793 usque
1194 3726 1268 3777 ad
1291 3727 1572 3778 senserint
1607 3726 1967 3779 medicinam.

1094 3840 1221 3894 CAP.
1256 3840 1477 3894 XCVIII.

523 3941 579 3991 In
629 3937 862 4002 eisdem,
940 3940 1012 3990 De
1078 3939 1421 4001 Clericorum,
1483 3942 1839 3998 emn‘ersione,
1864 3955 1985 4006 cap.
2048 3942 2078 3986 9
2128 3955 2138 3988 :

451 4052 474 4073 η
529 4027 865 4092 Quicunque
925 4026 1114 4095 itaque
1170 4043 1226 4078 se
1304 4027 1560 4078 Ecclesize
1616 4027 1762 4078 vovit
1825 4027 2139 4094 obsequiis,

449 4133 481 4168 a
509 4132 610 4168 sua
641 4114 878 4167 infantia
911 4120 1039 4166 ante
1062 4115 1377 4182 pubertatis
1403 4130 1578 4166 annos
1628 4114 1928 4182 baptizari,
1973 4119 2029 4168 et
2063 4115 2139 4166 le-

448 4209 668 4256 ctorum
701 4203 870 4255 debet
899 4201 1214 4254 ministerio
1241 4201 1445 4254 sociari
1481 4218 1492 4252 ε
1536 4201 1634 4270 qui
1667 4218 1892 4254 accessu
1947 4203 2143 4255 adole-

2242 3125 2419 3177 sancti
2460 3141 2574 3176 non
2608 3127 2756 3188 sunt,
2791 3133 2983 3175 sancta
3014 3126 3231 3175 tentare
3290 3138 3402 3172 non
3443 3125 3705 3188 possunt,
3764 3123 3907 3185 atque

2243 3211 2824 3267 alieniefﬁciuntura
2856 3211 3195 3273 ministerio,
3249 3209 3402 3278 quod
3453 3208 3697 3260 vivendo
3750 3205 3910 3257 illicite

2244 3301 2596 3371 polluerunt.
2626 3299 2895 3352 Miramur
2924 3304 3115 3351 autem
3169 3298 3288 3350 haec
3321 3312 3522 3349 eorum
3586 3294 3911 3348 dissimulare

2247 3391 2563 3458 episcopos,
2595 3393 2656 3440 ut
2684 3393 2782 3440 aut
2811 3385 3136 3453 connivere,
3173 3392 3270 3438 aut
3318 3384 3540 3437 nescire
3584 3399 3703 3436 esse
3747 3381 3912 3434 illicita

2242 3477 2590 3548 judicentur.
2628 3495 2654 3524 ι)

2951 3583 3076 3635 Car.
3122 3580 3230 3634 CII.

2321 3701 2554 3754 Sanctus
2581 3700 2817 3753 Siricius
2848 3712 2998 3766 papa
3037 3696 3093 3748 in
3131 3695 3370 3748 Ecclesia
3404 3695 3556 3746 beati
3612 3692 3760 3746 Petri
3803 3705 3916 3758 apo-

2252 3788 2527 3840 stolorum
2557 3785 2835 3855 principis
2865 3787 2922 3836 in
2954 3782 3192 3836 concilio
3243 3782 3525 3845 residens,
3565 3785 3625 3834 et
3686 3779 3916 3832 fratribus

2253 3881 2310 3928 et
2347 3874 2696 3943 coepiscopis
2725 3889 2827 3942 per
2857 3872 3103 3924 Africam
3140 3870 3514 3923 ecclesiastica
3553 3870 3686 3939 jura
3735 3864 3917 3920 descri-

2255 3966 2411 4027 bens,
2438 3963 2586 4015 inter
2618 3966 2822 4014 cmtera
2852 3960 2973 4013 haec
2999 3962 3065 4012 de
3105 3959 3377 4027 pudicitia
3420 3958 3623 4009 intulit
3671 3959 3836 4023 (epist.
3877 3953 3916 4006 4.

2258 4069 2312 4104 n.
2345 4054 2399 4120 9)
2435 4067 2448 4103 :
2487 4073 2506 4097 ι
2542 4052 2841 4107 Praeterea.
2875 4048 3026 4118 quod
3061 4047 3296 4116 dignum
3331 4051 3387 4098 et
3412 4046 3693 4114 pudicum
3747 4050 3797 4096 et
3835 4041 3919 4093 ho-

2256 4145 2485 4193 nestum
2549 4145 2652 4203 est,
2710 4137 3014 4190 suademus
3093 4136 3413 4187 sacerdotes
3464 4140 3523 4186 et
3594 4133 3772 4186 levitze
3815 4142 3919 4181 cum

2257 4228 2528 4282 uxoribus
2571 4227 2684 4279 suis
2731 4241 2844 4279 non
2889 4230 3108 4287 coeant,
3161 4223 3289 4293 quia
3354 4222 3411 4274 in
3471 4220 3790 4274 ministerio
3834 4216 3915 4269 mi-

615 4290 624 4299 .
1072 4289 1080 4297 .
1187 4289 1196 4298 .
1543 4289 1550 4297 .
1894 4291 1902 4300 ,
2260 4275 2525 4282 --ν---η-
2731 4275 2844 4279 -νκ
3177 4275 3196 4293 ι

450 4297 682 4344 δθθωιω
709 4305 887 4385 impie
911 4288 979 4341 ad
1013 4295 1364 4341 tricesimum
1399 4295 1586 4341 {matis
1612 4306 1828 4342 annum
1863 4308 1906 4342 ⁵¹
1933 4292 2138 4359 pmba'
2182 4275 2225 4325 Β
2259 4316 2419 4368 nistri
2448 4313 2793 4385 quotidiauis
2821 4312 3250 4365 necessitatibus
3278 4316 3661 4378 occupantur.
3714 4307 3788 4361 Ad
3841 4304 3919 4356 Co-

452 4381 646 4433 bililer
676 4377 895 4440 vixerit,
947 4392 1060 4428 una
1103 4382 1348 4436 tantum.
1399 4382 1453 4430 et
1503 4395 1586 4444 ea,
1642 4395 1813 4446 quam
1865 4380 2144 4449 virginem

453 4467 745 4521 communi
793 4481 894 4533 per
951 4464 1299 4518 sacerdotem
1347 4465 1749 4519 benedictione
1809 4467 2145 4538 perceperit,

453 4571 628 4610 uxore
683 4558 1003 4618 contentus,
1083 4554 1376 4624 acolythus
1440 4561 1495 4608 et
1561 4556 1946 4609 subdiaconus
2028 4571 2149 4608 esse

453 4643 704 4700 debebit.
737 4645 866 4696 Post
891 4659 1017 4712 qua:
1041 4643 1113 4696 ad
1144 4642 1387 4696 diaconii
1409 4645 1671 4712 gradum,
1705 4646 1752 4698 si
1786 4661 1844 4698 se
1876 4646 1996 4716 ipse
2025 4646 2150 4714 pri—

457 4734 632 4788 mitus
662 4731 1014 4786 continentia
1046 4731 1337 4801 praeeunte
1378 4733 1616 4801 dignum
1670 4735 1944 4804 probarit,
1991 4751 2149 4787 acce-

457 4825 572 4876 dat.
608 4822 712 4874 Ubi
741 4821 787 4873 si
808 4821 952 4873 ultra
978 4821 1234 4889 quinque
1261 4837 1443 4873 annos
1465 4823 1828 4876 laudabiliter
1858 4823 2149 4876 ministra-

457 4912 548 4976 rit,
581 4924 830 4979 congrue
857 4908 1277 4977 presbyterium
1318 4917 1720 4978 consequetur.
1766 4912 1977 4965 Exinde
2028 4916 2154 4982 post

456 4999 798 5054 decennium
831 4996 1211 5066 episcopalem
1255 4997 1581 5051 cathedram
1634 4999 1846 5068 poterit
1893 5000 2149 5068 adipisci,

457 5089 504 5143 si
558 5093 672 5141 tam
731 5101 835 5156 per
881 5085 1000 5137 hasc
1056 5089 1315 5153 tempora
1359 5087 1654 5156 integritas
1715 5088 1844 5140 vitae
1899 5103 1964 5140 ac
2018 5087 2152 5141 ﬁdei

457 5178 581 5247 ejus
602 5174 776 5229 fuerit
794 5172 1126 5243 approbata.
1168 5191 1192 5220 »

1135 5287 1262 5341 CAP.
1305 5288 1480 5342 XCIX.

532 5381 672 5432 Item
725 5379 785 5430 in
837 5376 1050 5429 eisdem
1103 5375 1507 5441 Decretalibus,
1570 5379 1702 5442 Qum
1761 5381 1976 5442 feminae
2035 5393 2155 5430 cum

459 5467 666 5518 clericis
715 5465 976 5531 habitent,
1025 5480 1149 5533 cap.
1186 5466 1248 5516 l2
1283 5479 1294 5515 :
1334 5487 1356 5510 (ι
1397 5465 1654 5518 Feminas
1685 5481 1817 5518 vero
1867 5482 1982 5519 non
2015 5465 2154 5519 alias

461 5571 581 5607 esse
617 5554 867 5623 patimur
891 5553 948 5605 in
979 5552 1245 5606 domibus
1275 5552 1612 5606 clericorum
1657 5556 1766 5608 nisi
1796 5572 1889 5608 eas
1929 5560 2152 5608 tantum

2257 4405 2500 4456 riutliios
2531 4418 2780 4472 namque
2827 4401 3036 4453 Paulus
3083 4399 3159 4450 sic
3200 4398 3449 4450 scribens
3504 4397 3635 4450 ait:
3679 4395 3921 4450 Αὸειίηειι·

2257 4509 2348 4546 vos
2389 4498 2447 4544 ut
2493 4494 2693 4544 vacetis
2739 4491 2974 4542 orationi
3020 4490 3062 4554 (Ι
3105 4488 3232 4541 Cor.
3297 4487 3416 4554 vu).
3481 4487 3540 4538 Si
3600 4501 3736 4553 ergo
3793 4480 3921 4535 laicis

2261 4579 2604 4633 abstinentia
2644 4579 2976 4647 imperatur,
3008 4583 3071 4629 ut
3101 4575 3315 4645 possint
3331 4575 3710 4644 deprecantes
3748 4567 3918 4623 audiri.

2260 4673 2474 4738 quanto
2507 4667 2688 4732 magis
2728 4666 2986 4718 sacerdos
3029 4665 3225 4732 utique
3249 4663 3403 4715 omni
3451 4667 3745 4714 momento
3789 4670 3920 4728 para-

2258 4763 2350 4810 tus
2383 4773 2502 4808 esse
2535 4756 2724 4818 debet,
2775 4753 3070 4807 munditia!
3103 4751 3337 4821 puritati
3395 4767 3654 4815 securus,
3718 4764 3784 4800 ne
3847 4747 3923 4796 aut

2261 4845 2599 4898 sacriﬁcium
2653 4842 2870 4904 olferat,
2932 4847 3028 4894 aut
3087 4841 3372 4910 baptizare
3429 4844 3693 4907 cogatur.
3745 4834 3840 4897 Qui
3890 4831 3922 4879 si

2261 4933 2677 4989 contaminatus
2705 4931 2877 4984 fuerit
2907 4929 3120 4982 carnali
3161 4927 3643 4997 concupiscentia,
3693 4923 3818 4994 quid
3859 4920 3920 4970 fa-

2263 5023 2411 5076 ciet?
2441 5021 2698 5085 Qualiter
2729 5035 2786 5072 se
2819 5017 3154 5072 excusabit?
3200 5017 3320 5080 Quo
3354 5016 3600 5084 pudore,
3626 5030 3738 5084 qua
3769 5011 3922 5063 mente

2263 5109 2606 5179 usurpabit?
2637 5108 2758 5171 Qua
2783 5105 3147 5169 conscientia,
3181 5120 3295 5174 quo
3329 5103 3534 5156 merito
3570 5119 3630 5154 se
3666 5101 3753 5154 hic
3783 5108 3924 5150 exau‘

2264 5199 2374 5251 diri
2405 5198 2605 5263 credit,
2638 5212 2767 5260 cum
2808 5195 3020 5248 dictum
3055 5193 3125 5246 sit
3159 5209 3170 5245 :
3219 5193 3417 5245 Omnia
3463 5191 3674 5244 munda
3719 5183 3920 5242 mundis.

2265 5288 2627 5354 coinquinatis
2649 5291 2827 5337 autem
2857 5289 2905 5335 et
2926 5282 3232 5349 infidelibus
3262 5281 3404 5332 nihil
3429 5279 3694 5332 mundum
3723 5278 3844 5345 (Tit.
3874 5275 3921 5328 Il-

2265 5375 2385 5438 Qua
2417 5375 2484 5428 de
2511 5391 2568 5426 re
2599 5375 2816 5437 hortor,
2850 5387 3078 5434 moneo,
3128 5385 3286 5438 rogo,
3324 5369 3560 5420 tollatur
3598 5368 3707 5420 hoc
3749 5373 3920 5433 oppro-

2266 5463 2475 5524 brium,
2505 5461 2655 5532 quod
2713 5463 2895 5530 potest
2938 5459 3067 5528 jure
3114 5458 3286 5511 etiam
3343 5454 3638 5525 gentilitas
3676 5462 3918 5506 accusare.

2267 5555 2430 5606 Forte
2457 5552 2561 5604 hoc
2609 5548 2879 5612 creditur,
2927 5547 3059 5617 quia
3120 5547 3389 5616 scriptum
3451 5547 3534 5596 est
3570 5560 3582 5596 :
3621 5544 3784 5597 Unius
3823 5549 3921 5589 uro-
