4044 6174
168 283 254 331 7'25
1422 288 1627 342 LIBER
1666 290 2029 347 ADVERSUS
2067 293 2383 350 GRAECOS.
3541 304 3567 347 7
3580 303 3642 350 τὶίὴ

162 414 228 462 ris
263 414 435 462 virum
480 411 532 475 (Ι
554 413 690 463 Tim.
737 418 837 470 iu).
884 413 1006 466 Non
1038 419 1468 481 permanentem
1514 416 1573 470 in
1623 434 1826 472 concu-
1862 422 1910 472 Α
1939 435 2069 472 cum
2101 421 2167 473 ad
2227 421 2526 489 praedictos
2564 423 2924 491 pervenerint
2954 425 3184 494 gradus,
3216 425 3388 495 ccepit
3418 426 3500 480 eis
3531 444 3646 481 non

159 496 417 564 piscentia
456 497 771 565 generandi
809 499 968 565 dixit,
1007 501 1103 553 sed
1136 508 1369 570 propter
1415 503 1835 562 continentiam

155 584 411 637 futuram.
444 586 638 655 Neque
679 587 836 640 enim
872 587 1124 658 integros
1160 606 1273 641 non
1318 591 1550 644 admisit
1581 593 1679 662 qui
1713 593 1791 645 ait
1823 609 1835 646 :

168 673 252 724 Vel
288 677 467 724 autem
514 689 693 726 omnes
743 675 982 729 homines
1016 681 1092 728 sic
1143 693 1272 736 esse,
1338 683 1500 731 sicuti
1550 684 1600 730 et
1646 696 1737 747 ego
1792 682 1843 746 (Ι

158 761 265 813 Cor.
303 760 418 829 vn).
454 762 519 814 Et
565 763 818 830 apertius
856 764 1104 816 declarat
1145 765 1342 817 dicens
1376 781 1387 818 :
1433 767 1535 830 Qui
1571 773 1751 821 autem
1783 771 1837 820 in

156 863 305 900 carne
341 855 488 912 sunt,
531 853 639 902 Deo
671 853 888 919 placere
923 868 1029 905 non
1070 858 1324 920 possunt.
1379 856 1477 907 Vos
1516 861 1696 908 autem
1717 857 1839 924 jam

155 951 250 987 non
287 940 414 988 estis
459 941 512 989 in
565 954 743 1002 carne,
795 939 890 991 sed
935 943 989 991 in
1041 943 1241 1007 spiritu
1300 943 1473 1008 (Rom.
1527 942 1662 1010 vm.)
1709 945 1837 996 Haec

153 1027 350 1092 itaque,
401 1024 623 1091 fratres,
669 1026 712 1077 si
768 1026 934 1094 plena
983 1027 1282 1096 vigilantia
1329 1028 1541 1081 fuerint
1591 1030 1661 1082 ab
1719 1046 1835 1082 om-

153 1109 307 1163 nibus
362 1113 679 1178 observata,
740 1115 979 1167 cessabit
1039 1116 1298 1179 ambitio,
1351 1118 1625 1170 dissensio
1699 1135 1833 1172 con-

149 1199 416 1267 quiescet,
473 1202 717 1254 heereses
765 1209 819 1254 et
870 1203 1174 1255 schismata
1220 1221 1337 1257 non
1387 1211 1701 1275 emergent,
1750 1208 1833 1260 lo-

147 1302 264 1340 cum
295 1304 414 1341 non
446 1289 682 1358 accipiet
712 1291 970 1343 diabolus
1005 1292 1310 1356 saeviendi;
1346 1294 1596 1346 manebit
1623 1297 1833 1346 unani-

145 1374 322 1441 mitas,
376 1376 651 1447 iniquitas
701 1385 968 1446 superata
1017 1381 1374 1434 calcabitur:
1429 1382 1672 1434 Charitas
1723 1383 1833 1452 sp?-

144 1463 284 1515 ritali
343 1464 565 1518 fervore
614 1466 898 1535 ﬂagrabit,
944 1483 1052 1535 pax
1105 1468 1414 1536 prmdicata
1469 1470 1634 1521 labiis
1701 1486 1828 1522 cum

143 1553 424 1605 voluntate
453 1555 847 1619 concordabit;
891 1571 998 1624 pax
1032 1556 1227 1625 utique
1260 1557 1361 1609 Dei
1409 1558 1590 1611 nostri
1638 1559 1827 1612 Salva-

141 1638 293 1706 toris,
323 1656 498 1710 quam
531 1643 826 1711 proximus
857 1643 1109 1712 passioni
1141 1645 1477 1697 servandam
1511 1661 1632 1698 esse
1675 1661 1830 1714 pras-

138 1727 298 1796 cepit,
327 1734 386 1780 et
420 1728 844 1784 hereditariam
881 1731 1043 1784 nobis
1085 1731 1214 1801 jure
1250 1733 1557 1803 dereliquit
1585 1733 1779 1786 dicens
1812 1750 1824 1786 :

141 1816 315 1867 Pacem
370 1832 543 1870 meam
584 1818 650 1870 do
703 1820 870 1876 vobis.
919 1836 1108 1888 pacem
1170 1837 1339 1874 meam
1378 1823 1625 1886 relinquo
1683 1823 1830 1874 vobis

138 1902 303 1969 (Joan.
364 1903 495 1973 xiv).
541 1906 604 1958 Et
648 1905 864 1959 dictum
897 1909 1153 1976 Apostoli
1185 1925 1197 1961 ε
1234 1911 1301 1962 Ut
1349 1914 1629 1962 unanimes
1661 1925 1828 1961 unum

136 1995 418 2044 sentientes
455 2009 871 2060 pe-rmaneamus
919 2000 976 2048 in
1014 1997 1251 2061 Christo;
1286 1997 1426 2050 nihil
1473 2013 1570 2065 per
1617 2003 1829 2050 conten-

139 2082 321 2132 tionem
364 2081 534 2141 nobis,
583 2098 754 2146 neque
796 2099 897 2151 per
936 2088 1150 2138 inanem
1181 2086 1413 2152 gloriam.
1456 2086 1822 2149 vindicantes;

137 2182 220 2218 nec
265 2168 594 2231 hominibus,
640 2173 736 2224 sed
786 2174 894 2224 Deo
949 2178 1130 2226 nostro
1184 2174 1459 2228 Salvatori
1507 2175 1825 2242 placeamus

138 2255 354 2324 (Philip.
391 2257 468 2324 ii).
506 2258 599 2310 His
633 2260 930 2328 praeceptis
976 2260 1247 2313 omnibus
1278 2261 1323 2312 si
1355 2261 1602 2314 ﬁdeliter
1630 2263 1820 2314 volue-

137 2343 303 2395 rimus
332 2344 593 2409 obedire,
626 2347 907 2400 custodiet
952 2348 1230 2400 Dominus
1267 2363 1507 2416 corpora
1552 2353 1746 2402 nostra
1769 2357 1826 2403 et

134 2430 346 2484 animas
387 2438 610 2486 nostras
643 2435 698 2487 in
745 2435 837 2488 die
873 2452 986 2505 qua
1017 2437 1343 2490 redditurus
1400 2443 1483 2490 est
1513 2437 1824 2507 unicuique

133 2520 440 2573 secundum
493 2537 665 2591 opera
707 2539 828 2576 sua.
884 2524 942 2578 Si
1003 2524 1132 2594 quis
1175 2541 1309 2577 sane
1360 2525 1588 2577 inﬂatus
1635 2530 1824 2579 mente

131 2607 308 2658 carnis
337 2622 457 2660 suae
497 2609 567 2661 ab
605 2609 711 2661 hac
749 2611 983 2662 canonis
1014 2610 1233 2663 ratione
1282 2612 1528 2664 voluerit
1572 2613 1819 2681 evagari,

131 2694 260 2747 sciat
299 2712 362 2748 se
405 2701 461 2747 et
509 2713 541 2748 a
580 2704 775 2751 nostra
810 2699 1217 2751 communione
1258 2699 1564 2763 seclusum,
1618 2713 1670 2753 et
1717 2717 1822 2770 ge-

132 2782 326 2835 hennae
361 2799 562 2852 pmnas
594 2785 947 2838 habiturum.
977 2787 1253 2840 Printerea
1274 2786 1663 2840 misericordia
1689 2804 1819 2840 cum

122 2868 330 2937 judicio
381 2888 502 2925 esse
543 2873 728 2927 debet.
774 2874 1005 2926 Talibus
1039 2874 1191 2926 enim
1235 2879 1465 2942 oportet
1501 2875 1820 2928 labentibus

129 2973 355 3012 manum
389 2960 707 3030 porrigere,
739 2978 868 3031 quae
900 2961 979 3014 sic
1008 2968 1331 3015 currentem
1367 2978 1478 3016 non
1525 2965 1820 3032 pertrahat

125 3046 174 3099 in
219 3048 470 3100 ruinam.
521 3051 724 3103 Datum
773 3050 962 3103 Romae
1010 3050 1069 3102 in
1119 3050 1359 3104 concilio
1414 3051 1816 3120 episcoporum

126 3136 412 3204 octoginta
434 3136 540 3189 sub
574 3137 665 3190 die
697 3154 790 3189 v1n
823 3138 951 3190 ldus
982 3139 1282 3191 Ianuarias
1298 3143 1425 3208 post
1453 3140 1813 3191 consulatum

125 3223 334 3276 Arcadii
371 3225 614 3294 Augusti
647 3231 702 3278 et
728 3225 998 3279 Bautonis
1029 3242 1114 3277 vv.
1149 3243 1225 3279 cc.
1261 3242 1448 3280 conss.
1487 3249 1511 3270 η

813 3338 941 3390 CAP.
981 3338 1123 3391 CIII.

187 3451 246 3503 In
304 3450 692 3505 decretalibus
753 3469 914 3522 paper
969 3453 1214 3506 Leonis:
1269 3455 1423 3518 Quod
1467 3455 1814 3507 subdiaconis

118 3541 327 3593 carnale
353 3539 685 3593 conn-abtum
715 3541 1028 3608 denegetu-r,
1063 3557 1185 3612 cap.
1219 3543 1287 3596 34
1318 3546 1501 3611 (epist.
1537 3545 1624 3605 8i,
1655 3559 1702 3596 c.
1725 3541 1807 3612 4):

124 3648 140 3671 ε
175 3626 314 3680 Nam
378 3643 511 3680 cum
561 3633 720 3680 extra
768 3630 1106 3682 clericorum
1165 3630 1428 3684 ordinem
1486 3630 1810 3682 constitutis

118 3716 448 3784 nuptiarum
483 3717 760 3779 societati,
797 3722 854 3770 et
884 3718 1270 3788 procreationi
1299 3718 1552 3772 ﬁliorum
1585 3719 1812 3772 studere

117 3803 182 3856 sit
221 3805 478 3858 liberum
528 3805 861 3871 arbitrium;
911 3807 980 3860 ad
1019 3806 1400 3860 exhibendam
1449 3812 1644 3860 tamen
1688 3823 1812 3876 per-

113 3890 264 3946 fecte
297 3895 675 3948 continentiae
699 3896 1012 3964 puritatem
1042 3912 1155 3948 non
1189 3895 1552 3949 subdiaConis
1574 3896 1809 3965 quidem

113 3982 460 4034 connubium
492 3985 718 4034 carnale
752 3983 1109 4049 conceditur;
1153 3990 1214 4036 ut
1257 3990 1306 4035 et
1338 3989 1433 4048 qui
1472 3983 1670 4036 habent
1700 3987 1810 4036 sint

113 4074 370 4133 tanquam
418 4087 525 4122 non
568 4071 822 4125 habentes
867 4073 917 4138 (Ι
972 4073 1090 4126 Cor.
1140 4089 1225 4132 vn,
1279 4075 1400 4139 29);
1449 4078 1503 4124 et
1545 4072 1644 4142 qui
1692 4088 1806 4124 non

111 4155 332 4218 habent,
373 4164 749 4227 permaneant
792 4159 1128 4228 singulares.
1176 4160 1336 4223 Quod
1383 4161 1424 4211 si
1466 4160 1523 4211 in
1563 4161 1669 4212 hoc
1710 4176 1808 4212 or-

109 4243 232 4296 dine
265 4247 371 4315 qui
407 4251 646 4314 quartus
682 4252 765 4298 est
811 4263 842 4298 a
869 4247 1075 4316 capite,
1104 4247 1343 4316 dignum
1384 4252 1466 4300 est
1510 4247 1803 4310 custodiri,

109 4339 317 4401 quanto
354 4335 538 4404 magis
569 4333 626 4386 in
667 4334 853 4403 primo
884 4335 970 4387 vel
1004 4337 1250 4388 secundo
1301 4334 1538 4387 tertiove
1577 4351 1806 4388 servan-

107 4420 234 4474 dum
284 4427 394 4489 est,
458 4439 528 4474 ne
573 4427 672 4474 aut
711 4422 962 4487 Ievitico,
1012 4429 1110 4476 aut
1138 4423 1509 4492 presbyterali
1565 4424 1802 4486 honore,

108 4514 199 4560 aut
227 4509 544 4580 episcopali
572 4510 905 4563 excellentia
936 4512 1238 4581 quisquam
1269 4512 1510 4564 idoneus
1557 4511 1802 4564 testime-

106 4599 210 4659 tur,
247 4597 352 4667 qui
385 4615 444 4650 se
488 4615 518 4650 a
559 4599 850 4668 voluptate
894 4600 1090 4652 uxoris
1130 4600 1372 4652 necdum
1415 4599 1664 4652 frenasse
1713 4600 1806 4652 de-

107 4686 341 4753 tegitur.
385 4711 404 4731 η

811 4786 939 4838 CAP.
970 4783 1108 4838 CIV.

175 4897 281 4949 Leo
332 4913 486 4966 papa
544 4898 613 4950 ad
657 4898 948 4951 Rusticum
1000 4898 1334 4969 episcopum
1381 4901 1801 4952 Narbonensem

104 4983 409 5052 epistolam
437 4985 761 5055 porrigens,
798 4993 852 5039 et
880 4987 948 5040 ad
979 4989 1235 5057 ejusdem
1269 4989 1526 5041 consulta
1561 5004 1797 5057 respon-

106 5071 240 5126 dens
271 5075 425 5127 inter
451 5081 660 5128 caetera
691 5074 846 5140 dicit,
872 5091 993 5145 cap.
1030 5079 1059 5129 3
1084 5076 1265 5144 (epist.
1291 5079 1380 5143 92,
1405 5076 1667 5146 inquisit.
1697 5079 1749 5130 3)
1787 5093 1800 5129 :

108 5181 132 5203 υ
168 5161 243 5213 De
296 5161 388 5214 his
456 5163 557 5231 qui
611 5163 774 5215 altari
843 5163 1191 5230 ministrant,
1254 5171 1310 5217 et
1375 5171 1644 5235 coniuges
1701 5165 1798 5218 lia-

107 5247 257 5316 bent,
299 5254 496 5302 utrum
546 5249 628 5302 eis
669 5250 821 5303 licito
863 5251 1231 5306 misceantur.
1281 5255 1386 5305 Lex
1433 5253 1800 5306 continentia:

107 5338 302 5390 eadem
368 5344 451 5392 est
509 5339 701 5391 altaris
755 5339 1048 5400 ministris,
1110 5356 1240 5410 quae
1294 5342 1575 5411 episcopis
1630 5348 1800 5412 atque

108 5426 471 5494 presbyteris.
506 5427 608 5489 Qui
645 5443 774 5480 cum
816 5433 1002 5481 essent
1042 5429 1165 5480 laici
1193 5429 1307 5481 sive
1350 5431 1600 5489 lectores,
1650 5431 1800 5483 licite

109 5519 158 5563 et
185 5529 393 5566 uxiires
423 5514 648 5574 ducere,
686 5521 738 5564 et
784 5516 926 5568 [ilics
968 5532 1264 5586 procreare
1309 5523 1659 5586 potuerunt:
1703 5518 1795 5571 sed

1950 508 2119 561 licere
2165 509 2318 578 quod
2359 509 2538 562 licuit.
2588 510 2744 564 Unde
2788 517 2847 564 ut
2882 513 2950 564 de
2991 514 3204 566 carnali
3245 514 3343 567 ﬁat
3393 516 3646 585 spiritale

1949 595 2306 666 conjugium,
2339 603 2561 668 oportet
2583 614 2676 650 eos
2699 615 2802 651 nec
2827 600 3114 655 dimittere
3137 618 3361 669 uxores,
3399 609 3454 656 et
3483 603 3646 674 quasi

1949 699 2064 752 non
2114 684 2364 738 habeant
2407 685 2486 738 sic
2524 687 2762 750 habere;
2813 704 2924 756 quo
2975 694 3030 740 et
3076 691 3226 742 salva
3278 691 3352 743 sit
3399 693 3645 746 Charitas

1949 772 2392 840 connubiorum,
2425 779 2478 826 et
2510 779 2692 826 cesset
2722 775 2978 843 operatio
3011 777 3364 846 nuptiarum.
3402 799 3426 828 ι)

2658 889 2786 942 CAP.
2823 888 2929 940 CV.

2018 1001 2155 1053 Item
2209 1003 2316 1054 Leo
2366 1019 2513 1072 papa
2551 1002 2607 1055 in
2659 1002 2898 1072 epistola
2942 1020 3042 1055 sua
3089 1021 3264 1074 quam
3313 1007 3384 1058 ad
3423 1007 3642 1059 Mauros

1944 1089 2238 1158 episcopos
2290 1091 2517 1152 direxit,
2579 1091 2727 1143 inter
2783 1097 2988 1144 caetera
3036 1092 3112 1144 sic
3164 1093 3299 1146 dicit
3351 1095 3430 1163 (in
3487 1095 3640 1152 edit.

1943 1179 2101 1244 epist.
2145 1180 2208 1230 87
2249 1181 2322 1232 ad
2369 1183 2529 1246 episc.
2574 1179 2870 1244 Africanos
2913 1196 3014 1248 per
3047 1183 3458 1244 illaut-itaniam,
3510 1189 3640 1248 etc.,

1944 1282 2065 1335 cap.
2123 1265 2216 1332 I):
2271 1267 2518 1319 «Totius
2573 1267 2804 1319 familiae
2861 1275 3043 1320 status
3095 1269 3236 1322 ordo
3297 1270 3543 1334 nutabit,
3595 1273 3643 1322 si

1943 1357 2095 1424 quod
2155 1355 2468 1425 requiritur
2521 1355 2579 1407 in
2629 1372 2866 1425 corpore
2917 1373 3030 1409 non
3084 1357 3412 1411 inveniatur
3461 1358 3520 1411 in
3552 1375 3639 1410 ca-

1941 1443 2078 1512 pite,
2105 1461 2129 1493 »
2154 1449 2281 1500 etc.,
2304 1458 2473 1506 usque
2493 1443 2567 1495 ad
2587 1451 3114 1511 argentumpnrum
3141 1462 3262 1496 esse
3280 1453 3638 1499 meruerunt.

2641 1558 2764 1610 CAP.
2802 1557 2935 1610 CVI.

2013 1673 2071 1725 In
2141 1673 2452 1725 canonibus
2525 1676 2852 1724 sanctorum
2927 1673 3339 1741 apostolorum,
3419 1690 3538 1743 cap.
3613 1681 3633 1727 7

1941 1764 2081 1830 (can.
2117 1764 2166 1812 7.
2219 1761 2291 1812 at.
2340 1762 2393 1826 6,
2447 1759 2633 1827 diﬂ'ert
2672 1760 2738 1811 ab
2788 1759 2944 1826 edit.)
2980 1776 2992 1811 ξ
3031 1781 3056 1807 ‹‹
3095 1761 3159 1813 Ut
3217 1762 3535 1815 sacerdotes
3587 1770 3640 1815 et.

1941 1849 2186 1902 ministri
2231 1848 2422 1901 altaris
2464 1849 2832 1900 saecularibus
2880 1848 3029 1900 curis
3090 1849 3447 1902 abstineant:
3512 1851 3636 1919 epi-

1939 1953 2144 2005 scopus
2193 1941 2383 1989 autem
2435 1936 2733 2005 presbyter
2787 1941 2883 1988 aut
2945 1936 3214 1988 diaconus
3274 1954 3635 2008 nequaquam

1937 2025 2234 2077 saeculares
2265 2039 2427 2076 curas
2458 2029 2740 2088 assumat;
2778 2023 2864 2075 sin
2896 2023 3062 2076 aliter
3092 2023 3406 2093 dejiciatur.
3442 2049 3466 2073 »

2627 2140 2750 2192 CAP.
2784 2139 2938 2192 CVII.

2006 2255 2147 2306 Item
2206 2253 2264 2305 in
2304 2253 2540 2319 eisdem,
2603 2253 2757 2317 Quod
2814 2258 3052 2305 ministri
3109 2257 3303 2307 altaris
3360 2257 3631 2310 oblatione

1931 2341 2198 2393 celebrata
2236 2341 2464 2393 debeant
2497 2346 2910 2401 communicare.
2937 2358 3060 2411 cap.
3093 2347 3123 2394 7
3145 2346 3284 2405 (can.
3321 2345 3372 2408 9,
3397 2359 3464 2396 ea:
3482 2361 3620 2398 vers.

1932 2430 2179 2494 Dionysii
2210 2430 2438 2494 Emigui)
2476 2448 2486 2480 ;
2533 2447 2559 2476 «
2590 2428 2646 2481 Si
2692 2428 2818 2496 quis
2867 2428 3189 2498 episcopus,
3241 2435 3340 2482 aut
3386 2431 3629 2500 presby-

1933 2520 2041 2581 ter,
2097 2520 2194 2568 aut
2242 2515 2535 2579 diaconus,
2586 2517 2670 2568 vel
2719 2516 2955 2586 quilibet
3001 2533 3065 2568 ex
3114 2518 3448 2570 sacerdotali
3491 2524 3633 2571 cata-

1931 2604 2084 2672 logo,
2120 2606 2262 2656 facta
2295 2604 2584 2657 oblatione
2624 2621 2742 2656 non
2779 2605 3307 2666 communicaverit,
3362 2611 3460 2657 aut
3498 2621 3628 2659 cau-

1932 2708 2051 2745 sam
2097 2692 2268 2754 dicat,
2308 2697 2372 2744 ut
2416 2693 2460 2744 si
2501 2692 2852 2745 rationabilis
2903 2693 3096 2757 fuerit,
3157 2694 3382 2746 veniam
3432 2709 3627 2746 conse-

1932 2783 2142 2850 quatur
2175 2796 2187 2832 :
2221 2786 2318 2832 aut
2348 2780 2395 2832 si
2430 2796 2548 2832 non
2588 2780 2811 2837 dixerit.
2859 2780 3326 2834 communionem
3373 2781 3630 2851 privetur

1931 2873 2203 2938 tanquam
2235 2868 2334 2937 qui
2382 2869 2593 2937 populo
2637 2884 2807 2920 causa
2849 2868 3096 2921 Iasionis
3141 2869 3436 2933 exstiterit,
3487 2869 3626 2923 dans

1929 2956 2313 3024 suspicionem
2347 2956 2415 3008 de
2444 2972 2512 3008 eo
2557 2956 2656 3024 qui
2708 2956 3064 3022 sacriﬁcavit,
3108 2958 3261 3026 quod
3314 2962 3463 3010 recte
3502 2974 3617 3011 non

1927 3042 2216 3096 obtulerit.
2251 3063 2278 3091 ι

2599 3132 2724 3183 CAP.
2757 3131 2942 3183 CVIII.

1997 3247 2138 3298 Item
2171 3245 2229 3297 in
2275 3245 2510 3311 eisdem,
2542 3247 2646 3308 Qui
2683 3247 2862 3298 clerici
2901 3245 3128 3298 debeant
3179 3247 3502 3313 conjugibus
3531 3264 3616 3300 co-

1924 3336 2130 3402 pulari,
2167 3349 2290 3402 cap.
2325 3337 2387 3385 ‘27
2437 3333 2577 3402 (can.
2618 3334 2703 3398 I8,
2739 3349 2805 3385 ea:
2843 3332 3026 3385 eadem
3054 3332 3221 3400 vers.)
3250 3349 3260 3385 :
3293 3351 3319 3382 ‹‹
3354 3333 3615 3402 lnnuptis

1921 3427 2112 3475 autem
2144 3422 2277 3491 quia
2307 3421 2376 3473 ad
2415 3421 2630 3473 clerum
2663 3420 2912 3489 provecti
2945 3426 3096 3485 sunt,
3130 3419 3517 3490 praecipimus,
3559 3427 3618 3473 ut

1924 3509 1970 3561 si
1999 3509 2288 3562 voluerint
2329 3524 2529 3561 uxores
2572 3507 2874 3576 accipiant,
2925 3508 3021 3560 sed
3071 3508 3309 3561 lectores
3337 3513 3618 3562 cantores-

1923 3613 2032 3662 que
2063 3597 2485 3650 tantummodo.
2516 3615 2542 3645 »

2623 3686 2750 3736 CAP.
2786 3684 2911 3737 CIX.

1992 3800 2053 3852 In
2096 3798 2338 3851 concilio
2382 3797 2835 3866 Carthaginensi,
2875 3813 2996 3866 cap.
3043 3800 3103 3849 16
3147 3802 3314 3866 (conc.
3353 3798 3609 3864 Carthag.

1922 3903 2000 3953 In,
2033 3903 2080 3940 c.
2120 3891 2201 3951 l7,
2236 3903 2301 3939 ex
2327 3890 2510 3954 prima.
2542 3886 2696 3952 edit.)
2730 3902 2743 3937 :
2782 3907 2801 3932 ε
2836 3886 2901 3938 Ut
2929 3900 3057 3936 cum
3088 3886 3356 3937 omnibus
3379 3885 3611 3938 omnino

1919 3975 2138 4028 clericis
2183 3981 2431 4027 externae
2480 3974 2710 4026 femina:
2760 3989 2876 4024 non
2927 3972 3276 4032 cohabitent,
3336 3973 3430 4026 sed
3476 3975 3610 4025 sola:

1919 4069 2150 4128 matres,
2187 4064 2345 4128 aviae,
2382 4066 2724 4126 materterae,
2757 4061 2968 4128 amitae,
2995 4075 3219 4113 sorores
3247 4065 3302 4113 et
3333 4061 3463 4114 ﬁliae
3496 4061 3606 4114 fra-

1917 4156 2072 4204 trum
2112 4157 2208 4203 aut
2248 4166 2529 4208 sororum.
2573 4154 2626 4201 et
2653 4165 3010 4218 quaecunque
3055 4164 3123 4200 ex
3158 4147 3374 4200 familia
3419 4164 3605 4201 neces-

1917 4240 2080 4292 sitate
2119 4239 2448 4302 domestica,
2488 4237 2658 4290 etiam
2687 4241 2991 4306 antequam
3030 4235 3456 4300 ordinarentur,
3488 4236 3607 4305 jam

1916 4344 2048 4381 eum
2077 4329 2157 4381 eis
2194 4327 2545 4392 habitabant,
2589 4326 2674 4378 vel
2709 4326 2755 4377 si
2794 4325 2896 4378 ﬁlii
2938 4340 3140 4377 eorum
3173 4325 3294 4393 jam
3328 4325 3604 4377 ordinatis

1914 4416 2250 4486 parentibus
2284 4432 2488 4469 uxores
2519 4414 2860 4485 acceperint,
2896 4420 2992 4467 aut
3026 4413 3203 4466 servis
3249 4429 3364 4465 non
3397 4413 3609 4466 haben-

1913 4503 2066 4556 tibus
2092 4503 2151 4555 in
2183 4503 2351 4556 domo
2391 4518 2532 4572 quas
2579 4502 2810 4565 ducant,
2854 4503 3084 4555 aliunde
3129 4501 3336 4554 ducere
3366 4501 3608 4554 necessi-

1916 4595 2002 4644 tas
2028 4591 2217 4643 fuerit.
2259 4613 2277 4634 ιι

2613 4696 2738 4749 CAP.
2779 4697 2881 4748 CX.

1988 4813 2126 4864 Item
2159 4811 2216 4862 in
2251 4811 2470 4873 eodem,
2505 4825 2627 4878 cap.
2671 4810 2740 4862 24
2786 4808 2968 4876 (ibid,
3006 4824 3128 4878 cap.
3158 4811 3246 4874 '25)
3282 4823 3295 4859 :
3327 4828 3348 4855 ι
3389 4810 3453 4861 Ut
3497 4809 3606 4860 cle-

1913 4898 2013 4951 rici
2059 4899 2144 4951 vel
2178 4897 2557 4960 continentes,
2603 4897 2670 4949 ad
2720 4896 2918 4950 viduas
2957 4899 3041 4950 vel
3084 4896 3353 4966 virgines,
3392 4895 3499 4947 nisi
3541 4911 3606 4947 ex

1906 4986 2069 5055 jussu
2113 4986 2198 5038 vel
2247 4985 2526 5055 permissu
2571 4985 2965 5054 episcoporum
3011 4989 3108 5037 aut
3146 4984 3607 5053 presbyterorum

1913 5090 2028 5128 non
2059 5075 2346 5139 accedant,
2378 5079 2436 5126 et
2489 5073 2594 5126 hoc
2631 5090 2748 5126 non
2783 5073 2887 5124 soli
2919 5073 3149 5136 faciant,
3182 5071 3278 5124 sed
3333 5086 3461 5122 cum
3493 5070 3606 5122 cle-

1910 5163 2058 5224 ricis,
2095 5169 2196 5214 aut
2223 5177 2353 5214 cum
2383 5162 2472 5214 his
2502 5177 2630 5214 cum
2662 5162 2870 5231 quibus
2905 5161 3207 5230 episcopus
3239 5164 3338 5210 aut
3369 5157 3602 5227 presby-

1909 5255 1995 5304 ter
2028 5251 2292 5319 'jusserit.
2359 5251 2468 5303 Nec
2510 5251 2615 5320 ipsi
2675 5249 2930 5320 episcopi
2975 5253 3074 5301 aut
3129 5245 3449 5315 presbyteri
3503 5247 3606 5298 soli

1910 5340 2159 5394 habeant
2207 5355 2494 5393 accessum
2542 5339 2610 5393 ad
2662 5338 2991 5408 hujusmodi
3049 5335 3309 5398 feminas,
3366 5335 3464 5388 sed
3510 5342 3609 5388 aut

1910 5428 2006 5482 ubi
2061 5428 2248 5480 clerici
2291 5433 2600 5498 praesentes
2646 5433 2797 5488 sunt,
2847 5431 2945 5478 aut
2994 5441 3192 5492 graves
3241 5421 3419 5492 aliqui
3452 5422 3608 5476 Chri-

1911 5516 2100 5571 stiani.
2143 5539 2164 5558 ιι
