4044 6174
417 297 518 348 7⁸2⁸7

1123 430 1253 483 CAP.
1287 431 1415 482 CXI.

488 521 551 572 In
603 535 817 572 canone
866 518 1186 588 Anquirani
1241 519 1492 585 concilii,
1545 534 1664 588 cap.
1719 521 1781 572 l0
1829 524 1973 589 (can.
2029 521 2111 573 10.

417 608 610 676 Diﬂ’ert
654 607 762 660 hac
806 611 978 660 versio
1022 622 1055 658 ιι
1101 608 1226 659 trib.
1279 608 1478 675 edit.):
1539 627 1566 655 «
1607 606 1840 660 Diaconi
1888 622 2115 676 quoque

417 710 544 748 cum
567 694 938 760 ordinantur,
964 694 1009 746 si
1035 694 1093 747 in
1123 694 1244 764 ipsa
1264 694 1622 747 ordinatione
1641 695 1939 764 protestati
1964 698 2112 760 sunt,

415 781 668 835 dicentes
707 782 850 834 velle
872 797 930 835 se
961 781 1172 834 habere
1205 798 1426 845 uxores,
1462 799 1648 852 neque
1679 799 1846 852 posse
1883 799 1939 835 se
1980 798 2109 836 con-

414 869 617 936 tinere,
642 869 700 922 hi
725 875 941 938 postea,
957 871 1003 922 si
1027 871 1176 940 apud
1193 871 1422 939 nuptias
1436 871 1827 936 convenerint,
1845 875 2118 924 maneant

416 957 475 1010 in
506 957 655 1010 clero
682 963 928 1019 tantum,
963 963 1020 1011 et
1054 975 1082 1010 a
1118 958 1436 1012 ministerio
1465 959 1826 1028 abjiciantur.
1867 958 2116 1021 Quicun-

418 1061 526 1116 que
563 1061 698 1098 sane
731 1051 1051 1112 tacuerunt,
1077 1051 1132 1099 et
1153 1051 1525 1115 susceperunt
1558 1063 1763 1099 manus
1791 1047 2114 1116 impositio-

420 1148 574 1196 nem,
633 1132 876 1202 professi
922 1133 1354 1200 continentiam,
1407 1140 1464 1186 et
1524 1143 1721 1203 postea
1767 1133 1836 1186 ad
1887 1134 2116 1202 nuptias

421 1226 829 1286 convenerunt,
863 1239 895 1274 a
927 1221 1243 1274 ministerio
1264 1221 1348 1274 vel
1383 1222 1532 1274 clero
1563 1237 1780 1274 cessare
1804 1222 2112 1284 debebunt,

423 1309 624 1362 laicam
656 1314 878 1362 tantum
915 1309 1380 1363 communionem
1408 1309 1766 1379 recipientes.
1803 1331 1829 1356 »

1113 1425 1242 1478 CAP.
1271 1425 1424 1480 CXII.

487 1539 551 1590 In
583 1538 824 1591 concilio
859 1538 1208 1606 Laodicensi,
1234 1541 1310 1592 De
1339 1543 1472 1591 viris
1513 1555 1633 1592 cum
1663 1541 1985 1593 mulieribus
2032 1542 2114 1592 la-

420 1642 585 1678 vacra
628 1627 1041 1683 celebrantibus.
1091 1642 1213 1696 cap.
1261 1629 1327 1680 30
1359 1626 1478 1697 (cap
1525 1628 1610 1686 30,
1655 1643 1721 1679 ea:
1750 1632 1948 1695 interp.
1985 1631 2112 1681 Dio-

423 1719 568 1782 nysii
593 1716 817 1785 Exigui)
845 1731 856 1767 :
888 1737 908 1763 ‹
936 1715 1098 1778 Quod
1123 1731 1236 1768 non
1259 1721 1518 1785 oporteat
1539 1717 1710 1768 sacris
1733 1715 1934 1768 ofliciis
1955 1715 2114 1768 dedi-

423 1808 535 1869 tos,
571 1807 669 1855 aut
696 1801 953 1870 clericos,
991 1807 1089 1856 aut
1118 1803 1496 1869 continentes,
1533 1805 1617 1856 vel
1651 1819 1882 1856 omnem
1910 1803 2118 1856 laicum

423 1891 825 1958 Christianum,
862 1892 1083 1944 lavacra
1112 1907 1242 1943 cum
1274 1891 1614 1944 mulieribus
1640 1893 1949 1957 celebrare,
1984 1891 2120 1962 quia

422 1979 545 2032 haec
576 1980 728 2048 apud
757 1980 999 2048 gentiles
1029 1979 1399 2049 reprehensio
1431 1979 1618 2049 prima
1646 1985 1748 2033 est.
1776 1999 1803 2029 ι)

1102 2093 1231 2147 CAP.
1268 2094 1446 2148 CXIII.

498 2207 562 2259 In
607 2206 832 2271 eodem,
882 2208 999 2261 Non
1051 2207 1208 2257 licere
1257 2205 1465 2257 clericis
1525 2205 1749 2258 ludicris
1799 2208 2122 2273 spectaculis

426 2298 699 2352 interesse,
742 2309 864 2362 cap.
920 2293 1031 2344 54:
1096 2292 1263 2345 «Non
1304 2283 1532 2361 oportet
1582 2292 1872 2346 ministros
1931 2293 2123 2346 altaris

426 2382 514 2434 vel
543 2381 826 2452 quoslibet
855 2381 1106 2444 clericos,
1140 2380 1476 2448 spectaculis
1513 2380 1822 2449 aliquibus,
1864 2398 1991 2452 qua:
2025 2388 2125 2435 aut

429 2469 491 2522 in
521 2469 736 2539 nuptiis
765 2475 864 2522 aut
891 2469 949 2521 in
981 2469 1156 2521 caenis
1185 2468 1525 2521 exhibentur
1553 2469 1844 2533 interesse,
1887 2469 1984 2523 sed
2016 2486 2123 2522 an-

429 2562 658 2626 tequam
691 2556 984 2626 thymelici
1022 2556 1444 2625 ingrediantur,
1479 2572 1714 2625 surgere
1745 2574 1839 2610 eos
1879 2562 1934 2611 et
1967 2558 2123 2611 abire

433 2643 640 2698 debere
669 2644 737 2698 de
768 2643 1049 2696 convivio.
1089 2666 1114 2689 ››

1108 2759 1234 2812 CAP.
1274 2759 1450 2813 CXIV.

507 2875 568 2926 In
599 2873 812 2942 synodo
847 2872 1306 2939 Neocmsariensi,
1363 2889 1488 2942 cap.
1535 2877 1552 2926 1
1602 2889 1721 2942 cap.
1772 2877 1819 2938 l,
1853 2890 1919 2926 ea:
1950 2879 2126 2928 inter-

428 2965 572 3029 pret.
597 2960 828 3014 Gera-rdi
850 2962 1098 3028 Mercat.)
1132 2977 1144 3014 :
1179 2983 1200 3010 ιι
1239 2963 1535 3031 Presbyter
1561 2963 1659 3032 qui
1692 2978 1924 3015 uxorem
1957 2963 2128 3016 duxe-
2169 2993 2208 3041 α

435 3049 527 3114 rit,
561 3048 630 3102 ab
657 3049 858 3101 ordine
885 3065 988 3102 suo
1016 3050 1177 3102 illum
1209 3050 1419 3119 deponi
1459 3049 1682 3103 debere.
1727 3050 1885 3113 Quod
1927 3051 1972 3103 si
2002 3051 2126 3104 for-

435 3135 656 3188 nicatus
712 3136 906 3202 fuerit,
969 3136 1053 3190 vel
1122 3137 1470 3190 adulterium
1539 3137 1908 3201 commiserit,
1968 3142 2127 3190 extra

436 3223 741 3277 Ecclesium
801 3224 1118 3293 abjiciatur,
1186 3230 1243 3278 et
1307 3225 1702 3294 paenitentiam
1762 3225 1908 3278 inter
1954 3226 2127 3278 laicos

436 3311 694 3364 redactus
715 3316 864 3380 agat.
895 3332 946 3364 ››.

1127 3381 1253 3434 CAP.
1285 3382 1432 3435 CXV.

509 3495 648 3547 Item
692 3495 1056 3548 Innocentius
1095 3511 1246 3563 papa
1295 3496 1362 3549 ad
1424 3495 1749 3548 Victricium
1797 3495 2125 3565 episcopum

439 3577 973 3648 Rothomagensem,
1013 3597 1136 3649 cap.
1174 3583 1238 3634 10
1270 3582 1468 3651 (Epist.
1507 3586 1558 3647 '2,
1606 3599 1726 3652 cap.
1767 3586 1818 3648 9)
1860 3599 1872 3635 :
1909 3604 1934 3633 ‹‹
1970 3585 2128 3638 Prte-

438 3669 594 3718 terea
637 3667 789 3736 quod
831 3667 1092 3736 dignum,
1138 3676 1193 3721 et
1237 3671 1532 3738 pudicum,
1575 3676 1631 3723 et
1675 3671 1973 3724 honestum
2022 3677 2124 3734 est,

440 3757 634 3806 tenere
678 3755 920 3808 Ecclesia
976 3757 1308 3810 omnimodo
1352 3758 1542 3826 debet,
1584 3763 1644 3811 ut
1702 3759 2020 3812 sacerdotes
2074 3765 2130 3814 et

439 3840 622 3894 levitas
659 3857 791 3896 cum
837 3844 1106 3897 uxoribus
1147 3847 1263 3898 suis
1293 3863 1403 3898 non
1437 3852 1666 3913 coeant,
1695 3847 1832 3916 quia
1861 3848 2127 3901 ministe-

439 3927 509 3980 rii
565 3930 885 3998 quotidiani
937 3933 1368 3986 necessitatibus
1414 3941 1782 4004 occupantur.
1841 3935 2127 4004 Scriptum

438 4021 520 4069 est
551 4017 706 4070 enim
740 4034 752 4070 :
785 4019 972 4073 Sancti
1009 4025 1192 4085 estote,
1226 4026 1482 4086 quoniam
1513 4027 1564 4074 et
1594 4039 1686 4089 ego
1719 4025 1951 4076 Sanctus
1982 4039 2122 4083 sum,

439 4105 569 4157 dicit
609 4109 869 4161 Dominus
903 4112 1045 4162 Deus
1078 4113 1254 4162 vester
1281 4112 1472 4177 (Leuit.
1518 4127 1590 4174 xi,
1631 4111 1700 4162 44
1744 4117 1801 4163 et
1831 4113 1945 4178 20).
1985 4112 2126 4165 Nam

438 4193 634 4261 priscis
676 4196 1033 4264 temporibus
1073 4197 1144 4250 de
1195 4200 1409 4266 templo
1468 4199 1563 4250 Dei
1605 4199 1926 4252 sacerdotes
1975 4216 2125 4252 anno

1630 296 1853 351 AENEAS
1896 296 1976 349 PA
1986 294 2330 352 RISIENSIS
2373 296 2688 352 EPISCOPI
3798 304 3890 354 7'28

2154 429 2203 485 A
2231 430 2448 484 ordinis
2496 432 2861 485 ecclesiastici
2910 433 3172 486 homines
3229 448 3406 502 usque
3451 433 3518 486 ad
3601 434 3870 488 ministros

2224 525 2324 572 aut
2373 521 2636 587 lectores,
2681 525 2778 574 aut
2819 520 3044 590 psaltes,
3087 525 3183 573 aut
3232 520 3554 585 exorcistas,
3606 527 3699 574 aut
3736 523 3884 575 ostia-

2175 675 2178 677 _
2224 607 2360 674 rios,
2421 608 2520 678 qui
2561 608 2621 661 in
2677 608 2970 678 proposito
3027 608 3394 662 continentia:
3439 615 3591 675 sunt,
3651 609 3892 663 tabernas

2225 695 2458 748 intrare.
2498 718 2516 742 ι

2883 789 3010 836 Cu».
3045 785 3269 838 CXVIII.

2297 899 2358 950 In
2391 896 2627 950 concilio
2677 897 3133 967 Carthaginensi,
3176 901 3252 952 De
3293 903 3643 959 continentia,
3703 914 3818 968 cap.
3865 902 3890 952 3

2224 986 2498 1055 (Carthag.
2527 1002 2671 1038 conc.
2703 1001 2762 1049 ιι,
2791 1001 2914 1055 cap.
2947 988 2996 1053 2)
3031 1001 3045 1038 :
3085 1008 3104 1033 σ
3132 986 3396 1039 Aurelius
3419 987 3714 1055 episcopus
3734 986 3887 1038 dixit:

2224 1073 2364 1126 Cum
2407 1072 2692 1141 praeterito
2733 1072 2974 1124 concilio
3021 1071 3089 1125 de
3128 1073 3494 1125 continentia:
3540 1079 3593 1125 et
3644 1073 3895 1124 castitatis

2224 1160 2617 1213 moderamine
2648 1164 3008 1224 tractaretur,
3036 1160 3243 1228 gradus
3275 1160 3368 1212 isti
3398 1165 3513 1212 tres
3545 1160 3643 1230 qui
3669 1160 3898 1212 conscri-

2223 1248 2418 1317 ptione
2469 1248 2716 1317 quadam
2762 1248 3035 1300 castitatis
3062 1263 3163 1316 per
3208 1249 3662 1300 consecrationes
3709 1247 3896 1300 annexi

2224 1342 2376 1402 sunt,
2437 1337 2754 1405 episcopos,
2813 1336 3071 1405 inquam,
3141 1336 3500 1406 presbyteros
3556 1339 3612 1388 et
3659 1335 3901 1388 diaconos

2223 1426 2301 1478 ita
2333 1424 2566 1494 placuit,
2613 1429 2674 1476 ut
2711 1423 2986 1477 condecet
3027 1439 3216 1477 sacros
3256 1424 3558 1488 antistites,
3590 1439 3652 1475 ac
3702 1423 3793 1476 Dei
3823 1441 3901 1474 sa-

2223 1513 2494 1576 cerdotes,
2531 1527 2631 1564 nec
2662 1527 2778 1563 non
2815 1517 2871 1564 et
2903 1512 3118 1575 levitas,
3167 1511 3252 1564 vel
3286 1500 3386 1581 qui
3430 1511 3797 1564 sacramentis
3823 1511 3895 1563 di-

2222 1600 2369 1653 vinis
2408 1599 2746 1664 inserviunt,
2789 1599 3146 1652 continentes
3173 1601 3307 1665 {esse
3357 1599 3413 1652 in
3467 1599 3753 1663 omnibus,
3796 1614 3893 1668 quo

2156 1717 2198 1772 Β
2228 1686 2447 1755 possint
2472 1685 2808 1756 simpliciter
2841 1687 2992 1756 quod
3024 1704 3056 1739 a
3094 1688 3204 1740 Deo
3244 1687 3539 1756 postulant
3580 1687 3900 1755 impetrare;

2230 1778 2291 1826 ut
2329 1773 2480 1842 quod
2532 1775 2778 1843 apostoli
2835 1775 3170 1838 docuerunt,
3215 1780 3272 1828 et
3317 1774 3439 1845 ipsa
3487 1775 3731 1827 servavit
3775 1772 3898 1826 auti-

2229 1861 2436 1932 quitas,
2473 1878 2575 1914 nos
2601 1878 2830 1932 quoque
2859 1863 3262 1915 custodiamus.
3297 1883 3322 1908 ››

2914 1977 3044 2030 the.
3068 1977 3238 2031 CXIX.

2302 2093 2438 2144 Item
2469 2092 2528 2145 in
2558 2091 2756 2144 eodem
2807 2091 3071 2155 concilio,
3117 2095 3193 2144 De
3232 2092 3460 2144 diversis
3509 2091 3792 2143 ordinibus
3843 2089 3902 2141 ah

2230 2180 2493 2234 umor-ibus
2523 2180 2879 2239 abstinendis,
2916 2196 3040 2249 cap.
3063 2180 3095 2232 4
3126 2180 3266 2248 (cap.
3305 2181 3390 2242 14,
3426 2196 3493 2232 ea:
3522 2181 3702 2232 altera
3727 2178 3893 2240 edit}:

2236 2288 2258 2315 ι
2295 2267 2594 2320 Faustinus
2649 2268 2952 2336 episcopus
3005 2267 3262 2320 Ecclesiae
3309 2267 3652 2329 Potentinas,
3703 2265 3903 2336 provin-

2231 2355 2332 2407 cite
2366 2354 2574 2419 Piceni,
2610 2355 2829 2422 legatus
2866 2355 3139 2408 Romanas
3189 2355 3475 2415 Ecclesiae,
3525 2354 3671 2408 dixit
3703 2370 3716 2406 :
3746 2354 3906 2406 Placet

2235 2447 2295 2494 ut
2323 2441 2595 2511 episcopi,
2621 2442 2939 2510 presbyteri
2972 2448 3027 2494 et
3052 2441 3299 2508 diaconi,
3323 2444 3408 2495 vel
3443 2443 3541 2511 qui
3577 2445 3906 2494 sacramenta

2233 2535 2610 2595 contrectant,
2642 2529 2937 2599 pudicitiae
2976 2531 3264 2595 custodes,
3315 2529 3384 2582 ab
3421 2530 3700 2582 uxoribus
3736 2544 3791 2580 se
3823 2527 3905 2578 ab-

2235 2617 2500 2670 stineant.
2552 2617 2635 2670 Ab
2686 2616 2967 2670 universis
3017 2617 3296 2686 episcopis
3326 2615 3538 2669 dictum
3589 2620 3693 2668 est.
3744 2613 3907 2667 Placet

2236 2705 2386 2758 utin
2416 2705 2684 2758 omnibus
2722 2711 2778 2757 et
2821 2705 2892 2757 ab
2933 2705 3202 2757 omnibus
3239 2704 3515 2775 pudicitia
3559 2703 3904 2756 custodiatur.

2235 2794 2336 2864 qui
2365 2793 2533 2846 altari
2565 2793 2902 2848 inserviunt.
2943 2814 2970 2839 n

2931 2906 3057 2960 CAP.
3097 2907 3236 2960 CXX.

2310 3025 2370 3076 In
2419 3022 2660 3076 concilio
2711 3021 2998 3089 Africano,
3047 3022 3151 3086 Qui
3197 3025 3375 3075 clerici
3424 3022 3490 3074 ab
3533 3021 3792 3074 umoribus
3836 3018 3908 3069 de-

2237 3111 2397 3164 beant
2425 3113 2714 3174 abstinere,
2749 3127 2872 3180 cap.
2911 3113 2975 3164 37
3019 3115 3162 3178 (cap.
3197 3115 3250 3173 7,
3288 3115 3338 3162 et
3383 3109 3644 3175 Curthag.
3693 3123 3825 3161 conc.
3864 3122 3904 3168 γ,

2235 3217 2283 3253 c.
2319 3203 2372 3269 3)
2407 3216 2419 3252 :
2451 3218 2477 3251 α
2509 3201 2811 3266 Praeterea,
2856 3215 2985 3252 cum
3029 3200 3098 3252 de
3147 3199 3531 3269 quorumdam
3576 3199 3904 3258 clericorum,

2236 3287 2497 3359 quamvis
2536 3269 2673 3357 erga
2711 3303 2917 3341 uxores
2969 3287 3250 3356 proprias,
3293 3286 3716 3339 incontinentia
3752 3283 3907 3337 refer-

2236 3382 2440 3430 retur:
2481 3375 2695 3444 placuit
2741 3374 3058 3445 episcopos,
3106 3380 3161 3428 et
3210 3374 3599 3444 presbyteros,
3651 3379 3712 3427 et
3749 3373 3908 3425 diaco-

2237 3479 2340 3516 nos
2375 3463 2688 3517 secundum
2758 3462 2952 3532 priora
3007 3468 3238 3528 statuta,
3300 3463 3606 3529 etiamiab
3662 3459 3907 3514 uxoribus

2236 3551 2548 3605 continere.
2597 3551 2758 3614 Quod
2811 3551 2919 3604 nisi
2963 3551 3220 3617 fecerint,
3280 3551 3350 3604 ab
3403 3550 3790 3618 {ecclesiastico
3829 3561 3899 3598 re-

2239 3643 2575 3692 moveantur
2614 3639 2821 3692 officio.
2873 3639 3122 3692 Caeteros
3171 3644 3360 3691 autem
3404 3639 3645 3692 clericos
3704 3637 3770 3690 ad
3816 3635 3903 3687 hoc

2238 3744 2351 3781 non
2411 3727 2559 3797 cogi,
2619 3727 2717 3780 sed
2769 3727 3086 3780 secundum
3150 3727 3606 3796 uniuscujusque
3670 3722 3902 3779 Ecclesia

2236 3815 2708 3870 consuetudinem
2743 3815 3032 3868 observari
3065 3815 3288 3870 debere.

2919 3929 3046 3984 CAP.
3082 3930 3250 3984 CXXI.

2307 4044 2366 4096 In
2420 4043 2648 4114 Synodo
2683 4043 2776 4096 cui
2828 4044 3100 4113 prmsedit
3155 4045 3348 4098 Romae
3406 4045 3608 4096 beatus
3666 4041 3903 4096 Silvester

2235 4147 2380 4201 papa
2402 4147 2530 4184 cum
2563 4130 2844 4201 episcopis
2888 4131 3148 4184 ducentis
3195 4131 3481 4199 octoginta
3532 4135 3795 4198 quatuor,
3826 4122 3904 4176 ubi

2235 4217 2487 4271 damnati
2515 4229 2648 4270 sunt
2687 4219 3009 4271 Victorinus
3047 4219 3363 4287 episcopus,
3407 4217 3674 4282 Calistus,
3722 4213 3904 4282 Hippo-

437 4280 574 4334 vicis
605 4298 721 4335 sum
766 4298 882 4335 non
933 4283 1316 4351 discedebant,
1373 4286 1520 4340 sicut
1563 4287 1632 4340 de
1669 4287 1932 4340 Zacharia
1981 4287 2122 4357 legi-

2243 4307 2389 4376 lytus
2430 4307 2720 4368 diaconus,
2772 4280 3097 4360 astantibus
3136 4280 3421 4376 episcopis
3468 4311 3522 4359 et
3555 4280 3900 4376 presbyteris,

441 4383 586 4433 mus,
637 4384 740 4421 nec
789 4369 1025 4423 domum
1071 4388 1232 4426 suam
1278 4375 1515 4428 omnino
1556 4377 1890 4445 tangebant,
1928 4398 1948 4423 ι
1994 4382 2126 4442 etc.,

438 4471 609 4521 usque
631 4455 706 4509 ad
722 4460 881 4525 finem
911 4463 1126 4528 capitis.

1115 4574 1239 4628 CAP.
1275 4577 1444 4631 CXVI.

508 4685 651 4738 ltem
684 4685 836 4740 idem
868 4687 935 4740 ad
979 4689 1267 4756 eumdem,
1314 4707 1436 4761 cap.
1476 4695 1538 4746 l2
1569 4699 1705 4762 (cap.
1747 4694 1829 4759 10,
1859 4697 1915 4745 in
1952 4695 2078 4762 ﬁne)
2111 4709 2124 4745 :

513 4796 532 4820 ‹
571 4773 709 4837 Quae
757 4775 940 4829 forma
987 4783 1245 4831 servatur
1291 4782 1350 4832 in
1408 4781 1645 4846 clericis,
1702 4781 1948 4834 maxime
1995 4797 2129 4835 cum

436 4867 596 4916 vetus
626 4863 826 4933 regula
855 4864 959 4918 hoc
990 4866 1210 4932 habeat,
1248 4872 1309 4921 ut
1338 4869 1580 4938 quisque
1619 4873 1906 4922 correctus
1940 4869 2127 4938 bapti-

436 4957 591 5004 zatus
645 4951 884 5006 clericus
929 4969 1048 5007 esse
1100 4955 1389 5021 voluisset,
1443 4957 1750 5026 sponderet
1795 4972 1853 5008 se
1893 4973 2127 5012 uxorem

435 5039 670 5094 omnino
702 5055 821 5094 non
853 5041 1078 5094 ducere.
1110 5062 1136 5093 ι)

1095 5156 1224 5209 CAP.
1259 5157 1456 5211 CXVII.

504 5259 564 5311 In
623 5259 864 5314 concilio
926 5261 1300 5316 Laodicensi:
1363 5265 1432 5317 Ut
1487 5268 1583 5328 qui
1635 5268 1873 5317 ministri
1931 5267 2125 5319 altaris

433 5352 561 5400 sunt
592 5349 845 5404 tabernas
875 5365 981 5403 non
1011 5353 1236 5417 intrent,
1259 5367 1380 5420 cap.
1406 5353 1474 5404 ‘22
1496 5352 1644 5421 (cap.
1676 5354 1765 5417 24,
1798 5369 1866 5407 ea:
1886 5357 2119 5423 interpr.

397 5435 772 5506 ,Mercatoris)
809 5453 822 5490 :
873 5456 900 5487 (ι
941 5437 1222 5502 Quoniam
1271 5455 1383 5492 non
1429 5444 1654 5510 oportet
1708 5441 1874 5494 altari
1927 5441 2122 5496 deser—

434 5520 648 5575 vientes
678 5539 711 5575 a
735 5525 1078 5594 presbyteris
1109 5543 1290 5598 usque
1321 5529 1390 5581 ad
1425 5529 1695 5582 diaconos
1718 5571 1732 5596 ,
1759 5535 1816 5584 et
1856 5531 2122 5600 deinceps

2237 4400 2293 4447 et
2319 4393 2538 4447 clericis
2581 4395 2924 4455 Graecorum,
2973 4395 3050 4448 ita
3082 4396 3230 4448 inter
3267 4401 3471 4448 caetera
3502 4395 3719 4464 legitur
3757 4393 3899 4460 (conc-

2238 4500 2297 4548 ιι,
2336 4486 2426 4548 19;
2461 4483 2646 4551 differt
2680 4483 2748 4536 ab
2785 4483 2942 4550 edit.)
2978 4499 2990 4536 :
3027 4506 3046 4530 ι
3086 4484 3262 4536 Nemo
3304 4483 3604 4553 presbyter
3643 4499 3675 4535 a
3707 4481 3791 4534 die
3819 4478 3904 4530 ho-

2235 4569 2389 4622 noris
2431 4569 2768 4638 presbyterii
2832 4574 3020 4622 sumat
3070 4570 3426 4639 conjugium.
3475 4570 3641 4632 Quod
3699 4569 3743 4620 si
3791 4565 3896 4635 quis

2237 4657 2346 4710 hoc
2376 4657 2634 4725 neglecto
2659 4655 2825 4709 aliter
2855 4657 3054 4726 egerit,
3090 4657 3387 4710 duodecim
3422 4658 3593 4709 annis
3624 4672 3753 4710 eum
3787 4652 3901 4707 dici-

2237 4760 2365 4798 mus
2398 4744 2610 4814 privari
2659 4744 2894 4798 honore.
2943 4745 3102 4808 Quod
3155 4745 3200 4797 si
3243 4745 3370 4815 quis
3400 4751 3603 4797 contra
3653 4744 3753 4797 hoc
3797 4739 3900 4792 chi-

2237 4834 2583 4903 rographum
2631 4849 2884 4903 praesens
2927 4839 2980 4887 et
3020 4833 3246 4903 publice
3291 4835 3507 4887 dictum
3548 4835 3751 4904 egerit,
3789 4844 3899 4883 con-

2239 4920 2606 4975 demnabitur
2634 4921 2692 4974 in
2720 4927 3083 4992 perpetuum.
3120 4941 3148 4971 »

2910 5036 3035 5090 CAP.
3073 5036 3266 5090 CXXII.

2295 5139 2640 5206 'Ambrosius
2685 5151 2742 5204 in
2789 5151 3040 5222 Epistola
3077 5152 3148 5206 ad
3184 5153 3369 5206 Titum
3410 5151 3561 5205 inter
3601 5155 3796 5204 cetera
3836 5144 3898 5196 sic

2233 5240 2312 5294 ait
2342 5240 2420 5311 (in
2449 5257 2567 5308 cap.
2599 5243 2660 5308 ιι)
2696 5256 2709 5293 :
2745 5260 2772 5289 α
2804 5241 3068 5294 Iuniores
3099 5240 3380 5303 similiter,
3417 5260 3443 5289 ιο
3485 5247 3617 5306 etc.,
3651 5251 3810 5302 usque
3837 5229 3896 5285 ad

2231 5331 2395 5382 verba
2424 5329 2625 5399 probat
2652 5328 2832 5381 factis.

2885 5417 3012 5470 CAP.
3049 5417 3268 5471 CXXIII.

2306 5531 2445 5583 Item
2477 5529 2536 5582 in
2579 5529 2830 5599 Epistola
2867 5531 2940 5584 ad
2979 5531 3389 5585 Timotheum:
3442 5553 3469 5578 «
3516 5532 3687 5584 Unius
3733 5525 3894 5579 acori:
