4044 6174
191 292 287 341 7’29

1447 290 1651 348 LIBER
1691 294 2061 352 ADVERSUS
2098 295 2407 351 GRAECOS.

3571 297 3674 351 730

192 425 369 476 virum
423 422 467 488 (Ι
525 423 659 474 Tim.
739 422 838 488 In).
900 420 1167 483 Quamvis
1239 422 1550 476 secundam
1629 440 1871 478 numero
1914 431 1958 480 A
1987 430 2266 496 tempora,
2308 426 2517 496 quibus
2547 427 2618 479 ab
2651 427 2888 480 ecclesia
2915 444 3098 494 vacas,
3159 427 3390 482 lectioni
3435 427 3661 498 impen-

189 525 422 561 uxorem
474 525 588 561 non
631 509 704 562 sit
745 509 942 562 haberi
990 509 1363 582 prohibitum,
1414 517 1474 563 ut
1520 518 1716 565 tamen
1748 514 1876 583 quis

187 598 392 666 dignus
415 597 482 650 ad
513 597 902 666 episcopatum
943 597 1032 663 sit,
1064 598 1236 651 etiam
1271 598 1487 652 licitum
1521 600 1691 654 debet
1718 617 1875 671 sper-

186 702 320 738 nere
371 692 606 755 propter
653 686 1064 740 sublimitatem
1113 687 1290 756 ipsius
1322 689 1559 755 ordinis,
1595 690 1733 758 quia
1762 707 1877 744 ca:-

185 773 319 826 teris
354 773 561 826 melior
592 774 757 826 debet
803 790 923 826 esse
955 774 1051 843 qui
1085 775 1326 844 cupidus
1378 782 1461 829 est
1493 778 1641 830 sedis
1676 778 1827 831 illius
1861 794 1872 832 :

181 862 441 922 sobrium,
487 863 772 930 pudicum,
808 863 1146 930 hospitalem,
1195 864 1498 924 docibilem,
1559 881 1666 918 non
1710 866 1875 919 obno-

179 955 333 1004 xium.
391 953 535 1010 vino,
597 967 703 1003 non
761 953 1175 1010 verberato-rem,
1232 953 1328 1004 sed
1375 954 1707 1014 modestum;
1772 970 1879 1007 non

182 1040 501 1105 litigiosum,
534 1055 642 1092 non
671 1054 944 1107 asperum,
978 1040 1193 1092 domum
1235 1055 1390 1093 suam
1425 1041 1553 1093 bene
1585 1046 1874 1107 (regentem,

179 1128 319 1195 ﬁlios
368 1126 652 1180 habentem
700 1127 944 1180 subditos
988 1143 1109 1180 cum
1144 1130 1300 1180 omni
1351 1128 1617 1182 charitate
1662 1130 1875 1199 (Ibid).

179 1216 373 1268 Talem
425 1215 721 1268 hominem
772 1215 868 1284 qui
913 1215 1034 1268 hinc
1073 1216 1360 1269 custodiat
1403 1232 1532 1286 qua:
1581 1222 1880 1270 enumerat

181 1304 357 1368 bona,
390 1304 570 1356 creari
619 1304 824 1357 debere
877 1305 1011 1356 dicit
1042 1305 1397 1374 episcopum.
1435 1306 1562 1358 Haec
1619 1306 1772 1358 enim
1804 1306 1878 1358 si-

183 1406 295 1460 gna
329 1396 463 1443 sunt
511 1391 804 1459 dignitatis
861 1390 1217 1460 episcopalis.
1279 1391 1335 1446 Si
1393 1393 1522 1462 quis
1557 1398 1750 1446 autem
1777 1409 1881 1462 po-

185 1480 333 1532 tiora
375 1484 642 1542 sectatus,
675 1484 730 1532 et
759 1495 964 1549 corpus
1009 1485 1066 1532 et
1090 1480 1343 1533 animam
1373 1497 1535 1533 suam
1579 1482 1695 1535 Deo
1727 1481 1878 1534 dica-

185 1567 353 1632 verit,
387 1583 459 1619 ne
490 1581 548 1619 se
574 1567 799 1636 copulet
830 1567 1216 1634 matrimonio,
1249 1567 1408 1621 tanto
1439 1570 1620 1638 magis
1674 1569 1884 1638 dignor

184 1655 314 1719 ﬁet;
374 1656 505 1708 ideo
563 1656 720 1708 enim
767 1655 1099 1710 inferiorem
1160 1657 1371 1725 posuit,
1412 1662 1476 1710 ut
1533 1658 1601 1711 de
1656 1659 1878 1727 potiore.

184 1759 358 1796 nemo
389 1743 698 1797 dubitaret.
734 1763 762 1794 η

841 1831 968 1886 CAP.
1006 1832 1223 1886 CXXIV.

251 1937 395 1988 Item
444 1935 599 1989 idem
628 1935 686 1988 in
722 1935 944 1997 eadem,
978 1942 1104 2005 post
1130 1953 1312 2006 pauca
1343 1954 1355 1991 :
1388 1957 1414 1988 (ι
1457 1942 1720 1992 Diaconos
1747 1942 1878 2007 pari

181 2025 338 2077 modo
365 2025 617 2092 pudicos,
652 2040 759 2078 non
810 2025 1096 2092 bilingues,
1133 2042 1239 2079 non
1268 2031 1392 2079 vino
1439 2028 1609 2080 multo
1640 2027 1870 2092 deditos,

181 2127 286 2164 non
321 2113 578 2180 turpibus
611 2114 776 2166 lucris
805 2119 1077 2170 vacantes.
1113 2114 1368 2168 habentes
1407 2119 1723 2182 mysterium
1752 2117 1881 2184 ﬁdei

183 2205 236 2253 in
267 2205 600 2253 conscientia
637 2217 806 2269 pura.
839 2203 899 2254 Et
924 2201 987 2255 hi
1021 2207 1212 2256 autem
1243 2203 1562 2272 probentur
1602 2204 1878 2272 primum,

182 2293 237 2341 et
264 2288 348 2340 sic
395 2289 720 2344 ministrent
749 2290 871 2342 sine
929 2290 1189 2344 crimine.
1232 2291 1340 2354 Qui
1383 2297 1543 2345 tanta
1593 2308 1728 2345 cura
1760 2293 1882 2346 dia-

182 2395 363 2431 conos
419 2379 716 2448 eligendos
783 2378 1064 2448 prsecipit,
1115 2395 1260 2449 quos
1309 2386 1530 2432 constat
1587 2380 1882 2434 ministros

183 2482 305 2519 esse
366 2467 744 2532 sacerdotum,
810 2469 1006 2534 quales
1055 2469 1175 2520 vult
1218 2483 1340 2520 esse
1397 2469 1712 2537 episcopos,
1774 2470 1884 2523 nisi

183 2554 331 2606 sicut
363 2554 482 2624 ipse
526 2555 622 2621 ait,
682 2555 1221 2624 irreprehcnsibiles?
1271 2557 1510 2622 Negotia
1540 2562 1735 2611 tamen
1767 2574 1884 2626 pu-

184 2642 354 2706 blica,
407 2641 617 2712 turpia,
673 2642 806 2695 vilia
869 2659 984 2695 non
1040 2643 1331 2696 habentes.
1373 2644 1486 2700 Scit
1519 2645 1675 2698 enim
1711 2661 1886 2714 nego-

180 2730 336 2795 tiari,
391 2736 456 2783 ut
489 2730 769 2799 accipiant
798 2731 974 2797 lucra,
1010 2748 1113 2786 nec
1145 2732 1303 2786 aliud
1356 2733 1661 2802 proﬁtetur
1710 2750 1883 2803 quam

183 2819 355 2887 gerit.
415 2819 628 2886 Turpia
676 2823 864 2872 autem
935 2820 1089 2872 lucra
1151 2820 1272 2873 haec
1309 2820 1446 2873 dicit
1485 2837 1625 2886 esse,
1686 2821 1734 2874 si
1781 2822 1886 2874 sub

181 2906 275 2976 pia
329 2905 680 2974 professione
738 2907 1050 2976 quaestibus
1096 2907 1413 2960 studeatur.
1467 2908 1670 2976 Turpis
1729 2909 1885 2962 enim

1984 515 2122 567 das?
2149 516 2260 569 Cur
2283 530 2396 567 non
2425 513 2711 567 Christum
2747 515 2980 581 revisas,
3015 516 3305 570 Christum
3335 515 3668 586 alloquaris,

1985 601 2270 656 Christum
2333 602 2571 656 audias?
2623 603 2789 655 Illum
2843 605 3192 673 alloquimur
3247 621 3374 657 cum
3418 620 3670 668 oramus,

1983 690 2147 743 illum
2192 690 2456 743 audimus
2507 706 2637 742 cum
2687 690 2875 743 divina
2927 691 3173 760 legimus
3224 692 3473 744 oracula.
3525 690 3671 754 Quid

1985 779 2150 831 nobis
2174 794 2305 832 cum
2326 779 2526 831 alienis
2557 778 2863 833 domibus?
2895 780 3013 832 Una
3034 785 3118 832 est
3149 779 3352 832 domus
3384 796 3511 849 qum
3543 795 3668 832 om-

1984 883 2085 920 nes
2115 867 2300 935 capit;
2333 867 2416 920 illi
2451 866 2640 936 potius
2670 867 2738 919 ad
2774 883 2876 919 nos
2905 867 3264 929 conveniant,
3297 868 3394 936 qui
3449 883 3548 920 nos
3580 883 3670 919 re-

1985 955 2239 1025 quirunt.
2283 955 2429 1018 Quid
2459 955 2621 1008 nobis
2679 971 2807 1008 cum
2840 955 3087 1008 fabulis?
3126 955 3499 1008 Ministerium
3534 956 3673 1008 alta-

1985 1044 2146 1097 ribus
2179 1043 2402 1110 tlhristi,
2437 1059 2554 1096 non
2574 1044 2912 1113 obsequium
2943 1043 3271 1096 hominibus
3305 1043 3676 1095 deferendum

1986 1131 2322 1200 recepimus.
2373 1131 2624 1183 Humiles
2670 1133 2830 1184 decet
2879 1147 3020 1193 esse,
3073 1130 3260 1196 mites,
3323 1135 3674 1190 mansuetos,

1987 1236 2202 1288 graves,
2229 1218 2513 1289 patientes
2550 1235 2562 1271 :
2598 1221 2831 1271 modum
2853 1235 2955 1271 nos
2983 1221 3176 1272 tenere
3211 1218 3269 1270 in
3301 1216 3567 1270 omnibus
3590 1217 3675 1269 vel

1988 1308 2212 1374 tacitus,
2249 1309 2459 1374 vultus,
2485 1309 2567 1360 vel
2605 1325 2793 1360 sermo
2827 1308 3151 1361 annuntiet.
3183 1329 3202 1354 ν

2635 1398 2765 1451 CAP.
2820 1397 3063 1450 CXXVII.

2058 1486 2198 1538 Item
2251 1487 2401 1540 idem
2441 1486 2500 1539 in
2546 1486 2746 1539 eodem
2780 1486 2924 1537 libro
2958 1487 3102 1553 (cap.
3169 1486 3252 1546 50,
3315 1483 3421 1536 sub
3479 1481 3675 1546 init.):

1996 1596 2015 1622 ι
2054 1575 2131 1627 De
2159 1574 2498 1626 castimonia
2525 1580 2713 1627 autem
2735 1573 2872 1642 quid
2897 1574 3118 1643 loquar,
3143 1571 3372 1642 quando
3395 1587 3509 1624 una
3550 1575 3675 1623 tan-

1989 1666 2113 1715 tum
2147 1678 2250 1715 nec
2286 1664 2524 1732 repetita
2571 1662 2925 1732 permittitur
2978 1661 3204 1730 copula,
3238 1664 3369 1725 etc.,
3403 1675 3574 1723 usque
3607 1658 3681 1712 ad

1989 1751 2154 1803 verba.
2174 1749 2329 1819 quod
2356 1755 2441 1803 est
2466 1749 2878 1818 temperantiae.
2923 1770 2941 1795 ρ

2608 1837 2734 1891 CAP.
2789 1835 3061 1889 CXXVIII.

2063 1923 2442 1994 Hieronymus
2474 1923 2531 1975 in
2565 1923 2812 1991 Epistula
2848 1923 2916 1974 ad
2965 1922 3154 1974 Titum
3196 1921 3293 1988 (ad
3321 1934 3443 1987 cap.
3489 1922 3561 1984 1),
3603 1917 3682 1970 sic

1991 2011 2060 2065 de
2086 2011 2365 2081 pudicitia
2385 2011 2519 2063 dicit
2549 2012 2700 2063 inter
2729 2016 2935 2063 caetera
2968 2026 2979 2062 :
3011 2030 3037 2060 «
3061 2010 3284 2078 Oportet
3316 2013 3497 2061 autem
3525 2008 3681 2060 illum

1991 2104 2042 2153 et
2075 2103 2438 2153 testimonium
2469 2099 2665 2152 habere
2687 2100 2883 2151 bonum
2912 2099 2979 2150 ab
3027 2098 3109 2150 his
3141 2102 3236 2162 qui
3274 2099 3412 2163 foris
3444 2099 3594 2160 sunt,
3621 2098 3683 2146 ut

1991 2206 2099 2242 non
2152 2193 2208 2241 in
2239 2189 2588 2256 opprobrium
2623 2188 2848 2247 incidat,
2883 2191 2934 2239 ct
2961 2188 3212 2251 laqueum
3242 2185 3446 2249 diaboli
3473 2184 3522 2252 (Ι
3543 2185 3680 2236 Tim.

1989 2279 2092 2345 ιιι).
2126 2276 2283 2340 Quod
2313 2281 2504 2328 autem
2538 2275 2638 2339 ait,
2671 2279 2835 2328 unius
2891 2277 3078 2327 umoris
3107 2275 3192 2325 vir
3233 2272 3439 2341 (Ibid.),
3475 2271 3552 2323 sic
3595 2269 3681 2322 in-

1991 2365 2247 2434 telligere
2277 2364 2571 2426 debemus,
2609 2368 2672 2416 ut
2713 2379 2827 2415 non
2874 2377 3102 2415 omnem
3150 2375 3561 2429 monogamum
3596 2357 3686 2412 di-

1994 2468 2160 2522 gamo
2190 2458 2459 2520 putemus
2498 2466 2618 2503 esse
2674 2449 2994 2515 meliorem,
3027 2450 3125 2502 sed
3186 2465 3300 2519 quo
3330 2450 3376 2501 is
3405 2446 3585 2518 possit
3613 2447 3685 2500 ad

1996 2540 2424 2609 monogamiam
2482 2545 2538 2592 et
2592 2539 3008 2592 continentiam
3070 2537 3325 2590 subditos
3379 2534 3686 2600 cohortari,

1994 2627 2093 2696 qui
2132 2627 2219 2679 sui
2251 2627 2579 2695 exemplum
2614 2626 2880 2694 praeferat
2911 2627 2970 2678 in
3005 2625 3280 2686 docendo,
3336 2628 3466 2688 etc.,
3519 2637 3689 2686 usque

1993 2715 2086 2780 ad,
2128 2714 2450 2768 necessitati
2475 2714 2660 2767 carnis
2690 2714 3009 2783 indulgeat.
3052 2733 3077 2766 ν

2646 2803 2775 2856 CAP.
2819 2803 3037 2856 CXXIX.

2066 2893 2201 2943 Item
2234 2889 2385 2944 idem
2420 2890 2478 2944 in
2503 2891 2726 2959 eadem,
2760 2895 2888 2962 post
2921 2906 3102 2960 pauca
3137 2906 3149 2942 :
3188 2908 3216 2938 ι(
3242 2888 3325 2943 Sit
3355 2874 3548 2941 autem
3574 2886 3691 2956 epi-

183 2995 644 3064 deprehenditur
697 3011 825 3047 cum
875 3011 934 3047 se
1003 3011 1214 3064 purum
1270 2999 1532 3049 ostentat.
1584 2998 1714 3048 Post
1761 2996 1880 3064 epi-

2062 2995 2199 3048 opus
2229 2984 2284 3032 et
2310 2979 2572 3048 pudicus,
2635 2996 2806 3049 quem
2857 2979 3036 3033 Graeci
3088 2985 3325 3050 σώφρονα
3381 2981 3600 3041 vocant,
3637 2982 3694 3027 et

183 3099 426 3152 scepnm
489 3089 678 3136 tamen
740 3084 1076 3137 diaconatus
1127 3084 1553 3138 ordinationem
1611 3084 1878 3153 subjicit:

182 3173 410 3242 quare?
460 3172 568 3224 nisi
615 3173 751 3241 quia
799 3173 1054 3242 episcopi
1104 3179 1159 3226 et
1193 3174 1512 3243 presbyteri
1559 3190 1672 3226 una
1731 3173 1883 3226 ordi-

183 3261 343 3314 natio
391 3267 495 3326 est,
556 3266 796 3330 uterque
843 3263 1000 3314 enim
1050 3262 1315 3315 sacerdos
1347 3267 1458 3328 est;
1503 3262 1600 3315 sed
1656 3262 1882 3331 episco-

185 3367 291 3419 pus
322 3350 549 3419 primus
595 3355 700 3416 est,
743 3354 807 3402 ut
855 3349 1042 3402 omnis
1085 3350 1382 3420 episcopus
1441 3351 1743 3420 presbyter
1789 3349 1882 3415 sit,

186 3454 302 3491 non
361 3443 557 3490 tamen
613 3437 798 3491 omnis
846 3438 1144 3507 presbyter
1191 3439 1523 3508 episcopus;
1584 3439 1674 3492 hic
1729 3438 1884 3490 enim

183 3528 489 3597 episcopus
543 3532 644 3592 est,
697 3526 799 3596 qui
849 3528 1002 3579 inter
1067 3527 1430 3596 presbyteros
1492 3527 1714 3596 primus
1776 3530 1879 3578 est.

184 3614 449 3684 Denique
491 3613 853 3667 Timotheum
904 3614 1270 3683 presbyteros
1320 3613 1650 3667 ordinatum
1699 3612 1882 3682 signi-

182 3702 344 3768 ﬁcat;
382 3702 478 3756 sed
530 3701 667 3771 quia
708 3705 838 3755 ante
870 3718 928 3754 se
980 3702 1223 3755 alterum
1283 3719 1396 3755 non
1453 3701 1718 3761 habebat,
1755 3701 1880 3770 epi-

182 3807 395 3860 scopus
443 3796 584 3844 erat.
649 3790 805 3845 Unde
876 3796 934 3844 et
999 3791 1488 3860 quemadmodum
1535 3790 1882 3860 episcopum

181 3879 433 3941 ordinet,
486 3879 763 3943 ostendit;
813 3895 998 3949 neque
1039 3879 1197 3932 enim
1246 3880 1327 3932 fas
1372 3885 1493 3933 erat
1550 3884 1648 3932 aut
1678 3879 1882 3931 licebat

183 3973 244 4020 ut
273 3967 518 4021 inferior
551 3968 840 4020 ordinaret
897 3968 1175 4038 majorem
1208 3984 1220 4020 :
1291 3984 1459 4021 nemo
1495 3967 1648 4020 enim
1681 3966 1884 4021 tribuit

179 4057 338 4126 quod
371 4072 484 4109 non
518 4055 750 4125 accepit.
786 4077 812 4102 ››

854 4161 984 4214 CAP.
1028 4161 1216 4216 CXXV.

253 4269 399 4321 Item
429 4267 490 4320 in
521 4267 741 4335 eadem,
775 4273 901 4337 post
933 4284 1109 4336 pauca
1139 4284 1152 4322 :
1201 4290 1221 4315 ι
1257 4269 1526 4322 Diaconos
1558 4269 1674 4322 sint
1711 4268 1882 4322 unius

186 4356 380 4410 uxoris
402 4355 528 4421 viri,
561 4362 694 4422 etc.,
731 4371 902 4420 usque
927 4357 1021 4421 ad,
1051 4361 1269 4408 actores
1303 4357 1401 4409 Dei
1429 4361 1580 4410 sunt.
1616 4378 1636 4404 ι

840 4460 972 4516 CAP.
1015 4461 1231 4516 CXXVI.

253 4568 402 4620 Item
463 4565 798 4619 Ambrosius
837 4565 895 4618 in
928 4565 1076 4619 libro
1105 4566 1291 4636 primo
1322 4567 1391 4620 de
1423 4566 1637 4621 Ofﬁciis
1706 4566 1880 4620 mini-

183 4658 440 4708 strorum
487 4654 605 4721 (hoc
658 4655 959 4722 capitulum
997 4671 1103 4708 non
1153 4657 1387 4708 occurrit
1444 4660 1501 4708 in
1544 4656 1637 4708 lib.
1672 4671 1686 4707 ι
1721 4655 1877 4723 Ofﬁc.

181 4743 236 4796 S.
304 4743 642 4810 Ambrosii):
691 4742 1006 4795 Viduarum
1051 4759 1116 4795 ac
1166 4743 1450 4812 virginum
1503 4744 1722 4808 domos,
1771 4743 1880 4794 nisi

180 4831 450 4885 visitandi
481 4830 668 4901 gratia
705 4830 966 4899 juniores
1007 4831 1165 4884 adire
1198 4848 1311 4885 non
1343 4848 1486 4902 opus
1516 4838 1637 4885 est:
1674 4837 1730 4885 et
1774 4832 1881 4884 hoc

177 4937 311 4973 cum
334 4919 678 4983 senioribus,
710 4920 817 4972 hoc
838 4924 942 4983 est,
974 4921 1058 4972 vel
1092 4935 1220 4972 cum
1240 4919 1529 4990 episcopo,
1553 4920 1662 4983 vel,
1688 4919 1732 4972 si
1756 4935 1880 4990 gra-

175 5007 304 5060 vior
355 5011 667 5072 estcausa,
726 5023 854 5060 cum
909 5008 1280 5077 presbyteris.
1337 5009 1481 5072 Quid
1535 5024 1763 5061 necesse
1795 5013 1879 5060 est

175 5100 239 5148 ut
268 5096 474 5149 demus
503 5095 872 5148 sacularibus
903 5096 1255 5149 obtrectandi
1279 5097 1505 5150 locum?
1530 5096 1674 5160 Quid
1732 5111 1876 5164 opus

175 5188 260 5235 est
293 5189 355 5236 ut
384 5184 497 5236 illae
546 5199 773 5253 quoque
811 5183 1162 5237 visitationes
1193 5185 1406 5238 crebrze
1455 5185 1740 5254 accipiant
1771 5201 1876 5236 au-

174 5271 538 5324 ctoritatem?
584 5271 732 5334 Quid
772 5271 818 5324 si
866 5272 1061 5342 aliqua
1135 5273 1366 5326 illarum
1410 5274 1555 5327 forte
1615 5273 1876 5327 labatur?

176 5359 290 5412 Cur
321 5359 499 5411 alieni
519 5358 712 5427 lapsus
741 5359 1049 5413 subeamus
1080 5359 1396 5414 invidiam?
1440 5361 1620 5424 Quam
1665 5361 1874 5413 multos

176 5448 350 5499 etiam
385 5446 560 5499 fortes
588 5446 855 5500 illecebra
903 5447 1166 5518 decepit?
1206 5449 1404 5519 quanti
1437 5465 1553 5502 non
1592 5449 1875 5503 dederunt

179 5535 361 5586 errori
393 5536 603 5600 locum,
637 5539 692 5588 et
741 5535 1025 5590 dederunt
1054 5536 1415 5606 suspicioni?
1461 5539 1576 5593 Cur
1621 5553 1736 5589 non
1777 5537 1872 5590 illa

2001 3067 2228 3121 Latinus
2257 3068 2559 3137 interpres,
2600 3068 2756 3121 verbi
2805 3068 3184 3137 ambiguitate
3238 3067 3529 3134 deceptus,
3582 3078 3685 3132 pro

2001 3156 2208 3225 pudico
2234 3155 2574 3224 prudentem
2605 3155 2912 3208 transtulit.
2946 3156 3001 3209 Si
3027 3163 3217 3207 autem
3259 3153 3689 3220 Iaicisimpera-

1995 3250 2155 3296 ratur
2189 3249 2249 3296 ut
2270 3249 2508 3314 propter
2538 3246 2856 3296 orationem
2888 3244 3211 3296 abstineant
3241 3258 3299 3294 se
3339 3241 3408 3294 ab
3439 3254 3686 3292 uxorum

1992 3332 2166 3396 coitu,
2199 3332 2336 3402 quid
2369 3333 2438 3384 de
2465 3332 2730 3401 episcopo
2763 3331 3124 3384 sentiendum
3157 3335 3261 3394 est,
3292 3329 3389 3400 qui
3429 3326 3689 3398 quotidie

1990 3435 2096 3490 pro
2130 3421 2247 3472 suis
2277 3420 2593 3490 populique
2623 3421 2906 3490 peccatis?
2955 3426 3082 3480 etc.,
3116 3434 3287 3484 usque
3316 3418 3406 3484 ad,
3440 3417 3554 3469 sint
3601 3430 3689 3468 re-

1993 3510 2128 3579 gula
2167 3508 2442 3562 veritatis.
2478 3530 2496 3556 ι

2661 3580 2790 3633 CAP.
2835 3579 3026 3632 CXXX.

2062 3685 2201 3737 Item
2225 3683 2376 3737 idem
2411 3684 2470 3737 in
2493 3684 2715 3752 eadem,
2749 3689 2878 3753 post
2915 3698 3096 3752 pauca
3128 3683 3223 3751 {ad
3251 3697 3370 3751 cap.
3407 3685 3467 3748 ιι)
3510 3695 3524 3732 :
3552 3700 3573 3728 ι
3614 3681 3684 3732 Tc

1988 3776 2188 3840 ipsum,
2249 3771 2456 3841 inquit,
2533 3773 2766 3838 formam
2824 3772 3070 3839 praebens
3116 3771 3376 3823 bonorum
3437 3785 3678 3838 operum.

1990 3861 2142 3913 Nihil
2171 3859 2408 3928 prodest
2439 3858 2692 3928 aliquem
2727 3858 3092 3911 exercitatum
3135 3873 3257 3910 esse
3309 3857 3369 3909 in
3410 3857 3677 3920 dicendo,

1991 3954 2045 4003 et
2079 3949 2148 4003 ad
2189 3947 2541 4018 loquendum
2596 3946 2814 4000 trivisse
2869 3947 3145 4016 linguam,
3180 3945 3289 3998 nisi
3319 3946 3448 4015 plus
3489 3960 3679 3999 exem-

1989 4039 2084 4108 plo
2123 4036 2379 4090 docuerit
2432 4052 2605 4106 quam
2639 4036 2829 4089 verbo.
2873 4035 3131 4104 Denique
3178 4033 3278 4104 qui
3328 4033 3678 4102 impudicus,

1990 4126 2249 4196 quamvis
2280 4124 2524 4178 disertus
2568 4124 2658 4187 sit,
2721 4124 2764 4176 si
2793 4125 2864 4177 ad
2895 4124 3215 4176 castitatem
3246 4121 3546 4174 audientes
3585 4137 3679 4172 co-

1990 4213 2269 4277 hortetur,
2319 4228 2506 4265 sermo
2550 4212 2674 4282 ejus
2724 4213 2986 4265 inﬁrmus
3036 4217 3138 4277 est,
3185 4215 3240 4263 et
3285 4208 3681 4263 auctoritatem

1923 4304 2107 4357 Dnon
2151 4302 2320 4354 habet
2358 4300 2715 4354 cohortandi.
2780 4302 2842 4354 Et
2881 4317 2910 4353 e
2963 4298 3248 4353 contrario
3298 4297 3561 4368 quamvis
3611 4297 3684 4349 sit

1990 4390 2313 4443 rusticanus
2343 4393 2399 4441 et
2427 4388 2624 4442 tardus
2645 4388 2715 4442 ad
2762 4388 3140 4459 loquendum,
3195 4387 3240 4440 si
3273 4391 3459 4440 castus
3490 4386 3679 4452 fuerit,

1990 4479 2250 4547 exemplo
2302 4493 2404 4529 suo
2432 4477 2695 4530 homines
2744 4481 2930 4546 potest
2965 4477 3034 4529 ad
3064 4476 3189 4528 vitae
3241 4474 3682 4528 similitudinem

1989 4566 2348 4635 compellere,
2381 4568 2509 4618 etc..
2546 4581 2718 4630 usque
2743 4564 2837 4629 ad,
2868 4563 2928 4616 in
2961 4563 3388 4633 incorruptione
3417 4569 3473 4616 et
3501 4563 3559 4615 in
3574 4579 3680 4632 pu-

1989 4653 2202 4708 dicitia.
2237 4675 2262 4703 υ

2645 4724 2769 4778 CAP.
2815 4722 3022 4777 CXXXI.

2062 4831 2436 4900 Hieronymus
2463 4830 2522 4882 in
2549 4828 2915 4898 Apologetico
2949 4829 3014 4883 ad
3053 4829 3504 4888 Pammachium,
3532 4828 3684 4880 inter

1987 4924 2192 4972 caetera
2222 4918 2301 4971 ita
2331 4919 2399 4972 de
2426 4917 2703 4986 pudicitia
2734 4918 2984 4988 disputat
3005 4921 3189 4987 (epist.
3227 4919 3314 4982 50,
3341 4921 3471 4970 ante
3505 4915 3678 4978 med.,

1985 5012 2125 5060 tom.
2157 5007 2225 5071 ll,
2258 5022 2314 5075 p.
2368 5006 2512 5074 133).
2571 5025 2598 5055 ι(
2639 5007 2704 5060 In
2754 5006 2868 5060 ﬁne
2913 5023 3146 5076 quoque
3191 5003 3681 5073 comparationem

1984 5094 2319 5164 nuptiarum
2353 5099 2410 5147 et
2437 5093 2752 5164 virginum,
2795 5095 3237 5164 disputationem
3276 5096 3529 5145 nostram
3573 5091 3682 5143 hoc

1984 5198 2248 5236 sermone
2278 5183 2665 5237 conclusimus
2699 5199 2711 5236 :
2745 5184 2850 5238 Ubi
2879 5183 3093 5237 bonum
3127 5189 3184 5236 et
3225 5181 3433 5234 melius
3464 5184 3570 5246 est,
3597 5179 3677 5233 ibi

1981 5271 2119 5324 boni
2169 5277 2227 5325 et
2257 5272 2512 5326 melioris
2546 5289 2662 5325 non
2712 5287 2894 5325 unum
2931 5277 3016 5324 est
3065 5271 3399 5341 premium;
3451 5273 3524 5331 et,
3580 5267 3678 5322 ubi

1982 5377 2100 5413 non
2132 5375 2312 5413 unum
2344 5360 2671 5429 premium,
2724 5358 2801 5412 ibi
2831 5359 3029 5424 utique
3063 5359 3215 5412 dona
3245 5358 3495 5423 diversa.
3529 5357 3675 5410 Tan-

1982 5453 2102 5501 tum
2135 5452 2219 5501 est
2241 5449 2418 5517 igitur
2437 5448 2586 5502 inter
2612 5447 2841 5515 nuptias
2868 5454 2925 5499 et
2954 5447 3360 5515 virginitatem,
3394 5451 3676 5515 quantum

1979 5536 2134 5590 inter
2163 5553 2279 5590 non
2311 5553 2544 5607 peccare
2591 5541 2646 5589 et
2689 5535 3054 5598 benefacere;
3102 5535 3218 5587 imo
3263 5538 3326 5588 ut
3356 5534 3541 5588 levius
3589 5535 3672 5588 di-
