4038 6174
369 301 460 351 731
1589 293 1812 346 ,ΕΝΕᾹΞ
1853 292 2040 346 ΡΑΗΙΕ

2182 292 2284 345 SIS
2326 292 2628 348 EPISCOPI
3747 299 3828 349 732

367 439 510 487 cam,
544 428 822 493 quantum
875 423 1024 477 inter
1063 424 1278 478 bonum
1329 429 1386 476 et
1421 423 1644 487 melius,
1688 427 1818 488 etc.,
1881 438 2050 486 usque
2088 427 2130 478 A
2159 425 2252 476 lite
2278 429 2396 493 ﬁeri
2441 429 2581 478 servi
2633 427 2906 478 hominum
2969 427 3153 493 (Ibid.,
3200 428 3313 491 '23),
3366 432 3497 492 etc.,
3567 444 3730 491 usque
3767 430 3826 480 ad

367 513 440 564 ad
472 513 864 582 unusquisque
898 513 1046 566 ferre
1077 517 1280 582 potest.
1318 531 1343 560 ι)

998 628 1135 680 CAP.
1185 627 1430 680 CXXXII.

438 742 578 795 Item
599 743 978 810 Hieronymus
1000 742 1057 794 in
1077 742 1276 794 eodem
1298 741 1666 812 Apologetico
1692 746 1820 811 post
1847 757 2058 811 pauca;

373 851 399 877 ‹‹
432 831 578 884 Nulli
610 831 844 883 dubium
879 835 982 894 est,
1017 830 1332 883 sacerdotes
1363 831 1431 882 de
1475 833 1660 882 Aaron
1710 835 1765 882 et
1810 831 2055 895 Eleazar,

369 924 424 971 et
453 919 696 972 Phinees
726 919 900 987 stirpe
945 923 1264 988 generatos,
1314 919 1410 988 qui
1443 934 1574 970 cum
1605 925 1663 970 et
1693 919 1801 986 ipsi
1846 935 2057 972 uxores

369 1006 694 1071 habuerint,
772 1012 922 1060 recte
998 1007 1160 1059 nobis
1235 1012 1690 1076 opponerentur,
1765 1007 1813 1059 si
1867 1023 2059 1060 errore

372 1096 784 1148 Encratitarum
853 1095 1328 1148 contenderemus
1425 1095 1790 1148 matrimonia
1863 1111 2056 1165 repro-

373 1185 579 1244 banda.
620 1206 644 1234 »
679 1191 808 1250 etc.,
829 1202 998 1250 usque
1027 1187 1117 1244 ait,
1145 1186 1200 1238 in
1233 1187 1410 1255 gradu
1445 1187 1610 1240 tertio
1643 1203 1938 1256 ponerem.

1171 1301 1434 1354 CXXXIII.

447 1415 587 1467 Item
612 1413 760 1468 idem
788 1415 848 1468 in
874 1416 1094 1476 eodem,
1122 1422 1252 1484 post
1281 1433 1459 1485 pauca
1490 1433 1501 1469 :
1534 1440 1551 1462 ι
1589 1418 1748 1469 Nunc
1778 1433 1907 1469 vero
1931 1432 2058 1470 cum

374 1502 655 1572 interpres
689 1504 867 1573 magis
897 1504 1145 1573 Apostoli
1197 1504 1402 1556 fuerim
1450 1521 1622 1573 quam
1657 1504 1960 1573 dogmatis,
2008 1510 2063 1557 et

373 1591 838 1644 commentatoris
864 1591 970 1644 sim
1012 1608 1146 1645 usus
1207 1591 1415 1657 ofﬁcio,
1451 1592 1728 1662 quidquid
1753 1593 1962 1645 durum
1990 1593 2064 1646 vi-

993 1301 1116 1354 CAP.

373 1678 556 1743 detur,
591 1678 641 1731 ei
677 1680 857 1749 magis
887 1679 1194 1749 [magisque
1225 1679 1544 1749 imputetur
1584 1696 1756 1749 quem
1789 1680 2059 1748 exposui-
2103 1713 2143 1766 Β

373 1780 516 1830 mus,
553 1782 723 1835 quam
756 1767 920 1820 nobis
953 1767 1052 1837 qui
1085 1768 1474 1836 exposuimus,
1514 1790 1533 1814 »
1572 1773 1706 1832 etc.,
1757 1785 1928 1832 usque
1965 1769 2056 1827 ad,

372 1853 559 1922 potius
586 1870 758 1924 quam
794 1855 1037 1908 aliorum
1070 1856 1369 1908 obscuram
1398 1857 1772 1925 diligentiam.

1011 1970 1139 2024 CAP.
1173 1972 1420 2024 CXXXIV.

447 2083 518 2135 De
580 2082 917 2152 virginibus,
965 2085 1177 2154 nuptis,
1211 2085 1419 2148 viduis,
1472 2083 1853 2153 monogamia,
1899 2083 2059 2153 biga-

373 2170 497 2235 mis,
522 2170 801 2240 trigamis,
835 2179 962 2235 etc.,
991 2173 1047 2224 in
1094 2173 1316 2238 eodem,
1345 2178 1474 2242 post
1504 2189 1721 2242 pauca:
1757 2192 1784 2221 ‹‹
1818 2173 2063 2224 Tument

371 2265 567 2311 contra
605 2275 692 2312 me
728 2260 915 2312 mariti
942 2277 1118 2331 quare
1149 2261 1388 2314 dixerim
1422 2277 1433 2313 :
1471 2260 1582 2314 Oro
1606 2266 1681 2323 te,
1718 2260 1886 2330 quale
1921 2260 2057 2312 illud

370 2344 582 2398 bonum
615 2351 719 2411 est,
744 2348 896 2414 quod
927 2363 1089 2400 orare
1113 2348 1398 2418 prohibet,
1431 2347 1584 2417 quod
1615 2363 1821 2415 corpus
1851 2346 2061 2400 Christi

369 2430 623 2499 accipere
658 2446 771 2482 non
804 2431 1123 2500 permittit?
1152 2432 1389 2495 Quando
1422 2431 1633 2501 impleo
1687 2431 1875 2484 mariti
1927 2431 2057 2483 ofti-

368 2516 542 2582 cium,
580 2533 692 2570 non
725 2517 937 2587 impleo
968 2519 1332 2584 continentis,
1367 2540 1394 2567 »
1430 2525 1562 2582 etc.,
1596 2535 1766 2582 usque
1818 2519 1911 2582 ad,
1956 2533 2061 2570 nec

370 2619 620 2670 sensum,
657 2620 760 2658 nec
785 2606 959 2659 verba
987 2607 1220 2660 mutavi.

1013 2723 1136 2775 CAP.
1183 2722 1416 2775 CXXXV.

437 2835 578 2888 Item
620 2835 795 2900 idem,
843 2835 900 2888 in
934 2837 1046 2890 ﬁne
1083 2838 1208 2906 ejus
1239 2836 1596 2906 Apologetici
1633 2853 1646 2890 :
1685 2859 1704 2884 σ
1744 2836 1924 2906 Igitur
1951 2837 2056 2888 hoc

367 2928 617 2976 extrema
657 2940 788 2976 voce
819 2930 1119 2994 protestor,
1175 2942 1266 2978 me
1321 2942 1425 2978 nec
1473 2925 1772 2978 damnasse
1829 2924 2058 2992 nuptias

2164 510 2473 564 instantem
2497 512 2908 566 necessitatem.
2949 535 2968 559 ιν

2769 629 2899 682 CAP.
2934 627 3246 681 CXXXVIII.

2239 725 2375 776 Item
2410 723 2558 777 idem
2592 724 2651 776 in
2683 724 2885 777 eodem
2919 731 3048 793 post
3074 740 3255 794 pauca
3285 742 3296 776 :
3330 744 3356 773 ι(
3381 725 3513 777 Ideo
3541 725 3672 794 plus
3702 731 3831 778 amat

2169 811 2419 881 virgines
2459 811 2738 877 Christus,
2788 812 2924 882 quia
2969 817 3172 880 sponte
3226 811 3487 864 tribuunt
3545 811 3697 881 quod
3744 811 3829 864 sibi

2170 915 2286 952 non
2307 900 2491 952 fuerat
2512 901 2880 970 imperatum,
2913 900 3260 969 majorisque
3287 900 3487 970 gratiae
3523 906 3610 952 est
3656 900 3829 953 offerre

2169 989 2320 1056 quod
2350 1005 2467 1042 non
2497 989 2722 1053 debeas,
2759 1003 2930 1056 quam
2960 987 3194 1040 reddere
3227 987 3378 1056 quod
3411 988 3674 1055 exigaris.
3706 992 3831 1056 Apo-

2168 1075 2316 1140 stoli,
2350 1077 2539 1129 uxoris
2568 1091 2738 1128 onere
2761 1076 3169 1144 contemplato:
3196 1076 3255 1128 Si
3278 1075 3402 1127 talis
3431 1081 3530 1134 est,
3569 1073 3830 1143 inquiunt,

2169 1179 2330 1214 causa
2363 1163 2594 1215 hominis
2624 1179 2740 1214 rum
2776 1178 2961 1218 umore.
2996 1179 3100 1214 non
3143 1162 3361 1228 expedit
3404 1163 3607 1213 nubere
3638 1162 3829 1226 (Matth.

2169 1265 2275 1310 xxx,
2337 1250 2436 1319 l0).
2487 1251 2740 1313 Quorum
2805 1250 3080 1303 Dominus
3127 1250 3471 1302 sententiam
3531 1249 3770 1317 probans
3816 1264 3826 1300 :

2173 1339 2340 1391 Recte
2369 1339 2624 1408 quidem,
2665 1339 2764 1403 ait,
2811 1337 3054 1402 sentitis,
3105 1338 3259 1406 quod
3293 1354 3408 1390 non
3453 1337 3717 1406 expediat
3745 1339 3829 1390 ho-

2170 1428 2314 1480 mini
2345 1429 2414 1479 ad
2447 1428 2718 1480 cmlorum
2773 1443 2946 1496 regna
2975 1425 3231 1478 tendenti
3291 1425 3548 1495 accipere
3595 1428 3831 1477 uxorem‘.

2171 1514 2268 1568 sed
2318 1514 2566 1567 difﬁcilis
2605 1529 2692 1566 res
2737 1519 2846 1577 est,
2881 1519 2936 1565 et
2983 1529 3086 1565 non
3143 1529 3322 1564 omnes
3368 1515 3600 1580 cupiunt
3645 1512 3835 1563 ver-bima

2173 1603 2341 1659 istud,
2375 1618 2556 1653 verum
2583 1601 2780 1665 quibus
2804 1601 2989 1653 datum
3025 1606 3102 1653 est
3132 1601 3295 1667 (Ibid.
3327 1603 3430 1661 Η).
3472 1622 3492 1646 ι

2809 1715 2938 1768 CAP.
2975 1715 3222 1768 CXXXIX.

2242 1825 2380 1876 Item
2413 1822 2562 1875 idem
2591 1822 2817 1882 eodem,
2841 1825 2969 1890 post
2991 1836 3205 1889 pauca:
3239 1840 3264 1868 «
3289 1819 3594 1888 Simulque
3621 1822 3832 1870 tractan-

2172 1913 2244 1964 da
2275 1910 2562 1962 sententia
2593 1915 2676 1961 est
2706 1908 2732 1961 ?
2755 1910 2857 1972 Qui
2887 1925 2960 1966 se,
2996 1907 3203 1977 inquit,
3235 1912 3619 1959 castraverunt
3637 1910 3838 1973 propter

2172 2015 2396 2066 regnum
2451 1999 2699 2051 enatorum
2755 1996 2974 2064 (Matth.
3006 2012 3118 2058 xix,
3158 1999 3260 2061 l2).
3300 1994 3357 2048 Si
3388 1995 3622 2047 castrati
3654 2009 3837 2046 merce-

2171 2089 2300 2142 dem
2335 2088 2548 2140 habent
2578 2102 2754 2154 regna
2781 2086 3076 2148 ccelorum,
3110 2100 3245 2153 ergo
3277 2085 3373 2153 qui
3401 2099 3460 2136 se
3491 2099 3608 2135 non
3648 2088 3836 2134 castra-

2173 2181 2396 2238 verunt,
2448 2175 2638 2228 locum
2688 2189 2805 2226 non
2859 2179 3101 2243 possunt
3149 2165 3403 2240 accipere
3461 2176 3834 2224 castratorum.

2171 2264 2274 2328 Qui
2297 2268 2496 2330 potest,
2524 2261 2732 2331 inquit,
2764 2277 2953 2329 capere
2978 2265 3161 2328 capiat
3196 2260 3406 2328 (Ibid.).
3438 2258 3682 2312 Grandis
3725 2257 3836 2310 ﬁdei

2171 2356 2272 2417 est,
2306 2350 2650 2419 grandisque
2696 2348 2940 2413 virtutis,
2995 2348 3093 2400 Dei
3123 2348 3400 2416 templum
3452 2362 3574 2398 esse
3627 2345 3836 2414 purissi-

2172 2453 2352 2502 mum,
2381 2443 2562 2489 totum
2591 2453 2647 2487 se
2670 2434 3066 2488 holocaustum
3096 2433 3300 2485 offerre
3324 2432 3596 2498 Domino,
3628 2432 3838 2500 etjuxta

2172 2525 2434 2578 eumdem
2463 2525 2796 2594 Apostolum
2829 2539 2950 2575 esse
3001 2527 3260 2574 sanctum
3290 2525 3346 2573 et
3389 2535 3628 2588 corpore
3659 2530 3712 2571 et
3740 2520 3834 2587 spi-

2172 2616 2304 2678 ritu,
2335 2620 2420 2667 etc
2453 2654 2466 2677 ,
2492 2630 2663 2678 usque
2692 2613 2766 2665 ad
2797 2612 2940 2664 liber
2968 2611 3036 2664 ad
3065 2616 3388 2664 extremum
3420 2610 3658 2662 solutus.
3691 2629 3714 2655 ι)

2855 2725 2983 2776 CAP.
3029 2722 3173 2776 CXL.

2244 2831 2382 2883 Item
2419 2828 2573 2881 idem
2621 2829 2679 2880 in
2729 2827 2949 2891 eodem,
3002 2830 3128 2896 post
3158 2840 3340 2894 pauca
3374 2841 3385 2876 :
3423 2844 3450 2870 ‹‹
3493 2823 3575 2877 Ad
3627 2822 3840 2876 maritos

2171 2917 2414 2970 veniam.
2472 2919 2700 2983 Tempus
2755 2917 2909 2967 breve
2963 2919 3040 2967 est
3098 2915 3146 2978 (Ι
3199 2915 3316 2968 Cor.
3378 2928 3474 2972 vu,
3536 2912 3648 2980 29).
3683 2910 3840 2964 Domi-

369 3026 470 3063 nec
501 3011 796 3077 damnare,
842 3013 1202 3083 respondisse
1234 3013 1572 3078 adversario,
1633 3028 1747 3065 non
1792 3028 2054 3066 meorum
2097 2987 2135 3039 Ο
2168 3021 2276 3057 nus
2333 3021 2526 3076 prope.
2590 3003 2818 3056 Etiamsi
2860 3001 3164 3072 nongentis
3209 3000 3532 3053 viveremus
3562 2998 3744 3060 annis,
3785 3000 3832 3083 ut

369 3099 605 3153 insidias
659 3101 1014 3155 formidasse.
1070 3096 1472 3172 Virginitatem
1521 3107 1711 3154 autem
1751 3101 1808 3154 in
1844 3101 2048 3154 ccelum

367 3186 506 3252 fero,
549 3203 665 3239 non
711 3187 846 3256 quia
889 3187 1090 3251 habeo,
1127 3189 1222 3242 sed
1277 3188 1622 3258 quiamagis
1676 3188 1853 3240 miror
1904 3186 2054 3258 quod

368 3290 483 3326 non
512 3274 713 3326 habeo.
747 3274 1000 3342 Ingenua
1032 3280 1088 3328 et
1127 3275 1444 3328 verecunda
1492 3273 1769 3327 confessio
1802 3280 1906 3338 est,
1942 3291 2054 3343 quo

365 3359 484 3430 ipse
518 3376 728 3424 careas,
763 3360 820 3412 id
867 3361 925 3414 in
970 3362 1095 3414 aliis
1151 3361 1484 3430 praedicare,
1541 3385 1560 3406 ο
1598 3365 1726 3424 etc.,
1763 3377 1933 3425 usque
1985 3361 2058 3412 ad

365 3451 520 3514 ﬁnem
555 3449 856 3515 Apologia.

987 3535 1113 3587 CAP.
1161 3535 1421 3589 CXXXVI.

439 3649 573 3700 Item
633 3647 1018 3717 Hieronymus
1063 3649 1121 3700 in
1172 3649 1315 3702 libro
1362 3667 1376 3702 ι
1423 3654 1620 3702 contra
1665 3649 2055 3714 Iovinianum,

367 3737 517 3790 intra
547 3742 749 3789 cmtera
780 3736 858 3788 sic
890 3737 1024 3790 dicit
1056 3754 1068 3790 :
1107 3760 1126 3785 ε
1166 3738 1256 3790 Vis
1304 3739 1446 3791 scire
1477 3737 1612 3808 quid
1653 3737 1786 3790 velit
1817 3743 2058 3808 Aposto-

367 3825 494 3878 lus?
539 3824 720 3894 Junge
758 3824 910 3894 quod
967 3825 1260 3894 sequitur:
1327 3827 1454 3878 Volo
1513 3830 1694 3879 autem
1743 3842 1921 3879 omnes
1969 3825 2058 3877 ho-

367 3915 533 3966 mines
573 3929 683 3965 essr
731 3917 790 3964 ut
850 3917 1112 3981 meipsum
1175 3915 1225 3980 (Ι
1265 3914 1384 3967 Cor.
1421 3928 1512 3977 vn,
1570 3918 1644 3974 7).
1702 3913 1905 3966 Beatus
1953 3914 2053 3984 qui

368 4002 523 4054 Pauli
553 4001 756 4054 similis
787 4001 990 4068 fuerit;
1021 4001 1154 4054 felix
1177 4001 1272 4070 qui
1301 4001 1463 4053 audit
1492 4001 1826 4070 Apostolum
1858 4000 2059 4069 praeci-

367 4091 614 4159 pientem
648 4131 660 4152 ,
707 4105 822 4141 non
863 4089 1269 4158 ignoscentem.
1337 4091 1468 4148 Hoc,
1523 4088 1727 4158 inquit,
1771 4090 1909 4148 volo,
1965 4089 2061 4142 hoc

367 4177 611 4230 desidero
657 4182 716 4227 ut
767 4181 1064 4228 imitatores
1114 4179 1215 4228 mei
1265 4180 1405 4230 sitis.
1454 4179 1594 4227 sicut
1624 4179 1673 4226 ct
1721 4191 1814 4240 ego
1859 4175 2060 4228 Christi

2167 3091 2390 3161 antiqui
2415 3091 2698 3156 homines,
2727 3095 2920 3141 tamen
2959 3087 3127 3140 breve
3165 3085 3485 3157 putandum
3517 3088 3665 3136 esset
3709 3081 3838 3152 quod

2165 3179 2402 3232 haberet
2431 3178 2740 3248 aliquando
2772 3177 2967 3242 ﬁnem,
2999 3180 3056 3229 et
3095 3190 3215 3228 esse
3241 3175 3506 3228 cessaret.
3553 3171 3708 3225 Nunc
3727 3186 3838 3222 vero

2167 3283 2295 3320 cum
2329 3267 2513 3319 brevis
2541 3267 2612 3318 sit
2653 3282 2765 3318 non
2799 3271 2915 3318 tam
2945 3265 3160 3327 laetitia,
3196 3278 3369 3332 quam
3418 3258 3707 3313 tribulatio
3742 3271 3834 3309 nu-

2166 3354 2439 3424 ptiarum,
2475 3353 2612 3423 quid
2663 3352 2972 3422 accipimus
3009 3366 3219 3404 uxores
3271 3364 3411 3418 quas
3449 3345 3562 3400 cito
3590 3345 3836 3415 cogimur

2167 3441 2474 3495 amittere?
2517 3461 2543 3490 ι)
2586 3446 2714 3506 etc.,
2772 3455 2942 3504 usque
2989 3439 3080 3501 ad,
3155 3436 3604 3490 sollicitudinum
3648 3435 3831 3502 partes.

2169 3529 2650 3599 miseriarumque
2677 3527 2996 3582 distractus.

2833 3644 2961 3696 CAP.
3005 3642 3180 3695 CXLI.

2246 3745 2387 3796 Item
2423 3742 2575 3794 idem
2607 3743 2667 3794 in
2696 3741 2919 3805 eodem,
2948 3744 3079 3809 post
3107 3754 3285 3808 pauca
3313 3754 3325 3790 :
3362 3755 3392 3789 α
3421 3735 3646 3790 Primus
3673 3731 3831 3786 Adam

2170 3847 2574 3901 monogamus,
2608 3830 2892 3887 secundus
2932 3844 3168 3899 agamus
3202 3845 3213 3880 :
3252 3826 3351 3898 qui
3384 3823 3690 3894 digamiam
3716 3835 3833 3889 pro-

2171 3920 2329 3982 bant,
2368 3918 2674 3972 exhibeant
2703 3917 2936 3970 tertium
2979 3917 3160 3969 Adam
3201 3915 3519 3985 digamum,
3565 3927 3725 3982 quem
3756 3923 3830 3960 se-

2171 4013 2440 4078 quantur.
2505 4008 2710 4059 Verum
2761 4006 2848 4059 fac
2897 4011 2959 4058 ut
3002 4003 3340 4058 concesserit
3379 4001 3587 4054 Paulus
3618 3993 3830 4050 secunda

2173 4096 2562 4150 matrimonia.
2620 4097 2684 4148 Iit
2741 4095 2937 4147 eadem
2985 4094 3110 4161 lege
3166 4096 3221 4145 et
3268 4091 3438 4143 tertia
3486 4085 3738 4141 concedit
3788 4085 3834 4132 et

2172 4191 2396 4256 quarta,
2439 4189 2493 4238 et
2537 4184 2990 4254 quotiescunque
3035 4181 3120 4234 vir
3165 4180 3430 4233 moritur.
3486 4177 3658 4230 Multa
3700 4189 3832 4226 con.-

371 4266 419 4334 (I
458 4264 576 4318 Cor.
614 4279 687 4321 ιν,
733 4262 832 4331 t6).
893 4264 987 4314 Ille
1025 4263 1186 4331 virgo
1237 4264 1304 4315 de
1338 4263 1579 4331 virgine,
1623 4262 1691 4315 de
1729 4264 2040 4332 incorrupta

2182 4264 2406 4342 peltit‘ur
2434 4272 2735 4341 Apostolus
2767 4272 2910 4324 velle
2943 4286 3069 4340 quae
3112 4283 3225 4321 non
3253 4268 3390 4326 vult.
3421 4271 3549 4327 etc.,
3591 4277 3748 4327 usun
3774 4258 3835 4311 ad

366 4349 761 4418 incorruptus;
794 4365 896 4401 nos
919 4349 1051 4418 quia
1082 4349 1343 4402 homines
1371 4364 1590 4414 sumus,
1624 4355 1679 4402 et
1700 4349 2055 4402 nativitatem

369 4437 673 4492 Salvatoris
733 4453 845 4490 non
903 4453 1205 4507 possumus
1235 4437 1471 4502 imitari,
1512 4437 1810 4490 imitemur
1858 4438 2056 4491 saltem

367 4524 875 4590 conversationem,
927 4529 1058 4590 etc.,
1101 4540 1271 4589 usque
1298 4525 1391 4588 ad,
1449 4525 1545 4578 sed
1589 4524 1830 4594 simplex
1867 4541 1970 4594 per
2000 4542 2059 4579 se

366 4612 582 4665 bonum
613 4612 758 4665 volo.
791 4632 816 4659 ››

977 4702 1104 4755 CAP.
1159 4701 1443 4755 CXXXVII.

439 4813 742 4868 Itemidem
768 4815 827 4868 in
853 4815 1076 4881 eodem,
1104 4819 1234 4884 post
1250 4830 1428 4884 pauca
1465 4831 1476 4868 :
1517 4838 1536 4862 σι
1573 4814 1797 4878 Quanta
1817 4813 2061 4867 felicitas

370 4919 488 4956 non
519 4903 708 4956 uxoris
741 4918 860 4956 esse
901 4919 1152 4968 servum,
1195 4903 1292 4954 sed
1325 4902 1568 4967 Christi;
1603 4917 1719 4954 non
1754 4900 1910 4953 carni
1943 4915 2060 4953 ser-

371 4993 508 5057 vire,
539 4993 634 5045 sed
688 4992 935 5061 spiritui.
987 4991 1090 5054 Qui
1121 4990 1274 5043 enim
1323 4991 1560 5043 adhaeret
1606 4993 1852 5046 Domino.
1912 5005 2054 5041 unus

371 5082 611 5150 Spiritus
638 5085 716 5134 est
748 5081 794 5148 (1
824 5081 940 5133 Cor.
976 5096 1046 5144 vr,
1082 5081 1190 5145 l7").
1222 5081 1299 5130 Ac
1331 5094 1401 5129 ne
1434 5078 1672 5131 forsitan
1704 5079 1762 5131 in
1805 5093 1870 5130 eo
1911 5077 2060 5146 quod

371 5185 544 5238 supra
574 5168 794 5220 dixerat
827 5183 839 5218 :
892 5167 1089 5220 Servus
1131 5169 1350 5218 vocatus
1389 5180 1462 5230 es,
1506 5182 1612 5218 non
1661 5171 1732 5217 sit
1767 5165 1865 5217 tibi
1896 5181 2057 5220 curae.

373 5259 466 5308 sed
495 5261 595 5310 etsi
618 5261 772 5324 potes
824 5257 958 5308 liber
985 5259 1124 5324 ﬁeri,
1156 5259 1328 5319 magis
1355 5259 1504 5305 utere
1536 5255 1586 5322 (Ι
1652 5257 1768 5307 Cor.
1807 5269 1899 5312 vn,
1955 5253 2062 5322 16),

373 5345 707 5413 suggillasse
738 5343 1148 5396 continentiam
1185 5342 1491 5403 videretur,
1528 5347 1583 5394 et
1623 5342 1682 5394 in
1721 5341 2060 5395 famulatum

375 5432 672 5485 tradidisse
705 5449 807 5485 nos
824 5433 1159 5502 eonjugum,
1191 5431 1362 5483 infert
1401 5429 1741 5482 sententiam
1781 5446 1909 5498 quae
1939 5446 2062 5484 om-

377 5532 505 5569 nem
549 5519 963 5572 cavillationem
1013 5523 1303 5588 amputet:
1342 5519 1518 5570 Pretio
1571 5521 1733 5585 empti
1790 5521 1938 5582 estis,
1973 5534 2060 5569 no-

2163 4361 2324 4430 juxta
2358 4359 2669 4430 imaginem
2703 4360 2982 4412 Creatoris
3013 4358 3120 4412 sui.
3156 4377 3182 4408 ν

2828 4475 2951 4529 CAP.
3005 4472 3201 4528 CXLII.

2239 4580 2372 4631 Item
2404 4577 2554 4631 idem
2579 4576 2638 4630 in
2666 4576 2888 4640 eodem,
2921 4579 3046 4644 post
3073 4588 3287 4643 pauca:
3325 4590 3353 4621 «
3387 4571 3511 4623 Non
3569 4567 3713 4623 enim
3743 4579 3833 4633 po-

2168 4671 2278 4718 test
2308 4663 2534 4718 Domini
2565 4663 2775 4716 servire
2807 4661 3027 4715 militize
3058 4676 3254 4713 servus
3283 4657 3502 4720 uxoris,
3531 4660 3656 4716 etc.,
3688 4665 3834 4714 usqm

2169 4755 2260 4814 ad,
2297 4753 2352 4806 in
2390 4758 2600 4806 terram
2631 4749 3090 4821 repromissionis
3121 4747 3363 4801 induxit.
3401 4768 3424 4793 ι

2816 4865 2944 4918 CAP.
2989 4861 3210 4917 CXLIII.

2244 4971 2380 5021 Item
2428 4967 2577 5019 idem
2636 4966 2693 5018 in
2742 4965 2941 5019 eodem
2984 4969 3109 5033 post
3149 4977 3371 5032 pauca:
3419 4983 3445 5008 ‹‹
3488 4961 3684 5013 Verum
3723 4953 3825 5021 jam

2170 5060 2396 5126 tempus
2429 5060 2513 5109 est
2543 5059 2605 5108 ut
2633 5054 2905 5108 castitatis
2934 5054 3063 5105 Jesu
3130 5050 3396 5104 vexillum
3429 5048 3692 5109 levemus,
3717 5043 3826 5092 etc.,

2173 5159 2342 5208 usque
2370 5146 2463 5206 ad,
2496 5142 2800 5196 Salvatoris
2823 5138 3035 5192 auxilio
3070 5141 3387 5206 coopertos.
3433 5154 3460 5185 ››

2811 5253 2941 5306 CAP.
3004 5250 3221 5304 CXLIV.

2244 5343 2382 5394 Item
2406 5341 2556 5395 idem
2589 5341 2649 5394 in
2680 5341 2900 5405 eodem,
2925 5343 3054 5408 post
3084 5351 3264 5407 pauca
3296 5351 3308 5387 :
3347 5356 3374 5383 «
3397 5335 3646 5403 Cumque
3673 5331 3722 5382 in
3754 5342 3822 5378 se-

2172 5430 2466 5499 pulturam
2518 5430 2645 5482 Jesu
2693 5429 2835 5481 liber
2891 5426 2990 5496 qui
3033 5443 3094 5477 ex
3131 5423 3360 5477 nomine
3394 5424 3516 5493 ejus
3545 5418 3824 5509 appellatur

2173 5517 2431 5585 expletus
2479 5517 2573 5582 sit,
2607 5530 2832 5568 rursum
2865 5515 2922 5566 in
2951 5512 3217 5566 Iudicum
3263 5509 3554 5563 volumine
3583 5519 3725 5576 quasi
3753 5514 3819 5548 vl-
