4044 6174
194 297 288 346 733
1467 295 1675 352 LIBER
1713 295 2078 353 ADVERSUS
2114 301 2418 356 GRAECOS.

189 440 320 477 vens
349 439 766 494 resurgensque
815 425 1175 489 describitur,
1229 429 1356 490 etc.,
1392 442 1558 495 usque
1587 427 1660 479 ad
1708 433 1858 496 post,
1898 433 1942 482 Α

188 519 430 566 mortem
458 513 662 582 incipit
682 514 962 567 coronari.
997 536 1022 564 ι»

846 629 972 682 Cam
1017 627 1204 682 CXLV.

253 743 401 795 Item
434 742 581 796 idem
619 741 676 794 in
704 743 928 810 eodem,
971 749 1098 812 post
1140 760 1318 812 pauca
1356 760 1368 796 :
1402 766 1428 791 ‹‹
1462 745 1738 814 Nunquid
1772 761 1876 798 non

187 831 438 883 habemus
466 835 780 898 potestatem
816 831 1187 884 manducandi
1224 837 1273 884 et
1311 833 1549 898 bibendi,
1591 840 1684 885 aut
1730 849 1873 886 soro-

185 933 263 970 res
317 919 563 971 mulieres
599 918 1078 972 circumducendi?
1133 919 1234 972 Ubi
1283 920 1353 973 de
1415 921 1764 974 comedendo
1822 926 1877 973 et

183 1004 449 1068 bibendo,
483 1011 540 1056 et
560 1005 628 1057 de
659 1004 1076 1058 uiinistratione
1107 1012 1442 1075 sumptuum
1484 1007 1875 1076 praemittitur,

184 1099 235 1145 et
264 1093 335 1146 de
369 1093 706 1146 mulieribus
751 1094 1040 1146 sororibus
1073 1094 1151 1148 sic
1197 1096 1458 1156 infertur,
1512 1097 1876 1166 perspicuum

185 1185 266 1233 est
299 1196 415 1232 non
439 1196 640 1234 uxores
672 1182 916 1252 intelligi
940 1183 1167 1250 debere,
1220 1185 1316 1238 sed
1345 1201 1460 1250 eas,
1503 1191 1566 1238 ut
1608 1185 1875 1250 diximus,

185 1284 311 1337 quae
341 1268 410 1321 de
439 1285 540 1321 sua
571 1269 888 1323 substantia
936 1271 1356 1337 ministrabant,
1395 1277 1526 1337 etc.,
1579 1287 1746 1340 usque
1783 1273 1875 1339 ad,

185 1354 327 1407 nihil
359 1356 470 1408 tale
497 1355 786 1425 Scriptura
807 1357 1108 1426 siguilicat.
1147 1380 1166 1403 ι

831 1471 959 1524 CAP.
1011 1473 1230 1526 CXLVI.

252 1583 396 1636 Item
419 1583 573 1637 idem
605 1583 664 1636 in
689 1584 913 1651 eodem,
947 1592 1074 1654 post
1102 1602 1279 1655 pauca
1312 1602 1323 1638 :
1364 1609 1389 1633 ‹‹
1427 1589 1732 1641 Possumus
1781 1605 1880 1642 au-

185 1675 296 1724 tem
330 1672 399 1724 de
440 1672 603 1725 Petro
640 1673 848 1737 dicere,
880 1673 1030 1742 quod
1063 1674 1328 1728 habuerit
1372 1691 1594 1728 socrum
1627 1692 1692 1727 eo
1737 1680 1880 1728 tem-

182 1775 316 1829 pore
335 1761 489 1830 quod
507 1759 768 1821 credidit,
789 1767 846 1814 et
867 1762 1232 1829 uxoremjam
1255 1778 1373 1816 non
1390 1763 1674 1828 habuerit,
1702 1785 1720 1809 ι
1749 1769 1878 1828 etc.,

182 1848 463 1916 usquead,
499 1852 682 1901 mater
713 1848 882 1918 Virgo
927 1849 1133 1918 virgini
1188 1849 1466 1919 discipulo
1509 1851 1877 1904 commenda-

183 1942 293 1990 tur.

823 2026 948 2078 CAP.
983 2025 1237 2079 CXLVII.

251 2139 398 2192 Item
435 2138 586 2192 idem
621 2138 678 2192 in
710 2139 932 2205 eodem,
968 2145 1092 2210 post
1124 2156 1305 2208 pauca
1348 2157 1358 2192 :
1399 2163 1420 2187 ιι
1461 2143 1612 2195 Sicut
1649 2148 1704 2194 in
1737 2143 1882 2208 ligno

181 2231 398 2292 vermis,
447 2231 528 2280 ita
569 2229 749 2296 perdit
781 2231 960 2280 virum
1007 2243 1164 2281 suum
1202 2244 1343 2281 umor
1395 2230 1642 2297 male/ica
1693 2233 1878 2295 (Prov.

180 2316 326 2384 xxv).
365 2315 422 2370 Si
453 2322 644 2369 autem
687 2318 996 2369 asserueris
1031 2317 1135 2369 hoc
1173 2317 1242 2369 de
1276 2317 1441 2370 malis
1496 2318 1710 2371 dictum
1761 2335 1880 2371 esse

184 2404 545 2474 conjugibus,
607 2410 661 2456 et
709 2421 813 2473 ego
864 2404 968 2457 tibi
1035 2405 1282 2458 breviter
1328 2406 1703 2475 respondebo.
1744 2408 1879 2470 Quae

183 2493 336 2546 enim
374 2493 518 2545 milii
562 2493 841 2546 incumbit
900 2494 1205 2545 necessitas
1261 2494 1454 2547 venire
1509 2495 1568 2546 in
1617 2495 1879 2562 dubium,

183 2586 379 2634 utrum
413 2583 565 2633 mala
595 2581 666 2633 sit
696 2598 768 2634 an
791 2583 942 2634 bona
967 2582 1156 2635 futura
1190 2597 1362 2652 quam
1398 2583 1654 2636 duxero?
1689 2605 1714 2631 ι
1748 2591 1877 2651 etc.,

183 2685 354 2738 usque
383 2670 478 2732 ad,
501 2669 569 2722 de
601 2669 817 2722 aedibus
843 2671 978 2734 suis,
1012 2671 1068 2723 id
1099 2675 1201 2736 est,
1235 2671 1302 2724 de
1334 2671 1594 2724 Ecclesia.

805 2784 928 2837 CAP.
977 2785 1246 2839 CXLVIII.

253 2899 398 2950 Item
441 2897 589 2950 idem
639 2899 694 2950 in
725 2899 949 2965 eodem,
982 2905 1108 2968 post
1139 2915 1316 2968 pauca
1352 2916 1362 2952 :
1400 2920 1425 2947 ‹‹
1459 2903 1567 2953 Aut
1609 2902 1878 2969 permitte

181 2986 573 3040 sacerdotibus
629 3001 888 3039 exercere
947 3003 1121 3056 opera
1191 2987 1543 3057 nuptiarum,
1619 2993 1679 3041 ut
1728 2988 1879 3041 idem

180 3077 294 3128 sint
325 3075 581 3143 virgines
608 3076 758 3145 quod
809 3076 1028 3140 mariti;
1080 3082 1178 3128 aut
1213 3076 1257 3128 si
1308 3076 1694 3130 sacerdotibus
1746 3092 1882 3129 uxo-

181 3182 270 3219 res
310 3181 430 3217 non
465 3166 595 3218 licet
627 3171 880 3233 tangere,
930 3164 988 3218 in
1038 3182 1104 3218 eo
1141 3165 1317 3218 sancti
1362 3173 1513 3230 sunt,
1567 3166 1701 3236 quia
1750 3165 1881 3218 imi-

180 3258 384 3306 tantur
433 3253 769 3322 pudicitiam
816 3253 1175 3323 virginalem.
1229 3255 1338 3308 Sed
1389 3260 1444 3307 et
1485 3255 1590 3306 hoc
1632 3254 1872 3307 inferen-

181 3342 358 3394 dum:
397 3342 442 3394 si
483 3342 660 3396 laicus
708 3348 762 3394 et
811 3343 1140 3412 quicunque
1190 3343 1375 3396 ﬁdelis
1425 3359 1587 3395 orare
1631 3359 1743 3395 non
1779 3359 1879 3412 po-

182 3435 309 3495 test,
351 3430 460 3482 nisi
493 3435 680 3484 careat
709 3430 894 3483 ofﬁcio
926 3431 1244 3500 conjugali;
1279 3431 1575 3497 sacerdoti,
1612 3431 1702 3483 cui
1735 3447 1880 3484 sem-

181 3535 285 3589 per
345 3535 449 3588 pro
499 3520 711 3589 populo
765 3518 1057 3572 offerenda
1106 3525 1239 3572 sunt
1297 3518 1592 3584 sacriﬁcia,
1655 3535 1883 3588 semper

181 3611 468 3661 orandum
502 3614 602 3660 est.
654 3607 710 3662 Si
751 3623 978 3676 semper
1008 3608 1310 3672 orandum,
1360 3623 1496 3676 ergo
1531 3625 1757 3677 semper
1796 3624 1881 3660 ca-

178 3697 432 3749 rendum
470 3696 856 3748 matrimonio.
891 3697 1030 3749 Nam
1059 3701 1115 3749 et
1145 3696 1203 3749 in
1255 3697 1428 3748 veteri
1479 3697 1600 3766 lege
1628 3697 1728 3766 qui
1775 3712 1878 3764 pro

179 3785 402 3853 populo
451 3784 664 3836 hostias
723 3784 1057 3849 olferebant,
1109 3801 1223 3837 non
1271 3785 1457 3837 solum
1505 3785 1562 3838 in
1617 3784 1882 3838 domibus

179 3872 300 3924 suis
352 3889 469 3925 non
515 3878 697 3935 erant,
750 3873 843 3925 sed
894 3873 1349 3941 purilicabantur
1397 3875 1463 3926 ad
1527 3879 1756 3942 tempus
1812 3872 1881 3925 ab

176 3963 458 4014 uxoribus
491 3961 754 4029 separati,
787 3966 842 4013 et
872 3961 1064 4013 vinum
1091 3967 1146 4013 et
1177 3962 1413 4014 siceram
1439 3979 1550 4014 non
1586 3961 1876 4027 bibebant,

176 4065 308 4118 quae
343 4051 532 4101 solent
555 4049 847 4102 libidinem
880 4065 1214 4118 provocare.
1252 4070 1279 4099 ι)

835 4167 970 4218 CAP.
1014 4164 1230 4218 CXLIX.

3571 307 3675 362 734

2680 435 2804 488 CAP.
2852 436 2979 490 CLI.

2680 437 2804 488 CAP.
2852 437 2979 490 CLI.

2059 522 2200 574 Item
2231 520 2380 573 idem
2425 521 2483 574 in
2533 523 2753 586 eodem,
2814 527 2941 593 post
2987 540 3167 594 pauca
3200 541 3212 578 :
3245 525 3476 577 .Estimo
3525 525 3674 594 quod

1984 607 2085 678 qui
2115 623 2352 662 uxorem
2406 609 2597 674 habet,
2648 611 2896 680 quandiu
2933 612 3235 665 revertitur
3273 612 3340 664 ad
3375 611 3429 664 id
3460 611 3674 679 ipsum,

1988 712 2059 749 ne
2098 701 2254 750 tenet
2281 712 2412 750 eum
2444 697 2697 762 Satanas,
2730 698 2789 750 in
2820 714 2988 752 carne
3039 701 3298 766 seminet,
3345 705 3402 752 et
3453 714 3568 751 non
3618 699 3676 750 in

1987 783 2214 854 spiritu,
2248 807 2268 831 ›
2296 789 2424 849 etc.,
2458 801 2628 852 usque
2671 786 2744 838 ad
2774 787 2860 838 his
2898 788 3255 854 copulemur,
3288 789 3406 840 haec
3463 802 3665 855 sequa-

1985 888 2130 925 mur.

2671 965 2798 1017 CAP.
2842 963 2995 1017 CLII.

2060 1083 2202 1136 Item
2235 1080 2388 1133 idem
2420 1080 2479 1132 iu
2507 1080 2730 1139 eodem,
2792 1085 2920 1148 post
2950 1096 3121 1148 pauca
3157 1095 3170 1131 :
3233 1103 3256 1124 ‹‹
3304 1080 3680 1132 Transeamus

1988 1171 2057 1221 ad
2090 1169 2360 1222 Iacobum
2396 1167 2493 1237 qui
2524 1167 2695 1220 frater
2725 1167 2950 1221 Domini
2982 1167 3295 1228 dicebatur,
3339 1171 3511 1219 tantae
3557 1182 3682 1218 san-

1990 1258 2220 1322 ctitatis,
2254 1263 2543 1326 tantaeque
2587 1257 2826 1325 justitize
2876 1262 2930 1308 et
2974 1262 3263 1326 perpetuae
3319 1254 3678 1324 virginitatis,

1991 1351 2055 1399 ut
2101 1345 2378 1415 Iosephus
2421 1361 2652 1415 quoque
2717 1344 3023 1398 historicus
3071 1343 3398 1396 Judieorum
3447 1345 3684 1411 propter

1991 1434 2164 1501 hujus
2194 1449 2391 1486 necem
2422 1432 2751 1485 subversam
2801 1433 3250 1500 Hierosolymam
3292 1431 3518 1491 referat,
3552 1435 3680 1494 etc.,

1993 1537 2159 1588 usque
2197 1521 2289 1585 ad,
2325 1521 2382 1573 in
2416 1537 2473 1573 se
2509 1521 2728 1589 virgine
2762 1521 3108 1573 dedicaverit
3136 1560 3148 1572 .

2665 1637 2790 1690 CAP.
2821 1636 3000 1689 CLIII.

2068 1728 2202 1779 Item
2227 1725 2379 1778 idem
2404 1725 2463 1777 in
2485 1724 2707 1788 eodem,
2733 1729 2859 1792 post
2880 1739 3056 1793 pauca
3091 1739 3102 1775 :
3126 1741 3151 1773 «
3176 1723 3518 1787 Charissimi,
3541 1737 3682 1774 nunc

1991 1816 2092 1873 ﬁlii
2146 1816 2237 1868 Dei
2264 1828 2467 1874 sumus,
2510 1818 2559 1866 et
2603 1813 2829 1865 necdum
2867 1813 3130 1880 apparuit
3191 1811 3326 1878 quid
3365 1812 3548 1875 futuri
3601 1812 3680 1862 si-

1990 1919 2128 1958 mus.
2163 1904 2370 1957 Scimus
2393 1907 2570 1954 autem
2600 1903 2876 1968 quoniam,
2907 1903 2960 1953 si
2997 1900 3340 1968 apparuerit,
3386 1899 3586 1950 similes
3634 1899 3684 1949 ei

1989 1994 2208 2050 erimus.
2273 1992 2405 2057 quia
2452 1989 2743 2042 videbimus
2809 2004 2928 2040 eum
2965 1991 3103 2041 sicut
3155 1992 3233 2040 est
3275 1988 3321 2054 (Ι
3366 1988 3520 2038 Joan.
3579 1983 3676 2051 ιιι).

1993 2081 2056 2133 Et
2077 2079 2264 2132 omnis
2297 2078 2396 2148 qui
2418 2078 2564 2130 hanc
2603 2077 2774 2130 habet
2797 2093 2976 2146 spem,
3006 2075 3282 2128 castiﬁcat
3306 2073 3680 2142 semetipsum

1991 2168 2137 2221 sicut
2166 2172 2221 2220 et
2253 2167 2347 2220 ille
2379 2172 2564 2219 castus
2595 2171 2701 2232 est,
2734 2187 2760 2212 η
2795 2171 2927 2229 etc.,
2959 2179 3130 2232 usque
3159 2163 3232 2215 ad
3265 2164 3370 2215 haec
3399 2161 3582 2226 verba,
3614 2160 3680 2213 ad

1990 2256 2505 2325 comparationem,
2541 2260 2670 2318 etc.,
2705 2270 2824 2306 esse
2857 2254 3125 2323 pollutos.

2663 2368 2791 2421 CAP.
2836 2368 3008 2420 CLIV.

2062 2481 2202 2533 Item
2225 2477 2377 2530 idem
2409 2476 2468 2528 in
2516 2475 2739 2541 eodem,
2771 2479 2900 2544 post
2932 2488 3109 2542 pauca
3146 2489 3157 2524 :
3200 2495 3223 2518 υ
3261 2470 3553 2523 Inﬁnitum
3600 2474 3683 2522 est

1991 2568 2059 2621 de
2091 2565 2394 2635 Evangelio
2421 2564 2708 2633 virginum
2733 2578 3014 2632 exponere
3048 2565 3467 2613 sacramentum
3507 2559 3677 2629 quin-

1990 2673 2100 2726 que
2133 2655 2438 2708 stultarum
2488 2658 2544 2706 et
2587 2651 2842 2721 quinque
2898 2650 3269 2719 sapientium.
3327 2650 3439 2701 Hoc
3496 2647 3699 2700 solum.

1989 2760 2139 2796 nunc
2169 2743 2316 2808 dico,
2351 2741 2505 2810 quod
2553 2740 2841 2810 quomodo
2893 2739 3107 2808 absque
3152 2737 3372 2790 caeteris
3415 2734 3681 2806 operibus

1987 2833 2286 2902 virginitas
2317 2833 2434 2884 sola
2474 2847 2590 2883 non
2630 2829 2825 2894 salvat,
2882 2829 2959 2881 sic
3011 2828 3205 2880 omnia
3247 2841 3419 2896 opera
3465 2826 3680 2894 absque

1989 2921 2340 2992 virginitate,
2376 2919 2641 2988 puritate,
2683 2916 3058 2978 continentia,
3110 2916 3362 2968 castitate
3411 2912 3678 2982 imperfe-

1921 2991 1960 3045 Ο
1989 2991 2306 3074 ctasunt,»
2341 3015 2470 3073 etc.,
2504 3022 2671 3074 usque
2711 3005 2803 3069 ad,
2835 3005 2903 3058 de
2953 3003 3158 3056 divinis
3208 3001 3367 3054 libris
3423 2999 3679 3068 exempla

1989 3099 2362 3169 praebuimus.

2677 3185 2803 3235 CAP.
2849 3181 2994 3235 CLV.

2064 3297 2203 3350 Item
2237 3293 2616 3360 Hieronymus
2638 3290 2696 3343 in
2724 3289 2873 3342 libro
2903 3286 3152 3340 secundo
3181 3289 3378 3337 contra
3425 3282 3678 3336 Iovinia-

1992 3397 2151 3438 num,
2186 3379 2264 3430 sic
2305 3376 2487 3428 dicit:
2540 3397 2566 3422 ‹‹
2617 3375 2951 3428 Chaeremon
3003 3371 3230 3431 stoicus,
3281 3368 3365 3420 vir
3408 3368 3676 3435 eloquen-

1990 3469 2261 3528 tissimus,
2306 3469 2499 3516 narrat
2532 3463 2602 3516 de
2631 3463 2745 3514 vita
2795 3460 3164 3529 antiquorum
3216 3456 3444 3527 Egypti
3490 3469 3679 3507 sacer-

1991 3557 2210 3619 dotum,
2273 3553 2426 3623 quod
2484 3551 2749 3604 omnibus
2826 3549 3028 3602 mundi
3105 3547 3350 3616 negotiis
3412 3544 3679 3614 curisque

1987 3643 2318 3714 postpositis
2351 3655 2576 3710 semper
2599 3639 2656 3691 in
2700 3638 2911 3707 templo
2955 3637 3185 3699 fuerint,
3237 3640 3292 3688 et
3336 3649 3527 3687 rerum
3580 3647 3679 3684 na-

1989 3738 2146 3786 turas
2203 3745 2512 3798 causasque
2567 3744 2629 3780 ac
2689 3727 2937 3779 rationes
2997 3724 3248 3777 siderum
3310 3719 3680 3791 contemplati

1989 3825 2148 3882 sunt;
2185 3832 2479 3886 nunquam
2512 3815 2846 3868 mulieribus
2878 3832 2934 3864 se
2978 3811 3330 3874 miscuerint,
3385 3824 3678 3878 nunquam

1989 3912 2260 3978 cognatos
2299 3910 2355 3958 et
2403 3903 2774 3975 propinquos,
2826 3917 2928 3953 nec
2978 3901 3182 3952 liberos
3233 3899 3464 3968 quidem
3517 3897 3679 3949 vide—

1991 3996 2123 4048 rint.
2163 3995 2226 4046 Et
2257 4009 2323 4046 ex
2354 4008 2422 4044 eo
2472 3996 2726 4058 tempore
2759 4004 2873 4058 quo
2916 3987 3215 4056 cuspissent
3260 3985 3449 4038 divino
3501 3983 3680 4036 cultui

1991 4082 2293 4146 deservire,
2354 4079 2620 4132 carnibus
2688 4082 2742 4129 et
2797 4076 2927 4128 vino
2977 4090 3204 4143 semper
3278 4071 3676 4126 abstinuerint.

1990 4174 2223 4241 propter
2282 4167 2614 4220 tenuitatem
2673 4179 2873 4216 sensus
2943 4167 2997 4214 et
3054 4159 3388 4230 vertiginem
3456 4157 3678 4227 capitis,

252 4281 397 4332 Item
448 4279 599 4331 idem
628 4280 685 4331 in
721 4280 942 4337 eodem,
985 4285 1114 4348 post
1153 4294 1333 4348 pauca
1367 4295 1378 4331 :
1423 4302 1448 4324 ‹‹
1495 4282 1714 4346 Oportet
1753 4296 1878 4347 ergo
1917 4284 1960 4337 D
1993 4275 2164 4329 quam
2206 4274 2268 4310 ex
2505 4254 2631 4348 Fibo
2663 4251 3046 4348 ῘξδῖίθξδίῗηΨ-Γτ
3085 4256 3146 4348 εί.
3173 4249 3416 4348 maxime
3447 4251 3682 4348 Ρτίῗξήθν

177 4370 493 4434 episcopum
525 4368 1045 4435 irreprehensibilem
1085 4383 1195 4420 esse
1224 4368 1273 4433 (Ι
1300 4371 1437 4420 ’I‘im.
1491 4369 1594 4434 ιιι),
1630 4375 1692 4421 ut
1735 4369 1878 4421 nulli

181 4455 325 4507 vitio
359 4455 718 4523 mancipatus
749 4455 839 4510 sit.
879 4455 1047 4509 Unius
1079 4459 1268 4510 umoris
1316 4459 1521 4519 virum,
1555 4456 1652 4526 qui
1704 4473 1878 4510 unam

180 4559 429 4596 uxorem
459 4543 746 4609 habuerit,
784 4560 896 4595 nou
924 4545 1022 4614 qui
1059 4545 1283 4598 habeat.
1337 4545 1607 4608 Sobrium,
1651 4545 1788 4609 sive,
1821 4549 1880 4596 ut

180 4633 398 4685 melius
429 4633 484 4684 in
515 4632 707 4685 Graeco
737 4632 962 4698 dicitur,
994 4634 1346 4703 vigilantem,
1395 4633 1449 4687 id
1477 4641 1559 4686 est
1598 4632 1876 4704 chaaé‘mw;

181 4720 486 4789 pudicum,
553 4722 659 4773 hoc
719 4722 872 4773 enim
932 4722 1216 4790 signiﬁcat
1279 4728 1546 4795 quispam;
1630 4729 1881 4777 ornatum

183 4816 241 4861 et
310 4808 572 4862 castitate
641 4814 698 4862 et
752 4810 1045 4874 moribus;
1109 4811 1450 4878 hospitalem,
1514 4814 1577 4862 ut
1624 4809 1883 4862 imitetur

181 4898 501 4961 Abraham,
564 4903 619 4949 et
675 4913 801 4950 cum
879 4899 1222 4968 peregrinis,
1283 4899 1400 4951 imo
1454 4897 1514 4950 iu
1565 4897 1884 4966 peregrinis

182 4985 474 5040 Christum
509 4985 800 5054 suscipiat,
835 4991 965 5050 etc.,
1007 5001 1176 5054 usque
1211 4982 1306 5052 ad,
1336 5002 1453 5038 non
1484 4985 1582 5054 qui
1615 4985 1881 5050 nobilior,

180 5075 279 5127 sed
315 5073 417 5141 qui
447 5073 650 5126 fortior
679 5077 781 5126 est.
810 5092 836 5122 ))

899 5162 1028 5215 CAP.
1071 5162 1173 5216 CL.

261 5278 404 5330 Item
433 5277 586 5330 idem
621 5278 677 5329 in
710 5278 934 5341 eodem,
968 5282 1095 5346 post
1135 5293 1315 5345 pauca
1358 5296 1368 5328 :
1408 5300 1433 5322 ‹‹
1462 5279 1624 5344 Ergo,
1657 5281 1880 5342 fratres,

186 5363 460 5417 debitores
500 5381 682 5418 sumus
713 5381 817 5418 non
839 5367 1011 5431 carni,
1044 5370 1104 5418 ut
1134 5366 1425 5418 secundum
1474 5380 1688 5419 carnem
1729 5368 1880 5419 viva-

184 5468 330 5505 mus.
365 5454 426 5506 Si
452 5457 590 5506 em’m
631 5455 918 5507 secundum
977 5469 1192 5506 carnem
1251 5456 1526 5518 viweritis,
1556 5456 1880 5518 moriemini,

185 5547 323 5604 etc.,
359 5562 379 5587 ι
415 5557 582 5610 usque
611 5543 702 5601 ad,
736 5543 1046 5596 serviamus
1078 5542 1134 5596 in
1161 5542 1465 5607 Evangelio
1505 5559 1650 5595 novo
1682 5543 1880 5598 Adam.

1987 4344 2567 4417 appetituslibidinis,
2601 4341 2700 4412 qui
2725 4357 2790 4394 ex
2826 4341 2912 4394 his
2939 4339 3078 4394 cibis
3101 4344 3155 4392 et
3190 4355 3254 4391 ex
3302 4339 3406 4390 hac
3447 4335 3681 4404 potione

1989 4441 2319 4489 nascuntur.
2383 4435 2530 4486 Pane
2591 4447 2720 4483 raro
2775 4429 3164 4492 vescebantur,
3226 4444 3296 4480 ne
3375 4430 3684 4478 onerarent

1990 4523 2365 4584 stomachum,
2402 4543 2426 4567 ››
2452 4526 2574 4580 etc.,
2611 4534 2781 4586 usque
2811 4518 2903 4582 ad,
2939 4517 3234 4587 proprium
3264 4515 3529 4568 volumen
3564 4513 3681 4567 edi-

1990 4613 2092 4666 dit.

2661 4695 2790 4749 CAP.
2833 4695 3006 4749 CLVI.

2061 4813 2202 4866 Item
2235 4813 2386 4865 idem
2419 4811 2476 4863 in
2505 4809 2704 4863 eodem
2735 4826 2748 4862 :
2793 4832 2811 4856 α
2850 4809 3104 4863 Diximus
3136 4809 3204 4862 de
3227 4807 3442 4876 nuptis,
3477 4805 3679 4864 viduis.

1991 4900 2336 4970 virginibus:
2379 4897 2788 4967 virginitatem,
2813 4897 3142 4949 viduitatem
3177 4895 3530 4965 pri-BtUIImUS
3567 4908 3680 4944 ma.

1992 4988 2286 5054 trimonio,
2330 5009 2355 5032 ››
2415 4992 2501 5038 etc
2532 5027 2546 5052 ,
2585 5000 2756 5053 usque
2810 4985 2903 5049 ad,
2954 4985 3118 5037 ruina
3165 4982 3435 5036 stantium
3499 4986 3683 5033 metus

1994 5076 2080 5129 sit.

2643 5165 2774 5218 CAP.
2825 5162 3026 5216 CLVII.

2066 5278 2340 5348 Origenes
2377 5280 2435 5331 in
2487 5279 2630 5332 libro
2679 5277 2848 5330 tertio
2879 5277 3109 5329 Levitici
3160 5278 3288 5341 isi-ve
3326 5273 3508 5326 homil.
3553 5276 3583 5325 3
3626 5275 3682 5324 in

1992 5383 2114 5435 cap.
2143 5366 2244 5434 ιιι),
2291 5366 2438 5418 inter
2475 5370 2680 5417 caetera
2709 5363 2788 5416 sic
2818 5362 2954 5415 dicit
2989 5379 3000 5415 :
3047 5383 3066 5408 σ
3114 5365 3317 5415 Anima
3356 5375 3683 5427 quacunque

1995 5457 2231 5520 tetigerit
2268 5469 2469 5508 omnem
2502 5471 2610 5506 rem
2662 5451 3014 5515 immundam,
3049 5455 3144 5503 aut
3192 5451 3529 5503 mortici-num
3579 5450 3680 5514 ju-

1997 5547 2288 5596 mentorum
2334 5542 2748 5605 immundorum,
2801 5545 2848 5591 et
2889 5541 3107 5591 latuerit
3148 5553 3290 5605 eum,
3321 5543 3368 5590 ct
3416 5539 3681 5604 inquina-
3747 5610 3754 5618 ‘
