4044 6174
394 254 497 307 735

1607 251 1829 305 AENEAS
1867 250 2311 307 PARISIENSIS
2350 250 2665 307 EPISCOPI

3770 251 3863 303 736

397 394 481 442 tus
524 392 769 453 est;aut
821 390 871 441 si
919 389 1154 452 tetigerit
1210 386 1278 438 ab
1338 386 1691 439 immunditia
1724 387 1953 439 hominis
2009 387 2076 439 ab
2116 388 2162 441 A
2194 391 2372 439 mant.
2424 386 2572 450 Quid
2629 390 2821 439 autem
2872 391 2957 439 est
3012 386 3070 438 in
3114 384 3234 439 loco
3291 390 3485 439 sancto
3542 387 3862 441 manducare

396 479 543 529 omni
575 476 923 529 immunditia
953 491 1021 526 ea:
1064 490 1173 540 qua
1220 476 1535 541 inquinetur
1588 474 1730 539 (Leu.
1768 490 1818 539 ν,
1851 476 1924 543 2),
1976 481 2082 527 etc.

398 567 524 617 Haec
555 564 787 633 quidem
838 563 990 633 apud
1031 563 1257 616 Judzeos
1309 562 1641 615 indecenter
1679 562 1814 615 satis
1860 569 1915 615 et
1954 562 2083 615 inu-

395 653 573 705 tilitcr
603 653 994 705 observantur.
1033 652 1100 704 Ut
1130 650 1267 719 quid
1300 651 1451 703 enim
1502 651 1830 703 immundus
1868 651 2084 704 habea-

395 744 487 791 tur
530 740 629 808 qui
681 740 1001 809 contigerit,
1044 739 1201 791 verbi
1252 754 1435 797 causa,
1501 739 1711 791 animal
1774 742 2081 801 mortuum,

394 832 489 879 aut
520 844 723 896 corpus
752 829 1004 881 hominis
1031 828 1316 881 defuncti?
1344 828 1487 890 Quid
1523 829 1568 879 si
1619 828 1913 897 propheta:
1958 843 2079 879 cor-

391 932 497 984 pus
527 917 632 970 sit?
653 917 794 979 Quid
817 917 861 968 si
886 916 1245 985 patriarchae;
1277 918 1360 971 vel
1399 918 1567 969 etiam
1615 918 1795 985 ipsius
1840 917 2080 969 Abrahae

392 1005 635 1074 corpus?
666 1004 803 1067 Quid
838 1005 882 1055 si
915 1009 969 1056 et
998 1021 1123 1057 ossa
1153 1005 1455 1072 contigerit
1488 1005 1788 1068 Samuelis,
1838 1005 2084 1057 immun-

392 1091 499 1143 dus
545 1092 688 1144 crit?
732 1092 874 1154 Quid
929 1093 973 1144 si
1022 1092 1191 1145 Elisei
1240 1109 1364 1144 ossa
1412 1094 1702 1159 contingat
1754 1108 1881 1161 qum
1938 1108 2084 1144 mor-

392 1184 552 1230 tuum
578 1179 887 1231 suscitant?
928 1180 1261 1232 immundus
1317 1180 1426 1232 erit
1456 1180 1551 1231 ille
1609 1180 1708 1249 qui
1781 1180 2079 1248 contingit,

392 1272 447 1317 et
478 1266 836 1319 immundum
868 1266 1080 1318 faciunt
1111 1283 1235 1319 ossa
1262 1268 1558 1335 propheta:
1589 1266 1760 1318 etiam
1794 1267 1953 1318 illum
1988 1267 2083 1334 ip-

394 1368 516 1404 sum
544 1369 715 1421 quem
749 1368 781 1404 a
805 1353 1044 1405 mortuis
1085 1352 1394 1405 suscitant?
1426 1353 1526 1421 (IV
1567 1354 1701 1417 Reg.
1753 1352 1894 1418 xui).
1946 1353 2080 1405 Vide

394 1456 564 1509 quam
601 1438 1003 1490 inconveniens
1034 1438 1100 1490 sit
1132 1438 1367 1490 Judaica
1397 1439 1798 1507 intelligentia.
1832 1438 1936 1491 Sed
1980 1454 2081 1490 nos

395 1528 686 1581 videamus
708 1525 894 1594 primo
931 1527 1065 1595 quid
1094 1526 1165 1578 sit
1197 1532 1454 1594 tangere,
1502 1532 1555 1578 et
1603 1526 1739 1595 quid
1788 1525 1860 1577 sit
1902 1528 2080 1577 tactus

393 1618 491 1687 qui
536 1617 704 1669 faciat
750 1615 1134 1667 immundum.
1182 1616 1486 1683 Apostolus
1544 1614 1722 1668 dicit:
1764 1619 1966 1669 Bonum
2004 1618 2082 1667 est

392 1706 593 1757 homini
635 1704 910 1755 mulierem
958 1716 1061 1754 non
1106 1706 1323 1768 tangere
1352 1704 1397 1760 (Ι
1434 1702 1554 1757 Cor.
1605 1704 1720 1771 vn).
1764 1701 1860 1754 Hic
1901 1707 2080 1753 tactus

390 1792 719 1844 immundus
750 1796 859 1854 est;
892 1790 997 1843 hoc
1026 1795 1111 1843 est
1141 1791 1295 1842 enim
1326 1790 1465 1842 illud
1511 1790 1663 1859 quod
1717 1790 1990 1842 Dominus
2020 1789 2081 1842 in

390 1880 695 1947 Evangelio
726 1878 867 1931 dixit
900 1894 910 1929 :
948 1879 1009 1932 Si
1032 1880 1154 1944 quis
1184 1878 1385 1931 viderit
1436 1881 1713 1931 mulierem
1760 1878 1834 1930 ad
1880 1893 2076 1931 concu-

386 1968 723 2036 piscendum,
801 1970 918 2034 jam
967 1967 1256 2019 moechatus
1322 1972 1400 2019 est
1468 1982 1584 2020 eam
1642 1970 1698 2019 in
1764 1967 1921 2019 corde
1982 1982 2079 2019 suo

389 2056 607 2121 (Matth.
663 2058 778 2121 vn).
838 2055 1048 2123 Tetigit
1104 2055 1257 2107 enim
1290 2070 1387 2107 cor
1434 2056 1555 2123 ejus
1599 2054 2077 2124 concupiscentiae

386 2144 607 2209 vitium,
643 2148 698 2195 et
728 2143 1026 2195 immunda
1072 2142 1218 2195 facta
1258 2146 1342 2194 est
1394 2142 1586 2194 anima
1642 2142 1784 2210 ejus.
1836 2142 1893 2195 Si
1948 2142 2078 2211 quis

385 2248 522 2299 ergo
555 2232 658 2283 hoc
690 2231 857 2283 modo
890 2231 1069 2299 tangit
1118 2230 1368 2299 aliquam
1420 2245 1560 2295 rem,
1613 2230 1668 2282 id
1704 2234 1805 2295 est,
1857 2230 1942 2282 vel
1975 2246 2077 2298 per

384 2322 642 2375 mulieris
691 2320 1234 2389 concupiscentiam,
1278 2320 1360 2372 vel
1394 2334 1496 2388 per
1546 2319 1801 2388 pecuniae
1852 2318 2074 2387 cupidi-

383 2417 578 2470 tatem.
609 2411 695 2462 vel
730 2409 841 2462 alio
873 2408 1131 2479 quolibet
1182 2408 1399 2477 peccati
1455 2407 1761 2471 desiderio,
1813 2406 2070 2459 immun-

382 2500 516 2554 dum
552 2498 739 2568 tetigit
786 2503 842 2551 et
881 2497 1214 2567 inquinatus
1262 2502 1364 2548 est.
1425 2497 1659 2565 Oportet
1711 2511 1847 2563 ergo
1908 2501 1982 2560 te,
2026 2494 2070 2547 si

382 2584 515 2651 quid
559 2585 671 2637 tale
732 2586 1012 2654 tetigeris,
1071 2585 1213 2637 scire
1271 2585 1556 2653 quomodo
1604 2583 1807 2635 otferas
1860 2583 2071 2635 sacriﬁ-

380 2670 530 2724 cium
562 2674 872 2726 secundum
905 2690 969 2726 ea
1010 2690 1138 2743 quae
1168 2674 1229 2726 in
1280 2672 1671 2741 superioribus
1722 2672 2071 2724 memoravi-

382 2774 526 2824 mus,
562 2765 621 2812 ut
655 2761 900 2813 mundus
930 2761 1075 2813 effici
1108 2760 1306 2829 possis.
1344 2760 1435 2812 Vis
1473 2759 1572 2812 tibi
1619 2760 1914 2813 ostendam
1945 2775 2070 2829 quas

380 2854 464 2901 est
492 2850 683 2902 anima
740 2866 869 2919 qum
900 2850 1085 2919 tetigit
1134 2852 1433 2910 mundum,
1472 2856 1524 2900 et
1572 2848 1868 2901 immunda
1924 2848 2069 2901 facta

381 2944 485 3001 est,
519 2942 575 2988 et
605 2953 829 2989 rursum
866 2938 1054 3005 tetigit
1094 2937 1395 3000 mundum,
1430 2942 1486 2990 et
1514 2937 1658 2989 facta
1689 2951 1773 2989 est
1817 2938 2069 2989 munda?

380 3024 480 3076 Illa
507 3040 633 3094 quae
664 3025 1008 3093 profluvium
1042 3025 1339 3094 sanguinis
1370 3041 1532 3094 passa
1565 3030 1664 3084 est,
1706 3030 1760 3076 et
1811 3023 2069 3093 erogavit

380 3127 609 3165 omnem
660 3113 1035 3166 substantiam
1082 3130 1242 3166 suam
1277 3114 1330 3165 in
1384 3112 1654 3176 medicos,
1706 3129 1809 3164 nec
1850 3112 2070 3182 aliquid

376 3200 652 3269 prolicere
686 3202 888 3270 potuit,
922 3218 1024 3271 per
1052 3202 1476 3255 immunditiam
1505 3201 1720 3270 peccati
1750 3201 1804 3253 in
1828 3201 1934 3253 hoc
1965 3201 2071 3253 de—

374 3290 565 3342 voluta
617 3295 717 3343 est.
754 3291 1041 3361 Tetigerat
1089 3292 1241 3343 enim
1273 3296 1590 3358 peccatum,
1623 3294 1679 3341 et
1708 3289 1915 3341 idcirco
1966 3290 2066 3341 fla-

374 3379 587 3447 gellum
638 3379 824 3431 carnis
855 3384 1177 3449 acceperat;
1212 3379 1307 3430 sed
1353 3382 1726 3446 posteaquam
1762 3377 1871 3429 tide
1902 3378 2068 3445 plena

370 3465 561 3534 tetigit
603 3466 887 3518 ﬁmbriam
939 3468 1093 3531 Jesu,
1152 3464 1307 3516 stetit
1355 3464 1541 3516 ﬂuxus
1588 3464 1881 3532 sanguinis
1921 3464 2067 3533 ejus,

374 3556 429 3604 et
460 3556 690 3621 repente
734 3551 877 3603 facta
909 3555 993 3603 est
1041 3551 1272 3615 munda,
1326 3566 1453 3620 quae
1503 3557 1633 3604 ante
1684 3567 1787 3619 per
1844 3557 2067 3605 tantum

371 3642 599 3706 tempus
627 3637 765 3689 vixit
796 3637 1111 3690 immunda.
1156 3639 1220 3691 Et
1249 3639 1733 3707 quemadmodum
1781 3655 1910 3692 cum
1943 3640 2069 3693 teti-

371 3724 546 3795 gisset
588 3724 897 3779 Dominum
925 3730 980 3778 et
1011 3726 1381 3791 Salvatorem,
1425 3727 1564 3780 dixit
1597 3727 1718 3795 ipse
1749 3744 1761 3781 :
1812 3729 1946 3792 Quis
1985 3744 2067 3781 me

372 3815 550 3881 tetigit
580 3812 606 3865 ‘?
634 3815 745 3880 Ego
776 3817 916 3866 enim
947 3818 1091 3867 sensi
1118 3818 1372 3869 virtutem
1404 3818 1576 3869 emisse
1606 3816 1671 3869 de
1716 3832 1797 3869 me
1845 3818 2061 3886 (Matth.

375 3901 469 3971 ix),
500 3901 658 3955 illam
684 3902 805 3954 sine
843 3902 1018 3955 dubio
1059 3902 1326 3956 virtutem
1360 3904 1735 3973 intelligimus
1766 3921 1893 3974 qua:
1934 3921 2062 3957 mu-

370 3990 569 4044 lierem
604 3997 900 4043 sanaverat
930 3996 986 4044 et
1014 3990 1227 4044 fecerat
1271 4007 1395 4044 eam
1446 3992 1747 4056 mundam;
1783 3992 1861 4044 sic
1896 3991 2061 4045 intel-

368 4080 662 4149 ligendum
719 4086 824 4147 est,
873 4082 969 4150 qui
1026 4081 1067 4131 si
1159 4080 1287 4150 quis
1342 4080 1653 4149 contigerit
1743 4084 2059 4149 peccatum,

369 4174 531 4221 exeat
562 4185 624 4221 ex
652 4170 774 4238 ipso
810 4174 1037 4238 peccato
1073 4169 1251 4221 virtus
1299 4169 1560 4236 quazdam
1614 4169 1886 4238 maligna,
1933 4184 2062 4238 quas

2192 478 2528 543 peccatum?
2562 477 2742 528 Locus
2785 479 2906 527 erat
2952 479 3180 525 sanctus
3232 473 3288 526 in
3338 489 3507 543 quem
3551 482 3865 543 pervenerat

2194 564 2429 632 Moyses,
2454 564 2765 617 secundum
2810 563 2963 633 quod
3017 562 3233 616 dictum
3265 568 3348 614 est
3378 564 3444 616 ad
3479 580 3608 615 eum
3643 580 3657 615 :
3714 565 3862 618 Locus

2192 655 2330 705 enim
2362 655 2419 705 in
2450 668 2552 719 quo
2581 658 2694 705 stas
2734 658 2879 705 terra
2904 655 3091 704 sancta
3117 656 3195 705 est
3234 651 3431 719 (Exod.
3467 652 3566 719 in).
3614 652 3865 705 Similiter

2193 756 2329 809 ergo
2363 745 2417 792 et
2460 741 2515 793 in
2566 741 2810 793 Ecclesia
2847 740 2945 792 Dei
2974 741 3131 792 locus
3175 744 3398 791 sanctus
3425 746 3531 805 est,
3572 740 3706 793 ﬁdes
3737 756 3857 808 per-

2192 827 2353 894 fecta,
2379 834 2435 880 et
2464 829 2709 880 charitas
2743 828 2811 880 de
2842 828 3009 881 corde
3036 843 3203 896 puro,
3238 833 3293 880 et
3322 828 3668 880 conscientia
3710 830 3857 881 bona.

2190 916 2296 979 Qui
2328 916 2385 968 in
2426 916 2513 969 his
2544 917 2734 969 statin
2778 916 3045 979 Ecclesia,
3102 916 3157 968 in
3210 917 3326 967 loco
3378 932 3435 968 se
3486 923 3680 969 sancto
3732 923 3862 970 stare

2190 1008 2510 1073 cognoscat.
2545 1006 2737 1073 Neque
2768 1004 2918 1056 enim
2951 1004 3007 1055 in
3044 1010 3197 1056 terra
3224 1004 3567 1071 quaerendus
3598 1010 3677 1056 est
3723 1005 3862 1057 locus

2190 1098 2441 1156 sanctus,
2499 1093 2553 1144 in
2605 1108 2718 1161 quo
2751 1093 2923 1144 semel
2970 1091 3101 1143 data
3153 1090 3435 1143 sententia
3465 1096 3547 1143 est
3577 1108 3609 1143 a
3645 1093 3752 1144 Deo
3780 1094 3859 1145 di—

2190 1184 2351 1231 cente
2382 1195 2393 1231 :
2428 1181 2727 1233 Maledicta
2759 1186 2903 1233 terra
2934 1183 2991 1232 in
3036 1181 3286 1248 operibus
3329 1182 3437 1233 luis
3472 1180 3626 1249 (Gen.
3664 1188 3757 1243 ui).
3792 1181 3862 1233 Fi-

2191 1267 2290 1320 des
2342 1284 2478 1337 ergo
2527 1269 2773 1337 integra,
2826 1274 2882 1321 et
2928 1274 3121 1321 sancta
3173 1270 3529 1320 conversatio
3598 1269 3744 1320 locus
3791 1274 3861 1321 est

2190 1362 2437 1409 sanctus.
2474 1356 2535 1409 In
2570 1357 2677 1409 hoc
2706 1358 2896 1427 itaque
2936 1357 3059 1409 loco
3116 1356 3335 1424 positus
3393 1356 3653 1408 sacerdos
3692 1357 3857 1410 Eccle-

2190 1443 2308 1506 εἰει),
2344 1443 2539 1512 populi
2574 1449 2798 1512 peccata
2848 1450 3167 1509 consumat,
3219 1450 3280 1497 ut
3326 1444 3568 1498 hostiam
3612 1445 3862 1513 jugulans

2190 1531 2345 1582 verbi
2393 1532 2513 1596 Dei,
2543 1532 2816 1585 doctrinae
2851 1549 3004 1585 sanae
3035 1532 3291 1585 victimas
3349 1534 3615 1597 otferens,
3675 1538 3863 1603 purget

2190 1634 2223 1670 a
2250 1620 2493 1688 peccatis
2527 1621 2902 1673 conscientias
2936 1622 3283 1675 auditorum.
3320 1644 3338 1669 ι

2862 1738 2991 1790 CAP.
3034 1736 3206 1790 CLIX.

2260 1828 2401 1881 Item
2451 1829 2603 1883 idem
2638 1830 2695 1883 in
2736 1830 2935 1883 eodem
2999 1832 3178 1884 libro:
3216 1853 3243 1880 ιι
3298 1831 3523 1885 Discant
3563 1832 3864 1883 sacerdotes

2193 1916 2420 1968 Domini
2452 1918 2550 1986 qui
2586 1918 2842 1971 Ecclesiis
2873 1925 3147 1987 praesunt,
3178 1921 3313 1989 quia
3356 1936 3484 1989 pars
3512 1920 3593 1972 eis
3623 1920 3751 1972 data
3791 1923 3863 1971 est

2187 2020 2315 2057 cum
2345 2006 2430 2057 his
2474 2022 2721 2075 quorum
2762 2008 2969 2060 delicta
3015 2008 3534 2077 repropitiaverint.
3572 2008 3719 2071 Quid
3764 2024 3855 2059 au-

2187 2098 2300 2146 tem
2330 2099 2415 2145 est
2447 2095 2823 2164 repropitiare
2857 2096 3176 2149 delictum?
3218 2096 3274 2150 Si
3328 2097 3705 2166 assumpseris
3748 2112 3861 2165 pec-

2184 2187 2455 2245 catorem,
2482 2192 2535 2235 et
2577 2184 2889 2249 monendo,
2936 2185 3237 2245 hortando,
3271 2186 3550 2249 docendo,
3584 2187 3861 2238 instruen-

2184 2270 2279 2335 do,
2314 2272 2619 2325 adduxeris
2648 2289 2778 2325 eum
2810 2274 2877 2326 ad
2934 2274 3351 2342 painitentiam,
3398 2275 3465 2326 ab
3515 2290 3708 2327 errore
3749 2289 3859 2326 cor-

2181 2359 2416 2425 rexeris,
2477 2377 2507 2412 a
2588 2361 2732 2413 vitiis
2799 2363 3212 2424 emendaveris,
3298 2369 3355 2416 et
3416 2363 3673 2416 effeceris
3744 2378 3859 2413 eum

2182 2448 2378 2515 talem,
2414 2455 2471 2501 ut
2508 2449 2559 2501 ei
2586 2465 2863 2503 converso
2887 2451 3173 2519 propitius
3204 2451 3302 2504 ﬁat
3334 2454 3500 2517 Deus,
3532 2468 3636 2520 pro
3671 2451 3856 2504 delicto

2182 2538 2584 2605 repropitiasse
2633 2538 2857 2592 diceris.
2916 2539 2975 2592 Si
3007 2556 3142 2609 ergo
3182 2540 3309 2593 talis
3368 2540 3542 2592 fueris
3595 2541 3855 2601 sacerdos,

2180 2628 2235 2675 et
2264 2626 2391 2677 talis
2422 2625 2595 2678 fuerit
2619 2626 2872 2680 doctrina
2910 2633 3005 2679 tua
3046 2634 3101 2679 et
3147 2644 3335 2680 sermo
3384 2633 3538 2693 tuus,
3590 2644 3721 2697 pars
3767 2626 3857 2679 tibi

2179 2712 2345 2764 datur
2388 2729 2585 2766 eorum
2635 2731 2778 2784 quos
2825 2716 3165 2781 correxeris;
3215 2723 3277 2769 ut
3318 2717 3549 2769 illorum
3601 2716 3855 2769 meritum

2182 2805 2277 2853 tua
2298 2818 2514 2854 merces
2542 2803 2632 2866 sit,
2660 2810 2715 2855 et
2757 2803 2986 2856 illorum
3028 2805 3181 2857 salus
3220 2810 3316 2857 tua
3353 2804 3557 2874 gloria.
3603 2807 3715 2856 Aut
3756 2818 3856 2854 non

2178 2896 2233 2943 et
2263 2893 2566 2960 Apostolus
2596 2893 2717 2945 haec
2745 2893 3011 2958 ostendit,
3048 2893 3142 2946 ubi
3177 2893 3314 2946 dicit
3343 2910 3355 2945 :
3403 2894 3544 2956 Quid
3594 2891 3737 2959 quod
3782 2906 3856 2943 su-

2108 2970 2147 3023 C
2177 2979 2631 3048 perwdiﬁcaverit
2678 2984 2821 3049 quis,
2878 2982 3169 3037 mercedem
3217 2984 3442 3049 accipiet
3494 2982 3544 3049 (Ι
3599 2979 3723 3033 Cor.
3787 2993 3853 3039 ui,

2182 3066 2312 3135 14)?
2362 3069 2691 3137 Intelligant
2735 3070 2912 3139 igitur
2965 3070 3280 3123 sacerdotes
3318 3069 3565 3134 Domini,
3631 3066 3727 3120 ubi
3786 3069 3858 3117 est

2177 3155 2259 3207 eis
2284 3155 2415 3208 data
2438 3158 2650 3225 portio,
2684 3164 2740 3211 et
2778 3159 2839 3211 in
2874 3160 2981 3211 hoc
3020 3165 3238 3223 vacent,
3290 3163 3459 3227 atque
3505 3157 3591 3210 his
3640 3168 3857 3225 operam

2176 3243 2340 3305 dent;
2372 3261 2486 3297 non
2527 3261 2584 3297 se
2631 3245 2901 3299 inanibus
2945 3252 3000 3299 et
3045 3246 3349 3315 superﬂuis
3397 3246 3619 3298 actibus
3673 3242 3855 3311 impli~

2175 3334 2331 3393 cent;
2364 3332 2459 3383 sed
2496 3332 2675 3385 sciant
2728 3349 2783 3385 se
2825 3334 2882 3386 in
2914 3334 3074 3386 nullo
3132 3333 3242 3387 alio
3297 3340 3516 3403 patrem
3574 3332 3857 3385 habituros

2176 3416 2327 3482 apud
2364 3418 2567 3486 Deum,
2620 3420 2729 3472 nisi
2762 3421 2819 3472 in
2866 3437 2932 3474 eo
2981 3421 3136 3491 quod
3169 3422 3411 3474 offerunt
3450 3437 3553 3491 pro
3598 3418 3851 3489 peccatis;

2172 3502 2228 3556 id
2263 3509 2365 3570 est,
2401 3506 2551 3575 quod
2619 3524 2647 3559 a
2694 3508 2781 3560 via
2842 3509 3055 3578 peccati
3094 3510 3480 3562 converterint
3522 3515 3851 3578 peccatores.

2172 3596 2492 3648 Notandum
2521 3596 2694 3650 etiam
2728 3598 2864 3651 illud
2903 3605 3005 3663 est,
3061 3600 3213 3669 quod
3244 3615 3369 3669 quae
3418 3600 3738 3653 offeruntur
3801 3598 3853 3649 in

2172 3680 2588 3749 holocaustum,
2651 3686 2929 3739 interiora
2997 3692 3159 3753 sunt;
3221 3688 3374 3758 quod
3433 3703 3566 3739 vero
3620 3685 3854 3739 exterius

2171 3776 2274 3835 est,
2314 3771 2552 3824 Domino
2585 3789 2699 3825 non
2740 3774 2996 3827 offertur.
3034 3773 3198 3827 Pellis
3261 3773 3504 3827 Domino
3546 3790 3659 3827 non
3701 3774 3853 3827 otfer-

2171 3862 2285 3923 tur,
2313 3876 2415 3912 nec
2444 3861 2593 3913 cedit
2623 3862 2679 3914 in
2714 3863 3186 3916 holocautomata.
3222 3886 3241 3909 ι

2866 3977 2992 4031 CAP.
3036 3977 3178 4031 CLX.

2244 4088 2376 4139 Item
2438 4088 2591 4141 idem
2648 4088 2705 4141 in
2765 4089 2910 4143 libro
2980 4096 3132 4144 sexto
3190 4072 3418 4145 Levitici
3487 4094 3710 4159 (Homil.
3779 4096 3847 4151 6):

2170 4192 2199 4226 ιι
2237 4175 2571 4244 Requiritur
2596 4177 2748 4229 enim
2792 4179 2850 4231 in
2897 4179 3216 4233 ordinando
3270 4180 3564 4233 sacerdote
3618 4186 3671 4233 et
3716 4195 3847 4249 prae-

368 4270 497 4308 eum
527 4256 627 4325 qui
664 4274 722 4308 se
751 4256 991 4325 contigit
1040 4256 1205 4308 faciat
1253 4255 1637 4307 immundum.
1702 4256 1766 4308 Et
1815 4255 1919 4308 hoc
1976 4261 2061 4309 est
2102 4277 2143 4329 ι)
2176 4262 2357 4314 sentia
2388 4264 2605 4333 populi,
2638 4269 2701 4316 ut
2734 4266 2911 4318 sciant
2939 4282 3139 4319 omnes
3168 4273 3221 4320 et
3262 4269 3400 4322 certi
3431 4269 3546 4321 sint
3587 4269 3683 4337 qui
3714 4285 3848 4339 prai-

368 4357 498 4394 vere
521 4343 819 4411 contigisse
860 4343 1245 4395 immundum.
1295 4340 1479 4395 Simili
1519 4342 1738 4395 ratione
1788 4344 1955 4396 etiam
1991 4343 2059 4397 de

369 4429 671 4482 morticino
703 4430 972 4496 hominis,
1006 4431 1089 4482 vel
1133 4431 1201 4483 de
1248 4431 1547 4484 morticino
1590 4432 1811 4500 pecoris
1860 4432 2060 4485 mundi

368 4520 466 4569 aut
496 4517 780 4570 immundi
806 4517 1106 4570 dicendum
1148 4522 1252 4570 est.
1288 4537 1313 4566 υ

1013 4661 1139 4715 CAP.
1184 4661 1409 4716 CLVIII.

438 4786 577 4838 Item
636 4785 787 4838 idem
843 4785 902 4838 iu
960 4785 1105 4839 libro
1163 4785 1362 4854 quinto
1425 4785 1650 4838 Levitici
1709 4786 2053 4854 (homit.5):

437 4875 805 4943 Consequens
841 4878 941 4935 est,
978 4880 1038 4927 ut
1071 4874 1380 4927 secundum
1441 4874 1752 4944 imaginem
1805 4876 1927 4943 ejus
1955 4875 2054 4945 qui

364 4961 749 5014 sacerdotium
776 4961 1032 5014 Ecclesiae
1065 4961 1240 5026 dedit,
1274 4961 1445 5015 etiam
1478 4962 1725 5015 ministri
1768 4968 1823 5015 et
1870 4978 2054 5015 sacer-

364 5050 526 5104 dotes
592 5052 850 5104 Ecclesiaa
923 5057 1148 5120 peccata
1226 5053 1422 5120 populi
1482 5052 1785 5120 accipiant,
1833 5057 1887 5105 et
1947 5052 2054 5121 ipsi

362 5138 651 5190 imitantes
691 5138 1046 5207 magistrum,
1092 5139 1491 5192 remissionem
1539 5140 1753 5209 populo
1805 5146 2055 5207 peccato-

364 5243 494 5281 rum
545 5228 819 5281 tribuant.
884 5227 1102 5281 Debent
1157 5245 1292 5298 ergo
1348 5234 1403 5281 et
1462 5229 1572 5297 ipsi
1629 5229 1891 5283 Ecclesiae
1960 5247 2052 5283 sa-

362 5316 616 5369 cerdotes
655 5315 752 5385 ita}.
778 5316 1013 5385 perfecti
1044 5333 1186 5382 esse,
1229 5322 1285 5369 et
1332 5317 1390 5369 in
1429 5317 1631 5370 officiis
1691 5318 2051 5373 sacerdotali-

364 5400 468 5454 bus
498 5404 727 5469 eruditi,
760 5408 823 5457 ut
847 5409 1071 5473 peccata
1102 5404 1298 5474 populi
1329 5404 1386 5456 in
1417 5405 1537 5457 loco
1584 5411 1776 5458 sancto
1809 5405 1867 5458 in
1896 5406 2055 5459 atriis

371 5488 719 5542 tabernaculi
780 5492 1116 5555 testimonii,
1166 5492 1277 5561 ipsi
1339 5508 1453 5545 non
1513 5494 1796 5561 peccando
1841 5511 2052 5548 consu-

2173 4350 2419 4403 stantior
2448 4358 2531 4403 est
2559 4367 2624 4403 ex
2655 4353 2811 4405 omni
2860 4355 3102 4423 populo;
3152 4354 3250 4423 qui
3303 4354 3544 4419 doctior,
3590 4356 3689 4424 qui
3730 4368 3845 4405 san-

2170 4439 2336 4505 ctior,
2370 4440 2467 4509 qui
2499 4442 2654 4493 omni
2705 4442 2910 4496 virtute
2953 4444 3316 4508 eminentior,
3342 4444 3437 4497 ille
3476 4444 3744 4513 deligitur
3785 4440 3843 4493 ad

2169 4528 2573 4594 sacerdotium,
2608 4534 2661 4581 et
2692 4530 2799 4583 hoc
2829 4536 3047 4583 astante
3080 4533 3317 4601 populo,
3349 4548 3421 4585 ne
3457 4548 3573 4602 qua
3601 4537 3843 4602 postmo-

2170 4615 2307 4669 dum
2361 4618 2685 4670 retractatio
2740 4619 3029 4689 cuiquam,
3081 4636 3152 4672 ne
3209 4621 3309 4690 qui
3362 4622 3665 4690 scrupulus
3711 4618 3843 4672 resi-

2168 4704 2317 4757 deat.
2379 4706 2494 4758 Hoc
2544 4712 2733 4759 autem
2794 4708 2943 4777 quod
3002 4713 3057 4761 et
3111 4711 3413 4779 Apostolus
3477 4708 3733 4779 praecipit
3792 4706 3841 4757 in

2168 4792 2524 4846 ordinatione
2580 4796 2908 4858 sacerdotis,
2966 4797 3198 4849 dicens:
3255 4798 3474 4865 Oportet
3511 4803 3685 4850 autem
3736 4809 3841 4848 eum

2166 4884 2215 4931 et
2266 4883 2627 4934 testimonium
2666 4883 2859 4936 habere
2921 4884 3111 4937 bonum
3160 4884 3227 4937 ab
3272 4886 3356 4938 his
3400 4888 3498 4953 qui
3548 4887 3682 4950 foris
3728 4886 3842 4936 sunt

2168 4968 2218 5035 (Ι
2252 4969 2387 5020 Tim.
2426 4970 2529 5037 ιιι).
2558 4970 2701 5039 Ergo
2731 4975 2923 5023 tamen
2956 4980 3012 5024 et
3054 4972 3301 5040 amplius
3330 4972 3545 5041 aliquid
3587 4972 3744 5024 video
3788 4969 3838 5021 in

2166 5071 2233 5108 eo
2258 5056 2411 5124 quod
2441 5057 2596 5123 dicit,
2622 5059 2757 5127 quia
2782 5060 3106 5112 convocavit
3148 5060 3363 5130 Moyses
3406 5076 3635 5114 omnem
3683 5074 3839 5128 syna-

2165 5159 2395 5214 gogam,
2430 5150 2483 5198 et
2513 5152 2651 5215 puto
2680 5147 2833 5216 quod
2864 5164 3172 5201 convocare
3216 5164 3591 5218 synagogam,
3638 5148 3739 5201 hoc
3775 5145 3838 5197 sit

2164 5232 2431 5301 colligere
2461 5249 2659 5287 omnes
2692 5235 2865 5288 animi
2904 5235 3141 5289 virtutes
3172 5236 3230 5289 in
3273 5252 3474 5301 unum,
3510 5243 3568 5290 et
3617 5248 3832 5303 congre-

2164 5336 2299 5391 gare
2330 5320 2388 5373 in
2424 5337 2601 5375 unum
2633 5323 2892 5389 virtutes,
2924 5330 2986 5377 ut
3028 5341 3155 5378 cum
3206 5340 3392 5378 sermo
3430 5325 3501 5379 de
3538 5325 3829 5379 sacerdota-

2163 5408 2312 5461 libus
2367 5412 2731 5464 sacramentis
2789 5411 3049 5478 habetur,
3130 5412 3365 5482 vigilent
3420 5430 3619 5467 omnes
3672 5408 3831 5465 animi

2162 5496 2420 5563 virtutes,
2453 5503 2509 5551 et
2538 5499 2773 5552 intentae
2804 5500 2938 5565 sint,
2968 5506 3035 5552 ut
3077 5500 3220 5554 nihil
3274 5500 3333 5553 in
3389 5500 3479 5553 his
3533 5498 3827 5569 sapientiae,
