4044 6174
196 317 289 366 737
1453 310 1659 367 LIBER
1703 311 2060 367 ADVERSUS
2099 311 2414 366 GRAECOS.

3584 323 3684 373 738

190 443 327 495 nihil
354 442 626 505 scientias,
662 441 801 494 nihil
836 441 981 493 desit
1021 440 1336 505 industriae,
1382 442 1479 493 sed
1517 442 1664 495 adsit
1694 442 1881 495 omnis
1920 449 1961 499 Α
1993 447 2193 494 contra
2238 441 2411 493 ﬁdem
2472 442 2729 494 ECCIBSitP.
2787 443 2958 496 unius
3015 445 3313 513 tyrannica
3374 449 3680 502 auctoritas

186 531 489 585 multitudo
522 546 816 593 sensuum,
852 529 997 582 adsit
1036 530 1222 581 omnis
1254 530 1624 599 congregatio
1657 537 1877 582 sancta-

186 636 308 672 rum
341 619 776 688 cogitationum,
815 624 874 669 ut
904 617 1039 686 quid
1072 617 1145 669 sit
1174 617 1453 686 pontifex,
1494 618 1625 686 quid
1661 617 1875 681 unctio,

184 708 317 776 quid
352 707 691 759 indumenta
718 706 840 774 ejus
881 705 1199 767 conferant,
1234 705 1387 757 intra
1417 705 1729 758 sacrarium
1757 720 1879 757 cor-

182 796 263 849 dis
292 795 381 847 sui
411 796 589 864 possit.
620 795 932 855 advertere.
972 812 999 842 »

876 908 1001 961 CAP.
1036 908 1204 960 CLXI.

246 1025 391 1075 Item
442 1022 591 1074 idem
638 1022 697 1074 in
746 1022 951 1075 eodem
1001 1022 1188 1074 libro:
1227 1040 1250 1071 ι
1279 1021 1489 1075 Octava
1539 1020 1752 1089 species
1800 1020 1880 1073 ibi

178 1111 417 1180 ponitur
445 1114 781 1178 campestre,
816 1110 954 1173 sive,
983 1114 1045 1161 ut
1088 1108 1224 1161 alibi
1271 1108 1542 1177 legimus,
1578 1107 1877 1161 femoralia

180 1198 353 1262 linea,
384 1198 455 1249 de
483 1212 596 1266 quo
627 1196 718 1248 hic
750 1196 902 1248 inter
930 1200 1134 1247 caetera
1156 1194 1313 1247 siluit
1344 1194 1701 1247 indumenta.
1735 1194 1878 1256 Quid

182 1302 317 1355 ergo
344 1284 639 1337 dicemus?
668 1283 1030 1337 Oblivionem
1061 1282 1325 1336 dabimus
1364 1282 1423 1334 in
1464 1282 1652 1335 verbis
1692 1282 1879 1350 Spiri-

184 1379 269 1426 tus
306 1373 512 1438 sancti,
542 1377 600 1426 ut
642 1388 771 1425 cum
814 1377 1017 1424 caatera
1056 1370 1249 1424 omnia
1290 1370 1537 1423 Secundo
1577 1386 1877 1423 enarrave-

181 1462 269 1521 rit,
326 1477 441 1514 una
498 1475 631 1514 eum
683 1460 898 1529 species
947 1459 1211 1528 superius
1260 1458 1409 1511 dicta
1448 1457 1713 1511 latuerit?
1755 1457 1877 1510 Non

180 1549 365 1601 audeo
424 1548 544 1601 haec
590 1549 658 1601 de
710 1548 881 1621 sacris
926 1546 1139 1600 sentire
1201 1545 1584 1611 sermonibus,
1638 1544 1733 1597 sed
1790 1545 1877 1597 vi—

181 1637 421 1690 deamus
465 1653 536 1689 ne
579 1637 728 1689 forte
778 1636 1052 1706 quoniam
1101 1635 1161 1687 in
1201 1633 1592 1703 snperioribns
1634 1633 1879 1686 diximus

177 1724 281 1777 hoc
314 1740 499 1794 genus
534 1723 858 1777 indumenti
900 1723 1175 1776 indicium
1216 1722 1488 1774 castitatis
1530 1721 1728 1785 videri,
1763 1736 1877 1791 quo

177 1814 259 1865 vel
300 1814 535 1866 ‘l‘emora
572 1814 783 1882 operiri
827 1813 911 1865 vel
953 1811 1267 1879 constringi
1313 1826 1477 1863 renes
1517 1810 1779 1862 videntur
1817 1824 1879 1861 ac

178 1901 384 1965 lumbi,
421 1918 491 1953 ne
524 1902 687 1967 forte,
719 1901 978 1970 inquam,
1014 1916 1129 1952 non
1157 1914 1384 1968 semper
1412 1900 1468 1950 in
1494 1898 1605 1951 illis
1626 1898 1723 1967 qui
1746 1905 1880 1950 tunc

178 1994 342 2041 erant
386 1989 704 2041 sacerdotes
755 1990 855 2041 has
904 1994 1095 2057 partes
1146 1987 1297 2039 dicat
1348 2002 1467 2038 esse
1522 1985 1875 2038 constrictas.

179 2077 511 2146 Aliquando
544 2077 696 2129 enim
729 2081 780 2129 et
811 2078 879 2129 de
912 2076 1244 2146 posteritate
1275 2075 1503 2143 generis
1546 2079 1601 2127 et
1640 2073 1709 2126 de
1754 2089 1878 2125 suc-

178 2180 337 2216 cessu
393 2165 605 2217 sobolis
652 2164 1004 2232 indulgetur,
1068 2163 1161 2215 sed
1222 2179 1329 2230 ego
1373 2162 1433 2213 in
1494 2161 1878 2214 sacerdotibus

178 2251 445 2304 Ecclesiae
478 2252 807 2320 hujusmodi
829 2251 1272 2320 intelligentiam
1300 2266 1414 2302 non
1440 2250 1873 2303 introduxerim.

174 2340 299 2391 Alio
334 2354 585 2407 namque
615 2355 735 2391 rem
771 2338 930 2391 video
961 2352 1190 2390 currere
1222 2342 1595 2389 sacramento.
1635 2338 1878 2390 Possunt

176 2427 330 2478 enim
367 2434 423 2478 et
456 2427 513 2478 in
563 2426 806 2479 Ecclesia
841 2426 1162 2479 sacerdotes
1198 2429 1254 2477 et
1299 2427 1554 2477 doctores
1594 2424 1738 2477 ﬁlios
1777 2440 1874 2493 ge-

176 2530 403 2578 nerare,
458 2515 599 2567 sicut
640 2520 695 2567 et
752 2513 845 2566 ille.
892 2514 991 2584 qui
1031 2513 1297 2566 dicebat:
1345 2514 1523 2565 Filioli
1572 2514 1693 2578 mei,
1747 2526 1877 2580 quos

176 2603 376 2654 iterum
425 2606 702 2670 parturio,
756 2604 918 2656 donec
983 2604 1249 2668 formetur
1315 2601 1563 2656 Christus
1620 2604 1677 2653 in
1727 2602 1877 2653 vobis

177 2692 321 2757 (Gal.
363 2707 435 2755 iv,
488 2694 594 2758 19).
641 2691 704 2743 Et
740 2692 952 2743 iterum
1003 2689 1137 2743 alibi
1187 2690 1370 2743 dicit:
1428 2691 1664 2742 Tametsi
1705 2691 1877 2742 multa

175 2780 379 2831 militia
433 2779 851 2846 padagogorum
905 2779 1151 2832 habeatis
1222 2780 1281 2831 in
1336 2778 1579 2842 Christo,
1641 2777 1735 2830 scd
1774 2793 1877 2831 non

174 2869 373 2919 multos
421 2872 624 2935 patres.
685 2869 826 2922 Nam
872 2870 930 2919 in
983 2868 1194 2922 Christo
1246 2868 1369 2919 Jesu
1397 2881 1494 2933 per
1526 2867 1877 2933 Evangelium

172 2971 264 3025 ego
300 2971 395 3009 vos
424 2959 591 3025 genui
625 2958 679 3023 (Ι
716 2959 833 3012 Cor.
878 2972 951 3023 iv,
1015 2956 1121 3024 15).
1169 2955 1259 3007 Isti
1304 2970 1440 3023 ergo
1480 2956 1736 3007 doctores
1780 2955 1875 3007 Ec-

174 3044 365 3097 clesiae
397 3046 452 3097 in
501 3045 830 3114 hujusmodi
872 3044 1335 3113 generationibus
1374 3044 1741 3113 procreandis
1769 3042 1872 3096 ali-

172 3133 409 3202 quando
443 3134 763 3186 constrictis
789 3133 1164 3186 femoralibus
1203 3137 1468 3198 utuntur,
1501 3137 1556 3184 et
1586 3130 1877 3184 abstinent

172 3237 203 3273 a
231 3224 593 3291 generando,
628 3238 757 3274 cum
792 3222 932 3275 tales
976 3221 1299 3273 invenerint
1328 3222 1617 3274 auditores
1648 3220 1707 3272 in
1747 3220 1873 3289 qui-

171 3311 277 3362 bus
310 3311 499 3363 sciant
528 3328 586 3362 se
627 3311 872 3363 fructum
918 3310 1125 3363 habere
1166 3326 1279 3362 non
1317 3326 1497 3379 posse.
1539 3308 1793 3377 Denique
1822 3312 1877 3359 et

170 3398 229 3450 in
260 3400 501 3451 Actibus
534 3399 919 3467 apostolorum
954 3398 1197 3451 refertur
1227 3398 1296 3451 de
1321 3398 1660 3467 quibusdam
1689 3413 1701 3449 :
1727 3395 1877 3461 Quod

170 3503 275 3540 non
337 3492 643 3556 potuimus,
707 3487 913 3556 inquit,
979 3489 1037 3539 in
1100 3490 1235 3541 Asia
1283 3487 1499 3539 verbum
1570 3488 1671 3539 Dei
1732 3487 1880 3552 loqui

173 3577 321 3641 (Act.
375 3576 508 3641 xu).
554 3576 667 3628 IIoc
703 3582 789 3627 est
834 3574 1101 3644 imposita
1145 3575 1410 3628 habuisse
1458 3575 1772 3641 femoralia,
1824 3579 1880 3627 et

172 3664 529 3715 continuisse
558 3680 616 3715 se
648 3678 718 3715 ne
765 3663 914 3715 ﬁlios
944 3668 1306 3731 generarent,
1351 3661 1449 3732 qui
1498 3662 1709 3715 scilicet
1739 3662 1878 3715 tales

172 3758 338 3804 erant
373 3752 684 3815 auditores,
718 3752 778 3803 in
820 3751 1027 3821 quibus
1060 3758 1115 3804 et
1155 3768 1350 3804 semen
1394 3750 1629 3820 periret,
1673 3755 1727 3803 et
1762 3767 1878 3803 non

170 3847 372 3908 posset
400 3840 595 3892 haberi
627 3841 926 3893 successio.
960 3841 1049 3893 Sic
1077 3856 1212 3910 ergo
1258 3840 1517 3893 Ecclesiae
1560 3839 1877 3892 sacerdotes

171 3944 303 3980 cum
366 3928 664 3997 incapaces
721 3944 888 3981 aures
946 3928 1210 3995 viderint,
1267 3934 1365 3982 aut
1393 3944 1524 3981 cum
1579 3927 1877 3980 simulatos

170 4016 556 4085 inspexerint,
588 4022 646 4069 et
678 4016 1003 4086 hypocritas
1032 4016 1341 4083 auditores,
1390 4017 1692 4086 imponant
1725 4032 1877 4069 cam-

169 4112 388 4174 pestre,
426 4110 658 4157 utantur
687 4105 1081 4171 femoralibus,
1115 4122 1230 4159 non
1264 4112 1457 4176 pereat
1486 4121 1684 4159 semen
1722 4104 1877 4157 verbi

165 4194 289 4259 Dei,
327 4193 468 4262 quia
508 4199 564 4245 et
613 4194 885 4246 Dominus
932 4194 1129 4247 eadem
1174 4195 1403 4247 mandat
1452 4200 1506 4247 et
1556 4194 1693 4248 dicit
1726 4210 1738 4246 :
1770 4195 1875 4248 Νο-

166 4284 261 4335 lite
294 4284 511 4334 mittere
541 4286 784 4335 sanctum
814 4283 1059 4347 canibus,
1092 4298 1260 4349 neque
1295 4286 1628 4349 margaritas
1667 4288 1875 4336 vestras

167 4377 296 4424 ante
334 4385 548 4439 porcos,
590 4386 656 4423 ne
691 4372 835 4435 forte
881 4372 1184 4424 conculcent
1216 4386 1304 4423 eas
1350 4372 1578 4439 pedibus
1657 4376 1705 4425 et
1753 4386 1874 4424 con-

166 4461 316 4512 uersi
342 4463 607 4526 rumpant
638 4473 727 4511 vos
760 4459 976 4527 (Matth.
1008 4474 1103 4523 vn,
1134 4458 1209 4527 6.)
1245 4479 1271 4507 ι

841 4574 971 4629 CAP.
1006 4574 1210 4628 CLXII.

240 4671 526 4736 Isidorus,
588 4672 872 4740 Spalensis
927 4673 1184 4725 Ecclesite
1245 4672 1566 4742 episcopus,
1624 4671 1679 4724 in
1726 4670 1873 4724 libro

168 4758 513 4811 Ofﬁciorum
584 4760 851 4812 secundo
900 4764 1039 4829 (cap.
1100 4763 1154 4829 5)
1224 4762 1299 4813 sic
1368 4761 1546 4814 dicit:
1622 4784 1645 4805 ‹ι
1706 4760 1869 4823 Quod

169 4864 306 4899 vero
370 4847 542 4898 unius
591 4848 883 4916 virginalis
934 4849 1287 4901 matrimonii
1340 4849 1451 4901 sint
1501 4849 1596 4918 qui
1652 4848 1870 4916 eligan-

168 4938 263 4987 tur
295 4936 357 4987 in
392 4935 651 4987 ordinem
701 4936 1087 5004 pontificatus,
1140 4942 1196 4989 et
1240 4937 1297 4989 in
1349 4938 1527 4989 veteri
1563 4939 1686 5005 lege
1722 4952 1876 4987 man-

170 5023 375 5075 datum
445 5030 549 5087 est,
620 5029 672 5076 et
741 5025 965 5093 plenius
1025 5025 1221 5077 scribit
1274 5025 1577 5094 Apostolus
1634 5024 1871 5078 dicens:

168 5112 345 5163 Unius
436 5113 626 5163 uxoris
718 5114 915 5165 virum.
1010 5112 1372 5165 Sacerdotem
1462 5112 1615 5164 enim
1711 5128 1870 5181 quae-

162 5198 237 5251 rit
296 5199 545 5250 Ecclesia
596 5203 691 5249 aut
744 5201 812 5252 de
865 5201 1230 5271 monogamia
1274 5201 1623 5265 ordinatum,
1666 5206 1764 5253 aut
1805 5201 1874 5252 de

164 5287 559 5354 virginalitate
614 5294 894 5341 sanctum.
962 5290 1008 5341 A
1072 5290 1305 5357 digamo
1364 5296 1554 5341 autem
1616 5289 1877 5341 aufertur

165 5389 345 5443 agere
391 5376 796 5428 sacerdotium.
852 5378 1027 5430 Porro
1076 5378 1229 5447 quod
1286 5377 1588 5447 episcopus
1636 5394 1753 5429 non
1807 5377 1875 5429 ab

166 5477 310 5523 uno,
348 5462 444 5513 sed
479 5478 509 5513 a
539 5462 757 5514 cunctis
779 5464 1223 5532 provincialibus
1247 5464 1527 5533 episcopis
1554 5464 1870 5530 ordinatur,

168 5549 226 5601 id
261 5554 502 5619 propter
532 5550 775 5602 haereses
806 5553 1134 5620 agnoscitur
1175 5553 1521 5617 institutum,
1554 5569 1626 5607 ne
1655 5552 1873 5622 aliquid

1991 531 2309 582 moliretur.
2366 530 2610 599 Ideoque
2653 530 2721 582 ab
2762 532 3029 583 omnibus
3074 532 3545 587 convenientibus
3594 536 3682 588 in-

1992 619 2266 683 stituitur,
2299 624 2360 669 ut
2390 634 2505 670 non
2543 618 2727 670 minus
2758 635 2791 670 a
2820 620 3003 671 tribus
3036 622 3428 688 praesentibus,
3462 624 3681 676 caeteris

1990 711 2179 758 tamen
2227 705 2712 759 consentientibus
2759 707 3084 759 testimonio
3131 708 3470 762 litterarum.
3540 712 3678 765 Huic

1988 800 2179 846 autem
2211 794 2349 846 dum
2393 799 2775 857 consecratur,
2819 793 2986 845 datur
3028 796 3279 861 baculus,
3326 804 3387 849 ut
3423 798 3544 866 ejus
3590 799 3678 851 in-

1989 881 2136 934 dicio
2170 881 2453 934 subditam
2489 882 2713 949 plebem
2743 882 2825 933 vel
2859 887 3015 950 regat
3045 884 3129 935 vel
3160 885 3425 952 corrigat,
3469 888 3555 939 vel
3592 886 3683 939 in-

1989 970 2290 1023 ﬁrmitates
2328 970 2693 1022 inﬁrmorum
2742 970 3038 1022 sustineat.
3098 972 3271 1024 Datur
3320 978 3375 1025 et
3433 975 3682 1027 annulus

1987 1063 2224 1127 propter
2254 1058 2482 1126 signum
2514 1058 2857 1126 pontiﬁcalis
2894 1058 3146 1121 honoris,
3190 1061 3274 1112 vel
3320 1060 3679 1127 signaculum

1990 1152 2359 1199 secretorum.
2394 1166 2415 1193 ι

2643 1236 2770 1287 CAP.
2804 1234 3023 1287 CLXIII.

2060 1342 2198 1393 Item
2230 1340 2380 1393 idem
2422 1340 2478 1392 in
2510 1340 2711 1392 eodem
2738 1339 2879 1392 libro
2916 1356 2927 1392 :
2965 1362 2991 1386 ‹‹
3025 1340 3130 1402 Qui
3166 1340 3318 1394 enim
3347 1342 3684 1396 erudiendis

1989 1433 2159 1498 atque
2200 1427 2566 1481 instituendis
2606 1428 2677 1480 ad
2717 1427 2984 1480 virtutem
3028 1428 3255 1496 populis
3294 1429 3544 1497 praeerit,
3579 1444 3682 1480 ne—

1989 1532 2138 1569 cesse
2170 1521 2255 1569 est
2286 1521 2345 1568 ut
2388 1516 2446 1568 in
2488 1516 2755 1568 omnibus
2787 1520 3015 1567 sanctus
3046 1516 3136 1575 sit,
3181 1521 3239 1567 et
3288 1516 3347 1568 in
3381 1517 3537 1568 nullo
3584 1532 3678 1569 re-

1987 1603 2389 1675 prehensibilis
2421 1604 2715 1667 habeatur,
2754 1624 2779 1649 ››
2813 1609 2944 1670 etc.,
2976 1618 3144 1671 usque
3163 1603 3254 1666 ad,
3282 1603 3683 1657 distributione

1991 1698 2223 1745 secreta.

2642 1780 2768 1832 CAP.
2804 1779 3025 1832 CLXIV.

2058 1888 2197 1939 Item
2229 1885 2381 1937 idem
2407 1886 2463 1937 in
2496 1884 2692 1937 eodem
2720 1884 2861 1937 libro
2892 1886 3034 1951 (cap.
3073 1885 3156 1953 l7)
3192 1902 3203 1937 :
3236 1906 3261 1933 ‹‹
3299 1886 3543 1954 Pergunt
3574 1886 3682 1955 igi-

1987 1979 2081 2027 tur
2107 1974 2353 2043 virgines
2400 1973 2550 2025 viam
2596 1971 2980 2037 sublimitatis,
3024 1973 3164 2042 pede
3212 1973 3551 2026 humilitatis
3587 1991 3681 2028 se-

1987 2068 2239 2133 quantur
2277 2062 2589 2123 Christum,
2640 2060 2886 2113 tenendo
2922 2067 3354 2129 perseveranter
3394 2063 3545 2131 quod
3576 2079 3679 2115 vo-

1984 2156 2192 2203 verunt
2221 2150 2489 2202 ardenter
2519 2164 2530 2201 :
2567 2148 2644 2200 ita
2677 2153 2739 2200 ut
2770 2147 3008 2215 professi
3059 2149 3159 2200 hac
3203 2155 3422 2202 servata
3452 2150 3681 2220 integri-

1985 2242 2119 2303 tate,
2145 2237 2365 2291 caeteris
2397 2237 2566 2289 etiam
2612 2236 2864 2289 moribus
2908 2242 3244 2305 congruant,
3297 2238 3419 2290 sine
3471 2239 3679 2308 quibus

1986 2327 2182 2396 procul
2217 2326 2392 2379 dubio
2424 2326 2604 2377 otiosa
2625 2329 2681 2377 et
2704 2324 2889 2376 inanis
2913 2330 3106 2377 manet
3127 2325 3448 2394 virginitas,
3488 2348 3508 2375 ι
3541 2332 3671 2393 etc.,

1984 2429 2151 2483 usque
2179 2414 2271 2480 ad,
2308 2428 2538 2466 carnem
2570 2411 2795 2465 vincere
2831 2416 3159 2481 potuerunt.

2658 2518 2785 2571 CAP.
2814 2518 3005 2572 CLXV.

2058 2620 2195 2671 Item
2227 2618 2378 2670 idem
2406 2617 2463 2669 in
2484 2616 2683 2668 eodem
2710 2615 2889 2667 libro':
2918 2636 2944 2661 ‹‹
2968 2619 3111 2667 Ante
3135 2614 3444 2668 adventum
3468 2616 3679 2686 quippe

1987 2706 2196 2760 Christi
2238 2705 2509 2774 conjugia
2534 2704 2798 2773 placuere
2833 2704 2966 2766 Deo,
3000 2709 3129 2772 post
3166 2702 3471 2757 adventum
3498 2706 3675 2773 virgi-

1987 2794 2157 2854 nitas,
2186 2814 2212 2840 ››
2248 2799 2376 2858 etc.,
2402 2807 2569 2859 usque
2594 2791 2687 2858 aJ,
2717 2792 2922 2843 coelum
2957 2790 3356 2859 adimpleatur.

2660 2895 2784 2947 Car.
2823 2895 3036 2947 CLXVI.

2056 2996 2117 3047 In
2166 2992 2290 3045 Vita
2341 2992 2492 3045 beati
2546 2990 2752 3051 Basilii,
2814 2988 3179 3043 Ctesariensis
3238 2990 3672 3059 archiepiscopi,

1985 3098 2114 3152 quae
2145 3081 2213 3133 de
2244 3080 2437 3133 Graeco
2466 3079 2523 3131 in
2560 3077 2823 3131 Latinum
2848 3094 2879 3129 a
2911 3077 3157 3146 quodam
3186 3078 3376 3129 Graeco
3401 3078 3671 3131 vocabulo

1987 3168 2301 3239 Euphemio
2330 3174 2416 3220 est
2438 3166 2714 3220 veraciter
2747 3166 2816 3218 de
2839 3166 3008 3217 verbo
3033 3164 3104 3217 ad
3133 3165 3675 3231 verbumtranslata,

1984 3259 2133 3310 inter
2172 3262 2375 3309 caetera
2425 3254 2503 3307 sic
2561 3254 2770 3323 legitur
2804 3253 3035 3322 (Exstat
3096 3253 3248 3320 apud
3298 3254 3538 3316 Sanum,
3582 3256 3680 3320 qui

1983 3347 2183 3412 stylum
2212 3346 2466 3409 mutavit)
2501 3360 2511 3395 :
2558 3362 2585 3391 α
2616 3342 3030 3395 Convenicntes
3073 3358 3209 3409 ergo
3250 3349 3426 3393 cretus
3462 3340 3675 3409 cpisco-

1983 3450 2213 3506 porum,
2266 3432 2447 3485 sancti
2498 3432 2739 3500 Spiritus
2788 3431 3182 3499 cooperatione
3230 3430 3525 3498 elegerunt
3576 3431 3676 3482 Ba-

1984 3525 2178 3577 silium
2210 3521 2279 3575 ad
2307 3522 2665 3591 episcopatus
2692 3520 2919 3583 sedem;
2963 3524 3018 3571 et
3057 3522 3417 3571 consecratus
3465 3518 3676 3586 guber-

1984 3614 2158 3665 nabat
2217 3610 2515 3664 Ecclesiam
2592 3608 2689 3661 Dei
2746 3607 3123 3677 providentia.
3192 3607 3323 3659 Post
3390 3605 3679 3675 quoddam

1985 3705 2177 3752 autem
2206 3704 2435 3766 tempus
2462 3695 2771 3765 postulavit
2797 3696 2998 3758 Deum,
3029 3701 3091 3746 ut
3122 3694 3283 3745 daret
3312 3693 3397 3745 illi
3428 3692 3669 3761 gratiam

1986 3793 2157 3856 atque
2201 3785 2577 3847 intellectum,
2638 3782 2886 3851 propriis
2930 3781 3291 3833 sermonibus
3333 3779 3541 3834 ollerre
3585 3780 3674 3833 in-

1987 3876 2370 3944 sanguineum
2421 3871 2758 3923 sacriﬁcium
2810 3870 2917 3934 illi,
2977 3875 3033 3921 et
3078 3869 3269 3921 venire
3325 3884 3496 3937 super
3546 3884 3679 3921 eum

1988 3964 2167 4018 sancti
2212 3962 2459 4031 Spiritus
2497 3960 2821 4012 adventum.
2866 3959 2999 4011 Post
3049 3957 3168 4010 dies
3212 3972 3341 4009 vero
3387 3971 3479 4008 sex
3533 3956 3680 4008 sicut

1988 4055 2047 4107 in
2112 4050 2321 4104 exstasi
2369 4048 2565 4113 factus,
2613 4046 2860 4099 adventu
2912 4045 3092 4098 sancti
3142 4044 3386 4114 Spiritus
3436 4044 3680 4113 septima

1987 4142 2077 4196 die
2124 4138 2608 4210 apprehendente,
2652 4136 2823 4204 coepit
2868 4134 3191 4187 ministrare
3242 4134 3356 4185 Deo
3415 4147 3517 4201 per
3560 4131 3675 4185 sin-

1986 4229 2151 4296 gulos
2180 4228 2323 4280 dies.
2357 4226 2428 4279 Et
2452 4230 2578 4295 post
2616 4223 2849 4293 aliquod
2892 4229 3118 4291 tempus
3170 4221 3278 4274 ﬁde
3322 4227 3378 4273 et
3417 4220 3676 4273 oratione

1916 4298 1957 4350 D
1986 4316 2159 4386 ccepit
2206 4314 2443 4385 propria
2486 4328 2658 4366 manu
2699 4312 2943 4365 scribere
2986 4309 3420 4363 ministrationis
3461 4313 3677 4379 myste-

1982 4405 2096 4470 ria;
2148 4411 2321 4473 atque
2370 4403 2427 4454 in
2476 4418 2592 4455 una
2633 4408 2797 4453 nocte
2847 4399 3153 4453 adveniens
3184 4399 3234 4450 ei
3299 4398 3576 4451 Dominus
3618 4398 3678 4450 in

1981 4494 2201 4545 visione
2245 4507 2377 4545 cum
2416 4490 2703 4560 apostolis,
2760 4489 3213 4558 propositionem
3260 4487 3424 4556 panis
3466 4486 3680 4540 faciens

1984 4583 2043 4635 in
2079 4592 2272 4633 sancto
2322 4580 2507 4645 altari,
2556 4578 2818 4631 excitavit
2863 4578 3130 4630 Basiliam
3176 4576 3368 4629 dicens
3419 4576 3513 4627 ei:
3576 4576 3678 4629 Se-

1982 4670 2215 4724 cundum
2248 4674 2396 4723 tuam
2426 4669 2840 4737 postulationem
2870 4667 3144 4734 repleatur
3196 4680 3251 4718 us
3302 4670 3453 4718 tuum
3496 4664 3677 4727 laude,

1982 4764 2041 4812 ut
2089 4774 2185 4827 per
2210 4760 2462 4826 praprios
2500 4770 2764 4809 sermones
2804 4754 3000 4822 offeras
3046 4755 3463 4818 insanguineum
3504 4753 3678 4805 sacri-

1980 4850 2183 4915 ﬁcium.
2243 4845 2349 4908 Qui
2416 4860 2532 4897 non
2599 4844 2785 4897 ferens
2838 4842 3016 4896 oculis
3071 4842 3369 4906 visionem,
3434 4839 3679 4893 surrexit

1983 4952 2113 4987 cum
2147 4941 2416 4995 tremore,
2464 4938 2519 4985 et
2561 4933 2830 4985 accedens
2862 4932 2929 4985 ad
2979 4936 3235 4984 sanctum
3275 4930 3475 4994 altare,
3506 4927 3678 4996 erepit

1982 5022 2189 5087 dicere,
2239 5021 2491 5073 scribens
2539 5022 2597 5073 in
2634 5022 2829 5073 charta
2874 5020 2998 5073 sic:
3052 5020 3343 5087 Repleatur
3371 5032 3448 5069 .os
3504 5031 3675 5069 meum

1983 5110 2162 5173 laude,
2222 5114 2282 5161 ut
2321 5110 2577 5175 hymnum
2634 5108 2781 5161 dicat
2836 5110 3025 5174 gloriae
3070 5114 3193 5171 tuae,
3244 5107 3466 5158 Domine
3516 5106 3674 5168 Deus,

1983 5201 2080 5266 qui
2112 5200 2309 5250 creasti
2338 5212 2432 5249 nos
2462 5200 2511 5249 et
2538 5196 2827 5248 adduxisti
2862 5196 2920 5247 in
2959 5198 3128 5247 vitam
3162 5196 3317 5257 hanc,
3355 5198 3407 5245 et
3445 5197 3677 5244 crateras

1984 5287 2273 5339 orationes
2303 5286 2480 5339 sancti
2514 5285 2837 5338 ministerii.
2876 5286 2939 5337 Et
2964 5289 3089 5349 post
3130 5283 3303 5335 ﬁnem
3348 5281 3677 5334 orationum

1984 5375 2249 5428 exaltavit
2280 5391 2508 5444 panem,
2535 5375 2655 5426 sine
2684 5372 3109 5426 intermissione
3136 5386 3305 5422 orans
3348 5376 3404 5422 et
3431 5368 3623 5422 dicens
3656 5385 3669 5421 :

1982 5466 2222 5530 Respice,
2267 5466 2481 5516 Domine
2528 5465 2651 5514 Jesu
2701 5464 2917 5513 Christe
2965 5462 3100 5511 Deus
3130 5464 3329 5523 noster,
3377 5474 3444 5511 ea:
3491 5462 3676 5512 sancto

1984 5552 2289 5605 habitacula
2348 5556 2455 5615 tuo,
2506 5556 2555 5602 et
2612 5551 2735 5602 veni
2780 5548 2854 5600 ad
2902 5546 3353 5613 sanctiﬁcandum
3404 5562 3522 5613 nos,
3583 5550 3681 5615 qui
