4038 6174
409 277 516 330 739
1654 271 1873 324 ΕΝΕΑΞ
1916 269 2105 325 PARIS

2219 271 2338 326 lSIS
2381 270 2692 324 EPISCOPI
3790 277 3873 328 740

408 427 621 466 sursum
653 412 804 464 Patri
829 407 1095 471 consecter,
1135 411 1184 461 et
1227 407 1316 460 hic
1359 407 1510 459 nobis
1551 407 1906 460 invisibiliter
1953 422 2088 459 coss.
2132 408 2176 458 Α
2207 407 2319 459 diei
2354 421 2416 458 ac
2455 404 2623 459 séxtae
2662 406 2820 460 feriae
2867 423 2969 476 per
3012 407 3264 476 singulas
3307 407 3695 460 hebdomadas
3742 424 3876 478 repa-

411 503 644 567 Dignare
685 499 891 566 potenti
933 511 1099 549 manu
1147 499 1241 548 tua
1275 495 1487 548 tradere
1533 494 1706 556 nobis,
1756 500 1805 547 et
1847 510 1946 563 per
2003 509 2098 547 nos
2205 495 2384 548 randa
2427 495 2618 564 imago
2651 499 2754 556 est,
2791 495 3089 548 'dementis
3133 499 3215 548 est
3253 495 3416 548 bidui
3460 511 3631 564 agere
3670 511 3873 548 consue-

408 591 554 641 omni
577 587 774 655 populo
814 590 1004 638 sancta
1037 586 1260 636 sanctis.
1297 584 1545 652 Populus
1572 583 1909 651 respondit:
1951 584 2098 637 Unus
2204 583 2463 637 tudinem
2509 584 2752 637 Sabbato
2801 584 3206 653 praetermisso,
3258 600 3386 637 cum
3451 600 3568 636 non
3621 583 3875 653 disparem

408 679 644 740 sanctus,
706 687 845 724 unus
920 673 1169 724 Dominus
1239 672 1396 724 Jesus
1435 669 1681 724 Christus
1739 685 1858 722 cum
1916 675 2100 722 sancto
2207 671 2413 724 habeat
2453 687 2712 736 causam;
2763 688 2794 724 a
2840 679 2992 725 sexta
3032 671 3295 725 videlicet
3335 671 3499 736 feria,
3546 672 3606 724 in
3648 688 3753 740 qua
3788 673 3876 725 Do-

408 763 620 829 Spiritu
652 764 708 813 in
749 761 925 826 gloria
953 761 1045 812 Dei
1083 760 1298 811 Patris.
1349 762 1546 811 Amen.
1595 759 1659 811 Et
1698 757 1953 811 dividens
1998 773 2098 828 pa-
2208 759 2397 812 minus
2423 776 2619 829 passus
2648 764 2749 823 est,
2785 760 3012 830 quando
3046 765 3100 813 et
3130 760 3199 812 ad
3229 760 3440 813 inferos
3469 759 3600 819 fuit,
3643 765 3705 813 ut
3739 762 3876 812 tertia

411 866 540 903 nem
571 851 629 902 in
668 854 782 903 tres
815 856 1020 919 partes,
1073 864 1184 900 una
1229 847 1464 917 quidem
1490 846 1935 900 communicavit
1969 863 2095 898 cum
2207 848 2296 901 die
2339 863 2648 917 resurgens
2697 847 2959 901 redderet
3001 848 3255 901 laetitiam
3287 853 3418 917 post
3453 847 3760 901 biduanam
3794 848 3874 901 tri-

410 937 610 990 timore
641 938 852 1001 multo;
901 936 1140 988 alteram
1172 939 1364 988 autem
1413 933 1717 986 reservavit
1760 932 2100 1001 consepeliri
2209 935 2418 988 stitiam
2445 936 2884 1004 praecedentem.
2934 936 3058 989 Non
3100 952 3234 1004 ergo
3277 951 3381 988 nos
3428 951 3709 1005 negamus
3748 942 3877 988 sexta

407 1023 546 1089 sibi;
614 1025 840 1078 tertiam
886 1039 1014 1075 vero
1063 1021 1364 1091 imponens
1411 1021 1688 1074 columba!
1739 1035 1945 1085 aurea),
2011 1035 2101 1088 pe-
2208 1024 2349 1077 feria
2374 1025 2772 1093 jejunandum,
2808 1024 2904 1078 sed
2937 1023 3178 1078 dicimus
3209 1030 3265 1077 et
3295 1023 3529 1077 sabbato
3572 1024 3680 1076 hoc
3725 1041 3875 1092 agen-

409 1112 608 1182 pendit
632 1129 805 1182 super
833 1112 1029 1164 altare.
1071 1133 1090 1157 ι
1293 1175 1299 1182 ι
2209 1113 2368 1178 dum,
2401 1112 2534 1182 quia
2568 1112 2734 1165 ambo
2764 1113 2884 1166 dies
2915 1112 3204 1166 tristitiam
3243 1112 3541 1180 apostolis,
3576 1114 3660 1163 vel
3693 1112 3775 1164 his
3798 1114 3878 1181 qui

1049 1215 1173 1268 CAP,
1213 1214 1459 1270 CLXVII,
2209 1199 2494 1255 Christum
2525 1200 2700 1253 secuti
2733 1205 2886 1263 sunt,
2920 1199 3288 1253 induxerunt.
3319 1200 3426 1263 Qui
3472 1200 3565 1253 die
3611 1199 3880 1252 Dominico

482 1308 548 1360 Et
593 1311 719 1376 post
772 1319 952 1374 pauca
1006 1304 1086 1355 ita
1139 1302 1451 1355 scribitur;
1503 1323 1529 1349 ‹‹
1571 1301 1778 1354 Sancta
1817 1299 2101 1352 exaltante
2212 1289 2458 1353 hilarati,
2492 1304 2605 1341 non
2639 1289 2826 1341 solum
2858 1289 3048 1357 ipsum
3083 1289 3511 1340 festivissimum
3553 1303 3676 1340 esse
3713 1289 3879 1340 volue-

413 1375 604 1450 sancto
665 1393 887 1456 Basilio,
932 1392 1161 1460 signum
1217 1385 1326 1442 non
1376 1389 1483 1442 fuit
1532 1389 1742 1443 factum
1790 1388 1936 1441 sicut
1983 1391 2105 1440 erat
2212 1382 2363 1438 runt,
2389 1392 2584 1429 verum
2630 1376 2802 1430 etiam
2833 1392 2936 1446 per
2975 1393 3179 1430 omnes
3225 1376 3618 1430 hebdomadas
3647 1375 3882 1445 frequen-

414 1485 664 1544 solitum,
713 1481 925 1534 moveri
977 1480 1238 1532 videlicet
1281 1477 1626 1538 columbam,
1677 1493 1804 1547 qua}
1845 1492 1973 1529 cum
2015 1492 2101 1528 sa-
2211 1465 2446 1517 tandum
2481 1480 2600 1517 8550
2634 1464 2940 1517 duxerunt-
2977 1486 3002 1512 ))

411 1577 702 1625 cremento
752 1569 1042 1622 Dominieo
1080 1567 1363 1636 pendebat
1409 1582 1579 1636 super
1627 1566 1824 1630 altare,
1880 1580 2106 1634 semper
2871 1554 2998 1606 CAP.
3025 1553 3244 1605 CLXXI.

411 1660 482 1713 ad
515 1658 910 1712 exaltationem
962 1654 1142 1708 sancti
1185 1653 1442 1706 sacriﬁcii
1492 1655 1707 1706 moveri
1759 1658 1844 1705 ter
1892 1653 2099 1706 solens.
2147 1705 2180 1713 __
2286 1640 2497 1693 1381186
2535 1656 2595 1693 re
2625 1640 2931 1693 seiscitanti
2985 1640 3196 1693 Lucino
3247 1640 3627 1709 Hieronymus
3673 1655 3882 1707 respon-

335 1797 342 1800 _
416 1749 475 1801 Et
508 1747 791 1816 cogitante
822 1761 888 1796 eo
939 1743 1078 1812 quid
1105 1743 1209 1795 hoc
1240 1745 1404 1804 esset,
1440 1741 1579 1793 vidit
1613 1757 1792 1793 unum
1825 1741 2101 1792 ventilan~

2219 1729 2374 1793 dens,
2411 1728 2558 1780 inter
2589 1733 2789 1781 caetera
2823 1727 3093 1796 rescripta
3128 1728 3407 1798 epistola},
3448 1727 3530 1780 sic
3560 1727 3693 1780 dicit
3724 1728 3881 1794 (epist.

413 1835 555 1888 tium
587 1815 904 1886 idiacouem
949 1831 1286 1883 innuentem
1337 1829 1564 1883 mulieri
1617 1828 1905 1882 inclinatae
1939 1829 2102 1880 dcor-
2213 1819 2342 1880 28)ε
2401 1837 2421 1863 ⁸
2458 1818 2534 1869 De
2587 1815 2832 1870 sabbato
2907 1816 3059 1886 (10οἀ
3120 1815 3329 1886 (ιυωπίδ
3398 1821 3592 1869 Utrum
3634 1816 3883 1884 jejuna!!-

413 1939 579 1987 sum;
610 1927 1073 1988 ettransponens
1107 1935 1237 1971 eum
1288 1918 1357 1971 de
1384 1917 1567 1982 altari,
1611 1916 1762 1970 infra
1811 1917 2102 1970 ecclesiam
2213 1906 2350 1957 dum
2400 1905 2489 1968 Sit.
2557 1919 2611 1957 Θῐ
2640 1905 2708 1958 de
2737 1904 3077 1957 Θυοὶιῖιΐὶδὶίει
3123 1921 3196 1957 an
3244 1904 3574 1975 aCCiPienda
3618 1904 3884 1974 ;qu0tidie.

403 2011 576 2081 jussit
609 2009 874 2062 custodiri
905 2025 917 2073 ;
977 2013 1031 2060 et
1076 2007 1152 2060 ita
1181 2006 1378 2059 videns
1409 2005 1587 2059 sancti
1617 2005 1861 2076 Spiritus
1893 2005 2096 2057 adven-
2214 1993 2364 2081 quod
2398 1993 2922 2081 Romunchclesia
2955 1998 3009 2045 et
3043 1993 3326 2081 Hispania!
3369 1993 3669 2081 observare
3704 1993 3886 2081 prohi-

410 2077 554 2162 ξυη),
605 2097 865 2149 hortatus
912 2101 995 2147 est
1043 2110 1272 2146 omnem
1321 2095 1598 2162 ρορηιηιῃ
1641 2098 1854 2163 septem
1908 2092 2104 2144 diebus
2214 2080 2442 2144 bentur,
2479 2079 2700 2148 scripsit
2738 2079 2972 2149 quidem
3013 2084 3068 2132 et
3099 2079 3434 2148 Hippolytus
3479 2082 3563 2131 vir
3602 2077 3883 2131 disertissi-

416 2185 629 2239 ibidem
661 2185 719 2237 in
750 2184 1007 2236 oratione
1037 2198 1285 2235 manere,
1323 2203 1348 2228 η
2218 2184 2361 2233 mus,
2397 2173 2452 2220 et
2482 2167 2720 2237 carptim
2754 2168 2960 2220 diversi
2999 2173 3258 2220 auctores
3291 2168 3349 2220 in
3384 2168 3553 2220 variis
3581 2169 3886 2220 auctoribus

1050 2287 1174 2341 CAP.
1213 2285 1480 2340 CLXVIII.
2216 2256 2471 2320 edidere;
2533 2256 2628 2308 sed
2678 2272 2783 2325 ego
2838 2256 3086 2309 breviter
3138 2261 3192 2309 te
3241 2256 3670 2309 admonendum
3718 2259 3881 2324 puto:

2219 2343 2552 2396 traditiones
2583 2343 3022 2413 :ecclesiasticas,
3078 2343 3394 2412 praesertim
3436 2359 3567 2413 qua:
3619 2342 3751 2395 ﬁdei
3793 2358 3885 2394 non

2217 2433 2487 2498 oflieiaut,
2545 2432 2623 2484 ita
2669 2432 3069 2496 observandas,
3127 2437 3187 2484 ut
3238 2448 3270 2484 a
3325 2432 3641 2500 majoribus
3690 2431 3886 2484 tradita:

2218 2525 2371 2586 sunt,
2404 2536 2506 2572 nec
2534 2520 2776 2573 aliarum
2807 2519 3304 2583 consuetudinem,
3337 2519 3582 2573 aliarum
3625 2519 3886 2571 contrario

2220 2625 2376 2661 more
2405 2609 2695 2663 subvertit.
2722 2612 2906 2678 Atque
2940 2609 3155 2661 utinam
3183 2608 3339 2661 omni
3362 2613 3621 2676 tempore
3649 2609 3887 2676 jejunare

2219 2713 2536 2766 possemus.
2573 2697 2733 2760 Quod
2759 2696 2818 2749 in
2851 2697 3085 2750 Actibus
3115 2696 3500 2766 apostolorum
3535 2696 3733 2749 diebus
3762 2697 3887 2748 Pen—

2220 2792 2447 2850 teseotc,
2479 2791 2534 2838 et
2568 2786 2664 2837 'die
2709 2785 3003 2838 Dominico
3045 2785 3369 2854 apostolum
3412 2785 3650 2837 Paulum
3693 2791 3886 2835 etcum

2221 2890 2286 2926 eo
2318 2873 2612 2927 credentes
2643 2873 2838 2926 fecisse
2886 2873 3164 2942 legimus;
3210 2888 3312 2925 nec
3357 2879 3549 2925 tamen
3590 2872 3887 2926 Manichaee:

2154 2994 2194 3047 ρ
2222 2964 2506 3016 ῘΠΕΓΘΒΘΟΒ
2557 2962 2858 3015 accusandi
2901 2966 3052 3026 sunt,
3105 2977 3232 3013 eum
3279 2960 3522 3014 carnalis
3573 2961 3729 3014 cibus
3766 2974 3886 3027 prae-

516 3065 527 3076 '
602 3067 614 3089 ’
698 3065 708 3075 ·
792 3064 802 3074 ’
884 3065 893 3075 ⁸
973 3061 988 3074 ³
1069 3060 1080 3072 ⁸
1154 3059 1166 3072 ⁶
1250 3061 1261 3072 '
1343 3059 1356 3073 ‘
1441 3061 1451 3071 '
1535 3059 1546 3070 °
1631 3061 1641 3070 '
1729 3063 1738 3072 '
1824 3060 1834 3070 ‘
1920 3060 1928 3069 '
2013 3059 2024 3070 '
2102 3061 2109 3070 '
2222 3051 2358 3104 ferri
2409 3066 2523 3102 non
2579 3049 2839 3102 debuerit
2887 3048 3150 3118 spiritali.
3212 3049 3622 3102 Eucharistiam
3683 3061 3886 3117 quoque

1093 3137 1218 3188 CAP.
1247 3135 1454 3188 CLXX;
2222 3139 2436 3208 absque
2467 3137 2941 3190 condemnatione
2973 3137 3175 3202 nostri,
3212 3143 3268 3190 et
3299 3143 3591 3206 pungente
3621 3136 3885 3188 conscien-

492 3230 566 3280 De
611 3227 716 3279 hoc
775 3225 925 3290 quod
977 3223 1216 3277 Ecclesia
1267 3223 1523 3275 Romana
1577 3221 2022 3291 reprehenditur
2080 3239 2113 3274 δι
2220 3225 2318 3291 tia,
2372 3241 2597 3293 semper
2645 3225 2921 3293 accipere,
2971 3228 3025 3277 et
3073 3224 3429 3277 Psalmistam
3484 3224 3685 3277 audire
3721 3222 3887 3276 dicen-

418 3315 622 3368 Graecis
663 3327 839 3382 quare
884 3311 1166 3381 jejunium
1219 3314 1350 3377 agat
1392 3309 1450 3360 in
1502 3307 1785 3374 SabbatiS,
1839 3309 2112 3360 lunocell-
2223 3319 2335 3367 tem
2372 3329 2385 3366 :
2422 3315 2642 3368 Gustate
2681 3317 2731 3365 et
2787 3311 2960 3365 videte
3010 3315 3265 3379 quoniam
3306 3316 3491 3366 suavis
3539 3317 3618 3365 est
3657 3315 3886 3366 Dominus

418 3403 529 3455 tius
579 3416 725 3470 papa
781 3400 886 3452 hoc
931 3397 1348 3450 rationabiliter
1397 3395 1650 3448 defendit
1692 3395 1753 3447 in
1808 3396 2110 3447 Deeretali-
2220 3404 2385 3470 (PsaL
2425 3417 2614 3468 χχχιιι,
2665 3401 2737 3466 9),
2787 3401 2852 3453 Et
2901 3416 3031 3452 cum
3073 3416 3140 3454 eo
3191 3416 3439 3454 canere:
3490 3401 3778 3454 Eructurit
3814 3414 3888 3452 cor

419 3495 546 3559 bus,
596 3508 717 3560 cap.
779 3492 832 3557 4,
888 3490 967 3541 sic
1017 3488 1210 3540 dicens
1267 3487 1447 3555 (epist.
1509 3491 1528 3538 l
1597 3487 1814 3539 Decent.
1867 3488 2112 3554 episcopo
2221 3506 2393 3544 meum
2442 3489 2661 3542 verbum
2709 3488 2902 3541 bonum
2943 3489 3105 3556 (Paul.
3151 3504 3296 3554 xLiv,
3345 3491 3422 3556 '2.)
3477 3489 3588 3541 Nec
3637 3489 3737 3541 hoc
3779 3488 3886 3540 dico

421 3578 722 3643 Eugubino)
755 3592 766 3628 :
831 3596 858 3622 ‹‹
881 3574 1128 3627 Sabbato
1165 3589 1297 3626 vero
1348 3572 1734 3642 jejunandum
1792 3588 1912 3625 esse
1968 3574 2112 3626 ratio
2221 3595 2335 3648 qua
2367 3578 2524 3631 festis
2553 3576 2751 3629 diebus
2775 3576 3157 3646 jejunandum
3182 3583 3401 3647 putem,
3439 3583 3491 3631 et
3536 3583 3814 3631 contextas
3838 3576 3887 3630 in

420 3663 864 3719 evidentissima‘
893 3665 1266 3715 demonstrat.
1319 3662 1456 3714 Nam
1488 3662 1534 3714 si
1571 3660 1723 3714 diem
1754 3660 2113 3715 Dominicum
2224 3665 2647 3737 quinquaginta
2675 3664 2876 3718 diebus
2906 3665 3074 3718 ferias
3107 3666 3383 3730 auferam,
3415 3665 3508 3718 sed
3553 3679 3885 3736 unaquaeque

421 3753 492 3806 ob
524 3751 908 3805 venerabilem
955 3749 1433 3803 resurrectionem
1497 3748 1724 3803 Domini
1774 3751 1952 3802 nostri
1982 3751 2113 3804 Jesu
2222 3753 2516 3823 provincia
2550 3753 2804 3806 abundet
2837 3752 2896 3806 in
2941 3769 3107 3806 sensu
3137 3769 3262 3819 suo,
3314 3759 3371 3806 et
3413 3759 3694 3824 praecepta
3725 3753 3887 3821 majo-

418 3841 629 3898 Christi
685 3857 797 3894 non
853 3839 1036 3893 solum
1096 3839 1154 3891 in
1217 3839 1426 3891 Pascha
1483 3839 1858 3903 celebramus,
1916 3855 2113 3892 verum
2223 3858 2349 3895 rum
2384 3843 2538 3913 leges
2571 3843 2907 3911 apostolicae
2938 3841 3270 3895 arbitretur.
3307 3863 3333 3888 ››

420 3931 592 3985 etiam
614 3945 718 3999 per
739 3928 995 3999 singulos
1021 3927 1261 3980 circulos
1281 3926 1776 3981 hebdomadarum
1798 3927 1977 3996 ipsius
1998 3927 2116 3981 diei
2874 3932 2998 3984 CAP.
3032 3929 3267 3984 CLXXII.

421 4019 734 4089 imaginem
796 4017 1247 4086 frequentamus,
1313 4032 1377 4068 ac
1443 4021 1600 4068 sexta
1669 4015 1812 4068 feria
1885 4020 2117 4084 propter
2298 4019 2436 4070 Item
2463 4017 2732 4083 Isidorus,
2767 4004 3054 4088 Spaléusis
3085 4019 3408 4088 episcopus,
3448 4019 3506 4071 in
3541 4019 3721 4088 primo
3764 4018 3886 4070 libro

419 4109 744 4179 passionem
781 4105 1012 4159 Domini
1040 4105 1391 4174 jejunamus,
1423 4103 1732 4157 Sabbatum
1768 4104 2114 4172 praetermit-
2225 4106 2555 4159 Ofﬁciorum
2601 4108 2740 4174 (cap.
2797 4107 2865 4158 42
2910 4112 2960 4159 et
3005 4107 3121 4174 43),
3176 4107 3244 4160 de
3294 4107 3648 4160 diversorum
3693 4108 3884 4160 dierum

419 4202 538 4248 tere
571 4211 680 4247 non
729 4194 1022 4259 debemus,
1079 4193 1178 4262 qui
1215 4193 1367 4245 inter
1412 4191 1702 4244 tristitiam
1753 4196 1922 4260 atque
1969 4192 2116 4244 leeti-
2224 4210 2288 4247 ac
2344 4203 2676 4262 temporum
2721 4192 2960 4262 jejuniis
3015 4193 3168 4246 inter
3226 4200 3431 4247 caetera
3484 4194 3564 4247 sic
3617 4195 3884 4264 disputat:

421 4284 561 4337 tiam
609 4283 882 4351 temporis
932 4282 1083 4334 illius
1131 4281 1356 4333 videtur
1408 4280 1678 4332 inclusus.
1733 4279 1870 4332 Nam
1913 4280 2110 4350 utique
2151 4286 2193 4338 Ι)
2228 4301 2254 4329 ‹‹
2291 4282 2502 4334 Praeter
2535 4280 2653 4333 haec
2699 4287 2892 4332 autem
2932 4279 3187 4350 legitima
3234 4287 3492 4352 tempora
3532 4281 3880 4350 jejuniorum,

421 4375 643 4425 constat
680 4371 966 4440 apostolos
1008 4370 1180 4423 biduo
1221 4369 1326 4421 isto
1365 4374 1420 4422 et
1454 4368 1515 4420 in
1553 4383 1798 4421 moerere
1836 4367 2030 4434 fuisse,
2065 4375 2116 4422 et
2229 4369 2386 4422 omni
2423 4374 2576 4421 sexta
2606 4367 2748 4421 feria
2799 4374 3034 4437 propter
3065 4368 3394 4437 passionem
3441 4370 3670 4422 Domini
3715 4385 3745 4421 a
3775 4366 3884 4437 qui-

407 4465 656 4532 propter
687 4465 900 4512 metum
933 4457 1262 4512 Judazoruin
1289 4473 1345 4508 se
1373 4456 1700 4509 occuluisse.
1725 4456 1886 4520 Quod
1921 4457 2118 4526 utique
2227 4457 2464 4510 busdam
2500 4456 2852 4525 jejunantur.
2897 4456 3004 4508 Sed
3050 4462 3106 4508 et
3136 4456 3353 4509 sabbati
3397 4457 3518 4509 dies
3566 4475 3597 4509 a
3635 4457 3885 4527 plerisque

421 4565 541 4602 non
571 4548 808 4602 dubium
839 4552 921 4600 est
951 4546 1009 4598 in
1054 4551 1278 4599 tantum
1318 4560 1412 4598 eos
1453 4543 1739 4613 jejunasse
1774 4543 1947 4597 biduo
1992 4559 2118 4596 me—
2228 4551 2461 4617 propter
2495 4545 2647 4615 quod
2677 4544 2739 4596 in
2769 4560 2834 4596 eo
2867 4543 3124 4598 Christus
3149 4544 3330 4612 jacuit
3361 4545 3420 4596 in
3457 4546 3732 4614 sepulcro.
3757 4543 3882 4612 jeju-

422 4644 666 4705 morato,
714 4641 775 4689 ut
819 4635 1052 4689 traditio
1107 4634 1364 4687 Ecclesiae
1404 4634 1614 4688 habeat
1661 4633 1769 4686 isto
1820 4632 1992 4686 biduo
2031 4649 2117 4686 sa-
2230 4636 2324 4689 nio
2357 4639 2716 4687 consecratus
2738 4632 3000 4701 habetur,
3023 4632 3236 4685 scilicet
3257 4649 3326 4685 ne
3347 4634 3563 4686 Iudaeis
3587 4630 3883 4687 exsultando

421 4732 713 4781 eramenta
753 4726 981 4794 penitus
1024 4740 1139 4777 non
1183 4723 1476 4777 celebrari.
1528 4723 1664 4785 Quae
1699 4722 1882 4776 forma
1923 4722 2120 4792 utique
2231 4728 2550 4794 praestetur,
2597 4720 2748 4790 quod
2797 4719 3052 4774 Christus
3109 4720 3327 4774 studuit
3366 4722 3747 4785 moriendo,»
3799 4724 3882 4770 etc.

424 4831 527 4885 per
573 4815 827 4884 singulas
880 4812 1128 4866 tenenda
1183 4817 1267 4864 est
1313 4811 1719 4875 hebdomadas,
1775 4815 2008 4880 propter
2063 4810 2115 4863 id
2229 4827 2396 4880 usque
2427 4811 2499 4863 all
2537 4814 2717 4878 ﬁnem,
2746 4826 2864 4878 cap.
2898 4811 2986 4864 43.

427 4903 582 4974 quod
615 4901 1084 4957 commemoratio
1118 4900 1230 4954 diei
1280 4899 1432 4952 illius
1463 4914 1688 4968 semper
1720 4904 1803 4952 est
1832 4899 2121 4952 celebran-
2868 4899 2991 4952 Car.
3023 4897 3292 4952 CLXXIII.

425 4993 517 5046 da.
553 4992 712 5056 Quod
758 4991 804 5043 si
844 4994 1048 5060 putant
1086 4989 1258 5042 semel
1313 4993 1482 5058 atque
1524 5005 1638 5040 uno
1685 4987 1930 5040 Sabbato
1975 4987 2123 5057 jeju-
2303 4989 2365 5040 In
2397 4987 2636 5041 concilio
2687 4985 3036 5052 Laodicensi,
3080 5001 3199 5055 cap.
3255 4989 3272 5038 t
3325 4985 3465 5054 (cap.
3514 4988 3600 5051 50,
3645 5001 3708 5037 ea:
3750 4986 3884 5034 inter-

427 5082 705 5142 nandum,
739 5095 876 5148 ergo
909 5083 964 5130 et
1001 5076 1378 5135 Dominicum,
1413 5081 1469 5129 et
1500 5081 1653 5129 sexta
1681 5075 1821 5128 feria
1855 5075 2030 5128 semel
2062 5074 2120 5127 in
2229 5079 2366 5144 pret.
2402 5077 2648 5142 Dionysii
2706 5075 2931 5142 Ea-igui)
2965 5091 2976 5127 :
3009 5076 3127 5129 Non
3177 5072 3364 5126 debere
3400 5074 3674 5141 jejunium
3702 5071 3822 5124 solvi
3845 5070 3882 5116 ίη

429 5171 640 5223 Pascha
669 5169 778 5222 erit
808 5168 1008 5238 utique
1042 5159 1465 5218 celebrandum.
1509 5164 1565 5217 Si
1607 5170 1799 5218 autem
1842 5162 2124 5218 Dominici
2233 5165 2424 5231 quinta
2470 5165 2616 5228 feria.
2654 5163 2878 5230 majoris
2898 5164 3231 5230 septimanae.
3261 5183 3285 5208 υ
3321 5160 3483 5223 Quod
3514 5177 3628 5214 non
3670 5155 3885 5228 oporteat

483 2380 568 2432 Ad
596 2378 1087 2448 augmentandum
1119 2385 1142 2408 ει
1173 2376 1347 2428 totius
1378 2373 1668 2444 pudicitiae
1701 2374 1943 2427 nitorem
1974 2374 2100 2427 bea-

416 2473 507 2521 tus
534 2468 783 2520 Joannes
830 2465 1177 2534 evangelista
1209 2463 1287 2516 ita
1316 2463 1708 2516 concludendo
1754 2461 2104 2532 exsequitur,

416 2555 1602 2609 dicens:..........

1072 2756 1199 2808 CAP.
1233 2754 1455 2808 CLXIX.

488 2849 564 2900 De
598 2847 684 2899 his
713 2845 812 2916 qui
847 2843 1224 2897 ecclesiastica
1256 2843 1479 2911 jejunia
1526 2843 1741 2911 absque
1774 2841 2110 2894 necessitate

417 2935 754 3000 dissolvunt,
802 2933 858 2985 in
909 2932 1152 2985 concilio
1180 2930 1491 3000 Gangrensi
1534 2930 1613 2983 ita
1653 2930 1926 3000 scriptum
1960 2935 2110 2983 est...

504 5375 526 5396 ε*
558 5365 647 5418 Ad
677 5344 1154 5432 augmentandum.
1201 5361 1297 5414 Hic
1338 5366 1420 5414 est
1461 5361 1659 5414 titulus
1699 5377 1822 5430 cap.
1871 5363 1987 5426 168,
2025 5361 2125 5432 qui
2234 5360 2384 5412 haud
2418 5360 2551 5411 satis
2584 5360 2718 5414 scio.
2763 5360 2846 5414 Ex
2880 5359 3082 5412 eodem
3131 5359 3253 5411 loco
3300 5360 3654 5414 restituimus
3693 5357 3883 5411 titulum

436 5434 495 5488 in
522 5436 684 5488 editis
728 5431 1181 5498 desiderabatur,
1228 5450 1290 5485 ac
1329 5431 1622 5485 restitutus
1651 5439 1736 5484 est
1774 5448 1842 5485 ex
1886 5431 2124 5486 elencho
2234 5446 2358 5499 cap.
2391 5432 2505 5482 169.

437 5504 702 5574 capitum.
766 5507 946 5568 Quem
999 5505 1230 5558 Joannis
1288 5504 1473 5556 locum
1532 5502 1850 5555 laudaverit
1899 5503 2120 5555 Ᾱίηθῖις.
