4044 6174
201 273 277 323 m
339 247 344 254 ’
1459 270 1666 324 LIBER
1707 270 2072 326 anvaasns
2111 270 2415 324 GRAECOS.

3553 342 3555 345 ι
3572 277 3672 330 742

197 403 246 454 in
269 401 714 471 Quadragesinia
763 401 818 454 in
869 401 1072 454 ultima
1122 401 1441 470 septimana
1496 401 1696 471 quinta
1725 401 1866 454 feria
1904 401 2037 454 Ain
2087 401 2213 454 cibo
2277 413 2440 454 utens
2496 401 2857 456 abstinentiae
2915 403 3139 472 perlicit
3206 407 3418 456 votum.
3459 404 3674 467 Quibus

191 490 464 559 jejunium
510 492 747 552 solvere,
815 495 1107 560 totamque
1180 491 1689 559 Quadragesimam
1749 489 1872 543 sine

197 578 550 630 veneratione
611 580 872 642 transire,
936 578 1233 648 magisque
1297 578 1593 631 conveniat
1642 594 1872 631 omnem

195 666 687 735 Quadragesimam
720 667 971 720 districto
1003 667 1260 719 venerari
1287 666 1526 735 jejunio.
1562 686 1588 715 »

255 753 312 805 Si
342 769 478 822 ergo
513 771 625 807 non
656 760 904 824 oportet,
933 760 990 807 ut
1017 755 1124 808 hoc
1165 761 1430 808 censetur
1451 754 1708 818 consilio,
1733 752 1876 806 solvi

187 843 460 911 jejunium
495 842 552 895 in
594 844 763 896 Cmna
794 839 1041 909 Domini,
1073 844 1254 895 multo
1281 843 1464 912 magis
1490 850 1576 895 est
1607 842 1875 895 indecens

193 930 241 983 id
273 931 561 1000 agendum
593 933 652 984 in
685 932 884 1001 quinta
933 937 988 985 et
1030 932 1271 1001 septima
1305 931 1446 984 feria
1486 947 1588 1000 per
1625 930 1875 1001 reliquas

192 1019 648 1088 Quadragesimaz
677 1020 1082 1074 hebdomadas.

809 1109 936 1162 CAP.
981 1108 1233 1161 CLXXIV.

251 1194 414 1257 Quod
447 1196 617 1249 etiam
650 1196 929 1266 quaeritur
971 1213 1072 1249 cur
1102 1213 1216 1249 non
1247 1212 1532 1249 cessamus
1569 1201 1694 1248 octo
1735 1195 1872 1248 heb-

190 1280 523 1333 domadibus
552 1285 684 1332 ante
732 1282 940 1334 Pascha
985 1299 1016 1334 a
1074 1281 1332 1334 carnium
1390 1296 1508 1344 esu,
1547 1284 1602 1332 et
1657 1285 1877 1348 septem

191 1384 214 1418 a
244 1381 408 1419 caseo
440 1372 495 1419 et
527 1367 682 1431 ovis;
713 1368 781 1420 ad
812 1369 918 1420 hoc
953 1368 1202 1422 breviter
1227 1366 1710 1436 respondendum,
1742 1366 1878 1436 quia

193 1455 242 1507 in
267 1453 761 1524 Quadragesimali
796 1455 1016 1525 jejunio
1069 1472 1167 1508 nos
1215 1455 1521 1524 perfectius
1572 1455 1875 1506 Dominum

194 1543 497 1605 imitamur,
543 1543 641 1613 qui
670 1544 895 1597 eosdem
927 1544 1044 1596 dies
1093 1543 1594 1608 continuatim,'ut
1625 1543 1744 1611 ipse
1778 1543 1879 1595 Dei

194 1631 380 1697 Filius,
423 1631 773 1700 jejuuamus,
833 1648 949 1685 non
1001 1632 1353 1696 dirimentes,
1414 1648 1516 1684 nec
1568 1632 1876 1684 interrum-

191 1725 384 1788 pentes
427 1721 676 1788 spatium
710 1721 1068 1773 abstinentiae
1101 1726 1158 1773 et
1182 1720 1408 1789 jejunii,
1445 1719 1588 1772 sicut
1618 1719 1672 1771 in
1707 1720 1878 1771 Evan-

191 1809 336 1876 gelio
372 1809 618 1876 legitur:
655 1811 722 1861 Et
766 1824 881 1861 cum
921 1809 1230 1875 jrjmuissct
1279 1807 1650 1872 quadraginta
1692 1806 1878 1858 diebus

193 1901 236 1948 ct
279 1896 657 1963 quadraginta
688 1897 952 1954 noctibus,
996 1902 1183 1965 postea
1217 1901 1410 1949 esuriit
1440 1895 1651 1955 (illatth.
1699 1911 1768 1957 iv,
1801 1896 1877 1962 2).

193 1984 303 2036 Non
356 1985 499 2037 dixit
547 1986 895 2052 evangelista
945 1985 1095 2054 quod
1147 1985 1203 2036 in
1251 2001 1364 2036 una
1409 1999 1635 2053 quaque
1677 1983 1883 2036 hebdo-

195 2074 376 2140 mada,
410 2075 614 2142 quinta
643 2080 699 2125 et
721 2072 963 2140 septima
984 2072 1123 2124 feria
1147 2072 1437 2141 jejunium
1471 2070 1722 2134 solverit,
1755 2070 1879 2122 aliis

191 2161 390 2213 diebus
417 2161 728 2226 abstinens,
762 2169 814 2213 ut
852 2160 1029 2214 Graeci
1068 2161 1250 2213 facere
1285 2160 1570 2222 dicuntur,
1620 2159 1712 2212 sed
1745 2157 1882 2227 ipsis

192 2249 567 2319 quadraginta
598 2251 800 2303 diebus
831 2266 892 2301 ex
923 2266 1044 2302 asse
1085 2254 1142 2302 et
1174 2265 1276 2318 per
1306 2248 1563 2301 ordinem
1589 2247 1877 2316 jejunaus,

191 2345 302 2391 tum
337 2341 572 2392 demum
606 2338 885 2391 esurierit.
927 2337 1239 2391 Dicendum
1277 2337 1448 2388 etiam
1473 2337 1608 2406 quia
1639 2335 1753 2387 sive
1780 2350 1884 2402 per

190 2433 308 2480 octo
364 2427 748 2480 hebdomadas
798 2427 1114 2495 jejunetur,
1164 2425 1436 2479 solvendo
1485 2424 1769 2494 jejunium
1823 2424 1883 2475 in

190 2516 430 2584 singulis
490 2515 688 2585 quinta
743 2521 798 2567 et
857 2514 1100 2585 septima
1156 2515 1314 2578 feria,
1359 2517 1414 2565 et
1444 2514 1532 2566 die
1565 2512 1881 2570 Dominica.

191 2604 299 2656 sive
329 2621 426 2657 sex
465 2603 920 2657 hebdomadibus
962 2603 1338 2655 continuatim
1389 2601 1759 2666 abstineatur,
1789 2617 1885 2653 ex-

192 2699 349 2763 cepta
387 2693 701 2758 Dominica,
728 2693 788 2744 in
836 2698 1080 2761 utroque
1133 2697 1390 2761 tempore
1435 2690 1670 2758 triginta
1711 2694 1766 2742 et
1789 2705 1884 2742 sex

191 2782 306 2834 dies
361 2781 421 2833 in
462 2780 809 2833 abstinentia
841 2781 1230 2833 inveniuntur.
1290 2779 1443 2833 Unde
1493 2778 1885 2832 rationabilius

190 2876 371 2938 agunt
401 2868 522 2939 qui,
559 2869 863 2921 Dominum
898 2869 1205 2934 imitantes,
1233 2866 1608 2919 continuatim
1642 2866 1883 2935 quadra-

188 2959 464 3027 gesimale
491 2958 777 3025 jejunium
810 2962 1093 3020 exercent,
1147 2972 1320 3026 quam
1370 2955 1468 3024 qui
1500 2971 1601 3024 per
1632 2955 1884 3024 aliquam

188 3047 412 3099 dierum
477 3045 961 3114 intercapedinem
1048 3045 1191 3098 illud
1271 3060 1543 3114 peragere
1603 3043 1881 3096 videntur.

190 3135 328 3188 Nam
383 3134 584 3187 beatus
631 3150 778 3203 papa
833 3134 1136 3202 Gregorius
1186 3131 1680 3202 quadragesimale
1737 3146 1888 3184 com-

190 3230 398 3291 putans
451 3228 694 3292 tempus,
743 3239 774 3274 a
815 3223 995 3292 capite
1067 3238 1162 3273 sex
1211 3220 1702 3274 hebdomadarum
1743 3219 1884 3272 illud

186 3311 558 3363 dinumerare
607 3310 826 3379 incipit,
876 3311 1068 3362 dicens
1118 3309 1205 3361 his
1254 3308 1437 3361 verbis
1488 3307 1690 3372 (homil.
1733 3310 1885 3359 16in

190 3399 431 3465 Evang.)
463 3415 476 3451 :
513 3418 537 3447 ((
571 3402 610 3450 Α
645 3397 920 3467 presenti
970 3396 1178 3450 etenim
1215 3397 1305 3450 die
1339 3412 1518 3466 usque
1551 3397 1621 3449 ad
1656 3396 1887 3465 pascha-

190 3486 253 3539 lis
313 3487 698 3540 solemnitatis
753 3485 960 3556 gaudia
1021 3502 1113 3538 sex
1174 3485 1548 3538 hebdomade:
1611 3485 1883 3538 veniunt:

191 3591 440 3644 quarum
473 3575 730 3627 videlicet
780 3575 897 3628 dies
945 3574 1324 3644 quadraginta
1374 3578 1428 3626 et
1462 3573 1574 3626 duo
1609 3573 1788 3639 ﬁunt;
1823 3590 1886 3626 ex

189 3663 405 3732 quibus
443 3663 581 3715 dum
613 3679 706 3714 sex
738 3663 857 3715 dies
908 3661 1191 3715 Dominici
1244 3661 1314 3714 ab
1363 3661 1705 3714 abstinentia
1754 3661 1887 3714 sub-

187 3752 527 3815 trahuntur,
560 3766 671 3803 non
720 3752 848 3820 plus
878 3751 935 3802 in
987 3749 1329 3802 abstinentia
1363 3765 1532 3818 quam
1568 3749 1803 3817 triginta
1835 3753 1892 3801 et

186 3855 276 3892 sex
309 3845 642 3892 remanent.
675 3839 818 3891 Dum
866 3855 999 3891 vero
1051 3854 1152 3907 per
1200 3843 1482 3891 trecentos
1512 3842 1568 3889 et
1595 3835 1890 3905 sexaginta

185 3928 452 3997 quinque
483 3927 602 3980 dies
635 3943 818 3979 annus
869 3925 1117 3989 ducitur,
1152 3942 1250 3980 nos
1298 3930 1489 3978 autem
1528 3941 1627 3994 per
1657 3924 1890 3994 triginta

184 4022 238 4068 et
285 4033 390 4069 sex
435 4015 554 4068 dies
603 4015 937 4082 afﬂigimur,
996 4014 1160 4084 quasi
1215 4013 1351 4066 anni
1407 4012 1586 4066 nostri
1645 4013 1891 4066 decimas

184 4105 301 4158 Deo
337 4105 568 4167 damus,
602 4103 789 4172 utqui
843 4101 1275 4171 nobismetipsis
1330 4117 1433 4171 per
1463 4106 1759 4172 acceptum
1791 4118 1888 4154 an-

183 4209 324 4246 num
351 4193 620 4252 viximus,
655 4189 873 4243 auctori
907 4194 1098 4242 nostro
1132 4206 1236 4242 nos
1277 4189 1333 4241 in
1366 4190 1490 4257 ejus
1522 4189 1760 4243 decimis
1791 4203 1892 4258 per

184 4280 598 4335 abstinentiam
631 4278 1070 4332 mortiﬁcemur.
1098 4299 1124 4326 ››

837 4369 962 4421 CAP.
1007 4366 1241 4420 CLXXV.

333 4461 414 4511 De
443 4461 595 4509 vario
612 4472 716 4509 usu
738 4457 1080 4509 abstinent-ia:
1105 4455 1445 4508 diversarum.
1475 4459 1773 4520 regionum.

260 4548 340 4600 De
375 4547 487 4599 hoc
518 4545 686 4598 etiam
718 4545 865 4614 quod
918 4543 1215 4614 quaeritur,
1263 4559 1438 4613 quare
1485 4548 1702 4611 septem
1752 4542 1892 4595 beb-

183 4634 539 4689 domadibus
571 4641 702 4686 ante
752 4633 964 4686 Pascha
1007 4633 1074 4685 ab
1109 4648 1206 4685 esu
1241 4631 1386 4684 casei
1418 4635 1473 4684 et
1507 4647 1744 4684 ovorum
1775 4645 1891 4683 non

184 4723 572 4787 abstinemus,
625 4721 720 4774 scd
776 4721 1175 4774 tantummodo
1233 4736 1349 4786 sex,
1409 4719 1715 4772 dicendum
1760 4719 1886 4772 bre-

186 4812 336 4865 viter
371 4812 510 4881 quia
538 4810 662 4863 talis
696 4809 910 4863 exactio
938 4808 1228 4874 superﬂua
1251 4825 1316 4861 ex
1349 4808 1556 4861 sanctis
1589 4807 1894 4876 beripturis

184 4918 305 4954 non
343 4901 522 4953 liabet
547 4901 941 4951 auctoritatem
967 4917 980 4965 ;
1010 4915 1142 4950 nam
1198 4914 1302 4966 per
1353 4897 1600 4950 diversas
1630 4895 1893 4964 regiones

189 4989 390 5041 varius
420 4993 714 5040 exercetur
762 4987 1118 5040 abstinentiae.
1154 5002 1306 5038 usus.
1342 4987 1614 5055 Aigyptus
1644 5000 1894 5055 namque

183 5083 240 5130 et
269 5075 473 5130 omnis
516 5075 815 5128 Palaestina
858 5091 1061 5128 novem
1103 5074 1558 5128 hebdomadibus
1611 5078 1740 5126 ante
1792 5075 1894 5126 Pa-

185 5167 326 5219 scha
365 5163 668 5234 jejunant;
732 5163 966 5233 insuper
1007 5169 1062 5217 et
1115 5179 1245 5233 pars
1303 5162 1498 5228 Italiae,
1551 5161 1640 5214 cui
1697 5161 1800 5214 hoc
1831 5178 1895 5214 ex

182 5257 397 5308 animo
447 5253 782 5322 complacet,
825 5252 1006 5305 tribus
1056 5252 1256 5305 diebus
1306 5251 1365 5303 in
1398 5251 1762 5304 hebdomade
1793 5267 1896 5320 per

187 5348 378 5396 totam
418 5341 927 5410 Quadragesimam
960 5358 992 5394 a
1022 5340 1161 5392 cibis
1185 5339 1316 5408 igne
1352 5339 1594 5392 decoctis
1625 5339 1894 5407 abstinet,

181 5429 602 5485 tantummodo
660 5429 894 5483 diversis
959 5429 1236 5482 fructibus
1285 5427 1551 5481 arborum
1611 5432 1666 5481 et
1721 5445 1893 5498 gene-

184 5522 350 5574 ribus
401 5519 733 5582 herbarum,
796 5517 1004 5589 quibus
1069 5517 1225 5570 Italia
1275 5517 1576 5587 opulenter
1623 5517 1893 5576 abundat,

1984 505 2118 558 ergo
2153 490 2304 543 deest
2341 490 2635 543 diversitas
2663 506 2726 542 ac
2780 491 3169 560 multiplicitas
3217 491 3524 555 fructuum,
3575 508 3676 545 ne-

1984 593 2271 648 quaquam
2317 577 2618 647 negabitur
2665 578 2822 631 cibus
2852 578 2921 631 ab
2952 580 3082 647 igne
3128 579 3412 632 decoctus.
3446 582 3674 634 Germa-

1985 666 2079 718 nia
2101 667 2270 718 etiam
2305 684 2333 719 a
2367 667 2522 719 lactis
2553 670 2607 719 et
2642 667 2829 734 butyri
2865 683 2926 718 ac
2973 668 3140 731 casei,
3189 673 3243 720 et
3291 685 3526 720 ovorum
3578 684 3676 722 esu

1984 770 2086 822 per
2117 760 2292 807 totam
2323 754 2832 822 Quadragesimam
2865 755 3208 822 generaliter
3241 772 3355 808 non
3391 757 3675 821 abstinet;

1985 848 2220 912 excepto
2266 858 2435 910 quem
2469 848 2786 911 spontanee
2826 842 3061 895 attrahit
3110 844 3383 896 voluntas.
3424 845 3676 914 Denique

1986 930 2249 983 nonnulli
2282 931 2440 983 fuere
2481 930 2819 984 rationabile
2861 929 3182 998 judicantes
3233 932 3451 985 solvere
3497 932 3676 986 absti-

1987 1019 2240 1072 nentiam
2273 1019 2332 1072 in
2357 1019 2527 1073 Coena
2562 1018 2787 1072 Domini
2830 1025 2884 1071 et
2912 1020 3240 1084 Parasceve,
3274 1037 3400 1089 quae
3428 1020 3547 1074 dies
3575 1036 3676 1090 pro

1986 1106 2184 1158 dolore
2250 1107 2644 1175 apostolorum
2699 1105 2945 1175 ﬁguram
3006 1105 3177 1159 habet
3232 1108 3499 1174 tristitiae,
3556 1108 3677 1161 esui

1985 1209 2243 1260 ovorum,
2279 1194 2448 1258 casei,
2482 1195 2644 1248 lactis
2683 1200 2738 1247 et
2768 1194 2958 1264 butyri
3001 1195 3256 1247 indebita
3287 1201 3342 1248 et
3371 1196 3573 1248 stolide
3597 1195 3679 1248 in-

1985 1282 2304 1351 dulgentes.
2340 1282 2535 1351 Itaque
2587 1282 2767 1334 donec
2818 1282 2999 1352 gloria
3065 1282 3369 1336 Dominisas
3427 1299 3678 1336 resurre-

1986 1369 2191 1422 ctionis
2225 1386 2454 1439 vespere
2501 1369 2742 1436 sabbati,
2777 1386 2903 1439 quae
2946 1370 3212 1422 elucescit
3244 1370 3299 1422 in
3331 1370 3518 1440 prima
3549 1371 3682 1423 sab-

1986 1458 2124 1523 bati,
2158 1458 2489 1511 solemniter
2533 1459 2976 1528 appropinquet,
3030 1464 3084 1510 et
3130 1459 3281 1511 unda
3329 1458 3682 1528 baptismatis

1988 1547 2090 1600 filii
2125 1546 2262 1599 lucis
2307 1554 2694 1610 renascantur,
2754 1553 2810 1599 et
2858 1547 3043 1599 Gloria
3097 1551 3153 1598 in.
3209 1548 3429 1599 ramelsis
3475 1550 3580 1600 Deo
3628 1552 3683 1599 et

1987 1637 2229 1688 Alleluia
2265 1640 2627 1704 praeconetur
2666 1634 3102 1687 resurrectionis
3134 1635 3340 1686 (Ilii-isti
3372 1636 3679 1704 gloriosam

1991 1724 2305 1788 victoriam,
2342 1728 2397 1776 et
2440 1725 2712 1791 mysticus
2771 1739 2969 1775 cereus
3024 1728 3216 1774 sancta
3273 1723 3393 1774 luce
3453 1723 3678 1792 spirita-

1989 1811 2119 1864 liter
2163 1810 2544 1881 resplendeat,
2591 1809 2891 1880 indignum
2953 1809 3110 1861 ducit
3164 1809 3243 1861 uti
3287 1808 3681 1878 hujuscemodi

1989 1898 2127 1952 cibis
2160 1904 2342 1951 mater
2385 1897 2646 1964 Ecclesia,
2688 1913 2814 1967 qum
2847 1915 2877 1949 a
2922 1896 3108 1966 primo
3161 1897 3388 1949 Pastore
3437 1896 3682 1965 sumpsit

1991 1985 2311 2053 magisterii
2345 1985 2727 2053 disciplinam.
2777 1985 2916 2037 Cum
2961 1984 3046 2036 his
3079 1990 3136 2036 et
3183 1985 3308 2037 aliis
3352 1985 3532 2037 modis
3582 2000 3683 2054 per

1992 2074 2175 2126 multa
2232 2073 2415 2143 spatia
2473 2074 2625 2126 orbis
2677 2073 3165 2141 Quadragesimali
3227 2080 3480 2142 tempore.
3543 2072 3681 2125 ordo

1993 2161 2350 2215 abstinentiae
2411 2161 2812 2226 confundatur,
2884 2161 3242 2230 potissimum
3296 2167 3350 2212 et
3397 2161 3679 2230 optimum

1993 2250 2204 2319 delegit
2237 2251 2491 2303 Romana
2523 2250 2682 2302 sedes
2721 2249 3055 2302 continuare
3107 2255 3160 2300 et
3210 2249 3515 2302 extendere
3547 2255 3680 2302 ante

1992 2337 2504 2406 Paschajejunium
2528 2338 2585 2390 in
2610 2354 2850 2390 numero
2874 2338 3255 2407 quadraginta
3282 2337 3528 2390 dierum.
3558 2338 3680 2390 Tri-

1993 2427 2154 2496 ginta
2187 2432 2376 2478 autem
2409 2432 2465 2480 et
2495 2443 2590 2479 sex
2623 2426 2823 2479 diebus
2876 2427 2933 2478 in
2993 2426 3337 2479 abstinentia
3386 2431 3681 2494 computa-

1993 2516 2082 2581 tis,
2121 2515 2400 2584 adjunctis
2430 2520 2485 2568 et
2541 2519 2807 2584 quatuor,
2868 2515 2961 2584 qui
2997 2533 3026 2566 a
3062 2515 3243 2584 capite
3295 2515 3504 2584 jejunii
3554 2514 3685 2567 inci-

1993 2604 2180 2674 piunt,
2215 2604 2443 2672 egregie
2483 2603 2979 2674 compaginamur,
3013 2609 3068 2656 et
3097 2604 3310 2673 absque
3357 2605 3470 2656 ulla
3499 2619 3687 2673 repre—

1994 2692 2268 2746 hensione
2318 2691 2554 2745 unimur
2591 2692 2814 2761 jejunio
2865 2691 3167 2745 Salvatoris
3209 2692 3408 2758 nostri,
3463 2692 3531 2746 de
3574 2708 3687 2762 quo

1995 2780 2341 2848 evangelista
2399 2779 2573 2832 dicit:
2633 2781 2701 2831 Et
2784 2796 2898 2831 cum
2952 2780 3260 2847 jejunasset
3315 2779 3686 2846 quadraginta

1995 2868 2183 2921 diebus
2211 2873 2260 2920 et
2293 2869 2666 2934 quadraginta
2715 2869 2979 2927 noctibus,
3024 2874 3213 2936 postea
3245 2872 3439 2921 esuriit
3465 2868 3683 2934 (Matth.

1995 2973 2068 3022 Iv,
2100 2960 2179 3026 2).

2634 3028 2758 3080 CAP.
2794 3026 3054 3081 CLXXVI.

2067 3131 2302 3184 Sanctus
2373 3131 2668 3184 Faustinus
2725 3130 3022 3200 episcopus
3087 3130 3148 3182 in
3206 3130 3498 3182 Dominica
3557 3136 3687 3184 ante

1997 3219 2524 3289 Quadragesimam,
2605 3219 2956 3271 homiliatico
3043 3233 3304 3270 sermone
3371 3218 3686 3271 secundum

1996 3324 2216 3361 morem
2247 3308 2398 3360 illius
2423 3307 2719 3377 temporis,
2746 3307 2821 3359 ita
2845 3306 3144 3374 dejejunio
3171 3305 3321 3358 varie
3337 3307 3684 3375 exsequitur,

1997 3397 2192 3450 dicens
2223 3413 2235 3450 ε
2263 3417 2290 3445 ‹‹
2345 3398 2641 3449 Permotos
2682 3412 2802 3447 esse
2836 3411 2933 3446 vos
2963 3394 3150 3458 credo,
3208 3394 3408 3447 fratres
3439 3394 3688 3447 dilectis-

1998 3485 2150 3551 simi,
2185 3501 2286 3538 cur
2315 3501 2346 3536 a
2376 3485 2669 3554 superiore
2702 3483 2993 3536 Dominica
3021 3483 3525 3552 Quadragesimam
3559 3499 3687 3552 per-

1999 3573 2317 3638 currimus;
2349 3577 2552 3626 etcum
2577 3572 2743 3626 hodie
2762 3572 2832 3624 sit
2855 3572 2976 3641 ejus
3019 3571 3339 3636 exordium,
3364 3570 3689 3624 curfestivi-

1999 3666 2173 3714 tatem
2203 3661 2326 3730 ejus
2366 3667 2498 3713 ante
2535 3677 2704 3712 uuam
2737 3659 3150 3713 hebdomadam
3186 3660 3471 3712 celebrare
3503 3676 3688 3730 coepe-

2002 3747 2199 3800 rimus.
2234 3747 2597 3817 Reprehendi
2638 3764 2752 3800 non
2809 3752 2992 3816 potest
3048 3747 3364 3800 observatio
3398 3749 3504 3800 ista
3557 3763 3693 3819 pra:-

1999 3850 2281 3905 propera:
2333 3835 2653 3888 devotionis
2707 3836 2862 3888 enim
2916 3835 3194 3888 indicium
3229 3843 3284 3888 et
3316 3836 3473 3904 prius
3507 3838 3690 3906 legem

2001 3923 2256 3993 exsequi,
2290 3939 2465 3993 quam
2499 3923 2638 3990 legis
2680 3927 2887 3974 statuta
2921 3938 3259 3991 cognoscas,
3294 3929 3348 3974 et
3378 3928 3507 3976 ante
3551 3923 3692 3976 obe-

2001 4013 2123 4066 dire
2156 4012 2477 4081 praeceptis,
2511 4027 2681 4081 quam
2717 4011 3057 4063 obedientize
3107 4015 3393 4080 praecepta
3435 4012 3689 4080 compel-

2003 4103 2139 4156 lant.
2174 4101 2317 4154 Illud
2347 4101 2560 4154 amoris
2612 4105 2716 4160 est,
2752 4100 2858 4152 hoc
2903 4095 3165 4164 timoris;
3198 4099 3304 4152 hoc
3354 4099 3690 4169 imperative

2003 4191 2270 4260 exigitur,
2303 4190 2446 4243 illud
2500 4189 2765 4258 religiose
2822 4188 3091 4242 defertur.
3127 4189 3209 4241 Ibi
3242 4189 3452 4241 donum
3488 4203 3689 4240 nume-

1935 4279 1973 4330 D
2003 4280 2080 4332 ris
2107 4279 2426 4343 exhibetur,
2458 4278 2550 4331 hic
2590 4277 2842 4332 debitum
2875 4277 3127 4330 solvitur.
3168 4277 3323 4330 Unde
3374 4281 3431 4330 et
3459 4292 3563 4330 nos
3594 4293 3691 4329 re-

2003 4367 2271 4436 ligiosum
2302 4381 2512 4419 munus
2543 4365 2902 4418 exhibuimus
2947 4366 3061 4418 Deo
3090 4364 3228 4417 dum
3261 4365 3504 4434 amplius
3542 4366 3691 4434 jeju-

2005 4456 2266 4508 navimus
2291 4471 2303 4521 ;
2335 4455 2680 4523 reprehendi
2714 4471 2827 4508 non
2871 4458 3056 4523 potest
3083 4454 3349 4506 festinata
3379 4453 3653 4507 festivitas
3680 4473 3694 4519 ;

2003 4559 2227 4613 semper
2276 4543 2430 4596 enim
2480 4543 2538 4594 in
2581 4543 2802 4611 gaudiis
2856 4541 3277 4594 solemnitatem
3321 4547 3444 4596 vota
3484 4557 3696 4611 praeve-

2003 4632 2195 4697 niunt,
2229 4636 2285 4684 et
2313 4631 2564 4684 futuram
2588 4631 2846 4683 laetitiam
2877 4630 3104 4682 devotio
3138 4632 3274 4684 dum
3307 4635 3557 4700 exoptat,
3593 4647 3693 4683 an-

2005 4720 2219 4789 ticipat.
2255 4721 2374 4772 Non
2406 4720 2589 4771 solum
2632 4718 2809 4782 igitur
2860 4718 3463 4788 irreprehensibiliter,
3515 4718 3610 4772 sed
3641 4724 3696 4771 et

2004 4814 2165 4862 caute
2197 4809 2409 4861 factum
2440 4812 2542 4860 est.
2595 4806 2836 4876 Semper
2876 4807 3028 4860 enim
3084 4807 3142 4860 in
3192 4809 3362 4861 rebus
3406 4806 3695 4876 ambiguis

2006 4903 2233 4966 oportet
2271 4896 2478 4950 addere
2527 4895 2742 4965 aliquid
2798 4895 3045 4964 amplius
3095 4897 3161 4949 ad
3209 4895 3524 4960 cautelam;
3563 4895 3696 4964 quia

2006 4987 2159 5056 quod
2192 4993 2275 5038 est
2311 4983 2577 5053 amplius,
2632 4983 2806 5036 recidi
2855 4989 3069 5053 potest;
3121 4985 3276 5053 quod
3327 4983 3538 5049 minus,
3577 5000 3696 5038 non

2006 5079 2192 5144 potest
2220 5071 2570 5142 prolongari.
2601 5072 2757 5125 Sicut
2804 5073 2862 5125 in
2910 5074 3014 5126 hac
3062 5070 3456 5124 observatione
3486 5072 3695 5124 factum

2007 5169 2109 5228 est,
2145 5178 2212 5214 ne
2262 5160 2413 5230 quod
2465 5167 2702 5230 propter
2755 5159 3260 5229 Quadragesimam
3309 5159 3434 5228 plus
3475 5159 3694 5228 jejuna-

2007 5250 2211 5310 vimus,
2247 5266 2360 5302 non
2393 5249 2710 5302 minuimus
2727 5248 3232 5318 Quadragesimam
3259 5265 3272 5312 ;
3299 5249 3520 5316 integra
3541 5247 3694 5300 enim

2007 5339 2170 5392 nobis
2203 5343 2411 5392 manet.
2443 5339 2602 5403 Quod
2637 5340 2682 5390 si
2713 5337 2903 5390 minus
2927 5338 3348 5406 jejunassemus
3378 5353 3410 5388 a
3431 5352 3692 5404 numero,

2008 5427 2395 5496 redintegrare
2451 5444 2563 5480 non
2608 5431 2943 5496 poteramus
2987 5425 3054 5478 ad
3089 5440 3410 5477 numerum.
3448 5423 3557 5478 Sed
3589 5424 3698 5477 for-

2007 5522 2152 5568 tasse
2184 5514 2321 5568 illud
2351 5515 2408 5569 in
2459 5531 2627 5568 causa
2673 5519 2777 5579 est,
2826 5529 2926 5566 cur
2970 5510 3255 5581 jejunium
3286 5512 3439 5582 quod
3464 5513 3694 5584 jejuna-
