4038 6174
424 287 526 340 743

1666 275 1881 330 AENEAS
1924 276 2003 330 PA
2015 273 2339 329 BISIENSIS
2381 274 2694 329 EPISCOPI
3821 281 3893 331 Ἰδιό

431 419 639 482 vimus,
688 429 804 468 non
847 411 1108 483 proficiat
1137 409 1303 464 nobis
1331 409 1401 462 ad
1433 407 1956 477 Quadragesimam.
1993 408 2125 459 Pro-
2164 409 2211 460 Α
2240 421 2494 476 possum,
2526 421 2598 458 ne
2628 404 2809 475 magis
2842 406 3088 484 prodere.
3131 405 3345 471 videar,
3390 421 3563 476 quam
3600 405 3673 459 ad
3701 411 3894 461 consul-

427 505 580 560 ficiet
611 505 781 574 plane
811 501 992 566 nobis,
1027 500 1162 570 quia
1214 499 1315 552 etsi
1350 514 1464 551 non
1498 495 1726 566 proficit
1767 495 1836 548 ad
1867 494 2122 558 Quadra-

429 592 735 662 gesimam,
788 589 1014 660 proiicit
1078 589 1147 641 ad
1197 588 1476 651 salutem;
1527 584 1572 636 si
1639 601 1753 637 non
1797 582 2024 653 proficit
2051 582 2122 635 ad

430 693 758 743 numerum,
792 677 1019 748 proficit
1047 676 1118 728 ad
1169 674 1458 728 meritum.
1505 671 1610 726 Cui
1641 672 1793 724 enim
1826 685 2124 740 nunquam

428 767 646 838 profuit
675 781 858 831 orare,
906 765 1115 833 legere,
1161 761 1468 831 jejunare?
1501 760 1603 813 Cui
1639 775 1753 811 non
1785 757 1999 828 profuit
2029 773 2124 809 ca-

433 853 614 921 stitas,
644 852 941 916 sobrietas,
989 846 1412 901 mansuetudo?
1441 845 1550 898 nisi
1597 844 1750 914 quod
1783 844 1914 896 illos
1943 861 2124 912 [nugis

429 938 932 1010 reprehendendos
977 941 1138 1005 puto,
1181 933 1438 1002 quicum
1490 931 1672 1000 parati
1722 930 1936 983 fuerint
1974 929 2126 999 jeju-

429 1044 585 1094 nare,
633 1031 1000 1096 posteaquam
1034 1022 1322 1076 audierint
1351 1019 1730 1073 solemnitatis
1759 1017 2121 1086 ambiguum,

427 1117 802 1185 neglexerunt
823 1113 1107 1182 jejunare.
1156 1111 1638 1163 Demonstrarunt
1687 1106 1885 1176 utique
1919 1121 2033 1158 non
2065 1120 2124 1158 se

425 1204 679 1256 volentes
731 1201 989 1270 religiose
1045 1200 1253 1260 vivere,
1306 1198 1401 1250 sed
1450 1202 1689 1250 coactos.
1749 1194 1922 1247 Veriti
1966 1197 2120 1258 sunt,

427 1291 618 1353 credo,
641 1306 734 1356 ne,
768 1289 1022 1358 quinque
1062 1287 1284 1340 dierum
1311 1285 1551 1355 jejuniis
1583 1282 1960 1353 prolongatis,
1993 1296 2123 1334 caro

429 1395 523 1432 eos
550 1392 870 1447 corpusque
902 1376 1186 1440 deficeret,
1229 1379 1286 1426 et
1311 1373 1483 1426 exiles
1521 1387 1584 1424 ac
1624 1376 1827 1424 tenues
1880 1369 2122 1432 Quadra-

427 1466 659 1537 gesimae
692 1463 1098 1517 abstinentiam
1132 1461 1377 1514 tolerare
1427 1475 1545 1512 non
1591 1462 1840 1528 possent.
1875 1457 2125 1510 Audiant

429 1554 606 1624 igitur
637 1551 829 1606 refecti
875 1554 1091 1620 pariter
1141 1565 1203 1602 ac
1248 1549 1486 1612 robusti,
1539 1551 1736 1600 tenues
1785 1555 1955 1615 atque
2003 1546 2123 1614 pal-

433 1643 630 1708 lentes,
661 1642 797 1710 quia
852 1639 1019 1692 hodie
1050 1644 1136 1691 est
1191 1636 1656 1704 Quadragesima.
1711 1635 1968 1688 Audiant
2019 1633 2122 1698 illi,

428 1731 684 1800 inquam,
719 1734 781 1780 ut
825 1728 1086 1797 jejunare
1132 1725 1431 1793 incipiant,
1472 1724 1566 1776 isti
1597 1729 1658 1776 ut
1687 1722 1974 1775 abstinere
2005 1737 2124 1774 non

431 1817 713 1881 desinant,
772 1821 826 1868 et
882 1815 1268 1868 communiter
1295 1814 1354 1866 in
1411 1827 1599 1866 arcam
1649 1811 1855 1865 Christi
1910 1812 2123 1862 intrare

431 1905 718 1969 festinent,
752 1903 868 1957 imo
911 1903 1180 1956 festinent
1235 1902 1501 1970 amplius,
1547 1899 1681 1970 quia
1713 1899 1930 1952 tardius
1959 1898 2125 1951 absti-

433 2009 569 2047 nere
601 1996 912 2062 cmperunt,
949 1997 1012 2044 ut
1031 1990 1420 2060 castigatiores
1448 1994 1504 2042 et
1533 1987 1791 2058 puriores
1812 1987 2120 2051 introeant,

432 2082 567 2152 quia
598 2097 728 2134 arca
764 2079 990 2134 Domini
1030 2080 1088 2131 in
1135 2077 1404 2148 periculis
1450 2078 1715 2146 jejunum
1766 2074 2121 2128 substentare

429 2169 722 2239 praevalet,
753 2167 1136 2221 temulentum
1161 2164 1515 2217 substentare
1547 2179 1662 2216 non
1702 2163 1881 2216 novit.
1917 2182 1944 2211 »

1043 2308 1178 2361 CAP.
1223 2305 1514 2360 CLXXVII.

501 2443 636 2494 Item
693 2439 1043 2509 Augustinus
1120 2439 1177 2492 in
1255 2438 1492 2492 homilia
1551 2437 1620 2490 de
1678 2435 2125 2503 Quadragesima

429 2529 581 2582 inter
612 2534 815 2580 calere
844 2527 923 2578 sic
958 2526 1094 2579 dicit
1126 2527 1306 2592 (se-rm.
1338 2528 1403 2578 69
1435 2526 1500 2576 de
1541 2524 1747 2593 Temp.)
1776 2541 1789 2576 :
1831 2545 1858 2572 «
1883 2524 2123 2576 Sanctus

428 2616 608 2686 igitur
671 2620 724 2668 et
777 2613 1039 2667 salutaris
1096 2613 1555 2681 Quadragesimas
1618 2627 1817 2663 cursus
1861 2616 1966 2675 est,
2009 2627 2122 2679 quo

430 2703 736 2757 adducitur
777 2702 846 2755 ad
899 2699 1348 2753 misericordiam
1396 2702 1660 2768 peccator
1691 2713 1796 2767 per
1845 2698 2124 2767 paeniten-

427 2791 590 2854 tiam,
634 2791 824 2860 justus
881 2789 948 2842 ad
990 2787 1270 2858 requiem.
1342 2788 1436 2840 His
1494 2786 1649 2840 enim
1711 2785 1912 2839 diebus
1959 2787 2124 2838 solito

429 2879 676 2950 amplius
721 2883 778 2931 et
824 2876 1093 2930 divinitas
1141 2874 1462 2939 miseretur,
1510 2878 1566 2926 et
1598 2873 1991 2942 delinquentia
2031 2875 2124 2927 de-

433 2974 719 3038 precatur,
769 2971 826 3019 et
862 2964 1083 3034 justitia
1131 2969 1512 3032 promeretur.
1573 2963 1772 3016 Patent
1815 2963 1970 3015 enim
2005 2977 2124 3014 om-

433 3056 549 3122 nia,
582 3062 638 3109 et
687 3055 813 3109 cmli
859 3054 924 3107 ad
971 3051 1417 3121 indulgentiam,
1463 3057 1520 3104 et
1549 3056 1814 3120 peccator
1842 3053 1909 3103 ad
1943 3051 2120 3104 conli-

429 3143 690 3204 tendum,
743 3147 799 3196 et
846 3142 1045 3210 lingua
1091 3141 1162 3193 ad
1216 3138 1648 3208 postulandum.
1701 3138 1997 3202 Salutaris,
2040 3139 2123 3191 in-

429 3249 620 3302 quam,
682 3237 737 3284 et
795 3230 1064 3299 mysticus
1121 3234 1206 3280 est
1263 3227 1755 3297 quadragenarius
1809 3242 2120 3289 numerus;

427 3337 562 3374 nam
595 3319 846 3390 primum
879 3333 1007 3370 cum
1041 3317 1239 3369 mundi
1280 3317 1490 3368 faciem
1517 3315 1790 3385 iniquitas
1820 3314 2121 3368 hominum

430 3408 764 3478 possideret,
795 3411 878 3458 tot
900 3405 1125 3458 dierum
1157 3405 1438 3456 curriculo
1483 3403 1627 3455 Deus
1657 3403 1848 3455 effusis
1879 3403 1948 3456 de
1979 3402 2120 3455 coelo

429 3495 711 3548 imbribus
745 3493 1066 3546 universam
1092 3496 1303 3543 terram
1339 3489 1550 3542 diluvio
1585 3490 1923 3558 superfudit.
1961 3490 2123 3543 Vides

431 3599 566 3651 ergo
594 3584 715 3651 jam
745 3582 845 3634 illo
875 3585 1136 3648 tempore
1187 3578 1520 3647 mysterium
1569 3578 1629 3630 in
1657 3577 1840 3646 ﬁgura
1871 3578 2122 3647 disposi-

431 3676 574 3724 tum.
609 3670 749 3722 Nam
783 3668 926 3720 sicut
958 3666 1337 3737 quadraginta
1367 3665 1567 3718 diebus
1595 3666 1742 3734 pluit
1772 3666 1840 3719 ad
1866 3681 2122 3736 purgan-

432 3757 568 3810 dum
612 3755 913 3817 mundum,
950 3754 1027 3807 ita
1058 3760 1116 3808 et
1159 3769 1311 3807 nunc
1359 3753 1736 3824 quadraginta
1783 3754 1984 3808 diebus
2013 3755 2122 3808 mi-

432 3849 652 3899 seretur
678 3843 747 3897 ad
770 3842 1064 3897 hominem
1099 3841 1539 3911 puriﬁcandum.
1572 3862 1599 3893 η

1037 3985 1164 4039 CAP.
1209 3984 1520 4038 CLXXVIII.

503 4104 689 4168 Quare
747 4100 1064 4172 presbyteri
1105 4101 1476 4153 inhibeantur
1525 4099 1743 4153 frontes
1800 4100 2121 4169 baptizato-

435 4209 562 4246 rum
589 4191 891 4244 chrismate
925 4189 1109 4254 linire,
1154 4188 1518 4242 Innocentius
1548 4204 1696 4257 papa
1728 4188 1786 4241 in
1829 4188 2126 4242 Decretali-

435 4283 541 4334 bus
566 4281 642 4332 ita
663 4279 820 4342 dicit,
843 4293 966 4348 cap.
1002 4281 1031 4332 3
1062 4278 1242 4345 (epist.
1276 4281 1324 4341 1,
1357 4291 1404 4328 c.
1430 4277 1481 4345 3)
1509 4293 1520 4328 :
1560 4298 1586 4324 «
1622 4278 1698 4330 De
1719 4278 2126 4346 consignandis
2165 4276 2207 4328 D

435 4385 568 4422 vero
601 4367 910 4421 infantibus
933 4365 1298 4419 manifestum
1331 4371 1435 4431 est,
1463 4381 1574 4417 non
1607 4365 1677 4418 ab
1704 4366 1814 4418 alio
1847 4382 2018 4436 quam
2051 4367 2121 4420 ab

435 4457 702 4527 episcopo
738 4455 864 4508 fieri
906 4455 1095 4508 licere.
1152 4455 1292 4507 Nam
1341 4453 1676 4524 presbyteri,
1731 4455 1861 4508 licet
1892 4458 2004 4508 siut
2034 4473 2120 4509 se-

435 4545 606 4599 cundi
638 4545 958 4598 sacerdotes
991 4543 1356 4613 pontificatus
1394 4549 1584 4596 tamen
1616 4543 1836 4613 apicem
1872 4561 1988 4597 non
2019 4545 2124 4598 ha-

420 4626 590 4689 bent.
653 4635 770 4688 Hoc
817 4638 1007 4686 autem
1061 4632 1426 4701 pontificibus
1481 4633 1615 4686 solis
1659 4633 1873 4699 deberi,
1922 4638 1985 4685 ut
2036 4634 2123 4686 vel

435 4725 794 4794 consignent,
839 4723 925 4776 vel
982 4722 1322 4792 paraclitum
1380 4721 1660 4792 Spiritum
1722 4723 1966 4788 tradant,
2011 4737 2122 4774 non

437 4815 624 4868 solum
665 4811 1015 4865 consuetudo
1079 4811 1456 4864 ecclesiastica
1503 4811 1874 4878 demonstrat,
1926 4826 2123 4863 verum

437 4900 536 4953 illa
565 4900 730 4953 lectio
763 4903 1006 4953 Actuum
1041 4900 1456 4968 apostolorum,
1489 4915 1618 4969 quae
1659 4898 1858 4952 asserit
1894 4900 2124 4952 Petrum

439 4995 495 5042 et
525 4991 802 5042 Joannem
857 5005 976 5041 esse
1034 4988 1297 5051 directos,
1358 4988 1454 5057 qui
1499 4989 1618 5057 jam
1678 4987 1977 5057 baptizatis
2011 4994 2122 5040 tra-

439 5078 578 5131 dant
607 5077 884 5146 Spiritum
916 5081 1192 5130 sanctum.
1241 5077 1379 5129 Nam
1426 5076 1789 5145 presbyteris.
1841 5093 1936 5129 seu
1970 5082 2125 5129 extra

438 5167 794 5237 episcopum,
845 5183 940 5218 seu
990 5169 1270 5234 praesente
1328 5164 1593 5233 episcopo
1632 5181 1760 5218 cum
1810 5165 2124 5233 baptizant,

439 5255 743 5310 chrismate
780 5255 1096 5324 baptizatos
1136 5269 1351 5321 ungere
1397 5253 1547 5318 licet,
1603 5254 1698 5306 sed
1730 5254 1878 5324 quod
1910 5254 1980 5306 ab
2011 5255 2128 5324 epi-

441 5360 606 5414 sc0po
656 5343 829 5397 fuerit
874 5347 1305 5406 consecratum;
1348 5357 1465 5394 non
1519 5345 1710 5394 tamen
1758 5341 2000 5394 frontem
2059 5358 2127 5395 ex

440 5431 640 5486 eodem
671 5432 797 5486 oleo
816 5431 1064 5500 signare,
1090 5431 1244 5500 quod
1268 5430 1399 5482 solis
1420 5429 1660 5483 debetur
1688 5430 1967 5500 episcopis
1995 5445 2124 5482 cum

440 5518 677 5573 tradunt
706 5520 979 5589 Spiritum
1012 5518 1368 5589 paraclitum.
1403 5517 1582 5572 Verba
1611 5533 1744 5572 vero
1792 5518 1980 5573 dicere
2011 5534 2125 5572 non

2240 494 2510 548 tationem
2541 493 2912 562 respondere.
2952 515 2978 541 ››

2864 626 2992 681 CAP.
3037 627 3292 682 CLXXlX.

2308 732 2536 802 Legitur
2563 732 2738 786 etiam
2782 732 2840 784 in
2885 731 3066 784 Gestis
3113 733 3507 786 Romanorum
3563 732 3896 802 pontificum,

2234 823 2369 893 quia
2398 821 2664 875 Silvester
2691 836 2841 890 papa
2885 820 3180 873 constituit
3229 825 3292 873 ut
3331 837 3363 874 a
3412 821 3754 890 presbytero
3790 837 3898 872 neo-

2233 911 2444 980 pbytus
2466 915 2799 980 ungeretur,
2832 909 3046 962 scilicet
3085 909 3142 962 in
3173 910 3408 962 cerebro
3440 910 3559 962 sive
3590 910 3650 962 in
3683 910 3896 974 vertice;

2237 999 2314 1052 sic
2344 999 2556 1052 etenim
2586 998 2662 1051 ibi
2701 997 2970 1051 scribitur
3018 997 3097 1065 (in
3140 998 3259 1051 Lib.
3291 999 3621 1066 Pontiﬁcali,
3657 997 3762 1067 qui
3791 997 3898 1049 falso

2233 1087 2536 1140 ascribitur
2567 1087 2808 1140 Damaso
2849 1089 3071 1155 papae):
3108 1107 3128 1133 α
3168 1085 3268 1139 Hic
3317 1086 3621 1139 constituit
3654 1091 3718 1138 ut
3751 1086 3900 1153 bapti-

2234 1183 2424 1229 zatum
2457 1175 2618 1227 liuiat
2656 1174 2954 1244 presbyter
2999 1173 3302 1227 chrismate
3351 1174 3601 1226 levatum
3651 1173 3722 1226 de
3760 1190 3897 1242 aqua,

2232 1269 2469 1334 propter
2515 1263 2868 1316 occasionem
2924 1263 3197 1316 transitus
3267 1263 3485 1316 mortis.
3517 1282 3545 1309 ››
3603 1262 3732 1324 Quo
3777 1263 3902 1314 enim

2233 1358 2492 1422 tempore
2552 1351 2820 1404 Silvester
2881 1351 3025 1403 rexit
3081 1351 3353 1403 Romamre
3413 1350 3564 1403 sedis
3625 1351 3904 1403 Ecclesiam

2235 1441 2604 1493 manifestum
2640 1444 2744 1506 est,
2773 1439 2829 1492 id
2862 1442 2962 1504 est,
2994 1439 3224 1508 quando
3275 1438 3565 1491 Nicmnum
3622 1440 3904 1491 concilium

2234 1528 2579 1581 celebratum
2612 1533 2696 1580 est
2725 1527 2829 1580 sub
2858 1527 2952 1597 pio
2984 1527 3328 1596 imperatore
3359 1526 3760 1580 Constantino.
3795 1527 3907 1580 Exin

2235 1622 2299 1670 ut
2368 1617 2631 1670 arbitrari
2691 1620 2897 1686 potest,
2972 1615 3152 1668 sancti
3194 1616 3389 1668 Patres
3440 1616 3818 1668 instituerunt
3865 1621 3908 1668 ut

2168 1692 2206 1744 Β
2237 1710 2590 1774 ungerentur
2638 1703 2915 1774 neophyti
2944 1719 2977 1756 a
3009 1703 3358 1773 presbyteris
3403 1703 3717 1757 chrismate
3746 1719 3907 1756 conse

2233 1798 2390 1844 crato
2425 1790 2495 1844 ab
2526 1790 2813 1860 episcopo.
2851 1789 3013 1853 Quod
3047 1790 3092 1842 si
3125 1790 3182 1842 id
3217 1793 3382 1842 antea
3412 1790 3713 1860 agebatur,
3745 1807 3909 1860 super-

2234 1882 2415 1932 fluum
2444 1879 2670 1932 videtur
2716 1879 3089 1932 constitutum
3135 1894 3258 1931 esse
3306 1895 3339 1930 a
3393 1884 3591 1931 sancto
3639 1878 3906 1938 Silvestro,

2234 1968 2390 2038 quod
2437 1968 2614 2037 jama
2663 1967 2956 2019 catholicis
3006 1966 3371 2036 implebatur.
3415 1967 3748 2020 Secundum
3793 1968 3909 2019 hanc

2235 2055 2707 2108 constitutionem
2754 2054 3026 2123 suspicari
3073 2055 3314 2124 quilibet
3343 2055 3511 2120 valet,
3563 2055 3718 2124 quod
3761 2055 3908 2124 priori

2234 2150 2493 2213 tempore
2545 2143 2614 2196 de
2664 2143 2933 2194 unctione
2980 2141 3305 2194 chrismatis
3361 2142 3612 2211 pontifex
3659 2150 3911 2212 exspecta-

2233 2232 2422 2294 batur,
2461 2235 2522 2282 ut
2550 2245 2652 2299 per
2682 2245 2887 2282 manus
2928 2228 3182 2298 episcopi
3216 2230 3403 2282 omnis
3434 2229 3631 2282 unctio
3666 2229 3909 2282 chrisma-

2233 2319 2306 2372 tis
2340 2319 2747 2387 compleretur.
2786 2318 2972 2386 Usque
3003 2317 3074 2370 ad
3114 2317 3252 2370 illud
3293 2321 3520 2387 tempus
3549 2333 3666 2370 non
3697 2333 3908 2386 genera-

2231 2406 2364 2460 liter
2395 2420 2590 2458 omnes
2642 2403 3098 2473 baptizabantur,
3142 2404 3458 2473 praesertim
3503 2420 3635 2456 cum
3683 2405 3910 2471 impera-

2235 2498 2385 2546 tores
2410 2498 2461 2544 et
2514 2491 2798 2560 principes
2843 2507 3041 2544 eorum
3105 2491 3441 2560 paganismo
3490 2491 3906 2553 detinerentur;

2235 2583 2361 2635 ideo
2407 2581 2568 2634 facile
2640 2581 2938 2650 neophytis
2990 2586 3212 2650 poterat
3255 2598 3550 2635 occurrere
3601 2582 3906 2651 episcopus,

2234 2671 2317 2722 vel
2343 2669 2448 2738 ipsi
2485 2669 2554 2721 ad
2589 2668 2920 2738 episcopum
2954 2669 3166 2731 venire,
3201 2669 3337 2738 quia
3365 2670 3553 2723 adhuc
3597 2670 3907 2723 Christiani-

2234 2762 2318 2809 tas
2351 2762 2594 2825 augusta
2625 2759 2747 2808 erat
2776 2761 2832 2808 et
2861 2757 3119 2809 clanculo
3152 2759 3448 2826 agebatur.

2882 2880 3009 2934 CAP.
3053 2881 3288 2935 CLXXX.

2164 2983 2204 3036 C
2306 2987 2558 3040 Gelasius
2597 3002 2747 3056 papa
2785 2986 2844 3039 in
2883 2986 3274 3040 ecclesiasticis
3329 2987 3628 3052 Institutis,
3663 2994 3724 3042 ut
3765 3004 3899 3058 pres-

2231 3074 2413 3144 byteri
2448 3075 2684 3127 modum
2727 3073 2980 3128 debitum
3033 3079 3276 3140 servent,
3327 3091 3442 3127 non
3473 3075 3722 3128 chrisma
3751 3074 3903 3128 confi-

2230 3163 2399 3229 ciant,
2462 3178 2575 3214 non
2622 3162 2981 3230 consignent,
3037 3161 3116 3214 sic
3171 3161 3307 3215 dicit
3356 3177 3478 3232 cap.
3527 3165 3556 3216 6
3618 3165 3792 3231 (epist.
3823 3163 3898 3230 9}:

2237 3271 2256 3296 ι
2294 3249 2404 3302 Nec
2438 3249 2629 3302 minus
2662 3248 2832 3300 etiam
2864 3247 3221 3318 presbyteros
3253 3255 3452 3302 contra
3485 3266 3653 3303 suum
3692 3251 3898 3303 modum

2232 3337 2466 3390 tendere
2518 3319 2934 3406 prohibemus;
2970 3352 3072 3388 nec
3121 3337 3430 3407 episcopali
3472 3337 3700 3408 fastigio
3734 3338 3899 3391 debita

2231 3424 2458 3477 sibimet
2485 3424 2754 3476 audacter
2785 3440 3093 3488 assumere,
3128 3441 3244 3478 non
3274 3425 3619 3480 conficiendi
3648 3427 3895 3480 chrisma-

2235 3511 2325 3578 tis,
2360 3529 2472 3565 non
2519 3512 2968 3582 consignationis
3018 3513 3358 3584 pontificalis
3401 3515 3743 3568 adhibenda:
3787 3513 3896 3566 sibi-

2233 3603 2348 3652 met
2377 3599 2632 3668 arripere
2661 3599 3005 3653 facultatem.
3042 3620 3068 3646 ››

2887 3713 3011 3768 CAP.
3057 3715 3317 3769 CLXXXI.

2303 3822 2442 3874 Item
2476 3819 2533 3873 in
2559 3820 2761 3874 eodem
2792 3820 3080 3890 capitulo:
3119 3842 3139 3869 ι
3177 3821 3288 3874 Nec
3322 3837 3556 3891 prorsus
3606 3822 3890 3882 addubitet,

2233 3907 2278 3959 si
2309 3907 2624 3976 quidquam
2658 3909 2726 3962 ad
2780 3908 3104 3978 episcopale
3174 3907 3555 3963 ministerium
3605 3910 3893 3981 specialiter

2232 3995 2523 4064 perlinens
2554 4010 2656 4047 suo
2682 4001 2842 4049 motu
2869 3995 3154 4064 putaverit
3175 3997 3630 4066 exsequendum,
3652 4001 3889 4052 continuo

2233 4099 2292 4136 se
2347 4083 2686 4152 presbyterii
2723 4083 2999 4154 dignitate
3051 4087 3108 4136 et
3153 4099 3308 4136 sacra
3349 4085 3752 4139 communione
3803 4085 3893 4154 pri-

2234 4188 2374 4225 vari.
2413 4193 2440 4220 ))

2836 4277 2962 4331 CAP.
3006 4276 3290 4332 CLXXXII.

2303 4381 2380 4434 De
2408 4380 2512 4434 hoc
2542 4381 2696 4450 quod
2744 4380 3078 4450 opponitur,
3137 4397 3314 4450 quare
3365 4382 3554 4436 clerici
3601 4384 3794 4437 barbas
3821 4399 3890 4436 ra-

2233 4468 2397 4534 dunt,
2431 4469 2810 4537 Hieronymus
2850 4467 2908 4520 in
2940 4469 3126 4537 prima
3169 4475 3326 4539 parte
3362 4471 3666 4525 Ezechielis
3699 4473 3804 4543 (lib.
3837 4489 3884 4531 ll,

2232 4571 2350 4623 cap.
2385 4558 2436 4620 ὅ,
2459 4560 2605 4622 init.)
2635 4557 2896 4625 exponit:
2943 4573 2970 4605 «
3005 4557 3071 4608 Et
3104 4560 3180 4614 tu,
3219 4557 3318 4624 ﬁli,
3353 4556 3606 4619 hominis,
3641 4576 3780 4613 sume
3809 4559 3888 4611 tibi

2231 4644 2477 4710 gladium.
2524 4648 2741 4696 acutum
2792 4648 2951 4708 quasi
2993 4645 3308 4697 novaculam
3361 4649 3637 4700 tonsorum
3667 4648 3888 4715 (siveru-

2234 4731 2441 4784 (lentem
2487 4731 2652 4799 pilos)
2703 4736 2754 4784 et
2806 4732 2959 4784 trahe
3011 4748 3114 4799 per
3180 4737 3344 4799 caput
3392 4736 3546 4785 tuum
3590 4740 3638 4788 el.
3696 4736 3887 4789 barbam

2236 4823 2425 4880 illam;
2458 4824 2506 4870 et
2537 4834 2779 4871 assumes
2838 4819 2937 4871 tibi
2988 4823 3244 4872 statcmm
3291 4820 3572 4887 ponderis,
3607 4827 3656 4874 el
3706 4823 3883 4874 divides

2234 4923 2338 4958 eos.
2377 4908 2611 4959 Tertiam.
2636 4911 2850 4973 partem
2882 4909 2998 4972 igni
3037 4907 3310 4958 comburas
3347 4911 3403 4958 in
3439 4908 3612 4962 medio
3659 4914 3881 4963 civitatis.

2225 4995 2395 5062 juxta.
2451 4995 2851 5061 completionem
2906 4994 3114 5046 dierum
3171 4995 3572 5058 conclusionis;
3603 5004 3651 5050 et
3705 5001 3884 5051 tertiam

2227 5089 2440 5150 partem
2488 5083 2730 5136 concides
2755 5082 2938 5149 gladio
2968 5086 3024 5134 in
3072 5085 3301 5134 circuitu
3332 5083 3450 5149 ejus
3475 5101 3495 5144 ,·
3557 5091 3759 5139 tertiam
3786 5101 3884 5138 rem

2233 5171 2400 5222 aliam
2434 5169 2714 5237 disperdes
2745 5173 2800 5221 in
2845 5172 3083 5229 ventum,
3131 5173 3182 5221 et
3236 5169 3482 5235 gladium
3539 5174 3745 5227 nudabo
3783 5177 3885 5242 post

2235 5273 2339 5309 eos.
2373 5259 2442 5309 Et
2470 5271 2646 5309 sumes
2679 5256 2804 5308 inde
2841 5272 3073 5324 parvum
3107 5272 3408 5318 numerum,
3444 5262 3495 5310 et
3523 5260 3712 5325 ligabis
3746 5276 3819 5313 eos
3843 5261 3884 5310 in

2234 5347 2544 5396 summitate
2569 5343 2748 5410 pallii.
2795 5343 2867 5394 Et
2905 5357 2972 5395 ea:
3000 5346 3075 5395 eis
3117 5359 3333 5396 rursum
3385 5346 3538 5398 tolles
3593 5352 3642 5398 et
3665 5347 3884 5414 proﬁcies

2235 5435 2290 5482 in
2311 5431 2546 5482 medium
2577 5433 2740 5495 ignis,
2774 5433 2824 5481 et
2867 5430 3141 5482 combures
3171 5446 3256 5483 eos
3299 5434 3432 5495 igni.
3463 5433 3550 5485 Ea:
3591 5449 3645 5486 eo
3673 5433 3883 5500 egredie-

2239 5522 2328 5570 tur
2357 5521 2498 5583 ignis
2524 5533 2730 5571 omnem
2760 5517 2976 5570 domum
3022 5518 3192 5570 Israel
3222 5517 3430 5586 (Ezech.
3463 5535 3512 5579 ν,
3549 5524 3568 5572 l
3605 5522 3748 5587 δρψ),
3795 5520 3881 5573 Pro
