4044 6174
186 303 273 354 Titi
1441 301 1643 358 LIBER
1685 304 1853 360 ADVE

2040 334 2044 354 μ
2081 307 2384 363 ΕΒΑ-1008.

3559 316 3662 372 746

183 436 346 490 tribus
375 435 632 505 partibus
676 435 1015 505 capillorum
1048 441 1104 490 et
1144 435 1416 505 pilorum,
1458 453 1701 507 quarum
1733 455 1844 491 una
1883 443 1926 493 A
1959 440 2103 510 (cap.
2143 442 2250 512 l9),
2283 441 2362 495 sic
2393 441 2542 495 inter
2568 447 2772 497 cetera
2806 443 2944 498 dicit
2971 461 2984 498 :
3017 465 3043 496 ‹‹
3065 445 3336 500 Ieremias
3376 445 3655 510 insinuat,

180 525 521 579 comburitur
578 524 636 576 in
672 524 860 578 medio
885 524 1146 589 civitatis,
1179 525 1292 578 alia
1312 527 1633 579 conciditur
1662 527 1854 595 gladio

179 615 231 667 in
261 612 490 667 circuitu
542 615 686 682 ejus,
720 614 889 666 tertia
927 617 1096 666 vento
1142 615 1250 666 huc
1298 613 1547 684 illucque
1579 614 1858 683 rapienda

179 701 540 770 dispergitur;
573 703 640 753 de
693 717 804 770 qua
838 717 1042 769 parum
1092 702 1404 754 assumitur
1449 707 1504 754 et
1537 702 1746 771 ligatur
1795 703 1853 756 in

179 790 348 862 pallii;
382 797 438 842 et
460 806 685 842 rursum
732 789 1019 842 modicum
1067 789 1203 859 quid
1239 790 1419 858 partis
1450 791 1632 844 tertiae
1670 791 1852 844 mitti-

178 886 260 933 tur
288 877 342 930 in
373 878 591 947 ignem,
623 878 690 931 de
736 895 849 948 quo
900 878 1194 948 egreditur
1243 878 1476 932 ﬂamma
1508 879 1568 932 in
1621 895 1854 933 onmem

177 965 399 1019 domum
426 965 600 1019 Israel
633 983 644 1018 :
681 965 1057 1036 Septuaginta
1089 971 1328 1030 quatuor
1345 972 1535 1034 partes
1571 968 1855 1037 interpre-

175 1054 268 1108 tati
298 1061 449 1107 sunt.
500 1054 756 1124 Cumque
817 1054 1135 1107 dixissent:
1169 1055 1430 1119 Quartam
1478 1061 1696 1124 partem.
1739 1061 1856 1123 igni

175 1143 435 1195 combures
490 1147 550 1195 in
586 1143 759 1195 medio
790 1147 1048 1209 civitatis,
1099 1149 1148 1195 et
1180 1148 1434 1207 quartam
1465 1144 1636 1196 credes
1667 1144 1854 1211 gladio

174 1235 224 1283 in
249 1230 420 1282 medio
441 1231 578 1297 ejus,
615 1235 664 1283 et
688 1235 943 1294 quartam
999 1231 1277 1298 disperges
1327 1235 1385 1284 in
1422 1236 1640 1284 ventum
1672 1247 1684 1284 :
1722 1233 1857 1302 quia

177 1318 492 1371 remanebat
530 1319 610 1370 eis
641 1324 843 1388 quarta
873 1335 1004 1388 pars
1036 1319 1146 1371 alia
1181 1335 1193 1372 :
1229 1319 1574 1373 addiderunt
1603 1320 1672 1373 de
1701 1337 1803 1373 suo
1838 1337 1852 1374 :

175 1409 236 1459 Et
263 1411 515 1471 quartam
549 1411 763 1475 partem
808 1422 1070 1469 assumes,
1119 1412 1170 1460 et
1218 1408 1494 1461 comburcs
1519 1424 1635 1461 eam
1660 1410 1717 1460 in
1744 1425 1855 1462 me-

175 1494 252 1547 dio
279 1498 516 1548 civitatis
550 1511 562 1548 :
596 1495 755 1565 quasi
788 1510 904 1548 non
937 1496 1011 1548 sit
1044 1495 1167 1564 ipsa
1199 1512 1325 1566 qua).
1358 1496 1565 1566 prima,
1605 1502 1662 1549 et
1703 1497 1854 1551 aliud

173 1582 292 1651 quid
328 1583 386 1635 in
428 1581 618 1653 prima
667 1583 889 1648 dixerit,
925 1584 1083 1637 aliud
1115 1585 1173 1637 in
1212 1585 1330 1638 ista
1355 1601 1481 1654 quae
1527 1585 1718 1638 addita
1750 1590 1852 1651 est,

174 1671 418 1741 Denique
453 1679 509 1725 et
540 1672 597 1725 in
624 1672 1111 1743 consequentibus
1142 1673 1392 1743 aenigma
1424 1674 1758 1744 capillorum
1795 1674 1853 1726 in

173 1765 273 1812 tres
318 1763 510 1829 partes
562 1760 898 1824 divisurum,
955 1761 1074 1830 ipse
1135 1761 1409 1815 Dominus
1459 1761 1721 1814 edisserit
1753 1778 1856 1832 per

172 1849 498 1918 prophetam
528 1849 718 1902 dicens
753 1866 765 1903 :
813 1851 996 1902 Tertia
1037 1854 1118 1902 tui
1157 1865 1294 1918 pars
1316 1854 1472 1918 peste
1500 1853 1781 1910 morietur,
1807 1855 1857 1904 et

170 1938 302 2002 fame
348 1941 696 1991 consumetur
728 1940 784 1991 in
841 1939 1016 1992 medio
1052 1943 1152 1992 tui.
1191 1939 1418 1991 Famem
1479 1945 1535 1991 et
1579 1939 1854 2008 pestilen-

170 2026 295 2080 tiam
325 2026 522 2097 ignem
554 2043 672 2080 esse
719 2027 1068 2097 signiﬁcans.
1102 2030 1172 2081 Et
1199 2032 1360 2082 tertia
1405 2030 1486 2081 tui
1508 2043 1645 2098 pars
1671 2028 1855 2095 gladio

170 2115 311 2168 cadet
337 2120 393 2169 in
424 2118 654 2169 circuitu
686 2121 797 2177 tuo,
833 2116 966 2170 foris
994 2117 1177 2170 cmdes
1208 2134 1270 2170 ac
1312 2117 1458 2170 bella
1502 2117 1847 2170 describens.

173 2204 398 2258 Tertiam
420 2220 566 2266 vero,
600 2205 810 2276 inquit,
865 2211 1080 2274 partem
1115 2210 1264 2258 tuam.
1297 2209 1354 2258 in
1401 2221 1608 2259 omnem
1638 2211 1856 2258 ventum

171 2292 511 2361 dispergam:
559 2311 656 2347 eos
696 2310 817 2347 esse
867 2295 1267 2348 demonstrans
1299 2293 1396 2364 qui
1441 2294 1689 2348 ducendi
1721 2299 1856 2346 sunt

171 2380 221 2433 in
246 2382 655 2451 captivitatem.
692 2384 824 2436 Post
855 2399 996 2453 quos
1031 2383 1170 2436 dicit
1217 2397 1274 2436 se
1306 2382 1523 2436 nudare
1552 2382 1638 2435 vel
1671 2381 1854 2435 eﬁ'un-

171 2467 292 2544 dere
325 2469 587 2539 gladium
619 2485 809 2537 suum,
858 2475 920 2522 ut
964 2485 1070 2522 nec
1127 2469 1424 2539 captivitas
1474 2469 1853 2522 novissimum

167 2555 232 2608 sit
286 2558 595 2623 malorum,
654 2573 995 2628 sumereque
1059 2558 1128 2611 de
1184 2557 1322 2627 ipsis
1372 2557 1642 2628 dispersis
1684 2563 1856 2626 atque

168 2645 419 2713 captivis,
455 2651 511 2698 et
540 2646 719 2716 ligare
768 2646 826 2699 in
861 2646 1190 2699 summitate
1217 2645 1375 2716 pallii
1410 2645 1498 2699 sui
1534 2661 1628 2699 eos
1662 2646 1762 2715 qui
1788 2645 1856 2698 de

166 2733 489 2802 captivitate
531 2733 768 2787 redituri
828 2739 962 2788 sunt
1007 2734 1066 2787 in
1113 2734 1486 2800 Hierusalem,
1529 2739 1585 2787 et
1618 2750 1680 2788 ex
1717 2733 1857 2804 ipsis

167 2837 388 2892 quoque
423 2824 623 2876 tollere
652 2823 902 2893 aliquam
951 2827 1200 2893 partem,
1251 2829 1308 2877 ct
1357 2823 1478 2893 igni
1509 2822 1855 2892 ﬂammaque

165 2927 530 2977 consumere;
565 2912 890 2982 signiﬁcans
920 2912 1272 2980 Macedones,
1305 2912 1407 2965 sub
1441 2912 1647 2982 quibus
1689 2912 1854 2965 babi-

167 3005 370 3054 tatores
396 3001 631 3067 Iudaeae,
662 3005 719 3055 et
767 3002 1057 3072 praecipue
1109 3001 1489 3066 Hierusalem,
1527 3000 1670 3054 dura
1724 3016 1852 3070 per-

168 3089 308 3158 pessi
360 3093 518 3142 sunt.
555 3089 714 3153 Quod
746 3095 940 3143 autem
981 3089 1120 3144 dicit
1150 3106 1217 3143 ccc
1271 3106 1347 3151 eo,
1406 3090 1462 3143 id
1496 3093 1582 3142 est
1611 3089 1856 3158 populo;

166 3177 274 3231 sive
310 3177 481 3248 juxta
530 3177 926 3247 Septuaginta,
971 3194 1038 3231 ea:
1069 3193 1150 3238 ea,
1191 3183 1253 3230 ut
1309 3176 1688 3230 subandiatur
1720 3177 1858 3230 urbe

168 3266 543 3334 Hierusalem,
591 3267 918 3336 egredietur
987 3266 1137 3336 ignis
1218 3267 1275 3318 in
1331 3281 1562 3319 omnem
1621 3265 1857 3318 domum

167 3354 350 3420 Israel,
395 3354 851 3409 Machabaaorum
895 3359 1087 3408 narret
1119 3355 1374 3414 historia,
1412 3353 1562 3424 quod
1595 3353 1856 3424 quaedam

163 3457 290 3512 pars
343 3443 678 3497 Iudaeorum
728 3460 786 3496 se
837 3443 1072 3498 tradidit
1128 3443 1411 3496 Antiocho
1469 3441 1770 3512 Epiphani,
1802 3448 1860 3496 et

163 3547 291 3585 eum
337 3532 408 3585 ad
464 3532 923 3602 persecutionem
967 3533 1166 3602 populi
1213 3531 1537 3592 concitavit,
1592 3535 1648 3583 et
1681 3531 1859 3583 multa

162 3619 268 3672 alia
297 3635 432 3690 qua:
463 3621 522 3673 in
555 3621 752 3674 eadem
787 3621 1120 3674 scribuntur
1150 3619 1408 3686 historia,
1457 3623 1513 3673 et
1538 3619 1596 3672 in
1626 3619 1856 3688 Josepbi

161 3709 569 3776 voluminibus,
631 3710 1040 3779 praecipueque
1095 3708 1450 3762 dissensione
1501 3707 1744 3777 Hyrcani
1803 3712 1859 3760 et

159 3797 491 3865 Alexandri,
521 3813 628 3868 per
658 3813 907 3868 quorum
937 3797 1294 3851 occasionem
1328 3797 1530 3851 Gnaeus
1553 3795 1857 3864 Pompeius

157 3887 303 3956 cepit
331 3887 675 3960 Jerusalem,
709 3891 765 3939 et
795 3886 1068 3941 Romanas
1099 3885 1306 3940 ditioni
1356 3883 1612 3938 subdidit
1648 3899 1660 3937 :
1698 3888 1854 3953 post-

159 3989 337 4045 eaque
371 3975 479 4028 sub
508 3976 633 4028 Tito
673 3981 730 4029 ct
758 3976 1104 4046 Vespasiano
1138 3975 1272 4029 urbs
1299 3979 1481 4044 capta,
1541 3974 1854 4043 templum-

156 4077 264 4133 que
295 4065 659 4118 subversum.
695 4065 759 4118 Et
779 4069 907 4136 post
927 4063 1345 4134 quinquaginta
1374 4078 1556 4115 annos
1583 4065 1687 4115 sub
1713 4062 1855 4115 [ΕΙἱο

155 4151 406 4206 Adriano
448 4168 632 4223 usque
662 4153 730 4207 ad
765 4153 949 4206 solum
982 4152 1215 4205 incensa
1237 4151 1432 4203 civitas
1459 4154 1630 4220 atque
1671 4150 1855 4203 deleta

155 4245 252 4306 est,
287 4240 368 4293 ita
401 4244 468 4294 ut
499 4241 806 4310 pristinum
856 4256 1084 4310 quoque
1117 4255 1330 4293 nomen
1387 4238 1662 4292 amiserit.
1697 4239 1856 4301 Quo-

156 4331 326 4383 modo
379 4335 574 4383 autem
617 4329 677 4382 in
717 4330 947 4382 czesarie
997 4334 1052 4380 et
1107 4328 1279 4382 barba
1320 4327 1766 4397 pulchritudinis
1794 4343 1856 4379 ac

153 4417 444 4472 virilitatis
476 4417 747 4471 indicium
782 4423 884 4484 est,
919 4433 1046 4488 quae
1097 4417 1140 4469 si
1177 4417 1454 4470 radantur
1494 4415 1640 4468 fceda
1689 4414 1853 4468 nudi-

151 4509 234 4559 tas
283 4507 634 4576 apparescit,
683 4513 737 4559 et
791 4506 1046 4560 universi
1095 4505 1349 4576 corporis
1403 4521 1535 4575 pars
1582 4509 1855 4570 extrema,

153 4599 347 4664 atque,
377 4599 444 4647 ut
473 4594 555 4646 ita
585 4593 792 4661 dicam,
829 4598 1112 4660 emortua,
1147 4592 1208 4646 in
1239 4593 1462 4662 capillis
1494 4608 1556 4646 ac
1592 4593 1722 4663 pilis
1751 4595 1854 4658 est,

151 4682 227 4735 ita
268 4683 639 4737 Hierusalem
674 4687 729 4735 et
776 4682 1026 4752 populus
1054 4682 1177 4752 ejus
1208 4687 1523 4749 emortuus,
1563 4686 1619 4734 et
1666 4697 1698 4734 a
1733 4680 1856 4733 vivo

155 4771 251 4823 Dei
291 4787 540 4841 corpore
583 4783 884 4840 separatus,
910 4770 1048 4824 fami
1103 4787 1167 4823 ac
1225 4770 1590 4840 pestilentiae,
1633 4768 1772 4823 caedi
1803 4773 1860 4821 et

152 4859 368 4928 gladio,
422 4859 738 4929 captivitati
795 4875 860 4913 ac
906 4858 1252 4929 dispersioni
1296 4858 1564 4913 traditur.
1621 4859 1696 4911 De
1746 4873 1860 4928 qua

151 4947 522 5017 dispersione
544 4948 651 5002 sub
682 4947 868 5018 ﬁgura
898 4949 1236 5018 capillorum
1260 4947 1452 5018 aliqua
1483 4963 1615 5017 pars
1648 4946 1860 5014 ligatur

149 5034 209 5088 in
240 5037 583 5090 summitate
612 5037 805 5107 pallii,
837 5043 900 5091 ut
929 5037 1222 5091 modicum
1272 5035 1412 5106 quid
1459 5051 1689 5088 rursum
1745 5039 1856 5087 tra-

152 5123 324 5178 datur
377 5125 668 5193 incendio,
731 5126 798 5180 de
857 5142 972 5196 quo
1029 5124 1254 5178 inﬁnita
1311 5123 1544 5177 ﬂamma
1599 5140 1662 5176 ac
1711 5137 1858 5192 pene

153 5211 430 5266 universa
487 5213 784 5267 devastans
837 5213 1132 5283 egreditur
1208 5212 1267 5264 in
1319 5226 1552 5265 omnem
1621 5210 1858 5263 domum

154 5301 355 5355 Israel.
398 5320 426 5352 ι)

772 5428 900 5482 CAP.
946 5427 1255 5482 CLXXXIII.

227 5568 543 5638 Gregorius
576 5585 724 5639 papa
758 5569 817 5622 in
843 5569 990 5622 libro
1022 5568 1210 5639 primo
1247 5566 1541 5621 Moralium
1583 5563 1732 5618 beati
1759 5564 1860 5618 Iob

491 5665 783 5727 PATROL.
831 5665 1056 5728 CXXI.

1965 530 2119 599 quod
2151 537 2432 584 venerunt
2485 531 2774 600 octoginta
2817 533 2921 585 viri
2958 533 3025 586 de
3075 533 3301 587 Sit-hem
3337 540 3391 586 et
3421 535 3490 589 de
3520 536 3658 602 Silo,

1965 624 2020 670 et
2046 618 2113 672 de
2155 619 2412 672 Samaria
2467 620 2579 672 rasi
2612 621 2790 674 barba
2838 626 2893 673 et
2924 623 3109 675 scissis
3161 623 3433 688 vestibus,
3486 640 3660 694 squa-

1963 706 2166 772 lentes,
2210 724 2448 760 munera
2491 714 2546 761 et
2579 709 2707 761 thus
2760 708 3045 763 habebant
3076 711 3134 763 in
3167 727 3340 764 manu
3383 717 3445 765 ut
3485 712 3653 765 offer-

1967 795 2091 843 rent
2127 791 2181 844 in
2216 791 2386 845 domo
2436 793 2688 846 Domini.
2744 795 3010 861 Egressus
3042 803 3230 849 autem
3268 798 3472 851 Ismael
3504 798 3658 851 ﬁlius

1966 877 2260 931 Natlianiaa
2289 878 2367 949 [in
2399 897 2695 934 occursum
2745 898 2945 936 eorum
2976 883 3044 936 de
3096 885 3345 954 Maspba,
3377 885 3657 953 incedens

1965 971 2022 1019 et
2080 967 2314 1036 plorans
2365 969 2502 1023 ibat.
2559 971 2815 1040 Cumque
2866 972 3204 1024 occurrisset
3250 973 3352 1038 eis,
3395 973 3536 1026 dixit
3586 974 3652 1026 ad

1964 1071 2100 1108 eos:
2156 1058 2344 1111 Venite
2399 1058 2472 1110 ad
2526 1057 2804 1112 Godoliam
2867 1060 3042 1128 ﬁlium.
3093 1059 3344 1113 Aicham.
3405 1060 3655 1125 Quicum

1963 1149 2234 1198 venissent
2259 1146 2332 1198 ad
2375 1147 2610 1200 medium
2638 1149 2897 1215 civitatis,
2926 1150 3200 1213 interfecit
3231 1164 3316 1201 eos
3373 1149 3499 1216 (Jcr.
3545 1166 3652 1210 XLI,

1965 1232 2043 1298 6).
2074 1233 2313 1286 Barbam
2347 1234 2561 1304 quippe
2600 1235 2828 1303 radunt,
2861 1237 2962 1306 qui
2992 1236 3101 1289 sibi
3133 1238 3200 1290 de
3245 1237 3491 1307 propriis
3522 1238 3654 1291 viri-

1964 1320 2070 1374 bus
2101 1322 2373 1376 ﬁduciam
2420 1324 2802 1390 subtrahunt;
2851 1336 3034 1378 vestes
3065 1325 3352 1387 scindunt,
3387 1326 3488 1396 qui
3519 1326 3655 1380 sibi-

1966 1410 2223 1480 metipsis
2279 1410 2337 1464 in
2388 1413 2682 1465 exterioris
2744 1413 2965 1466 decoris
2991 1413 3333 1468 laceratione
3365 1431 3486 1467 non
3527 1431 3659 1485 par-

1965 1505 2120 1553 cunt.
2157 1499 2410 1553 Oblaturi
2458 1501 2516 1553 in
2567 1501 2738 1555 domo
2768 1501 2995 1554 Domini
3036 1503 3168 1556 thus
3201 1506 3257 1556 et
3288 1519 3530 1556 munera
3564 1519 3659 1556 ve-

1966 1587 2152 1647 niunt,
2188 1587 2287 1658 qui
2331 1587 2596 1641 exhibere
2647 1605 2704 1641 se
2753 1589 2808 1642 in
2867 1589 2964 1642 Dei
3017 1590 3291 1643 sacriﬁcio
3342 1591 3658 1645 orationem

1965 1691 2097 1729 cum
2126 1677 2395 1746 operibus
2433 1676 2794 1746 pollicentur.
2841 1677 2948 1730 Sed
3002 1681 3196 1730 tamen
3227 1677 3270 1730 si
3321 1695 3378 1730 se
3427 1679 3487 1731 in
3535 1680 3660 1749 ipsa

1965 1770 2174 1818 sanctas
2215 1765 2530 1818 devotionis
2577 1765 2664 1818 via
2693 1770 2853 1819 caute
2885 1765 3319 1835 circumspicere
3378 1768 3655 1829 nesciunt,

1967 1853 2168 1907 Ismael
2200 1853 2495 1908 Nathaniae
2556 1854 2705 1908 ﬁlius
2753 1854 2810 1906 in
2856 1871 3056 1907 eorum
3105 1871 3401 1908 occursum
3457 1857 3655 1909 venit:

1966 1942 2101 2012 quia
2128 1942 2400 1996 nimirum
2433 1942 2674 2011 quilibet
2713 1941 2998 2014 malignus
3029 1943 3281 2013 spiritus,
3332 1943 3539 2012 prioris
3571 1945 3660 1998 sui

1968 2029 2188 2083 Satanas
2210 2029 2470 2084 videlicet
2499 2031 2784 2098 exemplo,
2818 2031 2877 2083 in
2935 2032 3221 2102 superbia":
3253 2047 3446 2086 errore
3476 2048 3658 2103 gene-

1965 2122 2142 2182 ratus,
2175 2133 2233 2170 se
2268 2117 2340 2173 ad
2371 2118 2644 2188 laqueum
2675 2119 3030 2190 deceptionis
3053 2120 3310 2189 opponit.
3349 2139 3373 2170 ι)

2581 2261 2709 2314 CAP.
2741 2261 3050 2316 CLXXXIV.

2039 2377 2178 2428 Item
2224 2375 2374 2428 idem
2412 2376 2464 2428 in
2502 2377 2750 2429 secundo
2802 2376 2948 2430 libro
2980 2377 3273 2431 Moralium
3306 2378 3448 2446 (cap.
3498 2382 3561 2433 IO
3605 2383 3662 2433 et

1971 2464 2056 2531 11)
2087 2480 2106 2516 .·
2142 2482 2167 2514 ‹‹
2205 2466 2354 2517 Tune
2387 2469 2628 2518 surrexit
2657 2465 2839 2526 Iacob,
2884 2471 2932 2517 et
2961 2465 3122 2518 scidit
3158 2471 3478 2521 vestimenta
3507 2484 3608 2538 sua
3645 2485 3657 2522 :

1966 2559 2016 2607 et
2048 2559 2196 2608 tonso
2228 2559 2403 2623 capite
2433 2571 2688 2608 corruens
2740 2559 2792 2608 in
2829 2559 3026 2608 terram
3065 2556 3338 2611 adoravit.
3399 2557 3515 2609 Mos
3560 2573 3660 2611 au-

1968 2648 2081 2696 tem
2112 2650 2368 2696 veterum
2399 2643 2526 2709 fuit,
2578 2649 2638 2696 ut
2670 2643 2932 2714 quisquis
2980 2645 3227 2714 speciem
3274 2645 3362 2698 sui
3406 2647 3662 2716 corporis

1964 2731 2200 2801 capillos
2240 2732 2544 2785 nutriendo
2594 2737 2865 2792 servaret,
2899 2749 2996 2785 eos
3027 2737 3285 2804 tempore
3334 2733 3663 2788 afllictiouis

1966 2819 2304 2883 abscideret,
2335 2837 2362 2869 »
2394 2825 2527 2888 etc.,
2568 2834 2741 2884 usque
2781 2820 2873 2884 ad,
2933 2836 3076 2890 quas
3127 2820 3506 2889 perdidimus,
3542 2837 3661 2875 non

1965 2907 2254 2960 habuisse.

2581 2980 2708 3033 CAP.
2753 2979 3029 3034 CLXXXV.

2041 3115 2068 3141 «
2095 3094 2358 3153 Isidorus,
2393 3095 2670 3162 Spalensis
2697 3096 2995 3162 episcopus,
3025 3098 3083 3147 in
3116 3095 3251 3148 libro
3284 3097 3537 3158 secundo,
3565 3097 3661 3163 0f-

1966 3187 2210 3251 ficio-rum
2241 3181 2382 3253 (cap.
2428 3183 2478 3236 4.
2522 3181 2668 3249 init.)
2719 3183 2796 3236 sic
2845 3182 3021 3236 dicit:
3062 3185 3333 3237 Tonsurae.
3399 3185 3659 3239 ecclesia-

1968 3272 2121 3325 sticas
2150 3287 2285 3324 usus
2316 3287 2349 3324 a
2403 3269 2704 3336 Nazarazis,
2767 3270 2876 3324 nisi
2906 3271 3092 3338 fallor,
3130 3277 3362 3326 exortus
3396 3279 3480 3326 est
3515 3289 3528 3326 :
3561 3273 3662 3344 qui

1968 3358 2129 3429 prius
2158 3359 2313 3410 crine
2344 3362 2586 3423 servato,
2639 3357 2826 3410 denuo
2857 3365 2984 3426 post
3031 3358 3162 3412 vitm
3208 3375 3432 3429 magnae
3476 3361 3662 3414 conti-

1969 3446 2241 3510 nentiam,
2282 3445 2584 3499 devotione
2613 3447 2895 3516 completa
2923 3451 3094 3514 caput
3143 3446 3437 3515 radebaut,
3471 3453 3527 3500 et
3564 3465 3659 3502 ca-

1968 3536 2130 3606 pillos
2159 3533 2219 3587 in
2250 3533 2382 3604 igne
2411 3534 2671 3589 sacriﬁcii
2699 3551 2912 3604 ponere
2943 3535 3316 3605 jubebantur,
3353 3536 3563 3590 scilicet
3601 3542 3664 3590 ut

1967 3621 2376 3691 perfectionem
2435 3622 2752 3676 devotionis
2785 3638 2898 3674 suae
2942 3623 3186 3675 Domino
3243 3628 3660 3677 consecrarent.

1968 3710 2179 3763 Horum
2211 3724 2348 3779 ergo
2399 3710 2647 3779 exempli
2679 3727 2812 3762 usus
2870 3709 2940 3762 ab
2975 3711 3248 3780 apostolis
3306 3711 3663 3766 introductus

1966 3803 2070 3864 est,
2096 3802 2160 3851 ut
2185 3797 2245 3851 hi
2274 3796 2374 3868 qui
2402 3797 2608 3850 divinis
2637 3798 2883 3851 cultibus
2907 3798 3219 3868 mancipati
3252 3800 3492 3853 Domino
3521 3816 3661 3854 con-

1967 3890 2278 3949 secrantur,
2320 3883 2485 3954 quasi
2533 3883 2805 3948 Nazareni,
2853 3883 2911 3935 id
2959 3889 3062 3949 est,
3111 3888 3286 3936 sancti
3331 3888 3449 3945 Dei,
3504 3886 3662 3938 crine

1967 3973 2600 4044 pi‘iecisoinnoventur.
2643 3973 2756 4024 Hoc
2813 3971 3026 4041 quippe
3086 3976 3141 4024 et
3199 3972 3477 4026 Ezechieli
3529 3989 3660 4043 pro-

1966 4063 2154 4132 phetae
2200 4061 2459 4130 jubetur,
2521 4059 2745 4112 dicente
2795 4058 3037 4112 Domino
3077 4074 3088 4111 :
3127 4061 3204 4112 Tu
3255 4061 3362 4112 Fili
3403 4060 3658 4122 hominis,

1965 4165 2114 4204 sume
2147 4151 2245 4203 tibi
2267 4149 2514 4216 gladiiun
2564 4153 2805 4206 acutum,
2853 4152 2902 4200 ct
2946 4148 3106 4200 duces
3134 4163 3238 4214 per
3294 4153 3458 4217 caput
3507 4154 3660 4203 tuum

1965 4244 2014 4292 et
2046 4238 2270 4291 barbam
2323 4237 2536 4305 (Ezech.
2589 4253 2639 4296 v,
2705 4235 2774 4305 l).
2819 4235 3110 4288 Videlicet'
3140 4236 3273 4305 quia
3308 4241 3364 4290 et
3418 4237 3538 4306 ipse
3581 4257 3663 4292 sa-

1895 4339 1937 4391 1)
1967 4326 2238 4381 cerdotali
2268 4343 2500 4397 genere,
2555 4328 2669 4379 Deo
2711 4327 2767 4378 in
2817 4324 3200 4378 ministerium
3255 4326 3661 4382 sanctiﬁcatio-

1965 4417 2054 4469 nis
2084 4415 2458 4470 deserviebat.
2513 4417 2627 4468 Hoc
2659 4418 2715 4467 et
2757 4415 3052 4466 Nazarmos
3085 4414 3212 4466 illos
3259 4414 3573 4470 Priscillam
3609 4423 3665 4471 et

1965 4505 2232 4576 Aquilam
2264 4503 2323 4556 in
2355 4503 2586 4556 Actibus
2609 4502 3002 4571 apostolorum
3031 4501 3251 4571 primos
3283 4501 3481 4556 fecisse
3515 4504 3664 4575 legi-

1969 4609 2093 4646 mus
2128 4609 2140 4645 :
2173 4593 2412 4645 Paulum
2447 4605 2675 4660 quoque
2711 4590 3058 4658 apostolum,
3094 4593 3148 4641 et
3171 4591 3452 4660 quosdam
3502 4592 3665 4646 disci-

1967 4682 2234 4752 pulorum
2269 4678 2496 4746 Christi,
2524 4679 2620 4748 qui
2646 4677 2704 4730 in
2724 4677 3053 4746 hujusmodi
3087 4678 3240 4732 cultu
3278 4679 3544 4734 imitandi
3578 4697 3667 4734 cx-

1968 4770 2251 4823 stiterunt.
2328 4768 2419 4820 Est
2493 4771 2687 4818 autem
2743 4765 2800 4818 in
2862 4766 3081 4818 clericis
3141 4772 3378 4820 tonsura
3433 4767 3665 4838 signum

1967 4856 2256 4928 quoddam
2301 4853 2450 4926 quod
2502 4854 2560 4907 in
2604 4870 2838 4924 corpore
2885 4856 3187 4925 ﬁguratur,
3235 4855 3333 4909 sed
3381 4855 3440 4908 in
3468 4856 3663 4909 animo

1968 4947 2194 5016 agitur;
2229 4944 2445 4997 scilicet
2479 4950 2541 4995 ut
2570 4943 2678 4996 hoc
2713 4943 2897 5012 signo,
2936 4943 2995 4996 iu
3026 4943 3304 5014 religione
3345 4943 3480 4997 vitia
3512 4960 3660 4998 rese-

1967 5040 2185 5099 centur,
2247 5039 2303 5087 et
2349 5031 2683 5085 criminibus
2725 5033 2911 5085 carnis
2946 5038 3152 5086 nostra?
3203 5025 3365 5103 quaSi
3409 5031 3664 5087 crinibus

1968 5139 2264 5185 exuamur,
2315 5126 2484 5191 atque
2545 5120 2672 5174 inde
2724 5121 2980 5174 innovati
3029 5121 3309 5187 sensibus,
3373 5125 3436 5172 ut
3488 5121 3664 5175 comis

1969 5210 2206 5263 rudibus
2259 5209 2661 5275 enitescamns,
2707 5210 3094 5277 EgrSpoliantes
3142 5224 3256 5267 nos,
3303 5207 3466 5277 juxta
3511 5213 3665 5280 Apo-

1970 5299 2203 5363 stolum,
2232 5301 2461 5350 veterem
2491 5297 2758 5350 hominem
2787 5312 2904 5349 cum
2934 5296 3145 5348 actibus
3174 5297 3310 5360 suis,
3346 5300 3395 5348 et
3426 5298 3661 5353 induen-

1973 5390 2048 5439 tes
2102 5401 2318 5447 novum,
2367 5389 2461 5450 qui
2506 5390 2802 5439 renovatur
2841 5389 2894 5437 in
2937 5386 3264 5450 agnitionem
3294 5387 3392 5437 Dei
3443 5386 3661 5456 (Ephcs.

1972 5489 2057 5542 iv;
2084 5473 2281 5528 Coloss.
2316 5475 2416 5536 ιιι).
2466 5473 2644 5534 Quam
2695 5470 3124 5523 renovationem
3177 5469 3235 5521 in
3271 5476 3462 5526 mente
3496 5492 3665 5544 opor-

1975 5568 2051 5617 tet
2109 5561 2257 5619 tieri.
2290 5560 2387 5614 sed
2430 5561 2485 5614 in
2536 5560 2717 5631 capite
2767 5556 3166 5622 demonstrari,
3220 5557 3318 5612 ubi
3359 5561 3476 5630 ipsa
3511 5580 3669 5618 mens

3274 5661 3349 5718 24
