4044 6174
416 311 518 364 Ἷ4Ἷ

419 444 674 498 noscitur
717 441 992 495 habitare.
1037 439 1200 503 Quod
1249 455 1381 493 vero
1421 439 1657 492 detonso
1707 440 1968 510 superius
2006 457 2102 494 ca-
2144 445 2184 496 A

419 533 558 602 pite,
594 530 830 584 inferius
859 528 1055 582 circuli
1085 545 1296 584 corona
1336 528 1703 598 relinquitur,
1729 530 2109 583 sacerdotium

419 636 776 691 regnumque
818 618 1078 672 Ecclesiae
1121 619 1178 670 in
1228 617 1309 671 eis
1343 617 1608 671 existimo
1656 618 1910 687 ﬁgurari.
1945 618 2110 672 Tiara

419 711 571 763 enim
600 708 750 778 apud
793 712 1008 760 veteres
1040 707 1496 760 constituebatur
1543 706 1598 759 in
1631 708 1810 777 capite
1844 707 2107 761 sacerdo-

420 804 558 861 tum,
615 798 734 850 hzec
795 813 862 848 ex
914 797 1080 865 bysso
1139 795 1392 848 confecta
1459 796 1708 849 rotunda
1750 801 1890 861 erat,
1948 795 2110 866 quasi

416 887 639 957 sphera
684 885 891 951 media,
949 889 1006 938 et
1051 885 1155 936 hoc
1196 883 1554 953 signiﬁcatur
1583 883 1644 936 in
1691 889 1856 953 parte
1907 883 2110 953 capitis

416 975 585 1028 tonsi.
638 975 862 1028 Corona
889 977 1077 1026 autem
1111 972 1353 1026 latitudo
1381 972 1541 1025 aurei
1567 977 1661 1025 est
1695 973 1914 1038 circuli,
1980 989 2107 1044 quae

418 1066 640 1136 Regum
665 1063 850 1132 capita
881 1062 1078 1131 cingit.
1127 1063 1446 1130 Utrumque
1487 1061 1682 1131 itaque
1725 1061 1954 1130 signum
2006 1077 2106 1115 ex-

415 1153 688 1222 primitur
731 1150 788 1203 in
824 1149 1008 1218 capite
1059 1149 1419 1214 clericorum,
1455 1153 1517 1202 ut
1567 1149 1876 1218 impleatur
1934 1149 2108 1202 etiam

417 1240 667 1310 corporis
715 1239 961 1308 quadam
1031 1236 1407 1288 similitudine
1459 1235 1608 1306 quod
1667 1237 1944 1306 scriptum
2001 1241 2107 1303 est,

420 1329 583 1381 Petro
615 1327 868 1396 apostolo
900 1327 1244 1394 perdocente
1275 1341 1286 1376 :
1343 1326 1446 1378 Vos
1497 1329 1621 1377 estis
1661 1340 1832 1390 genus
1864 1325 2105 1383 electum,

415 1417 595 1483 regale
643 1415 1002 1467 sacerdotium
1036 1413 1086 1482 (Ι
1131 1415 1274 1466 Petr.
1307 1418 1388 1481 11).
1422 1412 1710 1476 Quaeritur
1759 1418 1952 1466 autem
1985 1428 2105 1478 cur,

419 1505 564 1557 sicut
595 1504 745 1572 apud
770 1504 1030 1572 antiquos
1060 1503 1378 1567 Nazaraeos,
1413 1517 1530 1553 non
1559 1506 1688 1554 ante
1719 1517 1884 1554 coma
1917 1500 2116 1554 nutri—'

421 1599 531 1658 tur,
567 1599 620 1645 ct
649 1591 726 1644 sic
757 1592 1038 1644 tondetur.
1092 1591 1198 1643 Sed
1237 1589 1337 1659 qui
1375 1591 1497 1642 hinc
1556 1589 1886 1659 exquirunt,
1919 1589 2110 1643 adver-

419 1687 539 1734 tant
571 1681 705 1750 quid
733 1682 802 1732 sit
829 1680 977 1732 inter
1008 1679 1146 1731 illud
1181 1679 1580 1748 prOpheticum
1609 1680 2015 1743 velamentum,
2055 1682 2110 1730 et

421 1771 562 1823 hanc
601 1768 887 1837 Evangelii
916 1768 1342 1830 revelationem,
1377 1767 1444 1820 de
1475 1783 1587 1837 qua
1610 1766 1747 1820 dicit
1767 1767 2069 1836 Apostolus
2094 1782 2108 1819 :

423 1861 552 1911 Cum
625 1862 908 1911 transieris
985 1857 1060 1910 ad
1136 1857 1429 1917 Christum,
1518 1858 1804 1922 auferetur
1872 1857 2113 1909 velamen

423 1949 475 2015 (I
501 1948 616 2001 Cor.
654 1963 730 2006 111,
773 1945 848 2014 ὅ).
882 1946 1040 2009 Quod
1075 1951 1265 1998 autem
1308 1945 1668 2015 significabat
1711 1946 1968 1997 velamen
2021 1944 2110 1997 in-

419 2036 759 2104 terpositum
807 2035 957 2086 inter
993 2033 1199 2086 faciem
1252 2033 1423 2102 Moysi
1480 2039 1535 2086 et
1575 2038 1866 2102 aspectum
1914 2033 2114 2103 populi

423 2125 613 2188 Israel,
643 2123 750 2177 hoc
780 2122 1164 2192 siginiﬁcabat
1199 2121 1311 2174 illis
1338 2121 1696 2191 temporibus
1751 2122 1922 2174 etiam
1957 2137 2118 2174 coma

422 2218 770 2265 sanctorum.
808 2212 944 2264 Nam
989 2217 1045 2263 et
1080 2211 1384 2278 Apostolus
1426 2226 1646 2263 comam
1694 2226 1795 2279 pro
1825 2209 2112 2262 velamen-

421 2307 480 2354 to
507 2318 627 2353 esse
659 2300 821 2354 dicit.
880 2299 1128 2353 Proinde
1165 2299 1284 2368 jam
1320 2315 1435 2352 non
1473 2303 1702 2368 oportet
1734 2302 1797 2351 ut
1851 2300 2115 2352 velentur

423 2390 678 2443 crinibus
717 2388 905 2457 capita
951 2404 1168 2452 eorum,
1222 2387 1321 2458 qui
1381 2387 1625 2441 Domino
1683 2392 2114 2452 consecrantur,

423 2480 518 2532 sed
549 2484 769 2531 tantum
803 2481 865 2529 ut
901 2477 1254 2541 reveleutur;
1317 2475 1450 2545 quia
1481 2475 1634 2545 quod
1665 2481 1788 2528 erat
1829 2477 2117 2528 occultum

425 2568 483 2620 in
541 2571 896 2620 sacramento
951 2564 1290 2634 prophetiae,
1349 2565 1469 2634 jam
1499 2565 1558 2617 in
1591 2561 1897 2632 Evangelio
1941 2565 2121 2618 decla-

425 2662 610 2710 ratum
644 2661 744 2709 est.
785 2678 803 2703 η

2149 1743 2188 1795 Β

1027 2769 1155 2821 ΟΜ».
1198 2768 1511 2822 CLXXXVI.

426 2896 605 2961 Quare
646 2897 831 2948 Latini
890 2910 1034 2947 more
1101 2893 1403 2946 ercoram
1460 2907 1638 2944 comas
1687 2907 1794 2944 non
1844 2895 2119 2956 nutriant,

567 2979 627 3026 ut
649 2973 966 3027 mulieribus
997 2975 1049 3024 in
1082 2972 1322 3024 crinibus
1354 2972 1601 3038 dispares
1631 2971 1956 3025 habeantur.

498 3119 522 3148 «
561 3099 700 3152 Cum
732 3113 868 3166 ergo
898 3096 1074 3160 Graeci
1107 3096 1329 3149 Latinos
1370 3099 1425 3148 et
1463 3095 1748 3149 Romanos
1775 3094 2124 3164 redarguant
2161 3041 2200 3095 Ο

425 3204 527 3242 cur
576 3187 778 3241 barbas
817 3187 1038 3248 radant,
1085 3185 1185 3255 qui
1241 3185 1314 3237 ob
1365 3183 1707 3237 munditiam
1758 3183 1958 3252 utique
2015 3182 2122 3235 hoc

425 3282 621 3348 agunt,
673 3293 843 3346 quam
894 3274 1212 3344 expressius
1267 3273 1708 3326 ecclesiasticum
1762 3272 1995 3343 expedit
2065 3280 2121 3325 et

425 3366 681 3436 deposcit
710 3363 1130 3431 ministerium;
1184 3362 1399 3431 quippe
1429 3377 1557 3413 cum
1588 3361 1824 3414 diversae
1860 3359 2120 3413 nationes

426 3471 587 3509 suam
618 3453 914 3506 observent
952 3451 1427 3504 consuetudinem
1470 3451 1531 3502 in
1579 3451 1732 3502 cultu
1779 3447 2034 3518 corporis
2065 3453 2121 3501 et

425 3543 899 3596 vestimentorum
945 3538 1320 3604 indumentis,
1355 3542 1411 3591 et
1454 3537 1563 3591 hoc
1594 3537 1715 3590 sine
1749 3536 2008 3603 crimine,
2041 3536 2120 3590 ita

427 3631 700 3684 duntaxat
726 3632 790 3680 ut
833 3642 947 3680 non
988 3625 1269 3696 discrepet
1296 3643 1328 3679 a
1384 3624 1662 3679 catholica
1712 3625 1866 3691 ﬁde;
1910 3641 2118 3680 conve-

425 3721 650 3774 nienter
678 3724 734 3772 et
765 3716 948 3771 Latini
981 3717 1164 3770 vicem
1201 3717 1510 3787 qumstioni
1551 3717 1893 3788 rependunt,
1939 3733 2117 3787 quare

427 3810 749 3864 Graecorum
781 3804 908 3858 laici
944 3821 1102 3858 more
1125 3804 1470 3859 feminarum
1501 3813 1700 3860 contra
1747 3805 2113 3860 interdictum

424 3897 672 3950 tonantis
718 3895 876 3949 Pauli
927 3910 1118 3947 comas
1166 3894 1445 3960 nutriant,
1506 3895 1606 3964 qui
1679 3896 1761 3948 ita
1809 3895 2116 3950 Corinthiis

425 3986 733 4056 apostolica
777 3983 1112 4037 auctoritate
1167 3983 1508 4037 interminat
1554 3983 1793 4037 dicens:
1847 3986 1954 4038 Nec
1994 3988 2117 4051 ipsa.

421 4077 625 4126 natura
669 4072 818 4125 docet
847 4086 957 4129 vos,
997 4071 1143 4135 quod
1187 4075 1274 4122 vir
1313 4071 1530 4135 quidem
1561 4075 1608 4124 si
1646 4087 1850 4124 comam
1879 4075 2111 4132 nutriat,

420 4164 723 4228 ignominia
763 4163 840 4211 est
868 4160 950 4211 illi
981 4175 992 4211 :
1027 4160 1224 4211 mulier
1253 4174 1377 4211 vero
1417 4163 1465 4212 si
1493 4175 1697 4212 comam
1731 4163 1964 4220 nutriat,
1997 4161 2112 4226 glo-

421 4255 507 4302 ria
535 4255 612 4302 est
640 4251 754 4309 illi;
797 4251 1051 4312 quoniam
1101 4248 1287 4315 capilli
1329 4263 1432 4317 pro
1463 4249 1727 4301 velamine
1757 4251 1804 4301 ei
1825 4247 1944 4300 dati
1974 4247 2114 4316 [sunt

422 4337 471 4407 (Ι
501 4338 618 4392 Cor.
653 4354 729 4397 x1,
761 4337 871 4404 14).
935 4336 1189 4406 Denique
1246 4352 1376 4389 cum
1425 4336 1606 4390 Latini
1662 4353 1852 4389 comas
1893 4337 2110 4390 nutrire
2150 4341 2193 4394 D

419 4426 721 4495 indignum
757 4425 985 4489 ducant,
1023 4432 1080 4478 ut
1112 4439 1224 4476 non
1251 4424 1514 4478 muliebri
1546 4424 1722 4477 cultui
1781 4423 2111 4489 assentiant,

419 4515 830 4586 inquirendum
853 4513 992 4584 quid
1026 4514 1205 4568 δι’ωοὶ
1236 4514 1486 4567 sanctius
1518 4514 1784 4577 sentiant,
1818 4514 1918 4585 qui
1950 4513 2115 4585 quasi

421 4605 644 4657 unitum
674 4606 843 4671 caput
875 4618 1005 4655 cum
1040 4602 1376 4656 mulieribus
1407 4603 1655 4656 crinium
1689 4602 1972 4656 velamine
2017 4619 2116 4674 ge-

416 4696 586 4745 stant.
643 4690 948 4745 Corinthus
997 4689 1284 4760 siquidem
1331 4691 1500 4744 estin
1532 4689 1762 4753 Achaia,
1821 4706 1947 4760 qme
1999 4707 2116 4745 una

416 4785 502 4833 est
532 4780 825 4834 civitatum
858 4780 1182 4833 Graecarum
1213 4778 1274 4831 in
1315 4779 1445 4832 Asia
1497 4779 1958 4846 consistentium,
2021 4795 2116 4834 cu-

409 4870 503 4939 jus
534 4869 682 4922 viros
709 4866 1134 4921 noluitnutrirc
1165 4883 1356 4920 comas
1393 4868 1719 4937 Apostolus,
1766 4883 1882 4920 non
1937 4867 2113 4938 quili-

416 4960 498 5012 let
530 4957 696 5021 alius,
734 4957 826 5009 sed
873 4955 969 5008 ille
1014 4957 1110 5020 qui
1156 4971 1261 5008 non
1309 4956 1376 5008 ab
1425 4956 1752 5016 hominibus,
1804 4971 1978 5020 neque
2013 4973 2116 5024 per

414 5046 700 5105 hominem,
761 5043 855 5098 sed
892 5059 996 5112 per
1034 5046 1216 5097 Jcsum
1251 5044 1544 5113 Christum,
1589 5049 1637 5099 et
1689 5047 1859 5099 Deum
1897 5047 2115 5098 Patrem

413 5139 509 5199 qui
555 5137 840 5186 suscitavit
873 5147 992 5186 cum
1032 5148 1067 5185 a
1104 5137 1334 5186 mortuis
1376 5133 1515 5201 (Gal.
1564 5150 1601 5195 1,
1640 5134 1709 5202 l),
1746 5137 1830 5186 est
1863 5132 2114 5187 contitu-

411 5228 504 5276 tus
533 5222 853 5292 Apostolus.
892 5219 1038 5274 Dixit
1067 5221 1263 5291 itaque
1295 5221 1530 5291 quidam
1562 5221 1857 5275 sanctitate
1889 5225 1946 5275 et
1985 5237 2113 5275 ora-

412 5317 605 5364 torum
637 5309 866 5379 eloquio
899 5309 1157 5378 pollens;
1191 5310 1237 5363 si
1268 5310 1460 5380 aliqua
1491 5309 1760 5362 sanctitas
1788 5309 2110 5364 subintelli-

411 5401 568 5470 gitur
613 5400 674 5453 in
713 5399 1106 5468 corporalibus
1153 5399 1368 5465 barbis,
1416 5398 1558 5452 forte
1611 5397 1862 5469 aliquem
1923 5403 2114 5468 posset

411 5488 602 5540 locum
656 5487 714 5539 in
773 5486 1178 5557 grandioribus
1245 5486 1436 5539 hircis.
1489 5484 1548 5540 Si
1593 5501 1729 5556 ergo
1804 5485 2114 5555 prudentia

411 5573 751 5630 Achivorum
791 5574 1110 5629 contemnit
1150 5575 1488 5643 Apostolum
1537 5573 1597 5627 in
1641 5573 1960 5628 nutriendis
2007 5588 2106 5626 co-

1646 307 1870 362 ᾹΞΝΕᾸΞ
1910 306 2341 364 PARISIENSIS
2382 306 2688 362 EPISCOPI

3786 311 3877 365 748

2217 439 2347 506 mis,
2383 441 2708 493 nullatenus
2740 438 2980 509 proinde
3018 438 3258 492 inferior
3280 439 3630 509 jndicabitur
3670 441 3876 495 mundi-

2217 527 2296 582 tia
2338 527 2732 580 ministrorum
2783 526 2994 580 Christi
3044 543 3148 596 pro
3197 527 3468 581 radendis
3510 527 3721 592 barbis,
3765 544 3877 597 qua:

2217 617 2415 672 illicita
2465 617 2796 681 resecando,
2830 616 2997 670 debet
3027 615 3394 687 prmstantius
3424 617 3802 686 splendescere
3832 616 3880 668 in

2218 707 2486 777 operibus
2511 706 2699 770 bonis,
2727 712 2785 759 et
2817 706 3164 759 omnimodis
3210 721 3402 758 carere
3446 705 3707 759 sordibus
3747 721 3882 758 men-

2216 795 2288 848 tis
2319 793 2490 847 simul
2523 798 2578 847 et
2598 793 2874 864 corporis.
2915 812 2942 844 ι)

2819 882 2946 936 CAP.
2989 882 3316 937 CLXXXVII.

2286 970 2443 1035 Quod
2475 971 2746 1024 Romanae
2789 970 2938 1024 sedis
2972 969 3221 1040 pontifex
3254 971 3474 1039 primus
3506 970 3760 1024 omnium
3787 970 3880 1024 ha-

2217 1061 2439 1128 beatur,
2479 1062 2679 1116 beatus
2731 1080 2882 1133 papa
2935 1062 3200 1116 Silvester
3244 1062 3544 1132 perdocuit
3587 1063 3646 1116 in
3701 1062 3886 1115 Prata-

2215 1149 2374 1202 tione
2407 1149 2575 1202 Nicasi
2606 1150 2849 1211 concilii,
2901 1149 3001 1203 ubi
3031 1148 3138 1202 ista
3177 1149 3447 1219 leguntur
3477 1166 3490 1203 :
3517 1167 3545 1198 (ι
3578 1147 3886 1201 Beatissimo

2218 1237 2487 1291 Silvestro
2535 1237 2593 1290 in
2637 1239 2773 1291 urbe
2825 1239 3006 1291 Roma
3053 1239 3383 1307 apostolicae
3442 1237 3592 1291 sedis
3640 1237 3885 1300 antistite,

2217 1324 2588 1380 Constantino
2613 1328 2892 1395 Augusto,
2921 1331 2977 1378 et
3005 1324 3216 1388 Licino,
3243 1325 3574 1378 consulibus
3598 1323 3828 1378 Paulino
3841 1330 3888 1376 et

2213 1414 2439 1466 Juliano
2456 1411 2586 1465 viris
2607 1412 2956 1467 clarissimis.
2979 1419 3145 1467 Anno
3169 1413 3238 1467 ab
3259 1413 3576 1467 Alexandro
3604 1413 3885 1465 millesimo

2214 1502 2501 1556 tricesimo
2520 1507 2744 1571 quarto,
2765 1517 2961 1556 mense
2981 1502 3172 1569 Junio,
3191 1502 3411 1556 decimo
3436 1502 3604 1555 tertio
3631 1501 3888 1554 Kalendas

2217 1589 2410 1650 Julias,
2447 1594 2682 1658 propter
2731 1588 3094 1657 insurgentes
3145 1589 3389 1641 haereses
3445 1588 3587 1640 ﬁdes
3637 1587 3889 1640 catholica

2220 1676 2404 1746 posita
2437 1682 2519 1728 est
2549 1676 2700 1744 apud
2725 1676 2968 1729 Nicaeam
3001 1675 3304 1746 Bithynice,
3333 1692 3503 1745 quam
3527 1680 3725 1728 sancta
3753 1680 3804 1728 et
3824 1690 3888 1738 re,

2222 1765 2623 1818 verentissima
2662 1766 2917 1818 Romana
2967 1763 3364 1834 complectitur
3393 1769 3444 1816 et
3480 1768 3781 1816 veneratur
3817 1763 3893 1814 Ec-

2221 1853 2409 1918 clesia,
2460 1853 2674 1924 quippe
2724 1869 2897 1923 quam
2958 1851 3196 1906 trecenti
3270 1851 3466 1905 decem
3521 1857 3576 1904 et
3635 1856 3755 1904 octo
3809 1852 3892 1903 Pa-

2221 1947 2358 2007 tres,
2391 1940 2779 1994 mediantibus
2831 1942 3050 1994 Victore
3099 1946 3269 2010 atque
3329 1940 3624 1992 Vincentio
3692 1939 3894 2004 religio-

2223 2029 2460 2082 sissimis
2509 2030 2782 2084 Romanas
2823 2030 2972 2083 sedis
3002 2029 3366 2099 presbyteris,
3419 2029 3738 2098 inspirante
3783 2029 3892 2089 Deo,

2223 2125 2456 2189 propter
2522 2115 2871 2172 destruenda
2912 2118 3032 2172 Arii
3073 2134 3295 2171 venena
3339 2119 3722 2188 protulerunt.
3776 2117 3893 2170 Nam

2225 2213 2280 2258 et
2311 2206 2604 2259 nonnullae
2635 2207 2852 2276 regulae
2893 2207 3157 2260 subnexa:
3208 2212 3358 2270 sunt,
3412 2223 3554 2276 quas
3605 2210 3895 2258 memorata

2224 2295 2540 2364 suscipiens
2580 2296 2940 2348 contirmavit
2998 2295 3261 2349 Ecclesia.
3304 2295 3612 2350 Sciendum
3663 2300 3745 2347 est
3782 2310 3894 2346 sane

2225 2384 2296 2437 ab
2330 2383 2598 2436 omnibus
2629 2384 2921 2437 catholicis
2951 2385 3226 2454 quoniam
3280 2389 3472 2437 sancta
3519 2384 3766 2436 Ecclesia
3802 2383 3895 2435 Ro-

2228 2490 2398 2526 mana
2431 2472 2602 2525 nullis
2649 2472 2937 2542 synodicis
2989 2472 3229 2526 decretis
3269 2472 3506 2541 pra-lata
3543 2476 3632 2524 est
3673 2473 3777 2540 (EI
3812 2470 3891 2522 de-

2228 2565 2367 2615 creto
2413 2560 2616 2614 Gclasii
2665 2577 2828 2630 papa:
2855 2565 2912 2613 in
2965 2563 3187 2615 concilio
3221 2562 3458 2614 Romano
3507 2577 3598 2613 an.
3637 2560 3781 2626 494),
3816 2558 3895 2611 sed

2230 2649 2556 2719 evangelica
2580 2665 2715 2702 voce
2767 2649 2992 2703 Domini
3045 2652 3101 2702 et
3141 2648 3449 2702 Salvatoris
3491 2649 3675 2700 nostri
3704 2648 3892 2717 prima-

2228 2742 2351 2790 tum
2404 2737 2674 2796 obtinuit.
2724 2737 2818 2790 ubi
2857 2736 2996 2790 dixit
3047 2737 3208 2788 beato
3254 2736 3513 2804 apostolo
3575 2737 3778 2789 Petro:
3829 2735 3891 2786 Tu

2230 2842 2283 2878 es
2352 2827 2566 2890 Petrus,
2618 2829 2667 2877 et
2719 2841 2884 2893 super
2948 2825 3086 2877 hanc
3122 2828 3338 2892 petram
3395 2824 3673 2892 adiﬁcabo
3737 2822 3893 2876 Eccle-

2229 2918 2367 2966 sium.
2399 2930 2600 2974 meum;
2647 2918 2696 2965 et
2735 2918 2910 2982 portae
2941 2915 3105 2979 inferi
3155 2929 3261 2966 non
3294 2912 3675 2980 praevalebunt
3728 2912 3894 2964 ade-rr-

2230 3018 2322 3055 sus
2354 3018 2495 3055 eum:
2540 3006 2589 3054 ct
2630 3003 2728 3054 tibi
2771 3002 2908 3054 dabo
2941 3003 3113 3054 claves
3161 3006 3313 3067 regni
3359 3002 3632 3060 cartorum,
3688 3003 3752 3053 Et
3780 3014 3896 3064 qua:-

2229 3107 2441 3154 cunquc
2471 3092 2725 3156 ligantur-ris
2754 3106 2919 3158 super
2950 3094 3169 3156 ter-ram,
3203 3095 3364 3143 erunt
3395 3091 3566 3155 ligata
3596 3094 3647 3141 et
3681 3093 3734 3141 in
3769 3089 3888 3140 calo.

2228 3181 2299 3231 Et
2321 3195 2651 3244 quaecunque
2683 3181 2906 3232 solveris
2937 3194 3103 3247 super
3135 3183 3354 3237 terram,
3391 3183 3556 3230 erunt
3580 3179 3762 3230 soluta
3794 3180 3894 3229 etin

2228 3269 2352 3321 caelo
2379 3268 2596 3337 (Matth.
2629 3284 2742 3329 xv1,
2779 3271 2842 3321 18
2871 3271 3018 3336 seq.)
3050 3267 3321 3320 Adhibita
3360 3271 3442 3319 est
3473 3267 3650 3320 etiam
3681 3264 3890 3319 societas

2228 3355 2288 3408 in
2316 3357 2515 3409 eadem
2545 3357 2802 3409 Romana
2834 3357 2974 3408 urbe
3001 3355 3320 3408 beatissimi
3359 3353 3605 3424 apostoli
3637 3354 3790 3408 Pauli
3819 3369 3892 3404 va-

2226 3445 2302 3497 sis
2333 3445 2646 3511 electionis,
2673 3445 2774 3515 qui
2810 3460 2924 3498 uno
2965 3444 3076 3508 die,
3113 3459 3343 3514 unoque
3377 3448 3640 3514 tempore
3675 3443 3894 3513 gloriosa

2225 3538 2411 3587 morte
2442 3549 2573 3586 cum
2607 3535 2775 3587 Petro
2808 3533 2913 3586 sub
2945 3531 3204 3604 principe
3233 3532 3456 3586 Nerone
3486 3532 3797 3602 agonizans
3820 3545 3892 3582 co-

2224 3627 2462 3676 ronatus
2520 3625 2641 3688 est;
2688 3627 2744 3675 et
2807 3622 2979 3676 ambo
3031 3622 3250 3690 pariter
3306 3625 3560 3674 sanctam
3617 3619 3894 3674 Ecclesiam

2225 3711 2546 3765 Romanam
2593 3711 2816 3764 Christo
2879 3710 3121 3764 Domino
3170 3713 3609 3771 consecrarunt;
3685 3709 3894 3777 aliisque

2224 3800 2490 3853 omnibus
2537 3799 2773 3853 urbibus
2803 3799 2863 3852 in
2909 3798 3175 3852 universo
3205 3797 3423 3852 mundo
3455 3797 3574 3851 sua‘
3594 3795 3892 3867 praesentia,

2223 3893 2393 3958 atque
2439 3888 2761 3942 venerando
2799 3887 3095 3958 triumpho
3126 3887 3507 3957 praetulerunt
3546 3887 3610 3939 Et
3649 3887 3773 3939 licet
3812 3898 3893 3953 pro

2223 3976 2487 4030 omnibus
2535 3977 2766 4030 assidua
2823 3975 2975 4045 apud
3029 3977 3210 4029 Deum
3275 3974 3535 4028 omnium
3593 3978 3892 4027 sanctorum

2221 4064 2496 4119 fundatur
2541 4065 2744 4127 oratio,
2803 4065 2890 4118 his
2947 4069 3142 4136 tamen
3174 4063 3362 4118 verbis
3408 4063 3619 4116 Paulus
3664 4059 3890 4116 beatissi-

2221 4169 2349 4206 mus
2377 4154 2675 4223 apostolus
2719 4153 2994 4207 Romanis
3045 4152 3280 4223 proprio
3311 4152 3695 4222 chirographo
3745 4148 3892 4220 polli-

2221 4246 2381 4296 cetur
2403 4243 2594 4296 dicens
2629 4258 2642 4296 :
2681 4245 2851 4296 Testis
2882 4246 3020 4295 enim
3044 4242 3178 4295 mihi
3211 4247 3289 4294 est
3316 4244 3477 4301 Deus,
3517 4245 3607 4294 cui
3632 4244 3816 4298 servio,
3844 4242 3889 4288 in

2225 4333 2425 4400 Spiritu
2455 4347 2567 4384 meo
2597 4335 2654 4383 in
2684 4332 2980 4398 Epangclio
3012 4331 3140 4384 Filii
3157 4331 3294 4398 ejus,
3331 4329 3478 4396 quod
3507 4334 3626 4383 sine
3658 4330 3893 4382 intermis-

2221 4424 2371 4473 sione
2411 4424 2723 4473 memoriam
2793 4424 2962 4473 vest-ri
3012 4421 3156 4485 facio
3213 4434 3422 4487 semper
3466 4423 3524 4472 in
3583 4415 3890 4472 orationibus

2221 4511 2354 4562 meis
2403 4509 2575 4578 (Rom.
2630 4525 2666 4569 ι,
2701 4507 2778 4576 9).
2810 4509 2998 4561 Prima
3044 4523 3184 4578 ergo
3216 4507 3378 4561 sedes
3435 4511 3519 4560 est
3559 4505 3783 4566 _coelesti
3809 4504 3886 4556 be-

2224 4596 2426 4650 neﬁcio
2458 4597 2729 4651 Romanae
2776 4595 3055 4661 Ecclesiae,
3107 4611 3282 4666 quam
3321 4594 3642 4649 beatissimi
3677 4587 3890 4664 apostoli

2224 4688 2422 4740 Petrus
2453 4690 2624 4756 atque
2666 4685 2874 4739 Paulus
2923 4701 3025 4739 suo
3081 4685 3355 4756 martyrio
3403 4684 3757 4738 dedicarunt.
3809 4680 3886 4734 Se-

2224 4775 2412 4829 cunda
2450 4779 2643 4829 autem
2684 4775 2848 4829 sedes
2897 4774 3049 4845 apud
3104 4773 3511 4828 Alexandriam
3567 4773 3720 4827 beati
3764 4766 3888 4824 Petri

2227 4865 2460 4918 nomine
2520 4881 2552 4917 a
2608 4864 2791 4918 Marco
2846 4863 2968 4934 ejus
2997 4863 3279 4932 discipqu
3339 4866 3514 4932 atque
3567 4858 3887 4930 evangelista

2224 4957 2569 5017 consecrata,
2595 4953 2729 5024 quia
2759 4953 2880 5023 ipse
2913 4956 2970 5006 et
3006 4951 3066 5006 in
3106 4952 3350 5024 Egypto
3379 4950 3637 5020 primum
3685 4948 3887 5003 verbum

2223 5041 2475 5095 veritatis
2519 5041 2767 5095 directus
2820 5057 2854 5095 a
2899 5042 3063 5096 Petro
3098 5039 3450 5111 praedicavit,
3482 5044 3540 5093 et
3603 5037 3889 5110 gloriosum

2225 5129 2473 5199 suscepit
2516 5129 2887 5199 martyrium;
2949 5128 3042 5182 cui
3090 5128 3433 5183 venerabilis
3469 5127 3735 5181 successit
3778 5121 3890 5178 Abi-

2222 5218 2350 5272 Iius.
2385 5218 2573 5271 Tertia
2605 5234 2739 5271 vero
2784 5217 2945 5271 sedes
2971 5217 3125 5286 apud
3158 5216 3545 5279 Antiochiam,
3599 5215 3734 5269 item
3765 5207 3889 5266 beati

2222 5305 2374 5360 Petri
2403 5305 2644 5375 apostoli
2698 5305 2943 5359 habetur
2970 5304 3349 5369 honorabilis,
3391 5304 3528 5374 quia
3567 5304 3682 5357 illic
3731 5299 3889 5372 prius—

2223 5409 2398 5464 quam
2431 5394 2676 5448 Romam
2724 5393 2966 5448 veniret.
3013 5392 3312 5458 habitavit,
3346 5397 3402 5446 et
3451 5391 3734 5462 Ignatium
3781 5384 3885 5455 epi-

2223 5498 2462 5552 scopum
2498 5482 2817 5549 constituit,
2851 5486 2907 5536 et
2959 5481 3076 5534 illic
3115 5481 3369 5552 primum
3400 5497 3614 5534 nomen
3645 5473 3880 5535 Christia-

2220 5587 2430 5626 norum
2459 5571 2701 5626 novella:
2733 5571 2918 5641 gentis
2948 5578 3210 5626 exortum
3248 5574 3349 5625 est.
3383 5570 3526 5624 Nam
3553 5575 3611 5623 et
3642 5567 3880 5623 Hieroso-
