4044 6174
149 357 235 411 749
1392 355 1599 410 LIBER
1648 354 2010 411 ADVERSUS
2049 354 2356 412 GRAECOS.

3497 361 3601 412 750

144 487 428 557 lymitanus
457 487 760 557 episcopus
787 502 894 556 pro
924 487 1069 540 tanti
1100 485 1209 540 loci
1243 487 1559 540 reverentia
1589 486 1656 540 ab
1688 502 1814 540 om-
1852 491 1895 543 A
1925 489 2210 555 Discrepat
2235 487 2344 541 hac
2362 490 2535 540 versio
2578 488 2645 540 ab
2679 488 2833 558 edit.)
2870 504 2882 541 :
2933 490 3010 542 De
3048 489 3238 542 o’rdine
3276 489 3622 556 singularum

143 578 289 630 nibus
342 575 584 630 habetur
632 576 1024 642 honorabilis;
1078 577 1325 630 maxime
1372 577 1647 646 quoniam
1697 576 1812 630 illic

141 663 336 734 primus
393 663 752 717 beatissimus
805 663 1063 731 Jacobns,
1119 663 1218 733 qui
1256 664 1548 717 dicebatur
1599 665 1808 734 justus,

140 753 222 822 qui
252 752 418 806 etiam
441 755 756 805 secundum
788 768 1016 805 carnem
1052 753 1226 805 frater
1259 753 1487 806 Domini
1516 769 1807 822 nuncupa-

137 847 214 895 tus
240 847 335 909 est,
363 858 393 894 a
421 843 604 907 Petro,
637 841 846 894 Jacobo
880 845 935 894 et
981 841 1200 894 Joanne
1231 841 1504 911 apostolis
1555 847 1638 894 est
1685 841 1807 911 epi-

137 946 312 1000 scopus
359 930 672 983 ordinatus.
724 930 921 998 Itaque
958 930 1272 984 secundum
1309 931 1678 1000 antiquorum
1713 931 1812 982 Pa-

134 1025 265 1072 trum
313 1018 705 1072 definitionem
739 1020 902 1072 sedes
941 1017 1130 1087 prima
1170 1019 1230 1071 in
1264 1019 1672 1088 Hierosolymis
1703 1018 1809 1070 mi-

135 1106 268 1159 nime
295 1105 522 1172 dicitur,
558 1122 630 1159 ne
661 1107 806 1159 forte
839 1108 910 1159 ab
953 1107 1286 1160 infidelibus
1338 1112 1435 1159 aut
1484 1106 1672 1159 idiotis
1723 1122 1809 1159 se-

133 1196 218 1248 des
246 1194 469 1248 Domini
496 1195 676 1247 nostri
704 1196 836 1247 Jesu
887 1195 1116 1260 Christi,
1163 1211 1292 1265 qua
1332 1194 1390 1248 in
1435 1195 1576 1247 coelo
1609 1200 1710 1260 est,
1751 1195 1808 1247 in

131 1289 265 1336 terra
293 1298 414 1336 esse
469 1287 784 1352 putaretur.
834 1283 932 1335 Est
979 1283 1133 1336 enim
1184 1283 1346 1336 sedes
1393 1283 1517 1352 ejus
1580 1283 1807 1347 calum,

131 1377 264 1426 terra
286 1377 480 1425 autem
511 1371 818 1424 scabellum
850 1371 1062 1440 pedum
1090 1372 1211 1442 ejus
1237 1377 1340 1436 est,
1381 1371 1653 1443 quoniam
1688 1371 1810 1440 ipse

132 1466 220 1525 est,
247 1476 344 1530 per
365 1476 539 1530 quem
572 1460 767 1536 omnia
805 1460 953 1512 facta
991 1466 1144 1521 sunt,
1181 1466 1239 1513 et
1279 1461 1400 1514 sine
1440 1477 1554 1531 quo
1597 1460 1809 1513 factum

131 1554 201 1602 est
229 1548 391 1613 nihil,
438 1548 712 1619 quoniam
744 1564 812 1601 ex
848 1549 994 1618 ipso,
1045 1554 1100 1601 et
1131 1565 1234 1618 per
1264 1549 1470 1618 ipsum,
1507 1553 1564 1602 et
1596 1548 1655 1601 in
1686 1548 1810 1618 ipso

129 1644 247 1692 sunt
273 1638 470 1692 omnia
500 1654 512 1690 :
541 1638 653 1708 ipsi
682 1637 862 1706 gloria
915 1637 971 1689 in
1005 1638 1214 1690 sacula
1251 1637 1610 1690 saculorum.
1645 1636 1808 1706 Apud

129 1726 397 1795 Ephesum
454 1741 588 1778 vero
646 1725 1008 1777 beatissimus
1069 1725 1316 1777 Joannes
1386 1724 1676 1794 apostolus
1756 1729 1812 1778 et

128 1815 460 1885 evangelista
512 1815 691 1867 multo
734 1818 996 1882 tempore
1045 1818 1172 1883 post
1228 1813 1704 1867 resurrectionem
1756 1817 1811 1866 et

129 1902 497 1955 ascensionem
571 1901 630 1954 in
687 1901 856 1954 caios
923 1899 1151 1954 Domini
1195 1900 1376 1953 nostri
1427 1901 1554 1954 Jesu
1607 1899 1813 1955 Christi

128 1994 496 2044 commoratus
527 1995 628 2055 est,
661 1990 856 2059 ibique
880 1989 1053 2044 etiam
1085 1987 1480 2059 Evangelium,
1529 1990 1684 2060 quod
1726 2005 1812 2043 se-

129 2081 361 2133 cundum
419 2080 698 2132 Joannem
748 2079 976 2141 dicitur,
1037 2078 1228 2131 divina
1269 2077 1646 2148 inspiratione
1684 2094 1815 2132 con-

128 2168 359 2238 scripsit,
392 2173 566 2238 atque
597 2166 900 2238 requievit.
948 2168 1014 2220 Et
1046 2167 1115 2220 ob
1147 2166 1252 2220 hoc
1280 2167 1582 2237 episcopus
1625 2167 1813 2237 Ephe-

128 2259 233 2311 sius
256 2274 359 2328 pro
392 2257 540 2310 tanti
571 2257 818 2326 apostoli
849 2261 906 2310 et
955 2256 1322 2326 evangelista
1369 2255 1668 2320 memoria,
1707 2272 1817 2308 ca—

127 2347 250 2400 teris
289 2345 577 2416 episcopis
615 2343 1073 2416 metropolitanis
1119 2345 1177 2397 in
1227 2344 1454 2414 synodis
1506 2343 1814 2398 honorabi-

127 2435 317 2490 liorem
351 2435 577 2490 obtinet
607 2434 823 2488 sedem.
853 2452 883 2486 ι)

700 2543 828 2596 CAP.
875 2539 1227 2594 CLXXXVIII.

189 2629 327 2682 Item
360 2629 564 2682 beatus
595 2627 883 2697 Sylvester
912 2625 971 2678 in
1004 2623 1118 2679 ﬁne
1149 2621 1508 2677 allocutionis
1536 2638 1709 2694 quam
1731 2622 1816 2677 fe-

122 2718 189 2770 cit
209 2717 264 2770 in
297 2717 517 2788 synodo
547 2721 672 2769 acta
700 2716 760 2768 in
790 2713 1052 2784 Trajanis
1081 2712 1250 2767 tertio
1291 2711 1573 2765 Kalendas
1619 2712 1816 2765 Junias

124 2808 197 2875 (In
227 2807 529 2859 canonibus
547 2806 830 2873 Sylvestri,
883 2818 1008 2873 cap.
1046 2802 1176 2872 20):
1212 2818 1238 2853 α
1302 2802 1478 2855 Nemo
1530 2800 1816 2870 judicabit

122 2893 362 2964 primam
408 2894 604 2947 sedem
659 2891 940 2961 justitiam
1001 2889 1420 2944 desiderantem
1485 2889 1813 2958 temperari,

123 2997 301 3052 neque
354 2982 428 3036 ab
471 2985 750 3050 Augusto,
802 2995 987 3050 neque
1041 2979 1111 3032 ab
1142 2979 1300 3031 omni
1331 2977 1506 3046 clero,
1544 2993 1732 3047 neque
1784 2992 1817 3029 a

124 3070 366 3141 regibus,
400 3086 593 3141 neque
623 3086 655 3123 a
686 3069 904 3139 populo
934 3067 1108 3137 judex
1133 3065 1502 3135 judicabitur.
1538 3084 1568 3116 ν

735 3175 866 3230 CAP.
909 3173 1214 3227 CLXXXIX.

184 3265 246 3319 In
292 3263 612 3320 canonihus
656 3263 1071 3334 apostolorum,
1131 3264 1207 3314 De
1255 3263 1503 3328 primatu
1553 3263 1824 3327 episcopo-

120 3370 232 3407 rum
259 3370 388 3424 cap.
437 3355 505 3406 35
548 3351 688 3421 (can.
748 3354 836 3417 35,
886 3367 952 3403 ea:
977 3354 1208 3418 interpr.
1260 3351 1511 3415 Dionysii
1558 3347 1765 3416 eccigui)
1804 3363 1816 3399 :

123 3467 147 3494 (τ
191 3446 512 3518 Episcopos
577 3444 839 3515 gentium
899 3443 1257 3513 singularum
1319 3441 1464 3493 scire
1531 3438 1817 3504 convenit,

120 3535 240 3605 quis
282 3535 441 3588 inter
490 3548 589 3587 eos
641 3531 863 3602 primus
897 3530 1192 3594 habeatur,
1229 3544 1400 3599 quem
1452 3528 1607 3581 velut
1655 3531 1824 3598 caput

119 3624 466 3689 existiment,
504 3627 560 3675 et
607 3619 750 3673 nihil
793 3618 1040 3689 amplius
1089 3622 1296 3688 prater
1352 3617 1475 3686 ejus
1524 3617 1822 3670 conscien-

116 3713 248 3766 tiam
289 3716 504 3782 gerant
545 3725 718 3780 quam
761 3709 861 3762 illa
917 3708 1038 3760 sola
1084 3705 1315 3776 singuli,
1360 3721 1489 3776 qua
1533 3703 1822 3774 parocliia

117 3801 363 3872 propria
397 3805 453 3854 et
484 3799 651 3865 villis,
684 3814 812 3868 qua
844 3796 948 3850 sub
980 3812 1048 3850 ea
1097 3799 1248 3859 sunt,
1301 3797 1656 3863 competunt.
1715 3791 1823 3846 Sed

115 3903 213 3940 nec
242 3888 344 3942 ille
377 3890 592 3958 prater
620 3885 879 3939 omnium
923 3881 1329 3937 conscientiam
1362 3881 1529 3935 faciat
1558 3879 1773 3951 aliquid
1807 3897 1819 3933 :

117 3975 201 4028 Sic
227 3975 396 4039 enim
430 3974 780 4029 unanimitas
809 3973 938 4037 erit,
973 3976 1028 4025 et
1057 3969 1472 4041 gloriﬁcabitur
1512 3970 1658 4023 Deus
1721 3984 1826 4038 per

115 4062 413 4118 Christum
445 4062 508 4115 in
529 4061 749 4131 Spiritu
780 4065 995 4114 sancto.
1035 4080 1056 4106 ι

827 4167 954 4222 CAP.
991 4166 1134 4220 CXC.

182 4261 244 4313 In
279 4258 523 4314 Nicano
553 4256 815 4317 concilio,
865 4256 930 4310 dc
973 4255 1282 4323 priuilegiis
1329 4266 1449 4317 qua
1497 4250 1823 4315 quibusdam

1917 576 2244 642 ctiacesium,
2293 581 2343 629 et
2370 576 2436 628 de
2461 578 2768 644 priviIegiis
2816 592 2933 642 qua
2981 579 3272 646 Egyptiis,
3324 577 3615 632 Antioche-

1917 669 2003 717 nis
2055 665 2778 733 Constantinopolitanisquc
2827 666 3132 719 debent-ur:
3184 665 3290 730 Qui
3342 672 3476 720 sunt
3523 685 3616 721 su-

1916 769 2020 822 per
2049 754 2339 807 diacesim
2380 753 2656 822 episcopi,
2689 768 3052 823 nequaquam
3087 755 3154 807 ad
3187 755 3450 808 ecclesias
3489 771 3616 826 qua

1917 847 2050 895 sunt
2097 847 2252 895 extra
2297 841 2566 911 pratixos
2593 841 2699 895 tibi
2729 840 3004 894 terminos
3046 843 3339 909 accedant,
3374 861 3476 897 nec
3523 859 3618 897 eas

1916 930 2022 983 hac
2063 930 2514 1000 praesumptione
2566 929 2910 995 confundat;
2984 932 3082 983 sed
3137 931 3297 1000 juxta
3373 947 3618 986 canones

1914 1019 2333 1072 Alexandrinus
2364 1018 2600 1071 antistes
2627 1034 2755 1088 qua
2782 1023 2917 1072 sunt
2947 1018 3005 1070 in
3032 1020 3272 1088 ASgypto
3305 1027 3470 1089 regat
3517 1036 3614 1073 so-

1916 1106 2232 1160 lummodo.
2270 1108 2332 1160 Et
2363 1106 2608 1161 Orientis
2641 1107 2895 1176 episcopi
2930 1106 3221 1160 Orientem
3256 1113 3479 1160 tantum
3511 1123 3615 1178 gu-

1915 1196 2177 1262 bernent,
2208 1195 2444 1248 servatis
2478 1194 2802 1265 privilegiis
2841 1210 2969 1264 qua
3018 1194 3262 1248 Nicanis
3302 1196 3619 1248 canonibus

1918 1284 2174 1338 Ecclesia
2215 1284 2588 1336 Antiochena
2641 1283 2856 1337 tributa
2915 1288 3069 1336 sunt.
3129 1283 3356 1336 Asiana
3388 1299 3619 1354 quoque

1917 1371 2223 1426 diaceseos
2285 1371 2537 1441 episcopi
2581 1387 2646 1424 ea
2695 1372 2883 1424 solum
2941 1387 3070 1441 qua
3116 1376 3252 1424 sunt
3298 1371 3354 1424 in
3411 1371 3622 1424 Asiana

1917 1460 2145 1515 diacesi
2191 1459 2559 1529 dispensent:
2624 1475 2729 1513 nec
2773 1476 2887 1512 non
2939 1465 2996 1513 et
3041 1461 3206 1513 Ponti
3253 1459 3504 1528 episcopi
3555 1475 3621 1512 ea

1917 1553 2140 1603 tantum
2170 1563 2300 1618 qua
2330 1552 2464 1600 sunt
2493 1547 2554 1600 in
2596 1549 2807 1612 Ponto;
2867 1552 2922 1601 et
2951 1547 3341 1614 Thraciarum,
3397 1564 3526 1617 qua
3558 1548 3617 1601 in

1916 1638 2165 1692 Thraciis
2195 1641 2326 1690 sunt
2364 1637 2709 1706 gubernent.
2742 1638 2862 1689 Non
2910 1636 3090 1690 vocati
3122 1642 3314 1690 autem
3365 1637 3617 1706 episcopi

1920 1728 2071 1781 ultra
2101 1742 2262 1779 suam
2295 1725 2580 1778 dioecesim
2617 1739 2732 1776 non
2787 1725 3054 1776 accedant
3102 1729 3342 1793 propter
3384 1726 3619 1778 ordina—

1922 1815 2106 1870 tiones
2136 1814 2441 1878 faciendas,
2474 1814 2561 1866 vel
2593 1818 2826 1882 propter
2854 1812 2993 1864 alias
3043 1812 3497 1880 dispensationes
3529 1829 3619 1866 ec-

1920 1904 2272 1959 clesiasticas.
2307 1902 2538 1958 Servata
2560 1917 2693 1954 vero
2726 1917 2855 1971 qua
2881 1903 3090 1970 scripta
3118 1905 3203 1954 est
3236 1902 3303 1954 de
3335 1901 3619 1971 guberna-

1922 1992 2174 2047 tionibus
2205 1991 2426 2062 regula,
2460 1989 2831 2044 manifestum
2863 1994 2950 2043 est
2976 1988 3133 2059 quod
3180 1989 3277 2042 illa
3315 2006 3442 2060 qua
3488 1994 3623 2043 sunt

1924 2097 2026 2152 per
2106 2095 2576 2149 unamquamque
2644 2078 2998 2148 provinciam
3065 2077 3247 2147 ipsius
3315 2077 3620 2147 provincia

1924 2169 2173 2240 synodus
2242 2167 2556 2237 dispenset,
2624 2169 2770 2220 sicut
2836 2167 3066 2220 Nicano
3122 2172 3343 2219 constat
3422 2167 3622 2220 decre-

1923 2263 2048 2313 tum
2112 2273 2233 2311 esse
2293 2256 2556 2310 concilio.
2622 2255 2898 2309 Eeclesias
2962 2258 3155 2308 autem
3213 2254 3313 2307 Dei
3374 2253 3431 2306 in
3486 2254 3623 2307 har-

1925 2347 2130 2402 baricis
2219 2346 2487 2416 gentibus
2558 2345 2892 2398 constitutas
2971 2342 3278 2413 gubernari
3359 2341 3624 2396 convenit

1920 2437 2080 2504 juxta
2112 2434 2604 2500 consuetudinem,
2632 2450 2762 2504 qua
2788 2437 2872 2486 est
2908 2449 2941 2485 a
2983 2432 3245 2486 Patribns
3305 2431 3618 2485 observata.
3646 2426 3661 2439 ’

1925 2524 2328 2576 Verumtamen
2359 2520 3034 2590 Constantinopolitanus
3065 2518 3366 2598 episcopos
3415 2518 3625 2572 habeat
3705 2545 3712 2550 ι

1925 2611 2160 2666 honoris
2209 2612 2519 2681 primatum
2565 2614 2691 2681 post
2738 2609 3060 2662 Romanum
3106 2608 3461 2677 episcopum,
3494 2622 3622 2677 pro-

1925 2707 2123 2770 pterea
2151 2701 2307 2770 quod
2336 2699 2470 2753 urbs
2500 2699 2622 2769 ipsa
2653 2697 2936 2766 sitjunior
2965 2698 3165 2751 Roma.
3206 2718 3232 2744 »

2574 2812 2701 2866 CAP.
2746 2811 2966 2865 CXCIII.

1997 2925 2056 2976 In
2091 2920 2299 2974 conilio
2328 2918 2669 2983 Sardicensi,
2719 2933 2842 2986 cap.
2875 2919 2904 2970 3
2941 2916 3084 2984 (can.
3141 2918 3194 2976 3,
3245 2931 3312 2969 ccc
3355 2919 3622 2982 interpre-

1927 3015 2026 3064 tat.
2053 3014 2210 3063 Dion.
2253 3009 2480 3075 Eaigui)
2510 3022 2522 3058 :
2559 3027 2586 3054 ‹‹
2617 3005 2772 3070 Quod
2831 3009 2878 3057 si
2912 3004 3209 3057 damnatus
3266 3003 3625 3070 appellaverit

1925 3101 2226 3154 Roma-num
2259 3098 2587 3163 pontiﬁcem,
2622 3096 2764 3145 sicut
2802 3107 2978 3160 nuper
3019 3093 3147 3156 fecit
3193 3092 3444 3157 Ignatius
3489 3090 3623 3144 Con-

1925 3184 2446 3252 stantinopolitanus
2499 3186 2781 3250 episcopus
2821 3179 3045 3247 injuste,
3089 3183 3149 3232 ut
3200 3178 3424 3243 dicitur,
3469 3177 3628 3245 depo-

1925 3278 2083 3334 situs,
2113 3272 2172 3324 id
2197 3269 2594 3324 observandum
2623 3268 2770 3333 quod
2798 3271 2913 3335 ipse.
2943 3269 3250 3320 censuerit:
3303 3263 3468 3317 Osius
3501 3263 3627 3333 epi-

1927 3375 2130 3430 scopus
2160 3358 2337 3413 dixit:
2384 3357 2530 3412 Illud
2581 3372 2812 3428 quoque
2868 3354 3186 3408 necessario
3238 3350 3625 3420 adjiciendum

1927 3455 2028 3515 est,
2084 3453 2148 3502 ut
2188 3446 2442 3517 episcopi
2483 3446 2552 3500 de
2583 3462 2682 3498 sua
2725 3442 3020 3514 provincia
3071 3441 3138 3495 ad
3187 3440 3359 3494 aliam
3399 3438 3627 3509 provin-

1927 3538 2096 3605 ciam,
2155 3537 2215 3589 in
2276 3551 2389 3606 qua
2453 3550 2570 3588 non
2625 3537 2757 3585 sunt
2816 3530 3086 3601 episcopi,
3149 3543 3266 3582 non
3305 3531 3625 3591 transeant;

1931 3625 2039 3679 nisi
2066 3625 2210 3678 forte
2246 3641 2276 3676 a
2304 3621 2576 3676 fratribus
2620 3620 2738 3672 suis
2782 3617 3026 3683 invitati,
3076 3631 3146 3669 ne
3193 3615 3497 3668 videantur
3535 3613 3626 3683 ja-

1929 3728 2105 3766 nuam
2180 3709 2445 3764 claudere
2528 3706 2840 3761 charitatis.
2929 3704 3089 3768 Quod
3165 3703 3210 3756 si
3295 3703 3354 3756 in
3441 3701 3633 3772 aliqua

1930 3799 2221 3873 provincia
2267 3797 2473 3868 aliquis
2545 3796 2845 3866 episcopus
2907 3797 3104 3847 contra
3159 3792 3396 3845 fratrem
3464 3805 3630 3843 suum

1930 3889 2264 3960 episcopum
2294 3887 2453 3939 litem
2487 3883 2773 3948 habuerit,
2827 3887 3032 3936 neuter
3061 3896 3090 3932 e
3143 3879 3366 3933 duobus
3427 3895 3493 3932 ex
3522 3879 3633 3930 alia

1930 3977 2222 4049 provincia
2251 3976 2489 4029 advocet
2541 3972 2838 4042 episcopos
2870 3969 2940 4024 ad
2965 3967 3249 4038 judicium
3277 3966 3628 4037 cognitores.

1932 4067 2094 4133 Quod
2123 4066 2170 4119 si
2199 4064 2409 4135 aliquis
2449 4061 2749 4133 episc0pus
2780 4059 3065 4130 judicatus
3112 4055 3286 4110 fuerit
3332 4055 3392 4108 in
3441 4053 3635 4123 aliqua

1933 4173 2122 4223 causa,
2157 4160 2213 4208 et
2269 4155 2434 4222 putat
2490 4167 2547 4203 se
2591 4150 2803 4203 bonam
2855 4161 3084 4199 causam
3133 4144 3366 4210 habere,
3409 4146 3471 4194 ut
3527 4141 3633 4194 ite-

1935 4261 2061 4299 rum
2095 4243 2161 4297 ad
2193 4241 2467 4312 judicium
2501 4237 2809 4292 concilium
2851 4239 3188 4297 renovetur;
3219 4232 3264 4284 si
3310 4229 3469 4284 vobis
3511 4229 3634 4299 pla-

116 4347 438 4400 ciuitatib-us
469 4349 797 4414 competunt.
836 4321 1029 4412 capiti
1052 4346 1220 4412 ,(can.
1257 4343 1287 4394 6
1319 4357 1384 4393 ea:
1405 4343 1590 4408 prima.
1623 4338 1777 4408 alii.)
1808 4353 1821 4390 :
1865 4367 1909 4420 D
1939 4338 2026 4387 cet
2056 4329 2234 4385 sancti
2267 4328 2432 4420 Petri
2468 4326 2730 4420 apostoli.
2764 4322 3102 4420 memoriam
3134 4321 3523 4418 .honoremus,
3576 4321 3638 4370 ut

124 4455 140 4480 ι
175 4435 444 4505 Antiqua
471 4434 824 4488 consuetudo
847 4437 1102 4486 servetur
1122 4446 1225 4501 per
1243 4431 1572 4499 Egy'ptum,
1591 4427 1825 4496 Libyam

117 4528 168 4576 et
197 4523 592 4593 Pentapolim,
624 4522 703 4576 ita
735 4524 796 4574 ut
838 4520 1257 4575 Alexandrinus
1286 4517 1586 4588 episcopus
1617 4515 1827 4568 horum

118 4613 390 4666 omnium
446 4611 654 4665 haheat
705 4613 1071 4679 potestatem,
1102 4606 1238 4677 quia
1293 4610 1350 4658 et
1415 4603 1572 4657 urbis
1636 4603 1828 4656 Roma

116 4705 396 4773 episcopo
458 4701 657 4774 parilis
689 4717 814 4755 mos
842 4705 944 4754 est.
992 4698 1270 4754 Similiter
1328 4700 1522 4750 autem
1570 4697 1626 4746 et
1680 4693 1829 4764 apud

115 4791 498 4847 Antiochiam
555 4795 905 4860 caterasque
957 4786 1280 4859 provincias
1353 4783 1471 4838 suis
1530 4782 1830 4852 privilegia

115 4887 429 4938 serventur
459 4879 739 4934 Ecclesiis.
777 4899 799 4927 ι

808 4984 940 5040 CAP.
991 4983 1158 5038 CXCI.

184 5080 340 5134 Item
417 5076 480 5130 in
542 5075 745 5130 eodem
809 5072 1074 5137 concilio,
1141 5086 1265 5142 cap.
1334 5074 1426 5136 7,»
1451 5072 1530 5123 De
1589 5071 1833 5136 episcopo

115 5170 295 5228 Elia,
357 5165 432 5219 id
483 5169 562 5218 est
608 5164 1103 5230 Hierosolymorum
1159 5177 1171 5213 :
1234 5181 1253 5207 ε
1290 5157 1436 5223 Quia
1485 5155 1834 5210 consuetudo

119 5256 383 5311 obtinuit
419 5258 477 5307 et
506 5253 742 5323 antiqua
767 5249 1022 5315 traditio,
1050 5253 1117 5310 ut
1134 5247 1290 5301 Elia
1312 5245 1616 5318 episcopus
1647 5242 1834 5296 hono-

121 5351 304 5412 retur,
339 5342 558 5397 habeat
596 5340 829 5396 honoris
874 5336 1368 5409 consequentiam,
1419 5333 1569 5388 salva
1620 5336 1833 5387 metro-

119 5435 240 5504 poli
281 5431 535 5503 propria
568 5428 868 5500 dignitate.
915 5449 936 5475 ι

801 5536 940 5592 CAP.
983 5533 1180 5588 CXCII.

193 5633 262 5685 In
292 5627 554 5683 concilio
598 5623 1252 5692 Constantinopolitano,
1308 5634 1433 5688 cap.
1483 5620 1538 5670 tl
1589 5615 1728 5680 (ean.
1781 5615 1834 5666 2.

1939 4420 2218 4476 scribatur
2268 4417 2354 4468 vel
2385 4416 2454 4469 ab
2503 4415 2591 4468 his
2643 4412 2926 4484 episcopis
2981 4410 3080 4480 qui
3131 4411 3186 4462 in
3229 4407 3465 4478 propria
3499 4422 3637 4476 pro-

1935 4507 2120 4561 vincia
2149 4508 2468 4568 morantur,
2499 4501 2646 4554 Julio
2697 4500 2954 4553 Romano
3000 4496 3308 4565 episcopo:
3364 4499 3421 4547 et
3471 4493 3638 4561 siju-

1937 4594 2213 4651 dicaverit
2243 4589 2635 4646 renovandum
2687 4603 2808 4641 esse
2849 4585 3155 4656 judicium,
3204 4588 3528 4649 renovetur,
3584 4586 3642 4634 et

1937 4685 2034 4739 det
2057 4682 2294 4753 judices.
2329 4679 2384 4733 Si
2415 4683 2608 4731 autem
2643 4673 2972 4746 probaverit
3010 4675 3182 4726 talem
3234 4687 3463 4726 causam
3496 4686 3637 4734 esse,

1940 4779 2002 4828 ut
2030 4789 2144 4826 non
2175 4769 2514 4824 refricentur
2543 4783 2610 4821 ea
2634 4781 2762 4836 qua
2808 4768 2932 4817 acta
2989 4767 3141 4827 sunt,
3194 4777 3323 4831 qua
3374 4760 3640 4813 decreve-

1941 4861 2013 4914 rit
2052 4857 2390 4912 conlirmata
2449 4857 2638 4907 erunt.
2687 4852 2744 4906 Si
2800 4850 2907 4904 hoc
2955 4849 3224 4903 omnibus
3271 4848 3476 4917 placet,
3527 4848 3640 4898 sta-

1939 4951 2154 5002 tuatur.
2186 4943 2443 5015 Synodus
2464 4940 2814 5012 respondit?
2849 4939 3059 4994 Placet.
3097 4957 3125 4988 »

2591 5058 2720 5112 CAP.
2764 5056 2980 5111 CXCIV.

2013 5170 2158 5224 Item
2214 5165 2276 5220 in
2324 5165 2530 5218 eodem
2587 5161 2852 5226 concilio,
2909 5159 3089 5230 cain
3138 5155 3319 5227 (Ibid,
3377 5168 3497 5206 can.
3533 5150 3588 5219 4)

1948 5260 2016 5313 Ut
2063 5256 2250 5310 nullus
2299 5256 2542 5308 accusati
2578 5253 2756 5305 sedem
2801 5252 3029 5317 usurpet
3071 5247 3326 5314 episcopi,
3363 5243 3504 5294 sicut
3544 5253 3645 5292 nu-

1937 5361 2042 5416 per
2076 5347 2206 5412 fecit
2228 5343 2452 5397 Photius
2496 5340 2673 5394 sedem
2721 5339 2949 5404 Ignatii,
2983 5332 3296 5404 ineophytus
3328 5333 3379 5382 et
3424 5332 3646 5416 inuasor

1946 5415 2557 5500 Constantinopolitana:
2576 5427 2720 5482 sedis
2749 5441 2762 5479 :
2790 5445 2818 5477 α
2841 5421 3194 5479 Gaudentius
3227 5418 3528 5488 episcopus
3559 5415 3645 5468 di-

1947 5522 2072 5575 xit:
2122 5519 2482 5586 Addendum,
2546 5517 2593 5570 si
2651 5516 2858 5586 placet,
2919 5511 3052 5565 huic
3099 5505 3417 5572 sententia,
3473 5519 3648 5575 quam

1946 5610 2176 5680 plenam
2210 5607 2501 5660 sanctitate
2529 5600 2877 5674 protulistis;
2913 5604 2975 5652 ut
3003 5612 3132 5651 cum
3175 5594 3382 5666 aliquis
3424 5593 3647 5663 episco-
