4044 6174
428 323 522 374 ’751

1652 317 1873 372 ᾸΞΝΕᾹΞ
1911 317 2344 375 PARISIENSIS
2383 319 2697 377 EPISCOPI

3798 325 3888 377 752

429 469 535 522 pus
563 451 856 522 depositus
886 449 1059 503 fuerit
1087 463 1288 502 eorum
1320 447 1717 519 episcoporum
1761 448 1981 519 judicio
2022 448 2126 520 qui
2163 452 2209 505 A
2242 450 2353 506 huc
2419 456 2692 522 tanquam
2744 450 3070 506 inauditum
3135 450 3430 522 quidpiam
3488 467 3647 505 nosse
3693 451 3890 506 deside-

427 544 484 594 in
549 539 749 593 vicinis
819 538 956 591 locis
1017 541 1472 602 commorantur,
1563 542 1618 590 et
1685 539 2125 606 proclamaverit

427 628 710 700 agendum
745 627 854 679 sibi
888 627 1179 697 negotium
1210 625 1268 680 in
1303 626 1439 679 urbe
1473 627 1654 680 Roma
1687 643 1698 679 :
1735 627 1872 679 alter
1904 627 2120 696 episco-

425 733 532 786 pus
563 716 620 768 in
644 717 766 785 ejus
796 715 1066 769 cathedra
1097 705 1228 784 post
1257 715 1702 784 appellationem
1742 715 1862 784 ejus
1913 716 2012 785 qui
2041 705 2124 767 ivi-

427 807 592 858 detur
649 820 768 857 esse
824 804 1118 874 depositus
1165 804 1400 856 omnino
1469 820 1580 856 non
1634 803 1950 870 ordinetur,
2011 803 2122 856 nisi

426 910 594 948 causa
635 893 808 947 fuerit
848 894 904 946 in
953 893 1171 961 judicio
1231 893 1481 962 episcopi
1537 893 1781 946 Romani
1838 891 2120 947 determi-

428 987 582 1035 nata.
617 1003 643 1028 ›)

1101 1111 1225 1164 CAP.
1257 1110 1448 1164 CXCV.

500 1255 640 1306 Item
673 1252 874 1306 beatus
899 1268 1048 1321 papa
1087 1252 1354 1305 Silvester
1400 1253 1459 1305 in
1502 1252 1852 1306 allocutione
1912 1253 2125 1306 Nicmni

429 1342 658 1396 concilii
692 1342 825 1393 fecit
855 1341 1066 1410 gradus
1115 1342 1172 1392 in
1203 1341 1423 1410 gremio
1467 1341 1666 1410 synodi
1700 1341 1781 1410 (in
1826 1342 2125 1396 canonibus

430 1433 696 1490 Sil-vestri,
726 1445 844 1496 cap.
879 1428 964 1497 3):
1006 1450 1032 1477 ‹‹
1061 1429 1126 1481 Ut
1150 1445 1264 1481 non
1295 1429 1592 1498 presbyter
1616 1430 1885 1481 adversus
1916 1429 2126 1499 episco-

434 1535 589 1587 pum,
642 1535 750 1570 nou
785 1518 1054 1570 diaconus
1095 1518 1362 1570 adversus
1384 1517 1801 1585 presbyterum,
1837 1534 1954 1570 non
1985 1518 2120 1570 sub-

432 1606 704 1659 diaconus
727 1605 994 1657 adversus
1025 1605 1352 1668 diaconum,
1388 1621 1501 1657 non
1529 1606 1826 1673 acolythus
1857 1605 2123 1658 adversus

432 1695 867 1755 subdiacouum,
920 1708 1034 1744 non
1097 1693 1376 1744 exon-ista
1433 1691 1702 1744 adversus
1765 1695 2120 1761 acolythum,

434 1797 548 1832 nou
605 1782 774 1833 lector
831 1778 1098 1831 adversus
1141 1779 1501 1846 exorcistam,
1559 1795 1674 1832 non
1729 1780 1993 1834 ostiarius
2035 1782 2132 1834 ad-

434 1884 626 1920 versus
655 1869 924 1920 lectorem
971 1868 1065 1920 det
1107 1867 1533 1920 accusationem
1574 1869 1827 1938 aliquam
1862 1885 1874 1921 :
1910 1875 1966 1922 et
2013 1886 2126 1922 non

432 1957 800 2009 damnabitur
854 1955 1156 2024 episcopus
1215 1957 1442 2024 przesul,
1498 1956 1607 2008 nisi
1655 1958 1715 2009 in
1766 1959 2129 2026 septuaginta

432 2046 544 2098 duo
593 2044 951 2108 testimonia;
1016 2061 1198 2113 neque
1231 2045 1435 2114 przesul
1462 2061 1721 2097 summus
1749 2062 1780 2098 a
1831 2062 2127 2116 quoquam

428 2134 794 2203 judicabitur,
862 2134 1135 2202 quoniam
1185 2133 1462 2201 scriptum
1499 2139 1628 2186 est:
1673 2136 1790 2189 Non
1833 2139 1911 2187 est
1961 2135 2126 2188 disci-

427 2223 593 2290 pulus
623 2237 788 2290 super
816 2225 1162 2288 magistrum.
1213 2221 1514 2290 Presbyter
1555 2230 1746 2275 autem
1796 2240 1914 2276 non
1963 2223 2124 2277 dam-

435 2312 664 2364 nabitur
695 2310 800 2363 nisi
833 2311 890 2362 in
922 2311 1300 2379 quadraginta
1333 2317 1580 2380 quatuor
1611 2313 1958 2366 testimonia.
2003 2313 2130 2366 Dia-

432 2417 610 2453 conus
641 2407 832 2453 autem
859 2399 1162 2452 cardinalis
1193 2401 1538 2453 constitutus
1573 2401 1728 2454 urbis
1764 2402 1979 2466 Romae,
2015 2401 2127 2454 nisi

432 2490 490 2542 in
520 2490 757 2557 triginta
784 2504 877 2540 sex
909 2487 1237 2540 testimonia
1275 2503 1390 2541 non
1432 2489 1927 2542 condemnabitur.
1976 2491 2128 2544 Sub—

431 2577 722 2637 diacouus,
784 2576 1102 2644 acolythus,
1163 2578 1464 2639 exorcista,
1539 2578 1734 2643 lector,
1788 2578 1920 2643 nisi,
1983 2579 2129 2630 sicut

432 2666 706 2734 scriptum
738 2671 841 2728 est,
871 2665 930 2715 in
962 2667 1181 2731 septeni
1226 2664 1568 2723 testimonia,
1619 2666 1768 2718 tilios
1811 2671 1867 2719 et
1923 2681 2128 2718 uxores

432 2753 724 2820 habentes,
768 2758 824 2806 et
871 2752 1107 2804 omnino
1135 2752 1424 2806 Christum
1456 2753 1857 2822 praadicantes.
1895 2755 1982 2808 Sic
2031 2754 2128 2807 da-

431 2848 526 2895 tur
557 2842 790 2912 mystica
819 2844 1038 2893 veritas.
1075 2863 1094 2886 ι

502 2931 740 2985 Sanctus
791 2929 1039 2983 Gelasius
1089 2945 1236 2998 papa
1291 2930 1555 2984 Acacium
1600 2931 2125 3001 Constantinripoli-

430 3024 578 3072 tanta
619 3019 767 3071 sedis
795 3018 1122 3088 episcopum
1157 3020 1493 3071 auctoritate
1553 3021 1841 3074 damnavit
1899 3028 2127 3091 aposto-

431 3106 556 3169 lica,
613 3108 685 3160 ob
741 3106 1048 3159 maximam
1104 3106 1368 3158 videlicet
1413 3107 1940 3177 prtesumptionem,
1992 3108 2128 3178 quia

429 3197 707 3249 Joannem
744 3195 1116 3264 qualemlihet
1146 3195 1463 3260 hominem,
1514 3195 1857 3248 catholicum
1908 3204 2123 3260 tamen,

430 3301 463 3337 a
535 3284 828 3336 catholicis
904 3283 1185 3344 ordinem,
1269 3284 1340 3335 de
1413 3285 1793 3337 Alexandrina
1876 3284 2122 3351 civitate,

432 3389 559 3442 quae
601 3377 729 3441 post
771 3372 1086 3424 Romanam
1131 3372 1380 3424 secunda
1418 3371 1664 3425 habetur
1710 3373 1890 3437 sedes,
1935 3374 2125 3426 exclu-

432 3468 602 3519 serat,
662 3462 1004 3529 Petrumque
1072 3461 1131 3511 in
1182 3461 1385 3512 limi-esi
1429 3461 1549 3528 jam
1611 3463 1895 3514 detectum
1956 3469 2127 3533 atque

432 3550 764 3603 damnatum
797 3549 1014 3617 absque
1046 3548 1192 3600 sedis
1224 3549 1553 3617 apostolicae
1585 3550 2000 3604 consultatione
2044 3568 2128 3604 re-

431 3643 676 3705 ceperat,
716 3642 773 3688 et
822 3637 957 3705 quia
1005 3637 1198 3705 aliqua
1253 3636 1467 3706 synodo
1498 3637 1691 3690 habita
1722 3638 1825 3691 hoc
1859 3639 2128 3694 audacter

430 3724 772 3794 arripuerat,
825 3730 887 3778 ut
930 3725 1346 3779 Kalendiouem
1391 3727 1763 3780 Antiochenre
1794 3728 1946 3781 sedis
2011 3729 2128 3800 epi-

431 3830 666 3883 scopum
718 3821 916 3866 contra
960 3815 1242 3867 rationem
1292 3817 1625 3884 deponeret,
1688 3823 1744 3868 et
1795 3817 2126 3871 liaareti'cum

431 3903 660 3956 Petrum
693 3918 863 3972 quem
902 3902 1022 3972 ipse
1063 3903 1281 3956 dudum
1333 3905 1721 3970 damnaverat,
1769 3905 1981 3974 absque
2031 3923 2128 3959 no-

432 3989 553 4042 titia
586 3989 730 4040 sedis
756 3989 1079 4058 apostolica:
1108 4006 1305 4043 rursus
1337 3991 1665 4055 admiserat,
1702 3991 1966 4042 Basilisco
2011 3991 2127 4044 im-

433 4082 690 4146 peratore
726 4077 996 4128 basretico
1030 4079 1087 4128 in
1138 4077 1242 4129 hac
1300 4077 1619 4130 facinorosa
1675 4079 2127 4147 prtesumptione

431 4163 843 4216 consentiente.
893 4165 996 4216 Pro
1035 4180 1148 4232 qua
1202 4166 1610 4233 praesumptiva
1639 4172 1922 4234 potestate
1974 4167 2128 4220 idem

430 4267 580 4319 papa
624 4252 877 4303 tielasius
923 4252 987 4303 ad
1048 4252 1406 4303 Anastasium
1455 4253 1858 4322 imperatorem
1893 4253 2125 4306 mirabi-

430 4340 542 4390 lem
583 4337 786 4390 direxit
836 4339 1156 4406 epistolam,
1192 4345 1251 4391 ut
1283 4339 1521 4409 indigne
1552 4349 1825 4410 usurpata
1872 4347 2119 4411 potestas

431 4426 861 4493 reprimeretur,
894 4430 950 4479 et
987 4437 1194 4480 sanctae
1227 4429 1499 4482 Romanae
1543 4429 1803 4482 Ecclesiae
1833 4430 2123 4500 singulare

430 4513 793 4582 privilegium
821 4515 991 4568 totius
1025 4515 1374 4586 principatus
1417 4517 1634 4571 illibate
1694 4527 2126 4573 conservaretur

429 4601 544 4666 (Ad
571 4602 833 4656 Anastas.
866 4607 998 4672 imp.
1024 4609 1181 4672 epist.
1207 4607 1261 4670 8,
1293 4605 1463 4671 init.).
1501 4607 1629 4660 Haec
1661 4613 1857 4660 autem
1889 4607 2126 4677 epistola

429 4691 507 4743 ita
542 4690 778 4759 incipit:
819 4713 836 4740 ι
881 4691 1100 4746 Famuli
1145 4699 1344 4747 vestrae
1386 4695 1634 4764 pietatis,
1685 4695 1788 4748 lilii
1823 4696 1953 4760 mei,
1991 4695 2127 4748 Fau-

431 4788 549 4832 stus
578 4778 845 4848 magister
897 4786 954 4834 et
984 4781 1253 4846 Irenmus,
1306 4787 1475 4852 atque
1505 4798 1706 4835 eorum
1751 4782 1990 4835 comites
2029 4798 2128 4853 pu-

429 4866 572 4920 blica
632 4868 913 4936 legatione
961 4870 1286 4938 fungentes,
1337 4875 1405 4921 ad
1467 4870 1672 4922 Urbem
1729 4871 1961 4933 reversi,
2016 4871 2127 4923 cle-

430 4957 702 5010 utentiam
763 4963 1006 5010 vestram
1065 4959 1336 5028 quaesisse
1393 4957 1694 5024 dixerunt;
1751 4973 1851 5011 cur
1907 4959 1976 5011 ad
2030 4974 2128 5010 vos

433 5060 577 5098 meae
624 5046 988 5099 salutationis
1035 5047 1247 5116 scripta
1313 5063 1427 5100 non
1481 5047 1759 5111 miserim,
1819 5053 1877 5099 et
1921 5051 2128 5100 caetera

428 5147 609 5202 usque
669 5133 735 5187 ad
783 5135 977 5188 tinem.
1019 5156 1038 5181 ι
1092 5136 1234 5188 Item
1289 5135 1542 5188 Gelasius
1582 5135 1836 5189 reddidit
1880 5133 2128 5187 rationes

427 5222 659 5292 egregie
716 5223 1030 5292 descriptas
1080 5222 1344 5290 (ejusdem
1389 5227 1546 5290 epist.
1608 5226 1689 5284 l3,
1725 5223 1801 5276 ad
1851 5227 2128 5291 episcopos

427 5310 762 5377 Dardaniae),
809 5311 1078 5365 Acacium
1123 5328 1154 5363 ει
1192 5310 1325 5364 sede
1374 5311 1689 5380 apostolica
1733 5317 2131 5381 competenter

430 5398 605 5451 fuisse
655 5399 1018 5467 damnatum,
1066 5415 1196 5469 quas
1237 5399 1490 5452 rationes
1552 5399 1664 5453 tale
1704 5399 1918 5454 habent
1958 5415 2127 5452 exor-

429 5485 587 5538 dium
623 5502 638 5538 :
673 5508 701 5534 ‹‹
727 5488 894 5543 Valde
944 5487 1137 5543 mirati
1198 5503 1418 5552 sumus,
1477 5487 1631 5557 quod
1690 5490 1871 5541 vestra
1899 5486 2128 5542 dilectio

429 5574 594 5643 quasi
626 5590 833 5629 novam
854 5584 912 5630 et
940 5577 1114 5630 veluti
1158 5576 1448 5630 difﬁcilem
1481 5575 1879 5646 quaestionem,
1932 5581 1991 5628 et
2033 5575 2125 5629 ad-

2234 555 2390 604 rans,
2417 545 2474 592 et
2504 540 2723 608 reliqua
2751 555 2930 608 usque
2952 539 3018 592 ad
3048 538 3242 592 ﬁnem.
3272 560 3298 587 »ι
3330 539 3544 594 Rursus
3568 555 3709 609 papa
3750 542 3889 594 Gela-

2233 626 2346 678 sius
2404 627 2473 680 de
2531 626 2733 679 eadem
2789 642 2847 678 re
2883 625 3136 679 reddidit
3187 627 3466 680 rationem
3521 627 3589 678 ad
3629 627 3890 696 episcopos

2234 713 2497 779 Orientis,
2526 731 2736 784 eosque
2765 714 3075 767 admodum
3100 714 3486 784 reprehendit,
3511 729 3684 784 quare
3713 714 3893 768 talibus

2237 802 2779 872 prassumptionibus
2809 818 2926 854 non
2971 803 3437 871 repugnaverint.
3505 804 3680 871 Hujus
3724 804 3892 874 itaque

2233 889 2472 943 rationis
2518 889 2749 942 initium
2798 888 2910 941 tale
2949 893 3034 942 est
3064 888 3326 956 (ejusdem
3354 894 3510 958 epist.
3548 892 3631 942 15.
3665 891 3775 944 Non
3817 906 3894 942 oc-

2234 982 2407 1031 currit
2444 978 2553 1032 hzec
2596 981 2752 1046 epist.
2788 981 2933 1031 inter
2975 977 3130 1046 edit.)
3165 993 3177 1030 :
3212 996 3238 1028 α
3286 979 3432 1042 Quid
3481 993 3618 1047 ergo
3662 977 3751 1030 isti
3779 993 3894 1048 pru-

2235 1067 2432 1121 dentes
2463 1066 2569 1119 viri
2599 1072 2656 1119 et
2683 1066 2902 1135 argutis
2945 1066 3234 1119 mentibus
3279 1065 3453 1120 totius
3502 1065 3784 1135 religionis
3822 1066 3894 1118 in-

2234 1159 2398 1208 terna
2427 1155 2719 1218 rimantes,
2755 1153 2815 1206 in
2843 1153 3092 1208 Orientis
3138 1153 3394 1223 partibus
3431 1154 3738 1219 constituti,
3784 1161 3892 1214 εις..

2236 1265 2415 1318 usque
2454 1249 2523 1302 ad
2573 1248 2743 1302 ﬁnem
2793 1247 3089 1302 sermonis.
3135 1266 3162 1298 υ
3206 1247 3384 1316 Igitur
3429 1248 3752 1318 quicunque
3796 1247 3898 1300 haec

2236 1338 2430 1392 omnia
2451 1353 2554 1407 per
2583 1337 2843 1390 ordinem
2874 1336 3159 1407 relegerit.
3193 1337 3501 1406 apostolica
3526 1336 3686 1390 sedes
3713 1342 3898 1404 quanta

2237 1424 2515 1494 dignitate
2545 1424 2762 1478 cunctis
2793 1440 2893 1494 per
2922 1423 3118 1478 orbem
3165 1425 3421 1479 Ecclesiis
3466 1426 3810 1494 praepolleat,
3855 1429 3900 1475 et

2238 1518 2547 1584 postestate
2579 1513 2651 1566 sit
2693 1511 3057 1576 eminentior,
3113 1513 3410 1583 perspicue
3450 1513 3518 1566 ad
3563 1514 3790 1582 plenum
3829 1529 3900 1564 co-

2236 1615 2510 1670 gnoscere
2529 1599 2757 1669 poterit.

2309 1825 2472 1889 Item,
2522 1823 2994 1878 Commonitorium
3037 1822 3213 1876 sancli
3270 1821 3473 1875 Gelasii
3524 1839 3626 1891 per
3661 1823 3897 1876 Faustum

2239 1911 2572 1978 magistrum
2605 1911 2904 1980 legationis
2939 1910 3126 1964 ofﬁcio
3157 1911 3490 1980 fungentem
3525 1909 3898 1964 Constantino-

2237 1999 2356 2069 poli
2382 2000 2662 2052 directum
2696 1999 2858 2068 (epist
2888 2000 2958 2064 4),
2995 1999 3146 2069 quod
3181 1999 3256 2052 sic
3288 1998 3490 2069 incipit
3525 2016 3537 2052 :
3573 2021 3599 2046 «
3638 1999 3748 2064 Ego
3785 2013 3898 2066 quo.

2236 2104 2347 2158 que
2384 2093 2572 2141 mente
2604 2088 2831 2157 percepi
2873 2087 3097 2141 Grmcos
3126 2087 3183 2139 in
3211 2103 3313 2139 sua
3347 2086 3734 2140 obstinatione
3761 2101 3895 2138 nian-

2236 2193 2417 2241 suros,
2453 2192 2523 2228 ne
2556 2175 2647 2228 cui
2680 2175 2834 2227 velut
2877 2173 3230 2244 insperatum
3288 2174 3463 2226 videri
3512 2178 3724 2243 potest,
3766 2170 3893 2242 quod

2236 2270 2321 2318 est
2353 2266 2408 2318 in
2441 2271 2572 2319 ante
2603 2264 3042 2336 praacognitum,
3075 2283 3102 2312 ι)
3140 2267 3268 2326 etc.,
3298 2278 3467 2328 usque
3495 2263 3571 2315 ad
3605 2265 3781 2332 ﬁnem.

2875 2379 3002 2434 CAP.
3045 2377 3289 2434 CXCVII.

2311 2497 2372 2549 In
2401 2495 2508 2548 hoc
2537 2494 2973 2548 commonitorio
3001 2493 3152 2546 inter
3182 2499 3383 2546 caetera
3405 2493 3483 2544 sic
3515 2493 3652 2545 dicit
3683 2508 3695 2544 :
3723 2511 3748 2542 α
3769 2491 3900 2555 Quod

2237 2585 2284 2636 si
2319 2584 2560 2638 dicunt:
2613 2586 2928 2653 Imperator
2985 2583 3092 2634 hoc
3137 2581 3288 2645 fecit,
3333 2583 3438 2633 hoc
3476 2581 3663 2648 ipsum
3721 2579 3901 2650 quibus

2236 2671 2571 2736 cauouibus,
2610 2672 2820 2740 quibus
2859 2671 3070 2738 regulis
3110 2676 3192 2722 est
3222 2668 3613 2739 praeceptum?
3646 2669 3757 2722 Cur
3796 2667 3902 2720 huic

2235 2764 2352 2811 tam
2385 2774 2558 2827 pravo
2609 2759 2754 2810 facto
2810 2761 3095 2810 consensit
3143 2759 3400 2822 Aeacius,
3449 2773 3579 2809 cum
3626 2757 3903 2809 auctoritas

2236 2846 2426 2898 divina
2459 2846 2608 2898 dicat
2641 2863 2654 2899 :
2688 2848 2805 2899 Non
2834 2847 3008 2898 solum
3038 2849 3133 2910 qui
3189 2848 3404 2911 Γαθέαιιί
3431 2861 3606 2913 pi'aoa
3655 2860 3788 2903 reos,
3828 2842 3904 2895 sed

2238 2939 2288 2986 et
2318 2937 2411 2998 qui
2450 2937 2794 2985 consentiunt
2849 2933 3175 2997 facientibus
3199 2937 3226 2986 γ
3266 2935 3445 2997 (Rom.
3502 2932 3563 3000 ι.)
3593 2933 3805 2995 Quibus
3830 2946 3904 2982 ca-

2168 3031 2208 3085 (ζ
2242 3022 2505 3084 nonibus,
2541 3021 2748 3091 quibus
2776 3021 2987 3089 regulis
3021 3022 3338 3074 Kalendion
3379 3022 3640 3074 exclusus
3687 3027 3792 3086 est,
3833 3018 3901 3070 vel

2239 3109 2404 3178 primi
2439 3108 2669 3160 urbium
2696 3107 3051 3160 diversarum
3103 3109 3370 3160 catholici
3411 3107 3773 3160 sacerdotes?
3801 3108 3900 3169 Qua

2238 3196 2541 3248 traditione
2576 3195 2858 3264 majorum
2909 3195 3278 3263 apostolicam
3313 3196 3507 3248 sedem
3562 3195 3619 3247 iu
3648 3194 3900 3264 judicium

2239 3284 2474 3338 vocant?
2506 3290 2590 3336 An
2621 3284 2880 3335 secundae
2913 3284 3062 3336 sedis
3093 3273 3374 3336 antistites
3406 3292 3464 3336 et
3509 3284 3710 3348 tertiae,
3758 3289 3897 3335 caete-

2238 3374 2398 3443 rique
2426 3374 2570 3425 bene
2603 3373 2713 3425 Sibi
2735 3373 2945 3424 conscii
2983 3373 3302 3425 sacerdotes
3331 3372 3541 3441 depelli
3581 3375 3898 3432 debuerunt,

2236 3467 2291 3513 et
2315 3462 2409 3530 qui
2443 3461 2656 3513 exstitit
2678 3458 2968 3528 religionis
3000 3459 3285 3524 inimicus,
3312 3459 3524 3527 depelli
3555 3474 3667 3511 non
3695 3454 3899 3510 debuit?

2241 3549 2474 3600 Videant
2492 3563 2627 3617 ergo
2663 3548 2709 3599 si
2733 3547 2875 3598 alios
2906 3547 3078 3601 habet
3106 3562 3354 3599 canones
3399 3547 3610 3617 quibus
3666 3563 3790 3598 suas
3825 3544 3898 3596 in-

2234 3637 2417 3706 eptias
2469 3639 2877 3705 exsequantur,
2939 3635 3221 3689 Caeterum
3284 3635 3376 3688 isti
3440 3636 3542 3706 qui
3593 3635 3750 3693 sacri,
3817 3630 3897 3701 qui

2233 3723 2616 3788 ecclesiastici,
2680 3723 2780 3793 qui
2833 3723 3072 3792 legitimi
3129 3723 3509 3789 celebrantur,
3577 3739 3691 3776 non
3739 3722 3898 3774 solum

2234 3813 2425 3866 sedem
2457 3813 2823 3881 apostolicam
2856 3812 2925 3864 ad
2951 3811 3233 3881 judicium
3265 3827 3466 3866 vocare
3494 3828 3612 3866 non
3645 3816 3892 3882 possunt:

2236 3907 2289 3954 et
2324 3900 2976 3969 Constantinopolitanae
3023 3901 3324 3972 episcopus
3369 3900 3632 3965 civitatis,
3668 3915 3782 3970 qua:
3803 3898 3898 3950 uti-

2236 4005 2348 4059 que
2384 4006 2484 4059 per
2510 4005 2757 4042 canones
2789 3990 2938 4042 inter
2968 3989 3129 4042 sedes
3167 3989 3389 4042 nullum
3433 4005 3646 4042 nomen
3693 3985 3894 4054 accepit.

2237 4079 2293 4131 in
2351 4079 2817 4132 communionem
2868 4077 3124 4131 recidens
3156 4078 3532 4148 perﬁdorum,
3585 4093 3698 4130 non
3732 4073 3901 4128 debuit

2237 4166 2600 4219 submoveri?
2628 4168 2713 4218 An
2757 4165 2857 4235 qui
2894 4165 3118 4218 homini
3143 4167 3417 4219 mentitus
3444 4167 3656 4219 dicitur
3684 4165 3901 4232 impera-

2239 4255 2369 4316 tori,
2403 4260 2460 4308 et
2481 4255 2579 4325 qui
2610 4255 3018 4324 imperatorem
3055 4255 3258 4308 laesisse
3289 4255 3686 4324 perhibentur,
3718 4249 3899 4320 depelli

2167 4325 2210 4378 θ
2239 4343 2578 4407 debuerunt,
2614 4349 2670 4397 et
2703 4344 2761 4396 in
2784 4345 2963 4397 Deum
2993 4344 3094 4414 qui
3127 4359 3386 4397 summus
3416 4351 3470 4396 et
3502 4359 3666 4396 verus
3705 4348 3782 4395 est
3813 4339 3898 4392 im-

2235 4436 2484 4502 perator,
2529 4432 2795 4486 Acacium
2827 4432 3278 4502 delinquentcm,
3333 4433 3730 4501 sinceramque
3758 4442 3896 4481 com—

2237 4521 2571 4574 munionem
2605 4520 2785 4574 divini
2819 4520 3159 4574 sacramenti
3186 4521 3511 4574 studentem
3540 4524 3768 4573 miscere
3788 4529 3895 4569 cum

2235 4608 2485 4680 perfidis,
2538 4611 2852 4663 secundum
2899 4609 3181 4680 synodum
3231 4626 3346 4679 qua
3378 4609 3500 4663 hac
3542 4616 3627 4664 est
3662 4609 3896 4663 damnata

2236 4698 2476 4768 perfidia
2519 4714 2632 4751 non
2677 4699 2976 4768 oportebat
3022 4698 3284 4752 excludi?
3321 4699 3452 4762 Sed,
3499 4698 3678 4752 velint
3718 4694 3891 4750 nolint.

2237 4786 2647 4858 ipsiusjudicio
2678 4788 2916 4857 antiqua
2938 4803 3224 4841 canonum
3257 4789 3563 4842 constituta
3585 4787 3891 4840 ﬁrmantur:

2234 4876 2330 4930 sed
2362 4875 2615 4944 religiosi
2644 4875 2753 4928 viri
2799 4881 2970 4946 atque
3023 4876 3259 4946 perfecti
3319 4877 3635 4930 secundum
3681 4883 3892 4929 canones

2235 4980 2558 5018 concessam
2600 4964 2722 5018 sedi
2751 4964 3077 5035 apostolicae
3127 4970 3465 5033 potestatem
3507 4965 3772 5019 nimirum
3819 4974 3893 5011 c0-

2239 5057 2450 5106 nantur
2501 5051 2744 5122 eripere,
2819 5057 2875 5106 et
2920 5051 3150 5106 sibimet
3228 5069 3355 5106 eam
3425 5060 3628 5107 contra
3682 5060 3894 5105 canones

2238 5156 2514 5210 usurpare
2542 5140 2918 5195 contendunt.
2945 5163 2972 5190 ιο

2866 5283 2991 5337 CAP.
3036 5282 3305 5338 CXCVIII.

2310 5398 2452 5451 Item
2475 5397 2537 5450 in
2561 5396 2806 5467 epistola
2835 5397 2905 5452 ad
2925 5399 3288 5453 Anastasium
3310 5399 3716 5470 imperatorem
3742 5396 3893 5466 {epist-

2238 5486 2316 5554 8),
2351 5486 2503 5540 inter
2532 5492 2740 5540 caetera
2781 5487 2859 5539 sic
2911 5487 3086 5541 dicit:
3141 5509 3164 5536 ι
3213 5488 3557 5559 Apostolicae
3608 5501 3737 5539 Vero
3771 5479 3894 5535 sedis

2239 5575 2567 5641 auctoritas,
2619 5576 2768 5647 quod
2820 5577 3039 5630 cunctis
3089 5577 3312 5631 saeculis
3357 5575 3695 5631 Christianis
3728 5571 3894 5626 Eccle—
