  <div class='ocr_page' id='page_1' title='image "/cluster/home/n/w/nwhite01/storage/ocr_20150623/121/hvd.32044054759832/382.png"; bbox 0 0 4044 6174; ppageno 0'>
   <div class='ocr_carea' id='block_1_1' title="bbox 176 241 3673 312">
    <p class='ocr_par' dir='ltr' id='par_1_1' title="bbox 176 241 3673 312">
     <span class='ocr_line' id='line_1_1' title="bbox 176 241 3673 312; baseline 0.007 -23"><span class='ocrx_word' id='word_1_1' title='bbox 176 241 278 291; x_wconf 82' lang='grc'>753</span> <span class='ocrx_word' id='word_1_2' title='bbox 1439 245 1653 301; x_wconf 85' lang='lat' dir='ltr'><strong>LIBER</strong></span> <span class='ocrx_word' id='word_1_3' title='bbox 1690 247 2057 301; x_wconf 81' lang='lat' dir='ltr'>ADVERSUS</span> <span class='ocrx_word' id='word_1_4' title='bbox 2095 247 2402 305; x_wconf 66' lang='lat' dir='ltr'>GRAECOS.</span> <span class='ocrx_word' id='word_1_5' title='bbox 3573 260 3673 312; x_wconf 58' lang='lat' dir='ltr'>723’s</span> 
     </span>
    </p>
   </div>
   <div class='ocr_carea' id='block_1_2' title="bbox 170 370 3673 463">
    <p class='ocr_par' dir='ltr' id='par_1_2' title="bbox 170 370 3673 463">
     <span class='ocr_line' id='line_1_2' title="bbox 170 370 3673 463; baseline 0.007 -39"><span class='ocrx_word' id='word_1_6' title='bbox 170 370 266 424; x_wconf 71' lang='lat' dir='ltr'>site</span> <span class='ocrx_word' id='word_1_7' title='bbox 294 372 529 440; x_wconf 64' lang='lat' dir='ltr'>prmlata</span> <span class='ocrx_word' id='word_1_8' title='bbox 557 374 629 426; x_wconf 91' lang='lat' dir='ltr'>sit</span> <span class='ocrx_word' id='word_1_9' title='bbox 658 375 957 438; x_wconf 71' lang='lat' dir='ltr'>universas,</span> <span class='ocrx_word' id='word_1_10' title='bbox 1003 382 1057 428; x_wconf 88' lang='lat' dir='ltr'>et</span> <span class='ocrx_word' id='word_1_11' title='bbox 1088 393 1371 432; x_wconf 88' lang='lat' dir='ltr'>canonum</span> <span class='ocrx_word' id='word_1_12' title='bbox 1406 380 1551 434; x_wconf 87' lang='lat' dir='ltr'>serie</span> <span class='ocrx_word' id='word_1_13' title='bbox 1595 386 1862 451; x_wconf 86' lang='lat' dir='ltr'>paterno-</span> <span class='ocrx_word' id='word_1_14' title='bbox 1903 385 1947 436; x_wconf 87' lang='lat' dir='ltr'><strong>A</strong></span> <span class='ocrx_word' id='word_1_15' title='bbox 1980 383 2381 452; x_wconf 73' lang='lat' dir='ltr'>Mediolanum,</span> <span class='ocrx_word' id='word_1_16' title='bbox 2416 388 2569 456; x_wconf 85' lang='lat' dir='ltr'>apud</span> <span class='ocrx_word' id='word_1_17' title='bbox 2604 389 2950 455; x_wconf 77' lang='lat' dir='ltr'><strong>Ravennam,</strong></span> <span class='ocrx_word' id='word_1_18' title='bbox 2977 392 3127 460; x_wconf 89' lang='lat' dir='ltr'>apud</span> <span class='ocrx_word' id='word_1_19' title='bbox 3176 391 3472 460; x_wconf 81' lang='lat' dir='ltr'>Sirmium,</span> <span class='ocrx_word' id='word_1_20' title='bbox 3522 395 3673 463; x_wconf 87' lang='lat' dir='ltr'>apud</span> 
     </span>
    </p>
   </div>
   <div class='ocr_carea' id='block_1_3' title="bbox 170 463 1868 540">
    <p class='ocr_par' dir='ltr' id='par_1_3' title="bbox 170 463 1868 540">
     <span class='ocr_line' id='line_1_3' title="bbox 170 463 1868 540; baseline 0.006 -28"><span class='ocrx_word' id='word_1_21' title='bbox 170 476 322 522; x_wconf 90' lang='lat' dir='ltr'>rum,</span> <span class='ocrx_word' id='word_1_22' title='bbox 355 466 410 513; x_wconf 90' lang='lat' dir='ltr'>et</span> <span class='ocrx_word' id='word_1_23' title='bbox 462 463 766 531; x_wconf 80' lang='lat' dir='ltr'>multiplici</span> <span class='ocrx_word' id='word_1_24' title='bbox 806 465 1113 518; x_wconf 89' lang='lat' dir='ltr'>traditione</span> <span class='ocrx_word' id='word_1_25' title='bbox 1156 466 1440 531; x_wconf 75' lang='lat' dir='ltr'>firmatur,</span> <span class='ocrx_word' id='word_1_26' title='bbox 1482 492 1501 515; x_wconf 67' lang='grc' dir='ltr'><strong>ι</strong></span> <span class='ocrx_word' id='word_1_27' title='bbox 1540 474 1645 522; x_wconf 89' lang='lat' dir='ltr'>etc.</span> <span class='ocrx_word' id='word_1_28' title='bbox 1698 486 1868 540; x_wconf 87' lang='lat' dir='ltr'>usque</span> 
     </span>
    </p>
   </div>
   <div class='ocr_carea' id='block_1_4' title="bbox 167 548 781 618">
    <p class='ocr_par' dir='ltr' id='par_1_4' title="bbox 167 548 781 618">
     <span class='ocr_line' id='line_1_4' title="bbox 167 548 781 618; baseline 0.005 -18"><span class='ocrx_word' id='word_1_29' title='bbox 167 548 263 613; x_wconf 81' lang='lat' dir='ltr'>ad,</span> <span class='ocrx_word' id='word_1_30' title='bbox 298 556 464 618; x_wconf 89' lang='lat' dir='ltr'>putas</span> <span class='ocrx_word' id='word_1_31' title='bbox 488 551 781 605; x_wconf 74' lang='lat' dir='ltr'>interesse.</span> 
     </span>
    </p>
   </div>
   <div class='ocr_carea' id='block_1_5' title="bbox 828 658 1201 714">
    <p class='ocr_par' dir='ltr' id='par_1_5' title="bbox 828 658 1201 714">
     <span class='ocr_line' id='line_1_5' title="bbox 828 658 1201 714; baseline 0.005 -2"><span class='ocrx_word' id='word_1_32' title='bbox 828 658 956 712; x_wconf 78' lang='lat' dir='ltr'>CAP.</span> <span class='ocrx_word' id='word_1_33' title='bbox 988 660 1201 714; x_wconf 81' lang='lat' dir='ltr'>CXCIX.</span> 
     </span>
    </p>
   </div>
   <div class='ocr_carea' id='block_1_6' title="bbox 242 780 1871 855">
    <p class='ocr_par' dir='ltr' id='par_1_6' title="bbox 242 780 1871 855">
     <span class='ocr_line' id='line_1_6' title="bbox 242 780 1871 855; baseline 0.004 -21"><span class='ocrx_word' id='word_1_34' title='bbox 242 781 384 834; x_wconf 92' lang='lat' dir='ltr'>Item</span> <span class='ocrx_word' id='word_1_35' title='bbox 427 780 484 833; x_wconf 92' lang='lat' dir='ltr'>in</span> <span class='ocrx_word' id='word_1_36' title='bbox 526 781 764 834; x_wconf 72' lang='lat' dir='ltr'>redditis</span> <span class='ocrx_word' id='word_1_37' title='bbox 811 782 1126 836; x_wconf 80' lang='lat' dir='ltr'>rationibus</span> <span class='ocrx_word' id='word_1_38' title='bbox 1167 784 1316 837; x_wconf 89' lang='lat' dir='ltr'>inter</span> <span class='ocrx_word' id='word_1_39' title='bbox 1366 792 1569 855; x_wconf 51' lang='lat' dir='ltr'>uetera</span> <span class='ocrx_word' id='word_1_40' title='bbox 1616 788 1693 839; x_wconf 92' lang='lat' dir='ltr'>sic</span> <span class='ocrx_word' id='word_1_41' title='bbox 1734 788 1871 841; x_wconf 90' lang='lat' dir='ltr'>dicit</span> 
     </span>
    </p>
   </div>
   <div class='ocr_carea' id='block_1_7' title="bbox 166 870 1863 947">
    <p class='ocr_par' dir='ltr' id='par_1_7' title="bbox 166 870 1863 947">
     <span class='ocr_line' id='line_1_7' title="bbox 166 870 1863 947; baseline 0.005 -26"><span class='ocrx_word' id='word_1_42' title='bbox 166 870 370 939; x_wconf 72' lang='lat' dir='ltr'>(Epist.</span> <span class='ocrx_word' id='word_1_43' title='bbox 410 872 490 934; x_wconf 85' lang='lat' dir='ltr'>l3,</span> <span class='ocrx_word' id='word_1_44' title='bbox 538 870 610 922; x_wconf 75' lang='lat' dir='ltr'>ad</span> <span class='ocrx_word' id='word_1_45' title='bbox 636 871 981 941; x_wconf 78' lang='lat' dir='ltr'>Dardanos):</span> <span class='ocrx_word' id='word_1_46' title='bbox 1019 894 1045 919; x_wconf 90' lang='grc'>‹‹</span> <span class='ocrx_word' id='word_1_47' title='bbox 1082 873 1191 925; x_wconf 89' lang='lat' dir='ltr'>Nec</span> <span class='ocrx_word' id='word_1_48' title='bbox 1224 873 1395 942; x_wconf 80' lang='lat' dir='ltr'><strong>plane</strong></span> <span class='ocrx_word' id='word_1_49' title='bbox 1427 879 1679 928; x_wconf 87' lang='lat' dir='ltr'>tacemus</span> <span class='ocrx_word' id='word_1_50' title='bbox 1712 877 1863 947; x_wconf 91' lang='lat' dir='ltr'>quod</span> 
     </span>
    </p>
   </div>
   <div class='ocr_carea' id='block_1_8' title="bbox 163 960 1864 1035">
    <p class='ocr_par' dir='ltr' id='par_1_8' title="bbox 163 960 1864 1035">
     <span class='ocr_line' id='line_1_8' title="bbox 163 960 1864 1035; baseline 0.005 -26"><span class='ocrx_word' id='word_1_51' title='bbox 163 963 369 1010; x_wconf 87' lang='lat' dir='ltr'>cuncta</span> <span class='ocrx_word' id='word_1_52' title='bbox 400 973 503 1028; x_wconf 90' lang='lat' dir='ltr'>per</span> <span class='ocrx_word' id='word_1_53' title='bbox 546 960 824 1012; x_wconf 78' lang='lat' dir='ltr'>mundum</span> <span class='ocrx_word' id='word_1_54' title='bbox 878 961 1035 1014; x_wconf 84' lang='lat' dir='ltr'>novit</span> <span class='ocrx_word' id='word_1_55' title='bbox 1088 962 1369 1028; x_wconf 79' lang='lat' dir='ltr'>Ecclesia;</span> <span class='ocrx_word' id='word_1_56' title='bbox 1410 965 1684 1033; x_wconf 92' lang='lat' dir='ltr'>quoniam</span> <span class='ocrx_word' id='word_1_57' title='bbox 1725 981 1864 1035; x_wconf 88' lang='lat' dir='ltr'>quo-</span> 
     </span>
    </p>
   </div>
   <div class='ocr_carea' id='block_1_9' title="bbox 163 1048 1865 1119">
    <p class='ocr_par' dir='ltr' id='par_1_9' title="bbox 163 1048 1865 1119">
     <span class='ocr_line' id='line_1_9' title="bbox 163 1048 1865 1119; baseline 0.004 -20"><span class='ocrx_word' id='word_1_58' title='bbox 163 1048 439 1099; x_wconf 88' lang='lat' dir='ltr'>rumlibet</span> <span class='ocrx_word' id='word_1_59' title='bbox 487 1048 1068 1118; x_wconf 80' lang='lat' dir='ltr'>sententiis,ligatum</span> <span class='ocrx_word' id='word_1_60' title='bbox 1123 1051 1450 1119; x_wconf 78' lang='lat' dir='ltr'>pontificem</span> <span class='ocrx_word' id='word_1_61' title='bbox 1496 1054 1657 1106; x_wconf 86' lang='lat' dir='ltr'>sedes</span> <span class='ocrx_word' id='word_1_62' title='bbox 1716 1053 1865 1106; x_wconf 86' lang='lat' dir='ltr'>beati</span> 
     </span>
    </p>
   </div>
   <div class='ocr_carea' id='block_1_10' title="bbox 164 1134 1863 1209">
    <p class='ocr_par' dir='ltr' id='par_1_10' title="bbox 164 1134 1863 1209">
     <span class='ocr_line' id='line_1_10' title="bbox 164 1134 1863 1209; baseline 0.003 -20"><span class='ocrx_word' id='word_1_63' title='bbox 164 1134 317 1189; x_wconf 84' lang='lat' dir='ltr'>Petri</span> <span class='ocrx_word' id='word_1_64' title='bbox 351 1136 593 1204; x_wconf 77' lang='lat' dir='ltr'>apostoli</span> <span class='ocrx_word' id='word_1_65' title='bbox 623 1136 714 1203; x_wconf 90' lang='lat' dir='ltr'>jus</span> <span class='ocrx_word' id='word_1_66' title='bbox 744 1135 949 1189; x_wconf 83' lang='lat' dir='ltr'>habeat</span> <span class='ocrx_word' id='word_1_67' title='bbox 975 1138 1195 1201; x_wconf 89' lang='lat' dir='ltr'>resolvi,</span> <span class='ocrx_word' id='word_1_68' title='bbox 1224 1144 1440 1207; x_wconf 89' lang='lat' dir='ltr'>utpote</span> <span class='ocrx_word' id='word_1_69' title='bbox 1462 1157 1591 1209; x_wconf 65' lang='lat' dir='ltr'>quae</span> <span class='ocrx_word' id='word_1_70' title='bbox 1614 1141 1681 1194; x_wconf 89' lang='lat' dir='ltr'>de</span> <span class='ocrx_word' id='word_1_71' title='bbox 1707 1142 1863 1194; x_wconf 88' lang='lat' dir='ltr'>omni</span> 
     </span>
    </p>
   </div>
   <div class='ocr_carea' id='block_1_11' title="bbox 162 1224 1863 1299">
    <p class='ocr_par' dir='ltr' id='par_1_11' title="bbox 162 1224 1863 1299">
     <span class='ocr_line' id='line_1_11' title="bbox 162 1224 1863 1299; baseline 0.001 -22"><span class='ocrx_word' id='word_1_72' title='bbox 162 1224 410 1277; x_wconf 84' lang='lat' dir='ltr'>Ecclesia</span> <span class='ocrx_word' id='word_1_73' title='bbox 443 1224 522 1277; x_wconf 85' lang='lat' dir='ltr'>fas</span> <span class='ocrx_word' id='word_1_74' title='bbox 554 1224 760 1277; x_wconf 77' lang='lat' dir='ltr'>haheat</span> <span class='ocrx_word' id='word_1_75' title='bbox 784 1226 1101 1295; x_wconf 86' lang='lat' dir='ltr'>judicandi,</span> <span class='ocrx_word' id='word_1_76' title='bbox 1141 1242 1327 1297; x_wconf 88' lang='lat' dir='ltr'>neque</span> <span class='ocrx_word' id='word_1_77' title='bbox 1360 1229 1625 1299; x_wconf 84' lang='lat' dir='ltr'>cuiquam</span> <span class='ocrx_word' id='word_1_78' title='bbox 1650 1231 1717 1283; x_wconf 91' lang='lat' dir='ltr'>de</span> <span class='ocrx_word' id='word_1_79' title='bbox 1742 1232 1863 1299; x_wconf 81' lang='lat' dir='ltr'>ejus</span> 
     </span>
    </p>
   </div>
   <div class='ocr_carea' id='block_1_12' title="bbox 160 1312 1865 1389">
    <p class='ocr_par' dir='ltr' id='par_1_12' title="bbox 160 1312 1865 1389">
     <span class='ocr_line' id='line_1_12' title="bbox 160 1312 1865 1389; baseline 0.004 -24"><span class='ocrx_word' id='word_1_80' title='bbox 160 1312 324 1365; x_wconf 88' lang='lat' dir='ltr'>liceat</span> <span class='ocrx_word' id='word_1_81' title='bbox 349 1313 611 1383; x_wconf 78' lang='lat' dir='ltr'>judicare</span> <span class='ocrx_word' id='word_1_82' title='bbox 635 1314 873 1382; x_wconf 90' lang='lat' dir='ltr'>judicio.</span> <span class='ocrx_word' id='word_1_83' title='bbox 908 1315 1199 1385; x_wconf 85' lang='lat' dir='ltr'>Siquidem</span> <span class='ocrx_word' id='word_1_84' title='bbox 1232 1318 1297 1370; x_wconf 88' lang='lat' dir='ltr'>ad</span> <span class='ocrx_word' id='word_1_85' title='bbox 1334 1319 1488 1371; x_wconf 86' lang='lat' dir='ltr'>illam</span> <span class='ocrx_word' id='word_1_86' title='bbox 1520 1320 1587 1372; x_wconf 91' lang='lat' dir='ltr'>de</span> <span class='ocrx_word' id='word_1_87' title='bbox 1612 1321 1865 1389; x_wconf 87' lang='lat' dir='ltr'>qualibet</span> 
     </span>
    </p>
   </div>
   <div class='ocr_carea' id='block_1_13' title="bbox 158 1402 1859 1473">
    <p class='ocr_par' dir='ltr' id='par_1_13' title="bbox 158 1402 1859 1473">
     <span class='ocr_line' id='line_1_13' title="bbox 158 1402 1859 1473; baseline 0.004 -19"><span class='ocrx_word' id='word_1_88' title='bbox 158 1402 361 1454; x_wconf 87' lang='lat' dir='ltr'>mundi</span> <span class='ocrx_word' id='word_1_89' title='bbox 392 1409 551 1471; x_wconf 85' lang='lat' dir='ltr'>parte</span> <span class='ocrx_word' id='word_1_90' title='bbox 584 1419 829 1455; x_wconf 81' lang='lat' dir='ltr'>canones</span> <span class='ocrx_word' id='word_1_91' title='bbox 862 1405 1137 1473; x_wconf 73' lang='lat' dir='ltr'>appellari</span> <span class='ocrx_word' id='word_1_92' title='bbox 1188 1408 1492 1471; x_wconf 86' lang='lat' dir='ltr'>voluerint,</span> <span class='ocrx_word' id='word_1_93' title='bbox 1528 1408 1596 1459; x_wconf 81' lang='lat' dir='ltr'>ab</span> <span class='ocrx_word' id='word_1_94' title='bbox 1636 1408 1729 1460; x_wconf 80' lang='lat' dir='ltr'>illa</span> <span class='ocrx_word' id='word_1_95' title='bbox 1762 1425 1859 1461; x_wconf 82' lang='lat' dir='ltr'>au-</span> 
     </span>
    </p>
   </div>
   <div class='ocr_carea' id='block_1_14' title="bbox 158 1491 1864 1565">
    <p class='ocr_par' dir='ltr' id='par_1_14' title="bbox 158 1491 1864 1565">
     <span class='ocr_line' id='line_1_14' title="bbox 158 1491 1864 1565; baseline 0.004 -22"><span class='ocrx_word' id='word_1_96' title='bbox 158 1494 271 1543; x_wconf 89' lang='lat' dir='ltr'>tem</span> <span class='ocrx_word' id='word_1_97' title='bbox 305 1506 480 1543; x_wconf 91' lang='lat' dir='ltr'>nemo</span> <span class='ocrx_word' id='word_1_98' title='bbox 516 1491 583 1543; x_wconf 73' lang='lat' dir='ltr'>sit</span> <span class='ocrx_word' id='word_1_99' title='bbox 634 1493 921 1560; x_wconf 85' lang='lat' dir='ltr'>appellare</span> <span class='ocrx_word' id='word_1_100' title='bbox 960 1494 1289 1563; x_wconf 85' lang='lat' dir='ltr'>permissus.</span> <span class='ocrx_word' id='word_1_101' title='bbox 1344 1496 1698 1565; x_wconf 77' lang='lat' dir='ltr'>Quapropter</span> <span class='ocrx_word' id='word_1_102' title='bbox 1733 1498 1864 1550; x_wconf 66' lang='lat' dir='ltr'>satis</span> 
     </span>
    </p>
   </div>
   <div class='ocr_carea' id='block_1_15' title="bbox 157 1581 1862 1653">
    <p class='ocr_par' dir='ltr' id='par_1_15' title="bbox 157 1581 1862 1653">
     <span class='ocr_line' id='line_1_15' title="bbox 157 1581 1862 1653; baseline 0.003 -21"><span class='ocrx_word' id='word_1_103' title='bbox 157 1584 383 1632; x_wconf 87' lang='lat' dir='ltr'>constat</span> <span class='ocrx_word' id='word_1_104' title='bbox 427 1581 695 1633; x_wconf 81' lang='lat' dir='ltr'>Acacium</span> <span class='ocrx_word' id='word_1_105' title='bbox 742 1582 956 1633; x_wconf 91' lang='lat' dir='ltr'>nullam</span> <span class='ocrx_word' id='word_1_106' title='bbox 1011 1583 1279 1635; x_wconf 73' lang='lat' dir='ltr'>habuisse</span> <span class='ocrx_word' id='word_1_107' title='bbox 1336 1585 1675 1653; x_wconf 85' lang='lat' dir='ltr'>pontiticum</span> <span class='ocrx_word' id='word_1_108' title='bbox 1728 1602 1862 1637; x_wconf 84' lang='lat' dir='ltr'>sen-</span> 
     </span>
    </p>
   </div>
   <div class='ocr_carea' id='block_1_16' title="bbox 160 1665 1942 1739">
    <p class='ocr_par' dir='ltr' id='par_1_16' title="bbox 160 1665 1942 1739">
     <span class='ocr_line' id='line_1_16' title="bbox 160 1665 1942 1739; baseline 0.004 -20"><span class='ocrx_word' id='word_1_109' title='bbox 160 1667 401 1720; x_wconf 88' lang='lat' dir='ltr'>tentiam</span> <span class='ocrx_word' id='word_1_110' title='bbox 436 1669 585 1720; x_wconf 85' lang='lat' dir='ltr'>sedis</span> <span class='ocrx_word' id='word_1_111' title='bbox 619 1670 965 1737; x_wconf 64' lang='lat' dir='ltr'>apostolicae,</span> <span class='ocrx_word' id='word_1_112' title='bbox 1003 1672 1122 1722; x_wconf 91' lang='lat' dir='ltr'>sine</span> <span class='ocrx_word' id='word_1_113' title='bbox 1171 1672 1284 1724; x_wconf 91' lang='lat' dir='ltr'>ulla</span> <span class='ocrx_word' id='word_1_114' title='bbox 1325 1674 1446 1739; x_wconf 79' lang='lat' dir='ltr'>ejus</span> <span class='ocrx_word' id='word_1_115' title='bbox 1486 1674 1720 1726; x_wconf 89' lang='lat' dir='ltr'>notione</span> <span class='ocrx_word' id='word_1_116' title='bbox 1751 1676 1860 1727; x_wconf 89' lang='lat' dir='ltr'>sol-</span> <span class='ocrx_word' id='word_1_117' title='bbox 1904 1665 1942 1717; x_wconf 83' lang='grc' dir='ltr'>Β</span> 
     </span>
    </p>
   </div>
   <div class='ocr_carea' id='block_1_17' title="bbox 159 1756 1864 1832">
    <p class='ocr_par' dir='ltr' id='par_1_17' title="bbox 159 1756 1864 1832">
     <span class='ocr_line' id='line_1_17' title="bbox 159 1756 1864 1832; baseline 0.004 -24"><span class='ocrx_word' id='word_1_118' title='bbox 159 1756 331 1809; x_wconf 86' lang='lat' dir='ltr'>vendi</span> <span class='ocrx_word' id='word_1_119' title='bbox 367 1773 381 1809; x_wconf 84' lang='lat'>:</span> <span class='ocrx_word' id='word_1_120' title='bbox 419 1774 530 1826; x_wconf 85' lang='lat' dir='ltr'>qua</span> <span class='ocrx_word' id='word_1_121' title='bbox 564 1763 714 1811; x_wconf 89' lang='lat' dir='ltr'>certe</span> <span class='ocrx_word' id='word_1_122' title='bbox 742 1761 955 1827; x_wconf 76' lang='lat' dir='ltr'>synodo</span> <span class='ocrx_word' id='word_1_123' title='bbox 998 1760 1101 1812; x_wconf 92' lang='lat' dir='ltr'>hoc</span> <span class='ocrx_word' id='word_1_124' title='bbox 1140 1760 1233 1813; x_wconf 91' lang='lat' dir='ltr'>ille</span> <span class='ocrx_word' id='word_1_125' title='bbox 1279 1763 1663 1831; x_wconf 71' lang='lat' dir='ltr'>praesumpsit,</span> <span class='ocrx_word' id='word_1_126' title='bbox 1712 1763 1864 1832; x_wconf 90' lang='lat' dir='ltr'>quod</span> 
     </span>
    </p>
   </div>
   <div class='ocr_carea' id='block_1_18' title="bbox 160 1847 1867 1919">
    <p class='ocr_par' dir='ltr' id='par_1_18' title="bbox 160 1847 1867 1919">
     <span class='ocr_line' id='line_1_18' title="bbox 160 1847 1867 1919; baseline 0.004 -21"><span class='ocrx_word' id='word_1_127' title='bbox 160 1861 262 1898; x_wconf 86' lang='lat' dir='ltr'>nec</span> <span class='ocrx_word' id='word_1_128' title='bbox 289 1847 371 1898; x_wconf 87' lang='lat' dir='ltr'>sic</span> <span class='ocrx_word' id='word_1_129' title='bbox 410 1847 626 1916; x_wconf 77' lang='lat' dir='ltr'>absque</span> <span class='ocrx_word' id='word_1_130' title='bbox 673 1849 982 1917; x_wconf 86' lang='lat' dir='ltr'>apostolica</span> <span class='ocrx_word' id='word_1_131' title='bbox 1029 1849 1159 1901; x_wconf 79' lang='lat' dir='ltr'>sede</span> <span class='ocrx_word' id='word_1_132' title='bbox 1212 1850 1295 1902; x_wconf 86' lang='lat' dir='ltr'>fas</span> <span class='ocrx_word' id='word_1_133' title='bbox 1345 1850 1577 1919; x_wconf 85' lang='lat' dir='ltr'>quidem</span> <span class='ocrx_word' id='word_1_134' title='bbox 1629 1852 1867 1905; x_wconf 82' lang='lat' dir='ltr'>haberet</span> 
     </span>
    </p>
   </div>
   <div class='ocr_carea' id='block_1_19' title="bbox 160 1935 1862 2011">
    <p class='ocr_par' dir='ltr' id='par_1_19' title="bbox 160 1935 1862 2011">
     <span class='ocr_line' id='line_1_19' title="bbox 160 1935 1862 2011; baseline 0.004 -24"><span class='ocrx_word' id='word_1_135' title='bbox 160 1935 427 1989; x_wconf 74' lang='lat' dir='ltr'>efficere?</span> <span class='ocrx_word' id='word_1_136' title='bbox 468 1936 639 2005; x_wconf 86' lang='lat' dir='ltr'>Cujus</span> <span class='ocrx_word' id='word_1_137' title='bbox 678 1937 823 1989; x_wconf 81' lang='lat' dir='ltr'>sedis</span> <span class='ocrx_word' id='word_1_138' title='bbox 862 1938 1205 2006; x_wconf 85' lang='lat' dir='ltr'>episcopus?</span> <span class='ocrx_word' id='word_1_139' title='bbox 1249 1939 1421 2007; x_wconf 87' lang='lat' dir='ltr'>Cujus</span> <span class='ocrx_word' id='word_1_140' title='bbox 1456 1945 1539 1992; x_wconf 90' lang='lat' dir='ltr'>est</span> <span class='ocrx_word' id='word_1_141' title='bbox 1569 1946 1862 2011; x_wconf 85' lang='lat' dir='ltr'>metropo-</span> 
     </span>
    </p>
   </div>
   <div class='ocr_carea' id='block_1_20' title="bbox 158 2024 1860 2096">
    <p class='ocr_par' dir='ltr' id='par_1_20' title="bbox 158 2024 1860 2096">
     <span class='ocr_line' id='line_1_20' title="bbox 158 2024 1860 2096; baseline 0.004 -21"><span class='ocrx_word' id='word_1_142' title='bbox 158 2024 354 2076; x_wconf 75' lang='lat' dir='ltr'>Iitanae</span> <span class='ocrx_word' id='word_1_143' title='bbox 386 2024 629 2076; x_wconf 77' lang='lat' dir='ltr'>civitatis</span> <span class='ocrx_word' id='word_1_144' title='bbox 673 2026 950 2077; x_wconf 78' lang='lat' dir='ltr'>antistes?</span> <span class='ocrx_word' id='word_1_145' title='bbox 990 2042 1182 2077; x_wconf 84' lang='lat' dir='ltr'>nonne</span> <span class='ocrx_word' id='word_1_146' title='bbox 1230 2028 1514 2096; x_wconf 69' lang='lat' dir='ltr'>parochias</span> <span class='ocrx_word' id='word_1_147' title='bbox 1560 2029 1860 2081; x_wconf 77' lang='lat' dir='ltr'>Heracleu-</span> 
     </span>
    </p>
   </div>
   <div class='ocr_carea' id='block_1_21' title="bbox 160 2113 1862 2185">
    <p class='ocr_par' dir='ltr' id='par_1_21' title="bbox 160 2113 1862 2185">
     <span class='ocr_line' id='line_1_21' title="bbox 160 2113 1862 2185; baseline 0.004 -22"><span class='ocrx_word' id='word_1_148' title='bbox 160 2113 233 2163; x_wconf 82' lang='lat' dir='ltr'>sis</span> <span class='ocrx_word' id='word_1_149' title='bbox 263 2113 564 2165; x_wconf 84' lang='lat' dir='ltr'>ecclesiae?</span> <span class='ocrx_word' id='word_1_150' title='bbox 594 2113 681 2167; x_wconf 91' lang='lat' dir='ltr'>Sic</span> <span class='ocrx_word' id='word_1_151' title='bbox 710 2113 792 2165; x_wconf 86' lang='lat' dir='ltr'>illi</span> <span class='ocrx_word' id='word_1_152' title='bbox 836 2119 987 2166; x_wconf 87' lang='lat' dir='ltr'>certe</span> <span class='ocrx_word' id='word_1_153' title='bbox 1032 2114 1190 2167; x_wconf 85' lang='lat' dir='ltr'>licuit</span> <span class='ocrx_word' id='word_1_154' title='bbox 1229 2115 1349 2167; x_wconf 83' lang='lat' dir='ltr'>sine</span> <span class='ocrx_word' id='word_1_155' title='bbox 1390 2116 1605 2185; x_wconf 73' lang='lat' dir='ltr'>synodo</span> <span class='ocrx_word' id='word_1_156' title='bbox 1634 2123 1862 2169; x_wconf 88' lang='lat' dir='ltr'>senten-</span> 
     </span>
    </p>
   </div>
   <div class='ocr_carea' id='block_1_22' title="bbox 160 2199 1861 2273">
    <p class='ocr_par' dir='ltr' id='par_1_22' title="bbox 160 2199 1861 2273">
     <span class='ocr_line' id='line_1_22' title="bbox 160 2199 1861 2273; baseline 0.004 -21"><span class='ocrx_word' id='word_1_157' title='bbox 160 2199 296 2252; x_wconf 90' lang='lat' dir='ltr'>tiam</span> <span class='ocrx_word' id='word_1_158' title='bbox 344 2201 676 2270; x_wconf 69' lang='lat' dir='ltr'>apostolicae</span> <span class='ocrx_word' id='word_1_159' title='bbox 728 2202 877 2254; x_wconf 82' lang='lat' dir='ltr'>sedis</span> <span class='ocrx_word' id='word_1_160' title='bbox 930 2202 1287 2273; x_wconf 75' lang='lat' dir='ltr'>abrumpere,</span> <span class='ocrx_word' id='word_1_161' title='bbox 1333 2204 1488 2256; x_wconf 87' lang='lat' dir='ltr'>nulla</span> <span class='ocrx_word' id='word_1_162' title='bbox 1544 2205 1665 2272; x_wconf 85' lang='lat' dir='ltr'>ejus</span> <span class='ocrx_word' id='word_1_163' title='bbox 1723 2222 1861 2258; x_wconf 91' lang='lat' dir='ltr'>cou-</span> 
     </span>
    </p>
   </div>
   <div class='ocr_carea' id='block_1_23' title="bbox 158 2288 1863 2361">
    <p class='ocr_par' dir='ltr' id='par_1_23' title="bbox 158 2288 1863 2361">
     <span class='ocr_line' id='line_1_23' title="bbox 158 2288 1863 2361; baseline 0.004 -22"><span class='ocrx_word' id='word_1_164' title='bbox 158 2288 470 2341; x_wconf 87' lang='lat' dir='ltr'>sultatione</span> <span class='ocrx_word' id='word_1_165' title='bbox 503 2288 763 2357; x_wconf 72' lang='lat' dir='ltr'>quresita,</span> <span class='ocrx_word' id='word_1_166' title='bbox 792 2289 944 2342; x_wconf 86' lang='lat' dir='ltr'>itane</span> <span class='ocrx_word' id='word_1_167' title='bbox 994 2306 1123 2343; x_wconf 86' lang='lat' dir='ltr'>vero</span> <span class='ocrx_word' id='word_1_168' title='bbox 1160 2307 1269 2343; x_wconf 92' lang='lat' dir='ltr'>non</span> <span class='ocrx_word' id='word_1_169' title='bbox 1317 2292 1473 2344; x_wconf 89' lang='lat' dir='ltr'>licuit</span> <span class='ocrx_word' id='word_1_170' title='bbox 1510 2294 1710 2361; x_wconf 82' lang='lat' dir='ltr'>primae</span> <span class='ocrx_word' id='word_1_171' title='bbox 1744 2293 1863 2345; x_wconf 83' lang='lat' dir='ltr'>sedi</span> 
     </span>
    </p>
   </div>
   <div class='ocr_carea' id='block_1_24' title="bbox 158 2375 1864 2447">
    <p class='ocr_par' dir='ltr' id='par_1_24' title="bbox 158 2375 1864 2447">
     <span class='ocr_line' id='line_1_24' title="bbox 158 2375 1864 2447; baseline 0.002 -18"><span class='ocrx_word' id='word_1_172' title='bbox 158 2375 642 2429; x_wconf 78' lang='lat' dir='ltr'>Chalcedonensis</span> <span class='ocrx_word' id='word_1_173' title='bbox 672 2377 874 2447; x_wconf 83' lang='lat' dir='ltr'>synodi</span> <span class='ocrx_word' id='word_1_174' title='bbox 896 2380 1221 2438; x_wconf 87' lang='lat' dir='ltr'>constituta.</span> <span class='ocrx_word' id='word_1_175' title='bbox 1270 2379 1412 2432; x_wconf 82' lang='lat' dir='ltr'>sicut</span> <span class='ocrx_word' id='word_1_176' title='bbox 1448 2380 1655 2443; x_wconf 78' lang='lat' dir='ltr'>decuit,</span> <span class='ocrx_word' id='word_1_177' title='bbox 1701 2398 1864 2433; x_wconf 82' lang='lat' dir='ltr'>exse-</span> 
     </span>
    </p>
   </div>
   <div class='ocr_carea' id='block_1_25' title="bbox 158 2465 1862 2535">
    <p class='ocr_par' dir='ltr' id='par_1_25' title="bbox 158 2465 1862 2535">
     <span class='ocr_line' id='line_1_25' title="bbox 158 2465 1862 2535; baseline 0.004 -21"><span class='ocrx_word' id='word_1_178' title='bbox 158 2465 380 2534; x_wconf 89' lang='lat' dir='ltr'>quenti,</span> <span class='ocrx_word' id='word_1_179' title='bbox 438 2465 768 2534; x_wconf 89' lang='lat' dir='ltr'>hujusmodi</span> <span class='ocrx_word' id='word_1_180' title='bbox 817 2467 1312 2535; x_wconf 78' lang='lat' dir='ltr'>prmvaricatorem</span> <span class='ocrx_word' id='word_1_181' title='bbox 1369 2484 1471 2520; x_wconf 87' lang='lat' dir='ltr'>sua</span> <span class='ocrx_word' id='word_1_182' title='bbox 1525 2470 1862 2521; x_wconf 79' lang='lat' dir='ltr'>auctoritate</span> 
     </span>
    </p>
   </div>
   <div class='ocr_carea' id='block_1_26' title="bbox 156 2554 1863 2627">
    <p class='ocr_par' dir='ltr' id='par_1_26' title="bbox 156 2554 1863 2627">
     <span class='ocr_line' id='line_1_26' title="bbox 156 2554 1863 2627; baseline 0.001 -22"><span class='ocrx_word' id='word_1_183' title='bbox 156 2554 509 2607; x_wconf 79' lang='lat' dir='ltr'>detrudere?</span> <span class='ocrx_word' id='word_1_184' title='bbox 555 2556 659 2607; x_wconf 91' lang='lat' dir='ltr'>Sed</span> <span class='ocrx_word' id='word_1_185' title='bbox 702 2571 804 2607; x_wconf 90' lang='lat' dir='ltr'>nec</span> <span class='ocrx_word' id='word_1_186' title='bbox 849 2554 947 2608; x_wconf 88' lang='lat' dir='ltr'>illa</span> <span class='ocrx_word' id='word_1_187' title='bbox 987 2556 1365 2625; x_wconf 68' lang='lat' dir='ltr'>praeterimus,</span> <span class='ocrx_word' id='word_1_188' title='bbox 1418 2558 1564 2626; x_wconf 87' lang='lat' dir='ltr'>quod</span> <span class='ocrx_word' id='word_1_189' title='bbox 1629 2563 1863 2627; x_wconf 80' lang='lat' dir='ltr'>aposto-</span> 
     </span>
    </p>
   </div>
   <div class='ocr_carea' id='block_1_27' title="bbox 155 2642 1864 2716">
    <p class='ocr_par' dir='ltr' id='par_1_27' title="bbox 155 2642 1864 2716">
     <span class='ocr_line' id='line_1_27' title="bbox 155 2642 1864 2716; baseline 0.002 -21"><span class='ocrx_word' id='word_1_190' title='bbox 155 2642 265 2695; x_wconf 87' lang='lat' dir='ltr'>lica</span> <span class='ocrx_word' id='word_1_191' title='bbox 294 2643 461 2694; x_wconf 82' lang='lat' dir='ltr'>sedes</span> <span class='ocrx_word' id='word_1_192' title='bbox 495 2644 840 2712; x_wconf 78' lang='lat' dir='ltr'>frequenter,</span> <span class='ocrx_word' id='word_1_193' title='bbox 881 2650 941 2695; x_wconf 86' lang='lat' dir='ltr'>ut</span> <span class='ocrx_word' id='word_1_194' title='bbox 967 2644 1181 2697; x_wconf 89' lang='lat' dir='ltr'>dictum</span> <span class='ocrx_word' id='word_1_195' title='bbox 1214 2650 1315 2709; x_wconf 83' lang='lat' dir='ltr'>est,</span> <span class='ocrx_word' id='word_1_196' title='bbox 1355 2662 1511 2697; x_wconf 90' lang='lat' dir='ltr'>more</span> <span class='ocrx_word' id='word_1_197' title='bbox 1539 2646 1864 2716; x_wconf 62' lang='lat' dir='ltr'>{mijorum,</span> 
     </span>
    </p>
   </div>
   <div class='ocr_carea' id='block_1_28' title="bbox 160 2731 1863 2803">
    <p class='ocr_par' dir='ltr' id='par_1_28' title="bbox 160 2731 1863 2803">
     <span class='ocr_line' id='line_1_28' title="bbox 160 2731 1863 2803; baseline 0.002 -20"><span class='ocrx_word' id='word_1_198' title='bbox 160 2732 340 2783; x_wconf 90' lang='lat' dir='ltr'>etiam</span> <span class='ocrx_word' id='word_1_199' title='bbox 387 2731 507 2783; x_wconf 88' lang='lat' dir='ltr'>sine</span> <span class='ocrx_word' id='word_1_200' title='bbox 554 2732 669 2783; x_wconf 84' lang='lat' dir='ltr'>ulla</span> <span class='ocrx_word' id='word_1_201' title='bbox 719 2731 931 2800; x_wconf 86' lang='lat' dir='ltr'>synodo</span> <span class='ocrx_word' id='word_1_202' title='bbox 983 2732 1361 2801; x_wconf 66' lang='lat' dir='ltr'>praecedente,</span> <span class='ocrx_word' id='word_1_203' title='bbox 1400 2735 1492 2803; x_wconf 86' lang='lat' dir='ltr'>jus</span> <span class='ocrx_word' id='word_1_204' title='bbox 1532 2734 1729 2787; x_wconf 80' lang='lat' dir='ltr'>habuit</span> <span class='ocrx_word' id='word_1_205' title='bbox 1771 2751 1863 2787; x_wconf 79' lang='lat' dir='ltr'>ex-</span> 
     </span>
    </p>
   </div>
   <div class='ocr_carea' id='block_1_29' title="bbox 157 2819 1865 2891">
    <p class='ocr_par' dir='ltr' id='par_1_29' title="bbox 157 2819 1865 2891">
     <span class='ocr_line' id='line_1_29' title="bbox 157 2819 1865 2891; baseline 0.001 -18"><span class='ocrx_word' id='word_1_206' title='bbox 157 2819 422 2873; x_wconf 81' lang='lat' dir='ltr'>solvendi</span> <span class='ocrx_word' id='word_1_207' title='bbox 463 2820 619 2889; x_wconf 90' lang='lat' dir='ltr'>quod</span> <span class='ocrx_word' id='word_1_208' title='bbox 663 2820 912 2889; x_wconf 85' lang='lat' dir='ltr'>synodus</span> <span class='ocrx_word' id='word_1_209' title='bbox 947 2820 1145 2891; x_wconf 86' lang='lat' dir='ltr'>iniqua</span> <span class='ocrx_word' id='word_1_210' title='bbox 1186 2822 1575 2889; x_wconf 86' lang='lat' dir='ltr'>damnaverat,</span> <span class='ocrx_word' id='word_1_211' title='bbox 1615 2829 1665 2875; x_wconf 87' lang='lat' dir='ltr'>et</span> <span class='ocrx_word' id='word_1_212' title='bbox 1713 2824 1865 2876; x_wconf 88' lang='lat' dir='ltr'>dam-</span> 
     </span>
    </p>
   </div>
   <div class='ocr_carea' id='block_1_30' title="bbox 158 2908 1861 2981">
    <p class='ocr_par' dir='ltr' id='par_1_30' title="bbox 158 2908 1861 2981">
     <span class='ocr_line' id='line_1_30' title="bbox 158 2908 1861 2981; baseline 0.002 -20"><span class='ocrx_word' id='word_1_213' title='bbox 158 2909 339 2961; x_wconf 85' lang='lat' dir='ltr'>nandi</span> <span class='ocrx_word' id='word_1_214' title='bbox 404 2909 564 2960; x_wconf 82' lang='lat' dir='ltr'>nulla</span> <span class='ocrx_word' id='word_1_215' title='bbox 620 2908 896 2961; x_wconf 83' lang='lat' dir='ltr'>existente</span> <span class='ocrx_word' id='word_1_216' title='bbox 956 2910 1168 2979; x_wconf 83' lang='lat' dir='ltr'>synodo</span> <span class='ocrx_word' id='word_1_217' title='bbox 1236 2926 1378 2979; x_wconf 88' lang='lat' dir='ltr'>quos</span> <span class='ocrx_word' id='word_1_218' title='bbox 1431 2912 1707 2981; x_wconf 86' lang='lat' dir='ltr'>oportuit,</span> <span class='ocrx_word' id='word_1_219' title='bbox 1763 2912 1861 2964; x_wconf 86' lang='lat' dir='ltr'>ha-</span> 
     </span>
    </p>
   </div>
   <div class='ocr_carea' id='block_1_31' title="bbox 156 2997 1861 3070">
    <p class='ocr_par' dir='ltr' id='par_1_31' title="bbox 156 2997 1861 3070">
     <span class='ocr_line' id='line_1_31' title="bbox 156 2997 1861 3070; baseline 0.001 -19"><span class='ocrx_word' id='word_1_220' title='bbox 156 2998 350 3051; x_wconf 83' lang='lat' dir='ltr'>buerit</span> <span class='ocrx_word' id='word_1_221' title='bbox 379 2998 725 3050; x_wconf 78' lang='lat' dir='ltr'>facultatem.</span> <span class='ocrx_word' id='word_1_222' title='bbox 762 2997 979 3051; x_wconf 66' lang='lat' dir='ltr'>Sanctae</span> <span class='ocrx_word' id='word_1_223' title='bbox 1024 2999 1317 3051; x_wconf 70' lang='lat' dir='ltr'>memoria:</span> <span class='ocrx_word' id='word_1_224' title='bbox 1350 2999 1564 3070; x_wconf 84' lang='lat' dir='ltr'>quippe</span> <span class='ocrx_word' id='word_1_225' title='bbox 1606 3001 1861 3053; x_wconf 76' lang='lat' dir='ltr'>Athana-</span> 
     </span>
    </p>
   </div>
   <div class='ocr_carea' id='block_1_32' title="bbox 158 3086 1862 3157">
    <p class='ocr_par' dir='ltr' id='par_1_32' title="bbox 158 3086 1862 3157">
     <span class='ocr_line' id='line_1_32' title="bbox 158 3086 1862 3157; baseline 0.001 -18"><span class='ocrx_word' id='word_1_226' title='bbox 158 3088 307 3140; x_wconf 90' lang='lat' dir='ltr'>sium</span> <span class='ocrx_word' id='word_1_227' title='bbox 376 3087 623 3157; x_wconf 79' lang='lat' dir='ltr'>synodus</span> <span class='ocrx_word' id='word_1_228' title='bbox 691 3086 994 3141; x_wconf 82' lang='lat' dir='ltr'>Orientalis</span> <span class='ocrx_word' id='word_1_229' title='bbox 1059 3088 1373 3154; x_wconf 86' lang='lat' dir='ltr'>addixerat,</span> <span class='ocrx_word' id='word_1_230' title='bbox 1435 3106 1603 3157; x_wconf 90' lang='lat' dir='ltr'>quem</span> <span class='ocrx_word' id='word_1_231' title='bbox 1674 3095 1862 3142; x_wconf 89' lang='lat' dir='ltr'>tamen</span> 
     </span>
    </p>
   </div>
   <div class='ocr_carea' id='block_1_33' title="bbox 156 3176 1865 3247">
    <p class='ocr_par' dir='ltr' id='par_1_33' title="bbox 156 3176 1865 3247">
     <span class='ocr_line' id='line_1_33' title="bbox 156 3176 1865 3247; baseline 0.002 -18"><span class='ocrx_word' id='word_1_232' title='bbox 156 3181 463 3245; x_wconf 79' lang='lat' dir='ltr'>exceptum</span> <span class='ocrx_word' id='word_1_233' title='bbox 524 3176 685 3229; x_wconf 90' lang='lat' dir='ltr'>sedes</span> <span class='ocrx_word' id='word_1_234' title='bbox 729 3177 1063 3246; x_wconf 85' lang='lat' dir='ltr'>apostolica.</span> <span class='ocrx_word' id='word_1_235' title='bbox 1120 3178 1255 3247; x_wconf 88' lang='lat' dir='ltr'>quia</span> <span class='ocrx_word' id='word_1_236' title='bbox 1312 3178 1662 3231; x_wconf 84' lang='lat' dir='ltr'>damnationi</span> <span class='ocrx_word' id='word_1_237' title='bbox 1713 3181 1865 3233; x_wconf 67' lang='lat' dir='ltr'>Gras-</span> 
     </span>
    </p>
   </div>
   <div class='ocr_carea' id='block_1_34' title="bbox 155 3266 1865 3331">
    <p class='ocr_par' dir='ltr' id='par_1_34' title="bbox 155 3266 1865 3331">
     <span class='ocr_line' id='line_1_34' title="bbox 155 3266 1865 3331; baseline 0.001 -13"><span class='ocrx_word' id='word_1_238' title='bbox 155 3281 365 3318; x_wconf 84' lang='lat' dir='ltr'>corum</span> <span class='ocrx_word' id='word_1_239' title='bbox 421 3282 536 3317; x_wconf 90' lang='lat' dir='ltr'>non</span> <span class='ocrx_word' id='word_1_240' title='bbox 592 3266 901 3331; x_wconf 85' lang='lat' dir='ltr'>consensit,</span> <span class='ocrx_word' id='word_1_241' title='bbox 963 3266 1222 3327; x_wconf 89' lang='lat' dir='ltr'>absolvit,</span> <span class='ocrx_word' id='word_1_242' title='bbox 1303 3273 1509 3320; x_wconf 63' lang='lat' dir='ltr'>sancta!</span> <span class='ocrx_word' id='word_1_243' title='bbox 1574 3268 1865 3320; x_wconf 73' lang='lat' dir='ltr'>memoriae</span> 
     </span>
    </p>
   </div>
   <div class='ocr_carea' id='block_1_35' title="bbox 157 3354 1865 3426">
    <p class='ocr_par' dir='ltr' id='par_1_35' title="bbox 157 3354 1865 3426">
     <span class='ocr_line' id='line_1_35' title="bbox 157 3354 1865 3426; baseline 0.001 -21"><span class='ocrx_word' id='word_1_244' title='bbox 157 3354 543 3406; x_wconf 84' lang='lat' dir='ltr'>nihilominus</span> <span class='ocrx_word' id='word_1_245' title='bbox 574 3354 852 3406; x_wconf 84' lang='lat' dir='ltr'>Joannem</span> <span class='ocrx_word' id='word_1_246' title='bbox 890 3354 1587 3425; x_wconf 85' lang='lat' dir='ltr'>Coustantinopolitanum</span> <span class='ocrx_word' id='word_1_247' title='bbox 1616 3357 1865 3426; x_wconf 72' lang='lat' dir='ltr'>synodus</span> 
     </span>
    </p>
   </div>
   <div class='ocr_carea' id='block_1_36' title="bbox 154 3442 1863 3512">
    <p class='ocr_par' dir='ltr' id='par_1_36' title="bbox 154 3442 1863 3512">
     <span class='ocr_line' id='line_1_36' title="bbox 154 3442 1863 3512; baseline 0.001 -16"><span class='ocrx_word' id='word_1_248' title='bbox 154 3442 331 3496; x_wconf 90' lang='lat' dir='ltr'>etiam</span> <span class='ocrx_word' id='word_1_249' title='bbox 398 3442 818 3495; x_wconf 83' lang='lat' dir='ltr'>catholicorum</span> <span class='ocrx_word' id='word_1_250' title='bbox 880 3444 1190 3511; x_wconf 70' lang='lat' dir='ltr'>praesulum</span> <span class='ocrx_word' id='word_1_251' title='bbox 1257 3449 1404 3498; x_wconf 75' lang='lat' dir='ltr'>certe</span> <span class='ocrx_word' id='word_1_252' title='bbox 1475 3444 1863 3512; x_wconf 76' lang='lat' dir='ltr'>damnaverat,</span> 
     </span>
    </p>
   </div>
   <div class='ocr_carea' id='block_1_37' title="bbox 154 3530 1865 3603">
    <p class='ocr_par' dir='ltr' id='par_1_37' title="bbox 154 3530 1865 3603">
     <span class='ocr_line' id='line_1_37' title="bbox 154 3530 1865 3603; baseline 0.004 -23"><span class='ocrx_word' id='word_1_253' title='bbox 154 3547 331 3601; x_wconf 85' lang='lat' dir='ltr'>quem</span> <span class='ocrx_word' id='word_1_254' title='bbox 369 3530 541 3582; x_wconf 86' lang='lat' dir='ltr'>simili</span> <span class='ocrx_word' id='word_1_255' title='bbox 580 3531 746 3583; x_wconf 89' lang='lat' dir='ltr'>modo</span> <span class='ocrx_word' id='word_1_256' title='bbox 780 3532 941 3584; x_wconf 83' lang='lat' dir='ltr'>sedes</span> <span class='ocrx_word' id='word_1_257' title='bbox 984 3532 1295 3602; x_wconf 86' lang='lat' dir='ltr'>apostolica</span> <span class='ocrx_word' id='word_1_258' title='bbox 1339 3532 1511 3586; x_wconf 77' lang='lat' dir='ltr'>etiam</span> <span class='ocrx_word' id='word_1_259' title='bbox 1556 3534 1694 3597; x_wconf 89' lang='lat' dir='ltr'>sola,</span> <span class='ocrx_word' id='word_1_260' title='bbox 1733 3534 1865 3603; x_wconf 87' lang='lat' dir='ltr'>quia</span> 
     </span>
    </p>
   </div>
   <div class='ocr_carea' id='block_1_38' title="bbox 156 3618 1865 3689">
    <p class='ocr_par' dir='ltr' id='par_1_38' title="bbox 156 3618 1865 3689">
     <span class='ocr_line' id='line_1_38' title="bbox 156 3618 1865 3689; baseline 0.002 -19"><span class='ocrx_word' id='word_1_261' title='bbox 156 3634 272 3671; x_wconf 91' lang='lat' dir='ltr'>non</span> <span class='ocrx_word' id='word_1_262' title='bbox 309 3618 625 3676; x_wconf 79' lang='lat' dir='ltr'>consensit.</span> <span class='ocrx_word' id='word_1_263' title='bbox 660 3618 919 3671; x_wconf 72' lang='lat' dir='ltr'>absolvit.</span> <span class='ocrx_word' id='word_1_264' title='bbox 953 3620 1208 3689; x_wconf 88' lang='lat' dir='ltr'>Itemque</span> <span class='ocrx_word' id='word_1_265' title='bbox 1242 3626 1499 3673; x_wconf 89' lang='lat' dir='ltr'>sanctum</span> <span class='ocrx_word' id='word_1_266' title='bbox 1534 3621 1865 3674; x_wconf 78' lang='lat' dir='ltr'>Flavianum</span> 
     </span>
    </p>
   </div>
   <div class='ocr_carea' id='block_1_39' title="bbox 156 3707 1865 3778">
    <p class='ocr_par' dir='ltr' id='par_1_39' title="bbox 156 3707 1865 3778">
     <span class='ocr_line' id='line_1_39' title="bbox 156 3707 1865 3778; baseline 0.001 -19"><span class='ocrx_word' id='word_1_267' title='bbox 156 3707 507 3777; x_wconf 84' lang='lat' dir='ltr'>pontiﬁcum</span> <span class='ocrx_word' id='word_1_268' title='bbox 537 3708 862 3761; x_wconf 67' lang='lat' dir='ltr'>Graecorum</span> <span class='ocrx_word' id='word_1_269' title='bbox 888 3708 1329 3777; x_wconf 79' lang='lat' dir='ltr'>congregatione</span> <span class='ocrx_word' id='word_1_270' title='bbox 1350 3709 1708 3773; x_wconf 88' lang='lat' dir='ltr'>damnatum,</span> <span class='ocrx_word' id='word_1_271' title='bbox 1740 3709 1865 3778; x_wconf 90' lang='lat' dir='ltr'>pari</span> 
     </span>
    </p>
   </div>
   <div class='ocr_carea' id='block_1_40' title="bbox 154 3796 1860 3865">
    <p class='ocr_par' dir='ltr' id='par_1_40' title="bbox 154 3796 1860 3865">
     <span class='ocr_line' id='line_1_40' title="bbox 154 3796 1860 3865; baseline 0.001 -17"><span class='ocrx_word' id='word_1_272' title='bbox 154 3800 388 3856; x_wconf 89' lang='lat' dir='ltr'>tenore,</span> <span class='ocrx_word' id='word_1_273' title='bbox 432 3796 703 3864; x_wconf 87' lang='lat' dir='ltr'>quoniam</span> <span class='ocrx_word' id='word_1_274' title='bbox 738 3796 859 3849; x_wconf 87' lang='lat' dir='ltr'>sola</span> <span class='ocrx_word' id='word_1_275' title='bbox 893 3796 1052 3849; x_wconf 77' lang='lat' dir='ltr'>sedes</span> <span class='ocrx_word' id='word_1_276' title='bbox 1081 3797 1391 3865; x_wconf 89' lang='lat' dir='ltr'>apostolica</span> <span class='ocrx_word' id='word_1_277' title='bbox 1417 3814 1527 3850; x_wconf 90' lang='lat' dir='ltr'>non</span> <span class='ocrx_word' id='word_1_278' title='bbox 1553 3798 1860 3863; x_wconf 80' lang='lat' dir='ltr'>consensit,</span> 
     </span>
    </p>
   </div>
   <div class='ocr_carea' id='block_1_41' title="bbox 153 3884 1861 3955">
    <p class='ocr_par' dir='ltr' id='par_1_41' title="bbox 153 3884 1861 3955">
     <span class='ocr_line' id='line_1_41' title="bbox 153 3884 1861 3955; baseline 0.001 -17"><span class='ocrx_word' id='word_1_279' title='bbox 153 3884 425 3949; x_wconf 82' lang='lat' dir='ltr'>absolvit,</span> <span class='ocrx_word' id='word_1_280' title='bbox 459 3884 765 3955; x_wconf 86' lang='lat' dir='ltr'>potiusque</span> <span class='ocrx_word' id='word_1_281' title='bbox 797 3885 896 3954; x_wconf 89' lang='lat' dir='ltr'>qui</span> <span class='ocrx_word' id='word_1_282' title='bbox 937 3885 1051 3938; x_wconf 92' lang='lat' dir='ltr'>illic</span> <span class='ocrx_word' id='word_1_283' title='bbox 1103 3890 1361 3955; x_wconf 89' lang='lat' dir='ltr'>receptus</span> <span class='ocrx_word' id='word_1_284' title='bbox 1406 3886 1590 3939; x_wconf 86' lang='lat' dir='ltr'>fuerat</span> <span class='ocrx_word' id='word_1_285' title='bbox 1632 3886 1861 3939; x_wconf 88' lang='lat' dir='ltr'>Diosco-</span> 
     </span>
    </p>
   </div>
   <div class='ocr_carea' id='block_1_42' title="bbox 152 3974 1861 4043">
    <p class='ocr_par' dir='ltr' id='par_1_42' title="bbox 152 3974 1861 4043">
     <span class='ocr_line' id='line_1_42' title="bbox 152 3974 1861 4043; baseline 0.002 -18"><span class='ocrx_word' id='word_1_286' title='bbox 152 3989 285 4026; x_wconf 89' lang='lat' dir='ltr'>rum</span> <span class='ocrx_word' id='word_1_287' title='bbox 336 3974 604 4026; x_wconf 72' lang='lat' dir='ltr'>secundae</span> <span class='ocrx_word' id='word_1_288' title='bbox 652 3974 801 4027; x_wconf 86' lang='lat' dir='ltr'>sedis</span> <span class='ocrx_word' id='word_1_289' title='bbox 842 3976 1146 4043; x_wconf 65' lang='lat' dir='ltr'>praesulem</span> <span class='ocrx_word' id='word_1_290' title='bbox 1186 3991 1288 4027; x_wconf 91' lang='lat' dir='ltr'>sua</span> <span class='ocrx_word' id='word_1_291' title='bbox 1327 3974 1659 4028; x_wconf 86' lang='lat' dir='ltr'>auctoritate</span> <span class='ocrx_word' id='word_1_292' title='bbox 1702 3975 1861 4029; x_wconf 89' lang='lat' dir='ltr'>dam-</span> 
     </span>
    </p>
   </div>
   <div class='ocr_carea' id='block_1_43' title="bbox 153 4062 1861 4131">
    <p class='ocr_par' dir='ltr' id='par_1_43' title="bbox 153 4062 1861 4131">
     <span class='ocr_line' id='line_1_43' title="bbox 153 4062 1861 4131; baseline 0.002 -17"><span class='ocrx_word' id='word_1_293' title='bbox 153 4062 337 4130; x_wconf 82' lang='lat' dir='ltr'>navit,</span> <span class='ocrx_word' id='word_1_294' title='bbox 392 4066 447 4114; x_wconf 91' lang='lat' dir='ltr'>et</span> <span class='ocrx_word' id='word_1_295' title='bbox 478 4062 669 4131; x_wconf 79' lang='lat' dir='ltr'>impiae</span> <span class='ocrx_word' id='word_1_296' title='bbox 709 4063 926 4131; x_wconf 87' lang='lat' dir='ltr'>synodo</span> <span class='ocrx_word' id='word_1_297' title='bbox 965 4078 1076 4115; x_wconf 90' lang='lat' dir='ltr'>non</span> <span class='ocrx_word' id='word_1_298' title='bbox 1110 4063 1518 4117; x_wconf 90' lang='lat' dir='ltr'>consentiendo</span> <span class='ocrx_word' id='word_1_299' title='bbox 1564 4063 1681 4116; x_wconf 89' lang='lat' dir='ltr'>sola</span> <span class='ocrx_word' id='word_1_300' title='bbox 1725 4064 1861 4117; x_wconf 85' lang='lat' dir='ltr'>sub-</span> 
     </span>
    </p>
   </div>
   <div class='ocr_carea' id='block_1_44' title="bbox 155 4151 1864 4220">
    <p class='ocr_par' dir='ltr' id='par_1_44' title="bbox 155 4151 1864 4220">
     <span class='ocr_line' id='line_1_44' title="bbox 155 4151 1864 4220; baseline 0.001 -17"><span class='ocrx_word' id='word_1_301' title='bbox 155 4151 360 4214; x_wconf 81' lang='lat' dir='ltr'>movit,</span> <span class='ocrx_word' id='word_1_302' title='bbox 428 4156 483 4203; x_wconf 88' lang='lat' dir='ltr'>et</span> <span class='ocrx_word' id='word_1_303' title='bbox 542 4157 603 4203; x_wconf 92' lang='lat' dir='ltr'>ut</span> <span class='ocrx_word' id='word_1_304' title='bbox 658 4152 906 4220; x_wconf 86' lang='lat' dir='ltr'>synodus</span> <span class='ocrx_word' id='word_1_305' title='bbox 960 4151 1439 4205; x_wconf 84' lang='lat' dir='ltr'>Chalcedonensis</span> <span class='ocrx_word' id='word_1_306' title='bbox 1497 4152 1678 4218; x_wconf 80' lang='lat' dir='ltr'>fieret,</span> <span class='ocrx_word' id='word_1_307' title='bbox 1744 4152 1864 4205; x_wconf 82' lang='lat' dir='ltr'>sola</span> 
     </span>
    </p>
   </div>
   <div class='ocr_carea' id='block_1_45' title="bbox 153 4239 1861 4309">
    <p class='ocr_par' dir='ltr' id='par_1_45' title="bbox 153 4239 1861 4309">
     <span class='ocr_line' id='line_1_45' title="bbox 153 4239 1861 4309; baseline 0 -16"><span class='ocrx_word' id='word_1_308' title='bbox 153 4239 417 4293; x_wconf 82' lang='lat' dir='ltr'>decrevit</span> <span class='ocrx_word' id='word_1_309' title='bbox 475 4239 552 4307; x_wconf 85' lang='lat' dir='ltr'>(in</span> <span class='ocrx_word' id='word_1_310' title='bbox 607 4256 719 4309; x_wconf 84' lang='lat' dir='ltr'>qua</span> <span class='ocrx_word' id='word_1_311' title='bbox 776 4239 917 4293; x_wconf 89' lang='lat' dir='ltr'>sicut</span> <span class='ocrx_word' id='word_1_312' title='bbox 971 4241 1088 4293; x_wconf 86' lang='lat' dir='ltr'>sola</span> <span class='ocrx_word' id='word_1_313' title='bbox 1130 4241 1224 4309; x_wconf 84' lang='lat' dir='ltr'>jus</span> <span class='ocrx_word' id='word_1_314' title='bbox 1278 4240 1477 4293; x_wconf 86' lang='lat' dir='ltr'>habuit</span> <span class='ocrx_word' id='word_1_315' title='bbox 1532 4240 1861 4294; x_wconf 87' lang='lat' dir='ltr'>absolvendi</span> 
     </span>
    </p>
   </div>
   <div class='ocr_carea' id='block_1_46' title="bbox 152 4328 1860 4398">
    <p class='ocr_par' dir='ltr' id='par_1_46' title="bbox 152 4328 1860 4398">
     <span class='ocr_line' id='line_1_46' title="bbox 152 4328 1860 4398; baseline 0.001 -17"><span class='ocrx_word' id='word_1_316' title='bbox 152 4345 247 4381; x_wconf 90' lang='lat' dir='ltr'>eos</span> <span class='ocrx_word' id='word_1_317' title='bbox 296 4344 449 4398; x_wconf 86' lang='lat' dir='ltr'>quos</span> <span class='ocrx_word' id='word_1_318' title='bbox 497 4329 763 4397; x_wconf 78' lang='lat' dir='ltr'>synodica</span> <span class='ocrx_word' id='word_1_319' title='bbox 821 4328 1048 4381; x_wconf 88' lang='lat' dir='ltr'>decreta</span> <span class='ocrx_word' id='word_1_320' title='bbox 1107 4330 1488 4398; x_wconf 87' lang='lat' dir='ltr'>perculerant,</span> <span class='ocrx_word' id='word_1_321' title='bbox 1551 4328 1628 4381; x_wconf 90' lang='lat' dir='ltr'>sic</span> <span class='ocrx_word' id='word_1_322' title='bbox 1690 4330 1860 4383; x_wconf 90' lang='lat' dir='ltr'>etiam</span> 
     </span>
    </p>
   </div>
   <div class='ocr_carea' id='block_1_47' title="bbox 150 4416 1860 4487">
    <p class='ocr_par' dir='ltr' id='par_1_47' title="bbox 150 4416 1860 4487">
     <span class='ocr_line' id='line_1_47' title="bbox 150 4416 1860 4487; baseline 0.001 -18"><span class='ocrx_word' id='word_1_323' title='bbox 150 4417 275 4470; x_wconf 90' lang='lat' dir='ltr'>sine</span> <span class='ocrx_word' id='word_1_324' title='bbox 338 4416 561 4487; x_wconf 77' lang='lat' dir='ltr'>synodo</span> <span class='ocrx_word' id='word_1_325' title='bbox 620 4417 678 4468; x_wconf 94' lang='lat' dir='ltr'>in</span> <span class='ocrx_word' id='word_1_326' title='bbox 743 4417 844 4469; x_wconf 88' lang='lat' dir='ltr'>hac</span> <span class='ocrx_word' id='word_1_327' title='bbox 901 4418 1102 4470; x_wconf 89' lang='lat' dir='ltr'>eadem</span> <span class='ocrx_word' id='word_1_328' title='bbox 1148 4434 1316 4469; x_wconf 89' lang='lat' dir='ltr'>causa</span> <span class='ocrx_word' id='word_1_329' title='bbox 1368 4416 1646 4487; x_wconf 88' lang='lat' dir='ltr'>plurimos</span> <span class='ocrx_word' id='word_1_330' title='bbox 1691 4419 1860 4471; x_wconf 88' lang='lat' dir='ltr'>etiam</span> 
     </span>
    </p>
   </div>
   <div class='ocr_carea' id='block_1_48' title="bbox 152 4505 1864 4576">
    <p class='ocr_par' dir='ltr' id='par_1_48' title="bbox 152 4505 1864 4576">
     <span class='ocr_line' id='line_1_48' title="bbox 152 4505 1864 4576; baseline 0.001 -19"><span class='ocrx_word' id='word_1_331' title='bbox 152 4505 640 4573; x_wconf 84' lang='lat' dir='ltr'>metropolitanos</span> <span class='ocrx_word' id='word_1_332' title='bbox 672 4505 972 4559; x_wconf 86' lang='lat' dir='ltr'>damnasse</span> <span class='ocrx_word' id='word_1_333' title='bbox 1015 4507 1415 4575; x_wconf 80' lang='lat' dir='ltr'>cognoscitur).</span> <span class='ocrx_word' id='word_1_334' title='bbox 1452 4507 1615 4570; x_wconf 88' lang='lat' dir='ltr'>Quod</span> <span class='ocrx_word' id='word_1_335' title='bbox 1655 4508 1699 4559; x_wconf 90' lang='lat' dir='ltr'>si</span> <span class='ocrx_word' id='word_1_336' title='bbox 1735 4508 1864 4576; x_wconf 89' lang='lat' dir='ltr'>quis</span> 
     </span>
    </p>
   </div>
   <div class='ocr_carea' id='block_1_49' title="bbox 150 4594 1863 4664">
    <p class='ocr_par' dir='ltr' id='par_1_49' title="bbox 150 4594 1863 4664">
     <span class='ocr_line' id='line_1_49' title="bbox 150 4594 1863 4664; baseline 0 -17"><span class='ocrx_word' id='word_1_337' title='bbox 150 4594 271 4647; x_wconf 59' lang='lat' dir='ltr'>haec</span> <span class='ocrx_word' id='word_1_338' title='bbox 303 4594 381 4647; x_wconf 87' lang='lat' dir='ltr'>ab</span> <span class='ocrx_word' id='word_1_339' title='bbox 434 4594 744 4663; x_wconf 87' lang='lat' dir='ltr'>apostolica</span> <span class='ocrx_word' id='word_1_340' title='bbox 781 4595 911 4648; x_wconf 90' lang='lat' dir='ltr'>sede</span> <span class='ocrx_word' id='word_1_341' title='bbox 944 4596 1030 4648; x_wconf 89' lang='lat' dir='ltr'>vel</span> <span class='ocrx_word' id='word_1_342' title='bbox 1072 4596 1380 4649; x_wconf 90' lang='lat' dir='ltr'>secundum</span> <span class='ocrx_word' id='word_1_343' title='bbox 1427 4595 1707 4664; x_wconf 89' lang='lat' dir='ltr'>synodum</span> <span class='ocrx_word' id='word_1_344' title='bbox 1739 4600 1863 4648; x_wconf 86' lang='lat' dir='ltr'>acta</span> 
     </span>
    </p>
   </div>
   <div class='ocr_carea' id='block_1_50' title="bbox 150 4681 1861 4753">
    <p class='ocr_par' dir='ltr' id='par_1_50' title="bbox 150 4681 1861 4753">
     <span class='ocr_line' id='line_1_50' title="bbox 150 4681 1861 4753; baseline -0.001 -18"><span class='ocrx_word' id='word_1_345' title='bbox 150 4681 550 4753; x_wconf 88' lang='lat' dir='ltr'>reprehendit,</span> <span class='ocrx_word' id='word_1_346' title='bbox 611 4689 819 4752; x_wconf 66' lang='lat' dir='ltr'>praeter</span> <span class='ocrx_word' id='word_1_347' title='bbox 863 4684 1016 4753; x_wconf 91' lang='lat' dir='ltr'>quod</span> <span class='ocrx_word' id='word_1_348' title='bbox 1049 4684 1233 4753; x_wconf 89' lang='lat' dir='ltr'>prisca</span> <span class='ocrx_word' id='word_1_349' title='bbox 1282 4700 1475 4736; x_wconf 88' lang='lat' dir='ltr'>rerum</span> <span class='ocrx_word' id='word_1_350' title='bbox 1524 4682 1861 4753; x_wconf 85' lang='lat' dir='ltr'>probatione</span> 
     </span>
    </p>
   </div>
   <div class='ocr_carea' id='block_1_51' title="bbox 149 4771 1862 4844">
    <p class='ocr_par' dir='ltr' id='par_1_51' title="bbox 149 4771 1862 4844">
     <span class='ocr_line' id='line_1_51' title="bbox 149 4771 1862 4844; baseline 0.001 -19"><span class='ocrx_word' id='word_1_351' title='bbox 149 4772 537 4839; x_wconf 86' lang='lat' dir='ltr'>convincitur,</span> <span class='ocrx_word' id='word_1_352' title='bbox 572 4771 805 4826; x_wconf 90' lang='lat' dir='ltr'>interim</span> <span class='ocrx_word' id='word_1_353' title='bbox 839 4773 1021 4826; x_wconf 89' lang='lat' dir='ltr'>multo</span> <span class='ocrx_word' id='word_1_354' title='bbox 1056 4774 1237 4844; x_wconf 90' lang='lat' dir='ltr'>magis</span> <span class='ocrx_word' id='word_1_355' title='bbox 1260 4772 1460 4826; x_wconf 82' lang='lat' dir='ltr'>Acacio</span> <span class='ocrx_word' id='word_1_356' title='bbox 1494 4788 1610 4825; x_wconf 90' lang='lat' dir='ltr'>non</span> <span class='ocrx_word' id='word_1_357' title='bbox 1637 4771 1862 4826; x_wconf 90' lang='lat' dir='ltr'>licuisse</span> 
     </span>
    </p>
   </div>
   <div class='ocr_carea' id='block_1_52' title="bbox 150 4861 510 4915">
    <p class='ocr_par' dir='ltr' id='par_1_52' title="bbox 150 4861 510 4915">
     <span class='ocr_line' id='line_1_52' title="bbox 150 4861 510 4915; baseline 0 -2"><span class='ocrx_word' id='word_1_358' title='bbox 150 4861 451 4915; x_wconf 83' lang='lat' dir='ltr'>fatebitur.</span> <span class='ocrx_word' id='word_1_359' title='bbox 483 4884 510 4908; x_wconf 75' lang='grc' dir='ltr'>η</span> 
     </span>
    </p>
   </div>
   <div class='ocr_carea' id='block_1_53' title="bbox 878 4968 1149 5024">
    <p class='ocr_par' dir='ltr' id='par_1_53' title="bbox 878 4968 1149 5024">
     <span class='ocr_line' id='line_1_53' title="bbox 878 4968 1149 5024; baseline -0.004 -1"><span class='ocrx_word' id='word_1_360' title='bbox 878 4968 1006 5023; x_wconf 78' lang='lat' dir='ltr'>CAP.</span> <span class='ocrx_word' id='word_1_361' title='bbox 1048 4969 1149 5024; x_wconf 87' lang='lat' dir='ltr'>CC.</span> 
     </span>
    </p>
   </div>
   <div class='ocr_carea' id='block_1_54' title="bbox 226 5080 1863 5152">
    <p class='ocr_par' dir='ltr' id='par_1_54' title="bbox 226 5080 1863 5152">
     <span class='ocr_line' id='line_1_54' title="bbox 226 5080 1863 5152; baseline -0.002 -16"><span class='ocrx_word' id='word_1_362' title='bbox 226 5084 376 5136; x_wconf 89' lang='lat' dir='ltr'>Item</span> <span class='ocrx_word' id='word_1_363' title='bbox 401 5082 553 5136; x_wconf 92' lang='lat' dir='ltr'>idem</span> <span class='ocrx_word' id='word_1_364' title='bbox 568 5082 894 5136; x_wconf 85' lang='lat' dir='ltr'>Gelasiusin</span> <span class='ocrx_word' id='word_1_365' title='bbox 911 5083 1122 5136; x_wconf 88' lang='lat' dir='ltr'>eisdem</span> <span class='ocrx_word' id='word_1_366' title='bbox 1137 5088 1268 5152; x_wconf 87' lang='lat' dir='ltr'>post</span> <span class='ocrx_word' id='word_1_367' title='bbox 1292 5098 1474 5151; x_wconf 88' lang='lat' dir='ltr'>pauca</span> <span class='ocrx_word' id='word_1_368' title='bbox 1504 5098 1516 5134; x_wconf 89' lang='lat'>:</span> <span class='ocrx_word' id='word_1_369' title='bbox 1557 5102 1583 5130; x_wconf 96' lang='grc'><em>‹‹</em></span> <span class='ocrx_word' id='word_1_370' title='bbox 1612 5080 1863 5135; x_wconf 84' lang='lat' dir='ltr'>Risimus</span> 
     </span>
    </p>
   </div>
   <div class='ocr_carea' id='block_1_55' title="bbox 150 5170 1860 5241">
    <p class='ocr_par' dir='ltr' id='par_1_55' title="bbox 150 5170 1860 5241">
     <span class='ocr_line' id='line_1_55' title="bbox 150 5170 1860 5241; baseline -0.001 -16"><span class='ocrx_word' id='word_1_371' title='bbox 150 5177 351 5225; x_wconf 87' lang='lat' dir='ltr'>autem</span> <span class='ocrx_word' id='word_1_372' title='bbox 384 5173 535 5241; x_wconf 91' lang='lat' dir='ltr'>quod</span> <span class='ocrx_word' id='word_1_373' title='bbox 570 5172 1003 5241; x_wconf 68' lang='lat' dir='ltr'>praerogativam</span> <span class='ocrx_word' id='word_1_374' title='bbox 1039 5172 1239 5225; x_wconf 88' lang='lat' dir='ltr'>volunt</span> <span class='ocrx_word' id='word_1_375' title='bbox 1276 5170 1480 5225; x_wconf 82' lang='lat' dir='ltr'>Acacio</span> <span class='ocrx_word' id='word_1_376' title='bbox 1519 5171 1860 5239; x_wconf 86' lang='lat' dir='ltr'>comparari,</span> 
     </span>
    </p>
   </div>
   <div class='ocr_carea' id='block_1_56' title="bbox 151 5259 1862 5332">
    <p class='ocr_par' dir='ltr' id='par_1_56' title="bbox 151 5259 1862 5332">
     <span class='ocr_line' id='line_1_56' title="bbox 151 5259 1862 5332; baseline -0.002 -17"><span class='ocrx_word' id='word_1_377' title='bbox 151 5262 291 5331; x_wconf 88' lang='lat' dir='ltr'>quia</span> <span class='ocrx_word' id='word_1_378' title='bbox 323 5263 631 5331; x_wconf 89' lang='lat' dir='ltr'>episcopus</span> <span class='ocrx_word' id='word_1_379' title='bbox 659 5261 833 5314; x_wconf 89' lang='lat' dir='ltr'>fuerit</span> <span class='ocrx_word' id='word_1_380' title='bbox 866 5261 1036 5332; x_wconf 71' lang='lat' dir='ltr'>regite</span> <span class='ocrx_word' id='word_1_381' title='bbox 1080 5261 1343 5314; x_wconf 88' lang='lat' dir='ltr'>civitatis.</span> <span class='ocrx_word' id='word_1_382' title='bbox 1391 5259 1659 5330; x_wconf 83' lang='lat' dir='ltr'>Nunquid</span> <span class='ocrx_word' id='word_1_383' title='bbox 1710 5259 1862 5329; x_wconf 89' lang='lat' dir='ltr'>apud</span> 
     </span>
    </p>
   </div>
   <div class='ocr_carea' id='block_1_57' title="bbox 220 5387 1232 5458">
    <p class='ocr_par' dir='ltr' id='par_1_57' title="bbox 220 5387 1232 5458">
     <span class='ocr_line' id='line_1_57' title="bbox 220 5387 1232 5458; baseline 0.003 -18"><span class='ocrx_word' id='word_1_384' title='bbox 220 5397 244 5422; x_wconf 78' lang='grc'>³</span> <span class='ocrx_word' id='word_1_385' title='bbox 276 5389 414 5441; x_wconf 65' lang='lat' dir='ltr'>Haec</span> <span class='ocrx_word' id='word_1_386' title='bbox 444 5387 499 5440; x_wconf 91' lang='lat' dir='ltr'>in</span> <span class='ocrx_word' id='word_1_387' title='bbox 534 5388 647 5441; x_wconf 79' lang='lat' dir='ltr'>fine</span> <span class='ocrx_word' id='word_1_388' title='bbox 677 5388 929 5457; x_wconf 73' lang='lat' dir='ltr'>epistolas</span> <span class='ocrx_word' id='word_1_389' title='bbox 967 5390 1232 5458; x_wconf 84' lang='lat' dir='ltr'>reperies.</span> 
     </span>
    </p>
   </div>
   <div class='ocr_carea' id='block_1_58' title="bbox 218 5458 1859 5530">
    <p class='ocr_par' dir='ltr' id='par_1_58' title="bbox 218 5458 1859 5530">
     <span class='ocr_line' id='line_1_58' title="bbox 218 5458 1859 5530; baseline 0 -17"><span class='ocrx_word' id='word_1_390' title='bbox 218 5472 250 5513; x_wconf 88' lang='lat' dir='ltr'>b</span> <span class='ocrx_word' id='word_1_391' title='bbox 286 5461 405 5512; x_wconf 83' lang='lat' dir='ltr'>Hoc</span> <span class='ocrx_word' id='word_1_392' title='bbox 437 5475 569 5511; x_wconf 88' lang='lat' dir='ltr'>vero</span> <span class='ocrx_word' id='word_1_393' title='bbox 600 5458 657 5511; x_wconf 92' lang='lat' dir='ltr'>in</span> <span class='ocrx_word' id='word_1_394' title='bbox 694 5459 833 5513; x_wconf 90' lang='lat' dir='ltr'>edit.</span> <span class='ocrx_word' id='word_1_395' title='bbox 865 5461 1167 5530; x_wconf 89' lang='lat' dir='ltr'>conjuncta</span> <span class='ocrx_word' id='word_1_396' title='bbox 1208 5459 1427 5514; x_wconf 76' lang='lat' dir='ltr'>videbis</span> <span class='ocrx_word' id='word_1_397' title='bbox 1461 5476 1587 5514; x_wconf 90' lang='lat' dir='ltr'>cum</span> <span class='ocrx_word' id='word_1_398' title='bbox 1626 5460 1812 5515; x_wconf 86' lang='lat' dir='ltr'>verbis</span> <span class='ocrx_word' id='word_1_399' title='bbox 1848 5476 1859 5513; x_wconf 90' lang='lat'><strong>:</strong></span> 
     </span>
    </p>
   </div>
   <div class='ocr_carea' id='block_1_59' title="bbox 148 5534 944 5603">
    <p class='ocr_par' dir='ltr' id='par_1_59' title="bbox 148 5534 944 5603">
     <span class='ocr_line' id='line_1_59' title="bbox 148 5534 944 5603; baseline 0.003 -20"><span class='ocrx_word' id='word_1_400' title='bbox 148 5534 355 5598; x_wconf 73' lang='lat' dir='ltr'>punita</span> <span class='ocrx_word' id='word_1_401' title='bbox 385 5534 713 5595; x_wconf 80' lang='lat' dir='ltr'>cunctorum,</span> <span class='ocrx_word' id='word_1_402' title='bbox 754 5547 944 5603; x_wconf 87' lang='lat' dir='ltr'>supra.</span> 
     </span>
    </p>
   </div>
   <div class='ocr_carea' id='block_1_60' title="bbox 1982 472 3670 552">
    <p class='ocr_par' dir='ltr' id='par_1_60' title="bbox 1982 472 3670 552">
     <span class='ocr_line' id='line_1_60' title="bbox 1982 472 3670 552; baseline 0.006 -28"><span class='ocrx_word' id='word_1_403' title='bbox 1982 472 2263 533; x_wconf 87' lang='lat' dir='ltr'>Triberos,</span> <span class='ocrx_word' id='word_1_404' title='bbox 2304 475 2498 527; x_wconf 90' lang='lat' dir='ltr'>multis</span> <span class='ocrx_word' id='word_1_405' title='bbox 2551 478 2906 545; x_wconf 89' lang='lat' dir='ltr'>temporibus</span> <span class='ocrx_word' id='word_1_406' title='bbox 2953 495 3067 532; x_wconf 90' lang='lat' dir='ltr'>non</span> <span class='ocrx_word' id='word_1_407' title='bbox 3118 480 3372 533; x_wconf 88' lang='lat' dir='ltr'>constitit</span> <span class='ocrx_word' id='word_1_408' title='bbox 3422 482 3670 552; x_wconf 83' lang='lat' dir='ltr'>impera-</span> 
     </span>
    </p>
   </div>
   <div class='ocr_carea' id='block_1_61' title="bbox 1981 562 3673 633">
    <p class='ocr_par' dir='ltr' id='par_1_61' title="bbox 1981 562 3673 633">
     <span class='ocr_line' id='line_1_61' title="bbox 1981 562 3673 633; baseline 0.006 -20"><span class='ocrx_word' id='word_1_409' title='bbox 1981 565 2088 614; x_wconf 89' lang='lat' dir='ltr'>tor.</span> <span class='ocrx_word' id='word_1_410' title='bbox 2132 562 2401 633; x_wconf 84' lang='lat' dir='ltr'>Nunquid</span> <span class='ocrx_word' id='word_1_411' title='bbox 2444 580 2575 616; x_wconf 88' lang='lat' dir='ltr'>nam</span> <span class='ocrx_word' id='word_1_412' title='bbox 2626 566 2829 617; x_wconf 85' lang='lat' dir='ltr'>harum</span> <span class='ocrx_word' id='word_1_413' title='bbox 2877 567 3106 620; x_wconf 90' lang='lat' dir='ltr'>urbium</span> <span class='ocrx_word' id='word_1_414' title='bbox 3161 570 3484 621; x_wconf 89' lang='lat' dir='ltr'>sacerdotes</span> <span class='ocrx_word' id='word_1_415' title='bbox 3526 571 3673 623; x_wconf 85' lang='lat' dir='ltr'>ultra</span> 
     </span>
    </p>
   </div>
   <div class='ocr_carea' id='block_1_62' title="bbox 1981 652 3672 728">
    <p class='ocr_par' dir='ltr' id='par_1_62' title="bbox 1981 652 3672 728">
     <span class='ocr_line' id='line_1_62' title="bbox 1981 652 3672 728; baseline 0.007 -28"><span class='ocrx_word' id='word_1_416' title='bbox 1981 664 2307 703; x_wconf 90' lang='lat' dir='ltr'>mensuram</span> <span class='ocrx_word' id='word_1_417' title='bbox 2340 652 2569 704; x_wconf 78' lang='lat' dir='ltr'>sibimet</span> <span class='ocrx_word' id='word_1_418' title='bbox 2607 654 2923 723; x_wconf 87' lang='lat' dir='ltr'>antiquitus</span> <span class='ocrx_word' id='word_1_419' title='bbox 2974 656 3327 725; x_wconf 84' lang='lat' dir='ltr'>deputatam,</span> <span class='ocrx_word' id='word_1_420' title='bbox 3371 658 3672 728; x_wconf 88' lang='lat' dir='ltr'>quidpiam</span> 
     </span>
    </p>
   </div>
   <div class='ocr_carea' id='block_1_63' title="bbox 1978 739 2982 811">
    <p class='ocr_par' dir='ltr' id='par_1_63' title="bbox 1978 739 2982 811">
     <span class='ocr_line' id='line_1_63' title="bbox 1978 739 2982 811; baseline 0.001 -21"><span class='ocrx_word' id='word_1_421' title='bbox 1978 739 2095 791; x_wconf 91' lang='lat' dir='ltr'>suis</span> <span class='ocrx_word' id='word_1_422' title='bbox 2126 740 2502 809; x_wconf 80' lang='lat' dir='ltr'>dignitatibus</span> <span class='ocrx_word' id='word_1_423' title='bbox 2536 744 2922 811; x_wconf 87' lang='lat' dir='ltr'>usurparunt?</span> <span class='ocrx_word' id='word_1_424' title='bbox 2956 763 2982 792; x_wconf 86' lang='grc'><strong>››</strong></span> 
     </span>
    </p>
   </div>
   <div class='ocr_carea' id='block_1_64' title="bbox 2674 884 2967 939">
    <p class='ocr_par' dir='ltr' id='par_1_64' title="bbox 2674 884 2967 939">
     <span class='ocr_line' id='line_1_64' title="bbox 2674 884 2967 939; baseline 0 -2"><span class='ocrx_word' id='word_1_425' title='bbox 2674 884 2804 937; x_wconf 72' lang='lat' dir='ltr'>CAP.</span> <span class='ocrx_word' id='word_1_426' title='bbox 2840 885 2967 939; x_wconf 85' lang='lat' dir='ltr'>CCI.</span> 
     </span>
    </p>
   </div>
   <div class='ocr_carea' id='block_1_65' title="bbox 2047 1007 3672 1079">
    <p class='ocr_par' dir='ltr' id='par_1_65' title="bbox 2047 1007 3672 1079">
     <span class='ocr_line' id='line_1_65' title="bbox 2047 1007 3672 1079; baseline 0.004 -21"><span class='ocrx_word' id='word_1_427' title='bbox 2047 1007 2184 1059; x_wconf 91' lang='lat' dir='ltr'>Item</span> <span class='ocrx_word' id='word_1_428' title='bbox 2236 1007 2387 1059; x_wconf 89' lang='lat' dir='ltr'>idem</span> <span class='ocrx_word' id='word_1_429' title='bbox 2445 1012 2571 1077; x_wconf 88' lang='lat' dir='ltr'>post</span> <span class='ocrx_word' id='word_1_430' title='bbox 2632 1024 2855 1077; x_wconf 85' lang='lat' dir='ltr'>pauca:</span> <span class='ocrx_word' id='word_1_431' title='bbox 2897 1030 2917 1056; x_wconf 76' lang='grc' dir='ltr'>α</span> <span class='ocrx_word' id='word_1_432' title='bbox 2950 1009 3006 1063; x_wconf 92' lang='lat' dir='ltr'>Si</span> <span class='ocrx_word' id='word_1_433' title='bbox 3066 1014 3221 1062; x_wconf 88' lang='lat' dir='ltr'>certe</span> <span class='ocrx_word' id='word_1_434' title='bbox 3283 1012 3352 1064; x_wconf 91' lang='lat' dir='ltr'>de</span> <span class='ocrx_word' id='word_1_435' title='bbox 3390 1012 3672 1079; x_wconf 86' lang='lat' dir='ltr'>dignitate</span> 
     </span>
    </p>
   </div>
   <div class='ocr_carea' id='block_1_66' title="bbox 1976 1095 3675 1168">
    <p class='ocr_par' dir='ltr' id='par_1_66' title="bbox 1976 1095 3675 1168">
     <span class='ocr_line' id='line_1_66' title="bbox 1976 1095 3675 1168; baseline 0.004 -21"><span class='ocrx_word' id='word_1_436' title='bbox 1976 1095 2163 1161; x_wconf 76' lang='lat' dir='ltr'>agitur</span> <span class='ocrx_word' id='word_1_437' title='bbox 2188 1095 2502 1160; x_wconf 62' lang='lat' dir='ltr'>civitatum,</span> <span class='ocrx_word' id='word_1_438' title='bbox 2538 1099 2801 1150; x_wconf 75' lang='lat' dir='ltr'>secundae</span> <span class='ocrx_word' id='word_1_439' title='bbox 2851 1097 2999 1149; x_wconf 86' lang='lat' dir='ltr'>sedis</span> <span class='ocrx_word' id='word_1_440' title='bbox 3038 1104 3094 1151; x_wconf 89' lang='lat' dir='ltr'>et</span> <span class='ocrx_word' id='word_1_441' title='bbox 3135 1100 3317 1153; x_wconf 65' lang='lat' dir='ltr'>tertia:</span> <span class='ocrx_word' id='word_1_442' title='bbox 3361 1101 3547 1168; x_wconf 90' lang='lat' dir='ltr'>major</span> <span class='ocrx_word' id='word_1_443' title='bbox 3590 1106 3675 1153; x_wconf 83' lang='lat' dir='ltr'>est.</span> 
     </span>
    </p>
   </div>
   <div class='ocr_carea' id='block_1_67' title="bbox 1974 1184 3674 1258">
    <p class='ocr_par' dir='ltr' id='par_1_67' title="bbox 1974 1184 3674 1258">
     <span class='ocr_line' id='line_1_67' title="bbox 1974 1184 3674 1258; baseline 0.003 -22"><span class='ocrx_word' id='word_1_444' title='bbox 1974 1184 2220 1251; x_wconf 72' lang='lat' dir='ltr'>dignitas</span> <span class='ocrx_word' id='word_1_445' title='bbox 2251 1186 2630 1249; x_wconf 84' lang='lat' dir='ltr'>sacerdotum,</span> <span class='ocrx_word' id='word_1_446' title='bbox 2684 1202 2856 1253; x_wconf 92' lang='lat' dir='ltr'>quam</span> <span class='ocrx_word' id='word_1_447' title='bbox 2910 1186 3033 1255; x_wconf 87' lang='lat' dir='ltr'>ejus</span> <span class='ocrx_word' id='word_1_448' title='bbox 3073 1187 3338 1253; x_wconf 87' lang='lat' dir='ltr'>civitatis,</span> <span class='ocrx_word' id='word_1_449' title='bbox 3390 1205 3517 1258; x_wconf 78' lang='lat' dir='ltr'>quae</span> <span class='ocrx_word' id='word_1_450' title='bbox 3560 1205 3674 1241; x_wconf 90' lang='lat' dir='ltr'>non</span> 
     </span>
    </p>
   </div>
   <div class='ocr_carea' id='block_1_68' title="bbox 1974 1272 3676 1340">
    <p class='ocr_par' dir='ltr' id='par_1_68' title="bbox 1974 1272 3676 1340">
     <span class='ocr_line' id='line_1_68' title="bbox 1974 1272 3676 1340; baseline 0.004 -17"><span class='ocrx_word' id='word_1_451' title='bbox 1974 1273 2158 1325; x_wconf 89' lang='lat' dir='ltr'>solum</span> <span class='ocrx_word' id='word_1_452' title='bbox 2194 1272 2339 1324; x_wconf 90' lang='lat' dir='ltr'>inter</span> <span class='ocrx_word' id='word_1_453' title='bbox 2386 1274 2547 1327; x_wconf 88' lang='lat' dir='ltr'>sedes</span> <span class='ocrx_word' id='word_1_454' title='bbox 2582 1275 2817 1327; x_wconf 89' lang='lat' dir='ltr'>minime</span> <span class='ocrx_word' id='word_1_455' title='bbox 2851 1282 3204 1340; x_wconf 86' lang='lat' dir='ltr'>numeratur,</span> <span class='ocrx_word' id='word_1_456' title='bbox 3237 1277 3336 1329; x_wconf 91' lang='lat' dir='ltr'>sed</span> <span class='ocrx_word' id='word_1_457' title='bbox 3384 1292 3484 1328; x_wconf 90' lang='lat' dir='ltr'>nec</span> <span class='ocrx_word' id='word_1_458' title='bbox 3528 1276 3676 1329; x_wconf 89' lang='lat' dir='ltr'>inter</span> 
     </span>
    </p>
   </div>
   <div class='ocr_carea' id='block_1_69' title="bbox 1975 1362 3673 1434">
    <p class='ocr_par' dir='ltr' id='par_1_69' title="bbox 1975 1362 3673 1434">
     <span class='ocr_line' id='line_1_69' title="bbox 1975 1362 3673 1434; baseline 0.002 -21"><span class='ocrx_word' id='word_1_459' title='bbox 1975 1362 2549 1430; x_wconf 86' lang='lat' dir='ltr'>metropolitanorum</span> <span class='ocrx_word' id='word_1_460' title='bbox 2596 1364 2729 1431; x_wconf 85' lang='lat' dir='ltr'>jura</span> <span class='ocrx_word' id='word_1_461' title='bbox 2774 1370 3056 1417; x_wconf 86' lang='lat' dir='ltr'>censetur.</span> <span class='ocrx_word' id='word_1_462' title='bbox 3114 1366 3252 1417; x_wconf 89' lang='lat' dir='ltr'>Nam</span> <span class='ocrx_word' id='word_1_463' title='bbox 3301 1365 3452 1434; x_wconf 91' lang='lat' dir='ltr'>quod</span> <span class='ocrx_word' id='word_1_464' title='bbox 3486 1365 3673 1417; x_wconf 85' lang='lat' dir='ltr'>dicitis</span> 
     </span>
    </p>
   </div>
   <div class='ocr_carea' id='block_1_70' title="bbox 1974 1451 3673 1521">
    <p class='ocr_par' dir='ltr' id='par_1_70' title="bbox 1974 1451 3673 1521">
     <span class='ocr_line' id='line_1_70' title="bbox 1974 1451 3673 1521; baseline 0.001 -19"><span class='ocrx_word' id='word_1_465' title='bbox 1974 1451 2145 1519; x_wconf 68' lang='lat' dir='ltr'>regia:</span> <span class='ocrx_word' id='word_1_466' title='bbox 2178 1451 2435 1510; x_wconf 85' lang='lat' dir='ltr'>civitatis.</span> <span class='ocrx_word' id='word_1_467' title='bbox 2473 1453 2584 1503; x_wconf 85' lang='lat' dir='ltr'>alia</span> <span class='ocrx_word' id='word_1_468' title='bbox 2615 1458 2862 1519; x_wconf 73' lang='lat' dir='ltr'>potestas</span> <span class='ocrx_word' id='word_1_469' title='bbox 2891 1458 2973 1504; x_wconf 73' lang='lat' dir='ltr'>est</span> <span class='ocrx_word' id='word_1_470' title='bbox 3017 1453 3177 1521; x_wconf 79' lang='lat' dir='ltr'>regni</span> <span class='ocrx_word' id='word_1_471' title='bbox 3218 1454 3527 1516; x_wconf 73' lang='lat' dir='ltr'>saecularis,</span> <span class='ocrx_word' id='word_1_472' title='bbox 3564 1453 3673 1505; x_wconf 89' lang='lat' dir='ltr'>alia</span> 
     </span>
    </p>
   </div>
   <div class='ocr_carea' id='block_1_71' title="bbox 1974 1539 3669 1609">
    <p class='ocr_par' dir='ltr' id='par_1_71' title="bbox 1974 1539 3669 1609">
     <span class='ocr_line' id='line_1_71' title="bbox 1974 1539 3669 1609; baseline 0.001 -18"><span class='ocrx_word' id='word_1_473' title='bbox 1974 1539 2481 1591; x_wconf 81' lang='lat' dir='ltr'>ecclesiasticarum</span> <span class='ocrx_word' id='word_1_474' title='bbox 2527 1540 2853 1593; x_wconf 90' lang='lat' dir='ltr'>distributio</span> <span class='ocrx_word' id='word_1_475' title='bbox 2894 1540 3257 1609; x_wconf 71' lang='lat' dir='ltr'>dignitatum.</span> <span class='ocrx_word' id='word_1_476' title='bbox 3313 1541 3470 1595; x_wconf 90' lang='lat' dir='ltr'>Sicut</span> <span class='ocrx_word' id='word_1_477' title='bbox 3515 1541 3669 1594; x_wconf 91' lang='lat' dir='ltr'>enim</span> 
     </span>
    </p>
   </div>
   <div class='ocr_carea' id='block_1_72' title="bbox 1974 1628 3671 1698">
    <p class='ocr_par' dir='ltr' id='par_1_72' title="bbox 1974 1628 3671 1698">
     <span class='ocr_line' id='line_1_72' title="bbox 1974 1628 3671 1698; baseline 0.001 -19"><span class='ocrx_word' id='word_1_478' title='bbox 1974 1644 2235 1697; x_wconf 85' lang='lat' dir='ltr'>quamvis</span> <span class='ocrx_word' id='word_1_479' title='bbox 2262 1644 2435 1695; x_wconf 89' lang='lat' dir='ltr'>parva</span> <span class='ocrx_word' id='word_1_480' title='bbox 2465 1628 2659 1681; x_wconf 86' lang='lat' dir='ltr'>civitas</span> <span class='ocrx_word' id='word_1_481' title='bbox 2692 1630 3130 1698; x_wconf 59' lang='lat' dir='ltr'>praerogativam</span> <span class='ocrx_word' id='word_1_482' title='bbox 3182 1630 3481 1698; x_wconf 60' lang='lat' dir='ltr'>praesentis</span> <span class='ocrx_word' id='word_1_483' title='bbox 3510 1631 3671 1696; x_wconf 75' lang='lat' dir='ltr'>regni</span> 
     </span>
    </p>
   </div>
   <div class='ocr_carea' id='block_1_73' title="bbox 1977 1716 3673 1787">
    <p class='ocr_par' dir='ltr' id='par_1_73' title="bbox 1977 1716 3673 1787">
     <span class='ocr_line' id='line_1_73' title="bbox 1977 1716 3673 1787; baseline 0 -18"><span class='ocrx_word' id='word_1_484' title='bbox 1977 1733 2093 1769; x_wconf 88' lang='lat' dir='ltr'>non</span> <span class='ocrx_word' id='word_1_485' title='bbox 2152 1716 2379 1781; x_wconf 89' lang='lat' dir='ltr'>minuit,</span> <span class='ocrx_word' id='word_1_486' title='bbox 2438 1718 2516 1769; x_wconf 88' lang='lat' dir='ltr'>sic</span> <span class='ocrx_word' id='word_1_487' title='bbox 2594 1717 2907 1786; x_wconf 90' lang='lat' dir='ltr'>imperialis</span> <span class='ocrx_word' id='word_1_488' title='bbox 2978 1719 3280 1787; x_wconf 67' lang='lat' dir='ltr'>praesentia</span> <span class='ocrx_word' id='word_1_489' title='bbox 3344 1734 3673 1770; x_wconf 85' lang='lat' dir='ltr'>mensuram</span> 
     </span>
    </p>
   </div>
   <div class='ocr_carea' id='block_1_74' title="bbox 1974 1806 3675 1877">
    <p class='ocr_par' dir='ltr' id='par_1_74' title="bbox 1974 1806 3675 1877">
     <span class='ocr_line' id='line_1_74' title="bbox 1974 1806 3675 1877; baseline -0.001 -17"><span class='ocrx_word' id='word_1_490' title='bbox 1974 1806 2410 1876; x_wconf 84' lang='lat' dir='ltr'>dispensationis</span> <span class='ocrx_word' id='word_1_491' title='bbox 2462 1806 2745 1877; x_wconf 64' lang='lat' dir='ltr'>religiosas</span> <span class='ocrx_word' id='word_1_492' title='bbox 2797 1823 2911 1860; x_wconf 86' lang='lat' dir='ltr'>non</span> <span class='ocrx_word' id='word_1_493' title='bbox 2963 1814 3162 1861; x_wconf 89' lang='lat' dir='ltr'>mutat.</span> <span class='ocrx_word' id='word_1_494' title='bbox 3205 1808 3285 1861; x_wconf 90' lang='lat' dir='ltr'>Sit</span> <span class='ocrx_word' id='word_1_495' title='bbox 3339 1808 3490 1859; x_wconf 84' lang='lat' dir='ltr'>clara</span> <span class='ocrx_word' id='word_1_496' title='bbox 3541 1807 3675 1860; x_wconf 85' lang='lat' dir='ltr'>urbs</span> 
     </span>
    </p>
   </div>
   <div class='ocr_carea' id='block_1_75' title="bbox 1976 1895 3672 1965">
    <p class='ocr_par' dir='ltr' id='par_1_75' title="bbox 1976 1895 3672 1965">
     <span class='ocr_line' id='line_1_75' title="bbox 1976 1895 3672 1965; baseline -0.001 -17"><span class='ocrx_word' id='word_1_497' title='bbox 1976 1896 2074 1949; x_wconf 88' lang='lat' dir='ltr'>illa</span> <span class='ocrx_word' id='word_1_498' title='bbox 2104 1900 2383 1964; x_wconf 87' lang='lat' dir='ltr'>potestate</span> <span class='ocrx_word' id='word_1_499' title='bbox 2417 1896 2713 1965; x_wconf 65' lang='lat' dir='ltr'>praesentis</span> <span class='ocrx_word' id='word_1_500' title='bbox 2745 1895 2990 1965; x_wconf 88' lang='lat' dir='ltr'>imperii,</span> <span class='ocrx_word' id='word_1_501' title='bbox 3025 1899 3079 1947; x_wconf 89' lang='lat' dir='ltr'>et</span> <span class='ocrx_word' id='word_1_502' title='bbox 3116 1896 3313 1965; x_wconf 81' lang='lat' dir='ltr'>religio</span> <span class='ocrx_word' id='word_1_503' title='bbox 3339 1896 3445 1948; x_wconf 92' lang='lat' dir='ltr'>sub</span> <span class='ocrx_word' id='word_1_504' title='bbox 3470 1895 3672 1948; x_wconf 87' lang='lat' dir='ltr'>eodem</span> 
     </span>
    </p>
   </div>
   <div class='ocr_carea' id='block_1_76' title="bbox 1972 1984 3668 2053">
    <p class='ocr_par' dir='ltr' id='par_1_76' title="bbox 1972 1984 3668 2053">
     <span class='ocr_line' id='line_1_76' title="bbox 1972 1984 3668 2053; baseline -0.001 -16"><span class='ocrx_word' id='word_1_505' title='bbox 1972 1990 2109 2038; x_wconf 88' lang='lat' dir='ltr'>tunc</span> <span class='ocrx_word' id='word_1_506' title='bbox 2144 1985 2327 2048; x_wconf 78' lang='lat' dir='ltr'>firma,</span> <span class='ocrx_word' id='word_1_507' title='bbox 2368 1990 2504 2037; x_wconf 92' lang='lat' dir='ltr'>tunc</span> <span class='ocrx_word' id='word_1_508' title='bbox 2551 1984 2747 2045; x_wconf 86' lang='lat' dir='ltr'>libera,</span> <span class='ocrx_word' id='word_1_509' title='bbox 2793 1989 2928 2037; x_wconf 88' lang='lat' dir='ltr'>tunc</span> <span class='ocrx_word' id='word_1_510' title='bbox 2986 1990 3248 2053; x_wconf 88' lang='lat' dir='ltr'>provecta.</span> <span class='ocrx_word' id='word_1_511' title='bbox 3298 1984 3578 2049; x_wconf 86' lang='lat' dir='ltr'>consistit,</span> <span class='ocrx_word' id='word_1_512' title='bbox 3622 1984 3668 2035; x_wconf 89' lang='lat' dir='ltr'>si</span> 
     </span>
    </p>
   </div>
   <div class='ocr_carea' id='block_1_77' title="bbox 1974 2072 3671 2142">
    <p class='ocr_par' dir='ltr' id='par_1_77' title="bbox 1974 2072 3671 2142">
     <span class='ocr_line' id='line_1_77' title="bbox 1974 2072 3671 2142; baseline -0.001 -17"><span class='ocrx_word' id='word_1_513' title='bbox 1974 2072 2159 2141; x_wconf 88' lang='lat' dir='ltr'>potius</span> <span class='ocrx_word' id='word_1_514' title='bbox 2187 2073 2292 2126; x_wconf 88' lang='lat' dir='ltr'>hoc</span> <span class='ocrx_word' id='word_1_515' title='bbox 2321 2078 2603 2141; x_wconf 59' lang='lat' dir='ltr'>praesente</span> <span class='ocrx_word' id='word_1_516' title='bbox 2642 2074 2935 2142; x_wconf 87' lang='lat' dir='ltr'>propriam</span> <span class='ocrx_word' id='word_1_517' title='bbox 2986 2078 3176 2125; x_wconf 89' lang='lat' dir='ltr'>teneat</span> <span class='ocrx_word' id='word_1_518' title='bbox 3213 2072 3333 2125; x_wconf 90' lang='lat' dir='ltr'>sine</span> <span class='ocrx_word' id='word_1_519' title='bbox 3377 2073 3493 2125; x_wconf 87' lang='lat' dir='ltr'>ulla</span> <span class='ocrx_word' id='word_1_520' title='bbox 3534 2088 3671 2142; x_wconf 80' lang='lat' dir='ltr'>per—</span> 
     </span>
    </p>
   </div>
   <div class='ocr_carea' id='block_1_78' title="bbox 1973 2161 2746 2215">
    <p class='ocr_par' dir='ltr' id='par_1_78' title="bbox 1973 2161 2746 2215">
     <span class='ocr_line' id='line_1_78' title="bbox 1973 2161 2746 2215; baseline -0.005 -2"><span class='ocrx_word' id='word_1_521' title='bbox 1973 2161 2300 2214; x_wconf 85' lang='lat' dir='ltr'>turbatione</span> <span class='ocrx_word' id='word_1_522' title='bbox 2334 2177 2681 2215; x_wconf 85' lang='lat' dir='ltr'>mensuram.</span> <span class='ocrx_word' id='word_1_523' title='bbox 2718 2182 2746 2209; x_wconf 86' lang='grc'><strong>››</strong></span> 
     </span>
    </p>
   </div>
   <div class='ocr_carea' id='block_1_79' title="bbox 2666 2304 2974 2360">
    <p class='ocr_par' dir='ltr' id='par_1_79' title="bbox 2666 2304 2974 2360">
     <span class='ocr_line' id='line_1_79' title="bbox 2666 2304 2974 2360; baseline -0.01 0"><span class='ocrx_word' id='word_1_524' title='bbox 2666 2306 2794 2360; x_wconf 79' lang='lat' dir='ltr'>CAP.</span> <span class='ocrx_word' id='word_1_525' title='bbox 2822 2304 2974 2358; x_wconf 89' lang='lat' dir='ltr'>CCII.</span> 
     </span>
    </p>
   </div>
   <div class='ocr_carea' id='block_1_80' title="bbox 2048 2426 3661 2493">
    <p class='ocr_par' dir='ltr' id='par_1_80' title="bbox 2048 2426 3661 2493">
     <span class='ocr_line' id='line_1_80' title="bbox 2048 2426 3661 2493; baseline -0.001 -15"><span class='ocrx_word' id='word_1_526' title='bbox 2048 2426 2193 2479; x_wconf 90' lang='lat' dir='ltr'>Item</span> <span class='ocrx_word' id='word_1_527' title='bbox 2237 2426 2387 2480; x_wconf 91' lang='lat' dir='ltr'>idem</span> <span class='ocrx_word' id='word_1_528' title='bbox 2433 2426 2493 2479; x_wconf 90' lang='lat' dir='ltr'>in</span> <span class='ocrx_word' id='word_1_529' title='bbox 2542 2426 2655 2479; x_wconf 85' lang='lat' dir='ltr'>ﬁne</span> <span class='ocrx_word' id='word_1_530' title='bbox 2696 2426 3026 2478; x_wconf 86' lang='lat' dir='ltr'>rationum:</span> <span class='ocrx_word' id='word_1_531' title='bbox 3067 2446 3086 2472; x_wconf 80' lang='grc' dir='ltr'>ι</span> <span class='ocrx_word' id='word_1_532' title='bbox 3123 2426 3279 2479; x_wconf 89' lang='lat' dir='ltr'>Sicut</span> <span class='ocrx_word' id='word_1_533' title='bbox 3326 2438 3429 2493; x_wconf 90' lang='lat' dir='ltr'>per</span> <span class='ocrx_word' id='word_1_534' title='bbox 3478 2440 3661 2476; x_wconf 91' lang='lat' dir='ltr'>unum</span> 
     </span>
    </p>
   </div>
   <div class='ocr_carea' id='block_1_81' title="bbox 1975 2512 3670 2583">
    <p class='ocr_par' dir='ltr' id='par_1_81' title="bbox 1975 2512 3670 2583">
     <span class='ocr_line' id='line_1_81' title="bbox 1975 2512 3670 2583; baseline -0.002 -16"><span class='ocrx_word' id='word_1_535' title='bbox 1975 2514 2317 2568; x_wconf 87' lang='lat' dir='ltr'>scribentem</span> <span class='ocrx_word' id='word_1_536' title='bbox 2347 2531 2546 2567; x_wconf 89' lang='lat' dir='ltr'>eorum</span> <span class='ocrx_word' id='word_1_537' title='bbox 2580 2516 2838 2567; x_wconf 90' lang='lat' dir='ltr'>omnium</span> <span class='ocrx_word' id='word_1_538' title='bbox 2874 2515 3099 2583; x_wconf 84' lang='lat' dir='ltr'>vulgata</span> <span class='ocrx_word' id='word_1_539' title='bbox 3150 2512 3531 2582; x_wconf 87' lang='lat' dir='ltr'>transgressio</span> <span class='ocrx_word' id='word_1_540' title='bbox 3568 2519 3670 2574; x_wconf 88' lang='lat' dir='ltr'>est,</span> 
     </span>
    </p>
   </div>
   <div class='ocr_carea' id='block_1_82' title="bbox 1975 2602 3673 2673">
    <p class='ocr_par' dir='ltr' id='par_1_82' title="bbox 1975 2602 3673 2673">
     <span class='ocr_line' id='line_1_82' title="bbox 1975 2602 3673 2673; baseline 0 -19"><span class='ocrx_word' id='word_1_541' title='bbox 1975 2604 2074 2673; x_wconf 91' lang='lat' dir='ltr'>qui</span> <span class='ocrx_word' id='word_1_542' title='bbox 2105 2604 2162 2656; x_wconf 90' lang='lat' dir='ltr'>in</span> <span class='ocrx_word' id='word_1_543' title='bbox 2196 2605 2394 2656; x_wconf 87' lang='lat' dir='ltr'>eadem</span> <span class='ocrx_word' id='word_1_544' title='bbox 2428 2603 2681 2673; x_wconf 68' lang='lat' dir='ltr'>perfidia:</span> <span class='ocrx_word' id='word_1_545' title='bbox 2711 2604 3025 2655; x_wconf 83' lang='lat' dir='ltr'>reciderant</span> <span class='ocrx_word' id='word_1_546' title='bbox 3056 2602 3279 2655; x_wconf 86' lang='lat' dir='ltr'>actione</span> <span class='ocrx_word' id='word_1_547' title='bbox 3313 2619 3325 2654; x_wconf 85' lang='lat'>:</span> <span class='ocrx_word' id='word_1_548' title='bbox 3360 2602 3438 2653; x_wconf 92' lang='lat' dir='ltr'>sic</span> <span class='ocrx_word' id='word_1_549' title='bbox 3471 2602 3527 2653; x_wconf 92' lang='lat' dir='ltr'>in</span> <span class='ocrx_word' id='word_1_550' title='bbox 3559 2618 3673 2654; x_wconf 91' lang='lat' dir='ltr'>uno</span> 
     </span>
    </p>
   </div>
   <div class='ocr_carea' id='block_1_83' title="bbox 1974 2689 3673 2761">
    <p class='ocr_par' dir='ltr' id='par_1_83' title="bbox 1974 2689 3673 2761">
     <span class='ocr_line' id='line_1_83' title="bbox 1974 2689 3673 2761; baseline -0.001 -18"><span class='ocrx_word' id='word_1_551' title='bbox 1974 2691 2290 2761; x_wconf 90' lang='lat' dir='ltr'>eodemque</span> <span class='ocrx_word' id='word_1_552' title='bbox 2324 2692 2420 2760; x_wconf 85' lang='lat' dir='ltr'>qui</span> <span class='ocrx_word' id='word_1_553' title='bbox 2457 2707 2557 2761; x_wconf 88' lang='lat' dir='ltr'>pro</span> <span class='ocrx_word' id='word_1_554' title='bbox 2588 2691 2855 2744; x_wconf 90' lang='lat' dir='ltr'>omnibus</span> <span class='ocrx_word' id='word_1_555' title='bbox 2886 2692 3207 2760; x_wconf 66' lang='lat' dir='ltr'>scripserat,</span> <span class='ocrx_word' id='word_1_556' title='bbox 3245 2690 3331 2742; x_wconf 92' lang='lat' dir='ltr'>vel</span> <span class='ocrx_word' id='word_1_557' title='bbox 3372 2689 3673 2742; x_wconf 90' lang='lat' dir='ltr'>scribendo</span> 
     </span>
    </p>
   </div>
   <div class='ocr_carea' id='block_1_84' title="bbox 1975 2779 3669 2848">
    <p class='ocr_par' dir='ltr' id='par_1_84' title="bbox 1975 2779 3669 2848">
     <span class='ocr_line' id='line_1_84' title="bbox 1975 2779 3669 2848; baseline -0.002 -15"><span class='ocrx_word' id='word_1_558' title='bbox 1975 2779 2237 2833; x_wconf 90' lang='lat' dir='ltr'>omnium</span> <span class='ocrx_word' id='word_1_559' title='bbox 2288 2780 2624 2848; x_wconf 88' lang='lat' dir='ltr'>prodiderat</span> <span class='ocrx_word' id='word_1_560' title='bbox 2670 2781 3009 2843; x_wconf 82' lang='lat' dir='ltr'>voluntates,</span> <span class='ocrx_word' id='word_1_561' title='bbox 3062 2779 3514 2848; x_wconf 87' lang='lat' dir='ltr'>transgressione</span> <span class='ocrx_word' id='word_1_562' title='bbox 3561 2795 3669 2847; x_wconf 91' lang='lat' dir='ltr'>pu-</span> 
     </span>
    </p>
   </div>
   <div class='ocr_carea' id='block_1_85' title="bbox 1975 2867 3671 2931">
    <p class='ocr_par' dir='ltr' id='par_1_85' title="bbox 1975 2867 3671 2931">
     <span class='ocr_line' id='line_1_85' title="bbox 1975 2867 3671 2931; baseline -0.003 -9"><span class='ocrx_word' id='word_1_563' title='bbox 1975 2869 2093 2922; x_wconf 90' lang='lat' dir='ltr'>nita</span> <span class='ocrx_word' id='word_1_564' title='bbox 2132 2874 2487 2921; x_wconf 90' lang='lat' dir='ltr'>cunctorum.</span> <span class='ocrx_word' id='word_1_565' title='bbox 2525 2868 2660 2931; x_wconf 73' lang='lat' dir='ltr'>Qun:</span> <span class='ocrx_word' id='word_1_566' title='bbox 2703 2869 2771 2920; x_wconf 89' lang='lat' dir='ltr'>ad</span> <span class='ocrx_word' id='word_1_567' title='bbox 2814 2868 3247 2920; x_wconf 82' lang='lat' dir='ltr'>instructionem</span> <span class='ocrx_word' id='word_1_568' title='bbox 3291 2872 3485 2919; x_wconf 68' lang='lat' dir='ltr'>vestrae</span> <span class='ocrx_word' id='word_1_569' title='bbox 3534 2867 3671 2918; x_wconf 91' lang='lat' dir='ltr'>dile-</span> 
     </span>
    </p>
   </div>
   <div class='ocr_carea' id='block_1_86' title="bbox 1903 2956 3672 3025">
    <p class='ocr_par' dir='ltr' id='par_1_86' title="bbox 1903 2956 3672 3025">
     <span class='ocr_line' id='line_1_86' title="bbox 1903 2956 3672 3025; baseline -0.002 -16"><span class='ocrx_word' id='word_1_570' title='bbox 1903 2960 1943 3015; x_wconf 89' lang='lat' dir='ltr'>C</span> <span class='ocrx_word' id='word_1_571' title='bbox 1973 2958 2175 3010; x_wconf 90' lang='lat' dir='ltr'>ctionis</span> <span class='ocrx_word' id='word_1_572' title='bbox 2219 2957 2354 3009; x_wconf 88' lang='lat' dir='ltr'>satis</span> <span class='ocrx_word' id='word_1_573' title='bbox 2404 2957 2743 3025; x_wconf 85' lang='lat' dir='ltr'>abundeque</span> <span class='ocrx_word' id='word_1_574' title='bbox 2794 2956 3055 3008; x_wconf 83' lang='lat' dir='ltr'>sufﬁcere</span> <span class='ocrx_word' id='word_1_575' title='bbox 3101 2956 3443 3023; x_wconf 84' lang='lat' dir='ltr'>judicamus,</span> <span class='ocrx_word' id='word_1_576' title='bbox 3476 2971 3672 3024; x_wconf 87' lang='lat' dir='ltr'>quain-</span> 
     </span>
    </p>
   </div>
   <div class='ocr_carea' id='block_1_87' title="bbox 1974 3042 3665 3109">
    <p class='ocr_par' dir='ltr' id='par_1_87' title="bbox 1974 3042 3665 3109">
     <span class='ocr_line' id='line_1_87' title="bbox 1974 3042 3665 3109; baseline -0.003 -11"><span class='ocrx_word' id='word_1_577' title='bbox 1974 3046 2057 3098; x_wconf 90' lang='lat' dir='ltr'>vis</span> <span class='ocrx_word' id='word_1_578' title='bbox 2088 3045 2287 3098; x_wconf 90' lang='lat' dir='ltr'>eadem</span> <span class='ocrx_word' id='word_1_579' title='bbox 2318 3044 2505 3109; x_wconf 87' lang='lat' dir='ltr'>latius,</span> <span class='ocrx_word' id='word_1_580' title='bbox 2548 3044 2595 3095; x_wconf 89' lang='lat' dir='ltr'>si</span> <span class='ocrx_word' id='word_1_581' title='bbox 2642 3044 2921 3096; x_wconf 88' lang='lat' dir='ltr'>Dominus</span> <span class='ocrx_word' id='word_1_582' title='bbox 2948 3042 3287 3095; x_wconf 87' lang='lat' dir='ltr'>concesserit</span> <span class='ocrx_word' id='word_1_583' title='bbox 3306 3043 3665 3105; x_wconf 85' lang='lat' dir='ltr'>facultatem;</span> 
     </span>
    </p>
   </div>
   <div class='ocr_carea' id='block_1_88' title="bbox 1974 3131 3668 3202">
    <p class='ocr_par' dir='ltr' id='par_1_88' title="bbox 1974 3131 3668 3202">
     <span class='ocr_line' id='line_1_88' title="bbox 1974 3131 3668 3202; baseline -0.004 -15"><span class='ocrx_word' id='word_1_584' title='bbox 1974 3134 2303 3187; x_wconf 88' lang='lat' dir='ltr'>studeamus</span> <span class='ocrx_word' id='word_1_585' title='bbox 2350 3148 2632 3202; x_wconf 86' lang='lat' dir='ltr'>exponere</span> <span class='ocrx_word' id='word_1_586' title='bbox 2664 3140 2720 3197; x_wconf 72' lang='grc'>⁸;</span> <span class='ocrx_word' id='word_1_587' title='bbox 2777 3136 3058 3200; x_wconf 84' lang='lat' dir='ltr'>quatenus</span> <span class='ocrx_word' id='word_1_588' title='bbox 3109 3136 3162 3183; x_wconf 89' lang='lat' dir='ltr'>et</span> <span class='ocrx_word' id='word_1_589' title='bbox 3214 3132 3471 3183; x_wconf 76' lang='lat' dir='ltr'>fidelium</span> <span class='ocrx_word' id='word_1_590' title='bbox 3522 3131 3668 3200; x_wconf 82' lang='lat' dir='ltr'>quis-</span> 
     </span>
    </p>
   </div>
   <div class='ocr_carea' id='block_1_89' title="bbox 1974 3218 3671 3293">
    <p class='ocr_par' dir='ltr' id='par_1_89' title="bbox 1974 3218 3671 3293">
     <span class='ocr_line' id='line_1_89' title="bbox 1974 3218 3671 3293; baseline -0.002 -20"><span class='ocrx_word' id='word_1_591' title='bbox 1974 3239 2084 3293; x_wconf 88' lang='lat' dir='ltr'>que</span> <span class='ocrx_word' id='word_1_592' title='bbox 2134 3227 2457 3291; x_wconf 86' lang='lat' dir='ltr'>cognoscat,</span> <span class='ocrx_word' id='word_1_593' title='bbox 2512 3221 2654 3273; x_wconf 90' lang='lat' dir='ltr'>nihil</span> <span class='ocrx_word' id='word_1_594' title='bbox 2704 3220 3076 3288; x_wconf 88' lang='lat' dir='ltr'>apostolicam</span> <span class='ocrx_word' id='word_1_595' title='bbox 3119 3220 3336 3281; x_wconf 86' lang='lat' dir='ltr'>sedem,</span> <span class='ocrx_word' id='word_1_596' title='bbox 3389 3220 3541 3287; x_wconf 88' lang='lat' dir='ltr'>quod</span> <span class='ocrx_word' id='word_1_597' title='bbox 3578 3218 3671 3270; x_wconf 76' lang='lat' dir='ltr'>ab~</span> 
     </span>
    </p>
   </div>
   <div class='ocr_carea' id='block_1_90' title="bbox 1975 3308 3664 3381">
    <p class='ocr_par' dir='ltr' id='par_1_90' title="bbox 1975 3308 3664 3381">
     <span class='ocr_line' id='line_1_90' title="bbox 1975 3308 3664 3381; baseline -0.004 -18"><span class='ocrx_word' id='word_1_598' title='bbox 1975 3312 2067 3375; x_wconf 90' lang='lat' dir='ltr'>sit,</span> <span class='ocrx_word' id='word_1_599' title='bbox 2120 3326 2487 3381; x_wconf 63' lang='lat' dir='ltr'>praepropere</span> <span class='ocrx_word' id='word_1_600' title='bbox 2531 3310 2832 3362; x_wconf 80' lang='lat' dir='ltr'>censuisse.</span> <span class='ocrx_word' id='word_1_601' title='bbox 2874 3311 2897 3350; x_wconf 87' lang='lat' dir='ltr'>b</span> <span class='ocrx_word' id='word_1_602' title='bbox 2936 3310 3073 3371; x_wconf 69' lang='lat' dir='ltr'>Quae</span> <span class='ocrx_word' id='word_1_603' title='bbox 3132 3315 3323 3360; x_wconf 87' lang='lat' dir='ltr'>tamen</span> <span class='ocrx_word' id='word_1_604' title='bbox 3386 3308 3664 3358; x_wconf 84' lang='lat' dir='ltr'>sententia</span> 
     </span>
    </p>
   </div>
   <div class='ocr_carea' id='block_1_91' title="bbox 1971 3395 3662 3465">
    <p class='ocr_par' dir='ltr' id='par_1_91' title="bbox 1971 3395 3662 3465">
     <span class='ocr_line' id='line_1_91' title="bbox 1971 3395 3662 3465; baseline -0.006 -12"><span class='ocrx_word' id='word_1_605' title='bbox 1971 3401 2031 3453; x_wconf 89' lang='lat' dir='ltr'>in</span> <span class='ocrx_word' id='word_1_606' title='bbox 2088 3399 2350 3454; x_wconf 86' lang='lat' dir='ltr'>Acacium</span> <span class='ocrx_word' id='word_1_607' title='bbox 2416 3398 2717 3465; x_wconf 89' lang='lat' dir='ltr'>destinata,</span> <span class='ocrx_word' id='word_1_608' title='bbox 2758 3403 2812 3449; x_wconf 89' lang='lat' dir='ltr'>et</span> <span class='ocrx_word' id='word_1_609' title='bbox 2860 3397 2908 3449; x_wconf 91' lang='lat' dir='ltr'>si</span> <span class='ocrx_word' id='word_1_610' title='bbox 2967 3396 3201 3449; x_wconf 88' lang='lat' dir='ltr'>nomine</span> <span class='ocrx_word' id='word_1_611' title='bbox 3258 3395 3662 3448; x_wconf 89' lang='lat' dir='ltr'>tantummodo</span> 
     </span>
    </p>
   </div>
   <div class='ocr_carea' id='block_1_92' title="bbox 1972 3485 3665 3558">
    <p class='ocr_par' dir='ltr' id='par_1_92' title="bbox 1972 3485 3665 3558">
     <span class='ocr_line' id='line_1_92' title="bbox 1972 3485 3665 3558; baseline -0.004 -17"><span class='ocrx_word' id='word_1_612' title='bbox 1972 3488 2233 3558; x_wconf 71' lang='lat' dir='ltr'>praasulis</span> <span class='ocrx_word' id='word_1_613' title='bbox 2297 3486 2613 3555; x_wconf 88' lang='lat' dir='ltr'>apostolici,</span> <span class='ocrx_word' id='word_1_614' title='bbox 2678 3486 2843 3552; x_wconf 90' lang='lat' dir='ltr'>cujus</span> <span class='ocrx_word' id='word_1_615' title='bbox 2909 3491 3030 3538; x_wconf 88' lang='lat' dir='ltr'>erat</span> <span class='ocrx_word' id='word_1_616' title='bbox 3096 3485 3295 3554; x_wconf 85' lang='lat' dir='ltr'>utique</span> <span class='ocrx_word' id='word_1_617' title='bbox 3366 3485 3665 3553; x_wconf 78' lang='lat' dir='ltr'>potestatis</span> 
     </span>
    </p>
   </div>
   <div class='ocr_carea' id='block_1_93' title="bbox 1973 3574 3668 3645">
    <p class='ocr_par' dir='ltr' id='par_1_93' title="bbox 1973 3574 3668 3645">
     <span class='ocr_line' id='line_1_93' title="bbox 1973 3574 3668 3645; baseline -0.003 -15"><span class='ocrx_word' id='word_1_618' title='bbox 1973 3577 2264 3645; x_wconf 63' lang='lat' dir='ltr'>legitimae,</span> <span class='ocrx_word' id='word_1_619' title='bbox 2308 3576 2586 3644; x_wconf 87' lang='lat' dir='ltr'>probatur</span> <span class='ocrx_word' id='word_1_620' title='bbox 2626 3591 2745 3627; x_wconf 89' lang='lat' dir='ltr'>esse</span> <span class='ocrx_word' id='word_1_621' title='bbox 2790 3576 3152 3644; x_wconf 88' lang='lat' dir='ltr'>deprompta,</span> <span class='ocrx_word' id='word_1_622' title='bbox 3207 3574 3495 3642; x_wconf 52' lang='lat' dir='ltr'>praecipue</span> <span class='ocrx_word' id='word_1_623' title='bbox 3539 3588 3668 3625; x_wconf 92' lang='lat' dir='ltr'>cum</span> 
     </span>
    </p>
   </div>
   <div class='ocr_carea' id='block_1_94' title="bbox 1974 3661 3669 3733">
    <p class='ocr_par' dir='ltr' id='par_1_94' title="bbox 1974 3661 3669 3733">
     <span class='ocr_line' id='line_1_94' title="bbox 1974 3661 3669 3733; baseline -0.004 -16"><span class='ocrx_word' id='word_1_624' title='bbox 1974 3664 2235 3718; x_wconf 90' lang='lat' dir='ltr'>secretim</span> <span class='ocrx_word' id='word_1_625' title='bbox 2277 3664 2579 3733; x_wconf 88' lang='lat' dir='ltr'>dirigenda</span> <span class='ocrx_word' id='word_1_626' title='bbox 2626 3663 2931 3723; x_wconf 88' lang='lat' dir='ltr'>videretur,</span> <span class='ocrx_word' id='word_1_627' title='bbox 2989 3679 3089 3713; x_wconf 89' lang='lat' dir='ltr'>nec</span> <span class='ocrx_word' id='word_1_628' title='bbox 3133 3661 3401 3715; x_wconf 82' lang='lat' dir='ltr'>custodiis</span> <span class='ocrx_word' id='word_1_629' title='bbox 3454 3661 3669 3728; x_wconf 81' lang='lat' dir='ltr'>ubique</span> 
     </span>
    </p>
   </div>
   <div class='ocr_carea' id='block_1_95' title="bbox 1971 3748 3721 3822">
    <p class='ocr_par' dir='ltr' id='par_1_95' title="bbox 1971 3748 3721 3822">
     <span class='ocr_line' id='line_1_95' title="bbox 1971 3748 3721 3822; baseline -0.005 -16"><span class='ocrx_word' id='word_1_630' title='bbox 1971 3753 2265 3822; x_wconf 60' lang='lat' dir='ltr'>praetentis</span> <span class='ocrx_word' id='word_1_631' title='bbox 2295 3764 2315 3787; x_wconf 75' lang='grc' dir='ltr'>ε</span> <span class='ocrx_word' id='word_1_632' title='bbox 2362 3752 2660 3821; x_wconf 83' lang='lat' dir='ltr'>dispositio</span> <span class='ocrx_word' id='word_1_633' title='bbox 2700 3752 2983 3814; x_wconf 87' lang='lat' dir='ltr'>salutaris,</span> <span class='ocrx_word' id='word_1_634' title='bbox 3027 3750 3376 3819; x_wconf 87' lang='lat' dir='ltr'>quibuslibet</span> <span class='ocrx_word' id='word_1_635' title='bbox 3415 3748 3665 3802; x_wconf 79' lang='lat' dir='ltr'>difficul-</span> <span class='ocrx_word' id='word_1_636' title='bbox 3718 3760 3721 3761; x_wconf 72' lang='lat'><strong><em>&#39;</em></strong></span> 
     </span>
    </p>
   </div>
   <div class='ocr_carea' id='block_1_96' title="bbox 1971 3839 3669 3909">
    <p class='ocr_par' dir='ltr' id='par_1_96' title="bbox 1971 3839 3669 3909">
     <span class='ocr_line' id='line_1_96' title="bbox 1971 3839 3669 3909; baseline -0.004 -16"><span class='ocrx_word' id='word_1_637' title='bbox 1971 3840 2181 3894; x_wconf 86' lang='lat' dir='ltr'>tatibus</span> <span class='ocrx_word' id='word_1_638' title='bbox 2240 3840 2514 3909; x_wconf 89' lang='lat' dir='ltr'>impedita</span> <span class='ocrx_word' id='word_1_639' title='bbox 2575 3841 2955 3891; x_wconf 86' lang='lat' dir='ltr'>necessarium</span> <span class='ocrx_word' id='word_1_640' title='bbox 3024 3839 3235 3891; x_wconf 80' lang='lat' dir='ltr'>habere</span> <span class='ocrx_word' id='word_1_641' title='bbox 3307 3853 3423 3889; x_wconf 92' lang='lat' dir='ltr'>non</span> <span class='ocrx_word' id='word_1_642' title='bbox 3480 3845 3669 3904; x_wconf 83' lang='lat' dir='ltr'>posset</span> 
     </span>
    </p>
   </div>
   <div class='ocr_carea' id='block_1_97' title="bbox 1971 3926 3667 3997">
    <p class='ocr_par' dir='ltr' id='par_1_97' title="bbox 1971 3926 3667 3997">
     <span class='ocr_line' id='line_1_97' title="bbox 1971 3926 3667 3997; baseline -0.005 -15"><span class='ocrx_word' id='word_1_643' title='bbox 1971 3929 2269 3993; x_wconf 81' lang='lat' dir='ltr'>effectum;</span> <span class='ocrx_word' id='word_1_644' title='bbox 2306 3934 2493 3981; x_wconf 89' lang='lat' dir='ltr'>tamen</span> <span class='ocrx_word' id='word_1_645' title='bbox 2526 3928 2659 3997; x_wconf 92' lang='lat' dir='ltr'>quia</span> <span class='ocrx_word' id='word_1_646' title='bbox 2690 3927 3027 3980; x_wconf 84' lang='lat' dir='ltr'>orthodoxis</span> <span class='ocrx_word' id='word_1_647' title='bbox 3060 3926 3275 3995; x_wconf 89' lang='lat' dir='ltr'>ubique</span> <span class='ocrx_word' id='word_1_648' title='bbox 3321 3926 3573 3993; x_wconf 88' lang='lat' dir='ltr'>dejectis,</span> <span class='ocrx_word' id='word_1_649' title='bbox 3613 3932 3667 3975; x_wconf 87' lang='lat' dir='ltr'>et</span> 
     </span>
    </p>
   </div>
   <div class='ocr_carea' id='block_1_98' title="bbox 1971 4014 3660 4086">
    <p class='ocr_par' dir='ltr' id='par_1_98' title="bbox 1971 4014 3660 4086">
     <span class='ocr_line' id='line_1_98' title="bbox 1971 4014 3660 4086; baseline -0.005 -14"><span class='ocrx_word' id='word_1_650' title='bbox 1971 4017 2249 4072; x_wconf 55' lang='lat' dir='ltr'>haereticis</span> <span class='ocrx_word' id='word_1_651' title='bbox 2296 4017 2694 4070; x_wconf 90' lang='lat' dir='ltr'>tantummodo</span> <span class='ocrx_word' id='word_1_652' title='bbox 2748 4032 3066 4086; x_wconf 87' lang='lat' dir='ltr'>eorumque</span> <span class='ocrx_word' id='word_1_653' title='bbox 3134 4014 3499 4068; x_wconf 89' lang='lat' dir='ltr'>consortibus</span> <span class='ocrx_word' id='word_1_654' title='bbox 3541 4014 3660 4083; x_wconf 86' lang='lat' dir='ltr'>jam</span> 
     </span>
    </p>
   </div>
   <div class='ocr_carea' id='block_1_99' title="bbox 1971 4102 3665 4173">
    <p class='ocr_par' dir='ltr' id='par_1_99' title="bbox 1971 4102 3665 4173">
     <span class='ocr_line' id='line_1_99' title="bbox 1971 4102 3665 4173; baseline -0.005 -13"><span class='ocrx_word' id='word_1_655' title='bbox 1971 4106 2183 4160; x_wconf 89' lang='lat' dir='ltr'>relictis</span> <span class='ocrx_word' id='word_1_656' title='bbox 2226 4108 2283 4159; x_wconf 91' lang='lat' dir='ltr'>in</span> <span class='ocrx_word' id='word_1_657' title='bbox 2324 4105 2575 4173; x_wconf 79' lang='lat' dir='ltr'>Oriente,</span> <span class='ocrx_word' id='word_1_658' title='bbox 2623 4105 2890 4158; x_wconf 86' lang='lat' dir='ltr'>catholici</span> <span class='ocrx_word' id='word_1_659' title='bbox 2940 4105 3238 4173; x_wconf 79' lang='lat' dir='ltr'>pontiﬁces</span> <span class='ocrx_word' id='word_1_660' title='bbox 3299 4108 3397 4156; x_wconf 89' lang='lat' dir='ltr'>aut</span> <span class='ocrx_word' id='word_1_661' title='bbox 3452 4102 3665 4155; x_wconf 85' lang='lat' dir='ltr'>residui</span> 
     </span>
    </p>
   </div>
   <div class='ocr_carea' id='block_1_100' title="bbox 1975 4192 3662 4260">
    <p class='ocr_par' dir='ltr' id='par_1_100' title="bbox 1975 4192 3662 4260">
     <span class='ocr_line' id='line_1_100' title="bbox 1975 4192 3662 4260; baseline -0.004 -12"><span class='ocrx_word' id='word_1_662' title='bbox 1975 4196 2233 4249; x_wconf 91' lang='lat' dir='ltr'>omnimo</span> <span class='ocrx_word' id='word_1_663' title='bbox 2267 4211 2382 4248; x_wconf 92' lang='lat' dir='ltr'>non</span> <span class='ocrx_word' id='word_1_664' title='bbox 2414 4200 2620 4259; x_wconf 89' lang='lat' dir='ltr'>essent,</span> <span class='ocrx_word' id='word_1_665' title='bbox 2654 4200 2749 4247; x_wconf 89' lang='lat' dir='ltr'>aut</span> <span class='ocrx_word' id='word_1_666' title='bbox 2780 4195 2999 4246; x_wconf 88' lang='lat' dir='ltr'>nullam</span> <span class='ocrx_word' id='word_1_667' title='bbox 3034 4192 3662 4260; x_wconf 85' lang='lat' dir='ltr'>gererentlibertatem,</span> 
     </span>
    </p>
   </div>
   <div class='ocr_carea' id='block_1_101' title="bbox 1976 4280 3663 4356">
    <p class='ocr_par' dir='ltr' id='par_1_101' title="bbox 1976 4280 3663 4356">
     <span class='ocr_line' id='line_1_101' title="bbox 1976 4280 3663 4356; baseline -0.005 -18"><span class='ocrx_word' id='word_1_668' title='bbox 1976 4286 2359 4356; x_wconf 80' lang='lat' dir='ltr'>plurimorum</span> <span class='ocrx_word' id='word_1_669' title='bbox 2405 4284 2464 4337; x_wconf 94' lang='lat' dir='ltr'>in</span> <span class='ocrx_word' id='word_1_670' title='bbox 2506 4284 2663 4337; x_wconf 89' lang='lat' dir='ltr'>Italia</span> <span class='ocrx_word' id='word_1_671' title='bbox 2714 4283 3125 4336; x_wconf 89' lang='lat' dir='ltr'>catholicorum</span> <span class='ocrx_word' id='word_1_672' title='bbox 3171 4280 3536 4349; x_wconf 87' lang='lat' dir='ltr'>congregatio</span> <span class='ocrx_word' id='word_1_673' title='bbox 3577 4294 3663 4330; x_wconf 86' lang='lat' dir='ltr'>sa-</span> 
     </span>
    </p>
   </div>
   <div class='ocr_carea' id='block_1_102' title="bbox 1973 4368 3665 4441">
    <p class='ocr_par' dir='ltr' id='par_1_102' title="bbox 1973 4368 3665 4441">
     <span class='ocr_line' id='line_1_102' title="bbox 1973 4368 3665 4441; baseline -0.005 -14"><span class='ocrx_word' id='word_1_674' title='bbox 1973 4375 2289 4438; x_wconf 87' lang='lat' dir='ltr'>cerdotum,</span> <span class='ocrx_word' id='word_1_675' title='bbox 2335 4372 2757 4425; x_wconf 85' lang='lat' dir='ltr'>rationabiliter</span> <span class='ocrx_word' id='word_1_676' title='bbox 2785 4372 3053 4441; x_wconf 88' lang='lat' dir='ltr'>cognovit</span> <span class='ocrx_word' id='word_1_677' title='bbox 3105 4370 3162 4423; x_wconf 93' lang='lat' dir='ltr'>in</span> <span class='ocrx_word' id='word_1_678' title='bbox 3194 4370 3459 4423; x_wconf 87' lang='lat' dir='ltr'>Acacium</span> <span class='ocrx_word' id='word_1_679' title='bbox 3493 4368 3665 4420; x_wconf 88' lang='lat' dir='ltr'>fuisse</span> 
     </span>
    </p>
   </div>
   <div class='ocr_carea' id='block_1_103' title="bbox 1972 4458 3665 4532">
    <p class='ocr_par' dir='ltr' id='par_1_103' title="bbox 1972 4458 3665 4532">
     <span class='ocr_line' id='line_1_103' title="bbox 1972 4458 3665 4532; baseline -0.005 -17"><span class='ocrx_word' id='word_1_680' title='bbox 1972 4463 2296 4532; x_wconf 88' lang='lat' dir='ltr'>prolatam:</span> <span class='ocrx_word' id='word_1_681' title='bbox 2356 4477 2481 4531; x_wconf 59' lang='lat' dir='ltr'>quae</span> <span class='ocrx_word' id='word_1_682' title='bbox 2539 4461 2908 4530; x_wconf 89' lang='lat' dir='ltr'>congregatio</span> <span class='ocrx_word' id='word_1_683' title='bbox 2958 4461 3103 4513; x_wconf 86' lang='lat' dir='ltr'>facta</span> <span class='ocrx_word' id='word_1_684' title='bbox 3156 4458 3493 4528; x_wconf 90' lang='lat' dir='ltr'>pontiticum</span> <span class='ocrx_word' id='word_1_685' title='bbox 3551 4471 3665 4507; x_wconf 89' lang='lat' dir='ltr'>non</span> 
     </span>
    </p>
   </div>
   <div class='ocr_carea' id='block_1_104' title="bbox 1969 4550 3663 4617">
    <p class='ocr_par' dir='ltr' id='par_1_104' title="bbox 1969 4550 3663 4617">
     <span class='ocr_line' id='line_1_104' title="bbox 1969 4550 3663 4617; baseline -0.004 -14"><span class='ocrx_word' id='word_1_686' title='bbox 1969 4556 2168 4604; x_wconf 92' lang='lat' dir='ltr'>contra</span> <span class='ocrx_word' id='word_1_687' title='bbox 2215 4550 2751 4609; x_wconf 86' lang='lat' dir='ltr'>Chalcedonensem,</span> <span class='ocrx_word' id='word_1_688' title='bbox 2818 4565 2930 4601; x_wconf 91' lang='lat' dir='ltr'>non</span> <span class='ocrx_word' id='word_1_689' title='bbox 2976 4553 3247 4617; x_wconf 87' lang='lat' dir='ltr'>tanquam</span> <span class='ocrx_word' id='word_1_690' title='bbox 3293 4562 3439 4599; x_wconf 85' lang='lat' dir='ltr'>nova</span> <span class='ocrx_word' id='word_1_691' title='bbox 3493 4561 3663 4614; x_wconf 87' lang='lat' dir='ltr'>syno-</span> 
     </span>
    </p>
   </div>
   <div class='ocr_carea' id='block_1_105' title="bbox 1974 4635 3665 4708">
    <p class='ocr_par' dir='ltr' id='par_1_105' title="bbox 1974 4635 3665 4708">
     <span class='ocr_line' id='line_1_105' title="bbox 1974 4635 3665 4708; baseline -0.004 -14"><span class='ocrx_word' id='word_1_692' title='bbox 1974 4642 2078 4695; x_wconf 90' lang='lat' dir='ltr'>dus</span> <span class='ocrx_word' id='word_1_693' title='bbox 2127 4648 2322 4694; x_wconf 89' lang='lat' dir='ltr'>contra</span> <span class='ocrx_word' id='word_1_694' title='bbox 2371 4644 2616 4692; x_wconf 87' lang='lat' dir='ltr'>veterem</span> <span class='ocrx_word' id='word_1_695' title='bbox 2666 4639 3025 4708; x_wconf 86' lang='lat' dir='ltr'>primamque</span> <span class='ocrx_word' id='word_1_696' title='bbox 3068 4636 3367 4699; x_wconf 84' lang='lat' dir='ltr'>convenit;</span> <span class='ocrx_word' id='word_1_697' title='bbox 3412 4635 3506 4687; x_wconf 90' lang='lat' dir='ltr'>sed</span> <span class='ocrx_word' id='word_1_698' title='bbox 3557 4651 3665 4703; x_wconf 93' lang='lat' dir='ltr'>po-</span> 
     </span>
    </p>
   </div>
   <div class='ocr_carea' id='block_1_106' title="bbox 1971 4723 3666 4792">
    <p class='ocr_par' dir='ltr' id='par_1_106' title="bbox 1971 4723 3666 4792">
     <span class='ocr_line' id='line_1_106' title="bbox 1971 4723 3666 4792; baseline -0.006 -8"><span class='ocrx_word' id='word_1_699' title='bbox 1971 4731 2086 4784; x_wconf 89' lang='lat' dir='ltr'>tius</span> <span class='ocrx_word' id='word_1_700' title='bbox 2135 4728 2445 4783; x_wconf 91' lang='lat' dir='ltr'>secundum</span> <span class='ocrx_word' id='word_1_701' title='bbox 2496 4732 2755 4780; x_wconf 86' lang='lat' dir='ltr'>tenorem</span> <span class='ocrx_word' id='word_1_702' title='bbox 2801 4727 3005 4779; x_wconf 88' lang='lat' dir='ltr'>veteris</span> <span class='ocrx_word' id='word_1_703' title='bbox 3047 4724 3338 4778; x_wconf 88' lang='lat' dir='ltr'>constituti</span> <span class='ocrx_word' id='word_1_704' title='bbox 3384 4723 3666 4792; x_wconf 88' lang='lat' dir='ltr'>particeps</span> 
     </span>
    </p>
   </div>
   <div class='ocr_carea' id='block_1_107' title="bbox 1970 4813 3665 4889">
    <p class='ocr_par' dir='ltr' id='par_1_107' title="bbox 1970 4813 3665 4889">
     <span class='ocr_line' id='line_1_107' title="bbox 1970 4813 3665 4889; baseline -0.007 -16"><span class='ocrx_word' id='word_1_705' title='bbox 1970 4818 2296 4889; x_wconf 66' lang='lat' dir='ltr'>apostolica:</span> <span class='ocrx_word' id='word_1_706' title='bbox 2327 4816 2707 4870; x_wconf 81' lang='lat' dir='ltr'>exsecutionis</span> <span class='ocrx_word' id='word_1_707' title='bbox 2738 4814 2937 4868; x_wconf 76' lang='lat' dir='ltr'>effecta</span> <span class='ocrx_word' id='word_1_708' title='bbox 2969 4818 3081 4878; x_wconf 91' lang='lat' dir='ltr'>est;</span> <span class='ocrx_word' id='word_1_709' title='bbox 3117 4818 3181 4865; x_wconf 90' lang='lat' dir='ltr'>ut</span> <span class='ocrx_word' id='word_1_710' title='bbox 3221 4813 3359 4864; x_wconf 89' lang='lat' dir='ltr'>satis</span> <span class='ocrx_word' id='word_1_711' title='bbox 3390 4816 3665 4879; x_wconf 83' lang='lat' dir='ltr'>appareat</span> 
     </span>
    </p>
   </div>
   <div class='ocr_carea' id='block_1_108' title="bbox 1974 4898 3666 4972">
    <p class='ocr_par' dir='ltr' id='par_1_108' title="bbox 1974 4898 3666 4972">
     <span class='ocr_line' id='line_1_108' title="bbox 1974 4898 3666 4972; baseline -0.008 -11"><span class='ocrx_word' id='word_1_712' title='bbox 1974 4906 2279 4961; x_wconf 88' lang='lat' dir='ltr'>Ecclesiam</span> <span class='ocrx_word' id='word_1_713' title='bbox 2319 4904 2676 4968; x_wconf 87' lang='lat' dir='ltr'>catholicam,</span> <span class='ocrx_word' id='word_1_714' title='bbox 2719 4904 3029 4972; x_wconf 89' lang='lat' dir='ltr'>sedemque</span> <span class='ocrx_word' id='word_1_715' title='bbox 3073 4901 3462 4971; x_wconf 85' lang='lat' dir='ltr'>apostolicam,</span> <span class='ocrx_word' id='word_1_716' title='bbox 3531 4898 3666 4967; x_wconf 86' lang='lat' dir='ltr'>quia</span> 
     </span>
    </p>
   </div>
   <div class='ocr_carea' id='block_1_109' title="bbox 1973 4987 3663 5066">
    <p class='ocr_par' dir='ltr' id='par_1_109' title="bbox 1973 4987 3663 5066">
     <span class='ocr_line' id='line_1_109' title="bbox 1973 4987 3663 5066; baseline -0.009 -15"><span class='ocrx_word' id='word_1_717' title='bbox 1973 4997 2109 5051; x_wconf 91' lang='lat' dir='ltr'>alibi</span> <span class='ocrx_word' id='word_1_718' title='bbox 2136 4996 2257 5066; x_wconf 89' lang='lat' dir='ltr'>jam</span> <span class='ocrx_word' id='word_1_719' title='bbox 2287 4994 2522 5048; x_wconf 91' lang='lat' dir='ltr'>omnino</span> <span class='ocrx_word' id='word_1_720' title='bbox 2546 5008 2662 5046; x_wconf 88' lang='lat' dir='ltr'>non</span> <span class='ocrx_word' id='word_1_721' title='bbox 2697 4999 2907 5062; x_wconf 88' lang='lat' dir='ltr'>posset,</span> <span class='ocrx_word' id='word_1_722' title='bbox 2939 4992 3036 5044; x_wconf 89' lang='lat' dir='ltr'>ubi</span> <span class='ocrx_word' id='word_1_723' title='bbox 3067 4988 3272 5059; x_wconf 84' lang='lat' dir='ltr'>potuit,</span> <span class='ocrx_word' id='word_1_724' title='bbox 3310 4993 3513 5039; x_wconf 88' lang='lat' dir='ltr'>etcum</span> <span class='ocrx_word' id='word_1_725' title='bbox 3538 4987 3663 5056; x_wconf 88' lang='lat' dir='ltr'>qui-</span> 
     </span>
    </p>
   </div>
   <div class='ocr_carea' id='block_1_110' title="bbox 1972 5076 3663 5155">
    <p class='ocr_par' dir='ltr' id='par_1_110' title="bbox 1972 5076 3663 5155">
     <span class='ocr_line' id='line_1_110' title="bbox 1972 5076 3663 5155; baseline -0.009 -16"><span class='ocrx_word' id='word_1_726' title='bbox 1972 5085 2078 5139; x_wconf 87' lang='lat' dir='ltr'>bus</span> <span class='ocrx_word' id='word_1_727' title='bbox 2121 5084 2323 5155; x_wconf 89' lang='lat' dir='ltr'>potuit,</span> <span class='ocrx_word' id='word_1_728' title='bbox 2369 5083 2511 5135; x_wconf 88' lang='lat' dir='ltr'>nihil</span> <span class='ocrx_word' id='word_1_729' title='bbox 2547 5082 2772 5152; x_wconf 89' lang='lat' dir='ltr'>penitus</span> <span class='ocrx_word' id='word_1_730' title='bbox 2817 5081 3096 5143; x_wconf 85' lang='lat' dir='ltr'>omisisse,</span> <span class='ocrx_word' id='word_1_731' title='bbox 3140 5078 3289 5145; x_wconf 89' lang='lat' dir='ltr'>quod</span> <span class='ocrx_word' id='word_1_732' title='bbox 3344 5076 3410 5129; x_wconf 89' lang='lat' dir='ltr'>ad</span> <span class='ocrx_word' id='word_1_733' title='bbox 3462 5078 3663 5128; x_wconf 84' lang='lat' dir='ltr'>frater-</span> 
     </span>
    </p>
   </div>
   <div class='ocr_carea' id='block_1_111' title="bbox 1973 5166 3663 5243">
    <p class='ocr_par' dir='ltr' id='par_1_111' title="bbox 1973 5166 3663 5243">
     <span class='ocr_line' id='line_1_111' title="bbox 1973 5166 3663 5243; baseline -0.009 -15"><span class='ocrx_word' id='word_1_734' title='bbox 1973 5190 2111 5228; x_wconf 87' lang='lat' dir='ltr'>num</span> <span class='ocrx_word' id='word_1_735' title='bbox 2146 5173 2459 5243; x_wconf 89' lang='lat' dir='ltr'>pertineret</span> <span class='ocrx_word' id='word_1_736' title='bbox 2488 5188 2594 5241; x_wconf 90' lang='lat' dir='ltr'>pro</span> <span class='ocrx_word' id='word_1_737' title='bbox 2638 5171 2974 5223; x_wconf 89' lang='lat' dir='ltr'>intemerata</span> <span class='ocrx_word' id='word_1_738' title='bbox 3017 5169 3127 5223; x_wconf 84' lang='lat' dir='ltr'>lide</span> <span class='ocrx_word' id='word_1_739' title='bbox 3168 5172 3224 5218; x_wconf 86' lang='lat' dir='ltr'>et</span> <span class='ocrx_word' id='word_1_740' title='bbox 3252 5166 3469 5217; x_wconf 85' lang='lat' dir='ltr'>sincera</span> <span class='ocrx_word' id='word_1_741' title='bbox 3508 5178 3663 5215; x_wconf 91' lang='lat' dir='ltr'>com-</span> 
     </span>
    </p>
   </div>
   <div class='ocr_carea' id='block_1_112' title="bbox 1973 5260 2667 5313">
    <p class='ocr_par' dir='ltr' id='par_1_112' title="bbox 1973 5260 2667 5313">
     <span class='ocr_line' id='line_1_112' title="bbox 1973 5260 2667 5313; baseline 0 0"><span class='ocrx_word' id='word_1_742' title='bbox 1973 5260 2249 5313; x_wconf 90' lang='lat' dir='ltr'>munione</span> <span class='ocrx_word' id='word_1_743' title='bbox 2278 5265 2599 5313; x_wconf 87' lang='lat' dir='ltr'>tractatum.</span> <span class='ocrx_word' id='word_1_744' title='bbox 2642 5281 2667 5307; x_wconf 85' lang='grc'><strong>››</strong></span> 
     </span>
    </p>
   </div>
   <div class='ocr_carea' id='block_1_113' title="bbox 2044 5378 3666 5455">
    <p class='ocr_par' dir='ltr' id='par_1_113' title="bbox 2044 5378 3666 5455">
     <span class='ocr_line' id='line_1_113' title="bbox 2044 5378 3666 5455; baseline -0.007 -11"><span class='ocrx_word' id='word_1_745' title='bbox 2044 5397 2064 5421; x_wconf 80' lang='lat'><em>°</em></span> <span class='ocrx_word' id='word_1_746' title='bbox 2093 5387 2364 5443; x_wconf 76' lang='lat' dir='ltr'>Custodiis</span> <span class='ocrx_word' id='word_1_747' title='bbox 2400 5388 2595 5455; x_wconf 74' lang='lat' dir='ltr'>ubique</span> <span class='ocrx_word' id='word_1_748' title='bbox 2634 5387 2930 5455; x_wconf 60' lang='lat' dir='ltr'>pratentis.</span> <span class='ocrx_word' id='word_1_749' title='bbox 2975 5383 3062 5437; x_wconf 90' lang='lat' dir='ltr'>Sic</span> <span class='ocrx_word' id='word_1_750' title='bbox 3102 5382 3160 5434; x_wconf 89' lang='lat' dir='ltr'>in</span> <span class='ocrx_word' id='word_1_751' title='bbox 3203 5378 3459 5455; x_wconf 78' lang='lat' dir='ltr'>epistolis</span> <span class='ocrx_word' id='word_1_752' title='bbox 3504 5380 3666 5433; x_wconf 84' lang='lat' dir='ltr'>Gela-</span> 
     </span>
    </p>
   </div>
   <div class='ocr_carea' id='block_1_114' title="bbox 1973 5450 3669 5528">
    <p class='ocr_par' dir='ltr' id='par_1_114' title="bbox 1973 5450 3669 5528">
     <span class='ocr_line' id='line_1_114' title="bbox 1973 5450 3669 5528; baseline -0.003 -17"><span class='ocrx_word' id='word_1_753' title='bbox 1973 5457 2040 5511; x_wconf 89' lang='lat' dir='ltr'>sii</span> <span class='ocrx_word' id='word_1_754' title='bbox 2085 5458 2274 5517; x_wconf 81' lang='lat' dir='ltr'>editis,</span> <span class='ocrx_word' id='word_1_755' title='bbox 2319 5463 2374 5511; x_wconf 88' lang='lat' dir='ltr'>et</span> <span class='ocrx_word' id='word_1_756' title='bbox 2405 5450 2649 5528; x_wconf 74' lang='lat' dir='ltr'>quidem</span> <span class='ocrx_word' id='word_1_757' title='bbox 2674 5461 2821 5509; x_wconf 87' lang='lat' dir='ltr'>recte</span> <span class='ocrx_word' id='word_1_758' title='bbox 2854 5472 2864 5508; x_wconf 92' lang='lat'>:</span> <span class='ocrx_word' id='word_1_759' title='bbox 2896 5455 2955 5507; x_wconf 91' lang='lat' dir='ltr'>in</span> <span class='ocrx_word' id='word_1_760' title='bbox 2990 5455 3172 5507; x_wconf 61' lang='lat' dir='ltr'>(Eneae</span> <span class='ocrx_word' id='word_1_761' title='bbox 3222 5450 3440 5515; x_wconf 87' lang='lat' dir='ltr'>codice,</span> <span class='ocrx_word' id='word_1_762' title='bbox 3487 5457 3669 5506; x_wconf 79' lang='lat' dir='ltr'>custo-</span> 
     </span>
    </p>
   </div>
   <div class='ocr_carea' id='block_1_115' title="bbox 1972 5530 2657 5601">
    <p class='ocr_par' dir='ltr' id='par_1_115' title="bbox 1972 5530 2657 5601">
     <span class='ocr_line' id='line_1_115' title="bbox 1972 5530 2657 5601; baseline -0.006 -15"><span class='ocrx_word' id='word_1_763' title='bbox 1972 5530 2081 5586; x_wconf 72' lang='lat' dir='ltr'>dia:</span> <span class='ocrx_word' id='word_1_764' title='bbox 2105 5532 2409 5601; x_wconf 62' lang='lat' dir='ltr'>presentis,</span> <span class='ocrx_word' id='word_1_765' title='bbox 2444 5530 2657 5599; x_wconf 68' lang='lat' dir='ltr'>inepte:</span> 
     </span>
    </p>
   </div>
  </div>
