  <div class='ocr_page' id='page_1' title='image "/cluster/home/n/w/nwhite01/storage/ocr_20150623/121/hvd.32044054759832/383.png"; bbox 0 0 4044 6174; ppageno 0'>
   <div class='ocr_carea' id='block_1_1' title="bbox 423 234 525 285">
    <p class='ocr_par' dir='ltr' id='par_1_1' title="bbox 423 234 525 285">
     <span class='ocr_line' id='line_1_1' title="bbox 423 234 525 285; baseline -0.01 0"><span class='ocrx_word' id='word_1_1' title='bbox 423 234 525 285; x_wconf 77' lang='grc'>755</span> 
     </span>
    </p>
   </div>
   <div class='ocr_carea' id='block_1_2' title="bbox 1093 364 1444 420">
    <p class='ocr_par' dir='ltr' id='par_1_2' title="bbox 1093 364 1444 420">
     <span class='ocr_line' id='line_1_2' title="bbox 1093 364 1444 420; baseline 0.011 -4"><span class='ocrx_word' id='word_1_2' title='bbox 1093 364 1222 416; x_wconf 80' lang='lat' dir='ltr'><strong>CAP.</strong></span> <span class='ocrx_word' id='word_1_3' title='bbox 1267 364 1444 420; x_wconf 85' lang='lat' dir='ltr'><strong>CCIII.</strong></span> 
     </span>
    </p>
   </div>
   <div class='ocr_carea' id='block_1_3' title="bbox 492 451 2117 523">
    <p class='ocr_par' dir='ltr' id='par_1_3' title="bbox 492 451 2117 523">
     <span class='ocr_line' id='line_1_3' title="bbox 492 451 2117 523; baseline -0.002 -13"><span class='ocrx_word' id='word_1_4' title='bbox 492 458 634 510; x_wconf 84' lang='lat' dir='ltr'>Item</span> <span class='ocrx_word' id='word_1_5' title='bbox 666 456 725 508; x_wconf 91' lang='lat' dir='ltr'>in</span> <span class='ocrx_word' id='word_1_6' title='bbox 764 453 1003 523; x_wconf 89' lang='lat' dir='ltr'>epistola</span> <span class='ocrx_word' id='word_1_7' title='bbox 1048 451 1247 505; x_wconf 86' lang='lat' dir='ltr'>Leonis</span> <span class='ocrx_word' id='word_1_8' title='bbox 1289 468 1455 521; x_wconf 64' lang='lat' dir='ltr'>papa:</span> <span class='ocrx_word' id='word_1_9' title='bbox 1496 453 1567 505; x_wconf 87' lang='lat' dir='ltr'>ad</span> <span class='ocrx_word' id='word_1_10' title='bbox 1609 453 1950 506; x_wconf 87' lang='lat' dir='ltr'>Martianum</span> <span class='ocrx_word' id='word_1_11' title='bbox 1998 456 2117 507; x_wconf 84' lang='lat' dir='ltr'>Au-</span> 
     </span>
    </p>
   </div>
   <div class='ocr_carea' id='block_1_4' title="bbox 420 540 2116 615">
    <p class='ocr_par' dir='ltr' id='par_1_4' title="bbox 420 540 2116 615">
     <span class='ocr_line' id='line_1_4' title="bbox 420 540 2116 615; baseline -0.003 -16"><span class='ocrx_word' id='word_1_12' title='bbox 420 550 648 615; x_wconf 91' lang='lat' dir='ltr'>gustum</span> <span class='ocrx_word' id='word_1_13' title='bbox 681 542 779 613; x_wconf 81' lang='lat' dir='ltr'>(est</span> <span class='ocrx_word' id='word_1_14' title='bbox 798 544 956 610; x_wconf 79' lang='lat' dir='ltr'>epist.</span> <span class='ocrx_word' id='word_1_15' title='bbox 990 543 1023 593; x_wconf 90' lang='lat'><strong>6</strong></span> <span class='ocrx_word' id='word_1_16' title='bbox 1050 543 1108 593; x_wconf 82' lang='lat' dir='ltr'>in</span> <span class='ocrx_word' id='word_1_17' title='bbox 1129 543 1345 595; x_wconf 73' lang='lat' dir='ltr'>concilii</span> <span class='ocrx_word' id='word_1_18' title='bbox 1372 541 1628 595; x_wconf 83' lang='lat' dir='ltr'>Chalced.</span> <span class='ocrx_word' id='word_1_19' title='bbox 1660 548 1819 609; x_wconf 83' lang='lat' dir='ltr'>parte</span> <span class='ocrx_word' id='word_1_20' title='bbox 1848 540 1957 611; x_wconf 91' lang='grc' dir='ltr'><strong>ιιι),</strong></span> <span class='ocrx_word' id='word_1_21' title='bbox 1987 558 2116 612; x_wconf 67' lang='lat' dir='ltr'>qua:</span> 
     </span>
    </p>
   </div>
   <div class='ocr_carea' id='block_1_5' title="bbox 418 629 2107 702">
    <p class='ocr_par' dir='ltr' id='par_1_5' title="bbox 418 629 2107 702">
     <span class='ocr_line' id='line_1_5' title="bbox 418 629 2107 702; baseline -0.002 -15"><span class='ocrx_word' id='word_1_22' title='bbox 418 638 502 687; x_wconf 90' lang='lat' dir='ltr'>est</span> <span class='ocrx_word' id='word_1_23' title='bbox 529 648 630 702; x_wconf 90' lang='lat' dir='ltr'>per</span> <span class='ocrx_word' id='word_1_24' title='bbox 680 629 952 699; x_wconf 85' lang='lat' dir='ltr'>Lycinum</span> <span class='ocrx_word' id='word_1_25' title='bbox 1001 630 1337 698; x_wconf 86' lang='lat' dir='ltr'>episcopum</span> <span class='ocrx_word' id='word_1_26' title='bbox 1383 635 1439 681; x_wconf 90' lang='lat' dir='ltr'>et</span> <span class='ocrx_word' id='word_1_27' title='bbox 1491 630 1756 684; x_wconf 85' lang='lat' dir='ltr'>Basilium</span> <span class='ocrx_word' id='word_1_28' title='bbox 1798 630 2107 683; x_wconf 77' lang='lat' dir='ltr'>diaconum</span> 
     </span>
    </p>
   </div>
   <div class='ocr_carea' id='block_1_6' title="bbox 418 717 2114 788">
    <p class='ocr_par' dir='ltr' id='par_1_6' title="bbox 418 717 2114 788">
     <span class='ocr_line' id='line_1_6' title="bbox 418 717 2114 788; baseline -0.001 -15"><span class='ocrx_word' id='word_1_29' title='bbox 418 722 648 786; x_wconf 87' lang='lat' dir='ltr'>directa,</span> <span class='ocrx_word' id='word_1_30' title='bbox 689 719 757 772; x_wconf 92' lang='lat' dir='ltr'>de</span> <span class='ocrx_word' id='word_1_31' title='bbox 797 717 1020 771; x_wconf 90' lang='lat' dir='ltr'>ambitu</span> <span class='ocrx_word' id='word_1_32' title='bbox 1062 718 1311 770; x_wconf 83' lang='lat' dir='ltr'>Anatolii</span> <span class='ocrx_word' id='word_1_33' title='bbox 1352 718 1601 787; x_wconf 80' lang='lat' dir='ltr'>episcopi</span> <span class='ocrx_word' id='word_1_34' title='bbox 1641 719 2114 788; x_wconf 84' lang='lat' dir='ltr'>Constantinopo-</span> 
     </span>
    </p>
   </div>
   <div class='ocr_carea' id='block_1_7' title="bbox 418 804 2115 875">
    <p class='ocr_par' dir='ltr' id='par_1_7' title="bbox 418 804 2115 875">
     <span class='ocr_line' id='line_1_7' title="bbox 418 804 2115 875; baseline -0.001 -15"><span class='ocrx_word' id='word_1_35' title='bbox 418 806 601 872; x_wconf 89' lang='lat' dir='ltr'>litani,</span> <span class='ocrx_word' id='word_1_36' title='bbox 645 806 795 859; x_wconf 89' lang='lat' dir='ltr'>inter</span> <span class='ocrx_word' id='word_1_37' title='bbox 835 811 1041 858; x_wconf 85' lang='lat' dir='ltr'>caetera</span> <span class='ocrx_word' id='word_1_38' title='bbox 1090 805 1167 857; x_wconf 91' lang='lat' dir='ltr'>sic</span> <span class='ocrx_word' id='word_1_39' title='bbox 1209 804 1463 874; x_wconf 83' lang='lat' dir='ltr'>legitur:</span> <span class='ocrx_word' id='word_1_40' title='bbox 1502 824 1529 854; x_wconf 77' lang='grc' dir='ltr'><strong>ι(</strong></span> <span class='ocrx_word' id='word_1_41' title='bbox 1565 806 1758 858; x_wconf 81' lang='lat' dir='ltr'>Sciens</span> <span class='ocrx_word' id='word_1_42' title='bbox 1802 806 2115 875; x_wconf 81' lang='lat' dir='ltr'>gloriosam</span> 
     </span>
    </p>
   </div>
   <div class='ocr_carea' id='block_1_8' title="bbox 416 893 2113 948">
    <p class='ocr_par' dir='ltr' id='par_1_8' title="bbox 416 893 2113 948">
     <span class='ocr_line' id='line_1_8' title="bbox 416 893 2113 948; baseline 0 -1"><span class='ocrx_word' id='word_1_43' title='bbox 416 894 778 948; x_wconf 89' lang='lat' dir='ltr'>clementiam</span> <span class='ocrx_word' id='word_1_44' title='bbox 844 898 1089 946; x_wconf 83' lang='lat' dir='ltr'>vestram</span> <span class='ocrx_word' id='word_1_45' title='bbox 1138 893 1534 946; x_wconf 66' lang='lat' dir='ltr'>ecclesiastica:</span> <span class='ocrx_word' id='word_1_46' title='bbox 1591 894 1818 947; x_wconf 77' lang='lat' dir='ltr'>studere</span> <span class='ocrx_word' id='word_1_47' title='bbox 1883 910 2113 947; x_wconf 89' lang='lat' dir='ltr'>concor-</span> 
     </span>
    </p>
   </div>
   <div class='ocr_carea' id='block_1_9' title="bbox 417 980 2109 1052">
    <p class='ocr_par' dir='ltr' id='par_1_9' title="bbox 417 980 2109 1052">
     <span class='ocr_line' id='line_1_9' title="bbox 417 980 2109 1052; baseline -0.001 -15"><span class='ocrx_word' id='word_1_48' title='bbox 417 984 548 1049; x_wconf 70' lang='lat' dir='ltr'>diae,</span> <span class='ocrx_word' id='word_1_49' title='bbox 591 988 646 1036; x_wconf 90' lang='lat' dir='ltr'>et</span> <span class='ocrx_word' id='word_1_50' title='bbox 680 982 767 1035; x_wconf 85' lang='lat' dir='ltr'>his</span> <span class='ocrx_word' id='word_1_51' title='bbox 806 998 933 1052; x_wconf 69' lang='lat' dir='ltr'>quae</span> <span class='ocrx_word' id='word_1_52' title='bbox 978 980 1230 1050; x_wconf 71' lang='lat' dir='ltr'>pacificee</span> <span class='ocrx_word' id='word_1_53' title='bbox 1270 987 1597 1049; x_wconf 89' lang='lat' dir='ltr'>congruunt</span> <span class='ocrx_word' id='word_1_54' title='bbox 1634 982 1864 1049; x_wconf 86' lang='lat' dir='ltr'>unitati,</span> <span class='ocrx_word' id='word_1_55' title='bbox 1915 982 2109 1052; x_wconf 88' lang='lat' dir='ltr'>piissi-</span> 
     </span>
    </p>
   </div>
   <div class='ocr_carea' id='block_1_10' title="bbox 418 1070 2113 1141">
    <p class='ocr_par' dir='ltr' id='par_1_10' title="bbox 418 1070 2113 1141">
     <span class='ocr_line' id='line_1_10' title="bbox 418 1070 2113 1141; baseline -0.001 -17"><span class='ocrx_word' id='word_1_56' title='bbox 418 1087 574 1124; x_wconf 90' lang='lat' dir='ltr'>mum</span> <span class='ocrx_word' id='word_1_57' title='bbox 607 1074 878 1141; x_wconf 75' lang='lat' dir='ltr'>praestare</span> <span class='ocrx_word' id='word_1_58' title='bbox 917 1085 1281 1134; x_wconf 85' lang='lat' dir='ltr'>consensum,</span> <span class='ocrx_word' id='word_1_59' title='bbox 1322 1085 1547 1137; x_wconf 82' lang='lat' dir='ltr'>precor,</span> <span class='ocrx_word' id='word_1_60' title='bbox 1576 1073 1632 1122; x_wconf 90' lang='lat' dir='ltr'>et</span> <span class='ocrx_word' id='word_1_61' title='bbox 1665 1070 1863 1123; x_wconf 89' lang='lat' dir='ltr'>sedula</span> <span class='ocrx_word' id='word_1_62' title='bbox 1906 1087 2113 1139; x_wconf 90' lang='lat' dir='ltr'>sugge-</span> 
     </span>
    </p>
   </div>
   <div class='ocr_carea' id='block_1_11' title="bbox 416 1157 2115 1225">
    <p class='ocr_par' dir='ltr' id='par_1_11' title="bbox 416 1157 2115 1225">
     <span class='ocr_line' id='line_1_11' title="bbox 416 1157 2115 1225; baseline -0.001 -13"><span class='ocrx_word' id='word_1_63' title='bbox 416 1160 600 1213; x_wconf 87' lang='lat' dir='ltr'>stione</span> <span class='ocrx_word' id='word_1_64' title='bbox 627 1175 724 1211; x_wconf 88' lang='lat' dir='ltr'>vos</span> <span class='ocrx_word' id='word_1_65' title='bbox 756 1157 1012 1225; x_wconf 83' lang='lat' dir='ltr'>obsecro,</span> <span class='ocrx_word' id='word_1_66' title='bbox 1044 1161 1106 1209; x_wconf 88' lang='lat' dir='ltr'>ut</span> <span class='ocrx_word' id='word_1_67' title='bbox 1138 1173 1308 1209; x_wconf 88' lang='lat' dir='ltr'>ausus</span> <span class='ocrx_word' id='word_1_68' title='bbox 1350 1157 1665 1225; x_wconf 86' lang='lat' dir='ltr'>improbos,</span> <span class='ocrx_word' id='word_1_69' title='bbox 1714 1157 1917 1211; x_wconf 90' lang='lat' dir='ltr'>unitati</span> <span class='ocrx_word' id='word_1_70' title='bbox 1953 1157 2115 1212; x_wconf 83' lang='lat' dir='ltr'>Chri-</span> 
     </span>
    </p>
   </div>
   <div class='ocr_carea' id='block_1_12' title="bbox 417 1245 2115 1317">
    <p class='ocr_par' dir='ltr' id='par_1_12' title="bbox 417 1245 2115 1317">
     <span class='ocr_line' id='line_1_12' title="bbox 417 1245 2115 1317; baseline -0.001 -16"><span class='ocrx_word' id='word_1_71' title='bbox 417 1249 617 1301; x_wconf 78' lang='lat' dir='ltr'>stianae</span> <span class='ocrx_word' id='word_1_72' title='bbox 665 1247 904 1317; x_wconf 89' lang='lat' dir='ltr'>pacique</span> <span class='ocrx_word' id='word_1_73' title='bbox 955 1245 1296 1310; x_wconf 89' lang='lat' dir='ltr'>contrarios,</span> <span class='ocrx_word' id='word_1_74' title='bbox 1344 1246 1415 1298; x_wconf 89' lang='lat' dir='ltr'>ab</span> <span class='ocrx_word' id='word_1_75' title='bbox 1462 1246 1621 1298; x_wconf 90' lang='lat' dir='ltr'>omni</span> <span class='ocrx_word' id='word_1_76' title='bbox 1653 1245 1882 1315; x_wconf 89' lang='lat' dir='ltr'>pietatis</span> <span class='ocrx_word' id='word_1_77' title='bbox 1916 1252 2115 1300; x_wconf 74' lang='lat' dir='ltr'>vestrae</span> 
     </span>
    </p>
   </div>
   <div class='ocr_carea' id='block_1_13' title="bbox 418 1333 2115 1398">
    <p class='ocr_par' dir='ltr' id='par_1_13' title="bbox 418 1333 2115 1398">
     <span class='ocr_line' id='line_1_13' title="bbox 418 1333 2115 1398; baseline -0.001 -10"><span class='ocrx_word' id='word_1_78' title='bbox 418 1335 694 1389; x_wconf 87' lang='lat' dir='ltr'>abdicetis</span> <span class='ocrx_word' id='word_1_79' title='bbox 736 1351 991 1398; x_wconf 83' lang='lat' dir='ltr'>assensu,</span> <span class='ocrx_word' id='word_1_80' title='bbox 1043 1338 1098 1386; x_wconf 89' lang='lat' dir='ltr'>et</span> <span class='ocrx_word' id='word_1_81' title='bbox 1130 1333 1318 1386; x_wconf 80' lang='lat' dir='ltr'>fratris</span> <span class='ocrx_word' id='word_1_82' title='bbox 1351 1333 1462 1386; x_wconf 89' lang='lat' dir='ltr'>mei</span> <span class='ocrx_word' id='word_1_83' title='bbox 1510 1334 1760 1386; x_wconf 86' lang='lat' dir='ltr'>Anatolii</span> <span class='ocrx_word' id='word_1_84' title='bbox 1792 1333 2115 1388; x_wconf 79' lang='lat' dir='ltr'>nocituram</span> 
     </span>
    </p>
   </div>
   <div class='ocr_carea' id='block_1_14' title="bbox 418 1421 2115 1494">
    <p class='ocr_par' dir='ltr' id='par_1_14' title="bbox 418 1421 2115 1494">
     <span class='ocr_line' id='line_1_14' title="bbox 418 1421 2115 1494; baseline -0.001 -17"><span class='ocrx_word' id='word_1_85' title='bbox 418 1425 545 1494; x_wconf 92' lang='lat' dir='ltr'>ipsi,</span> <span class='ocrx_word' id='word_1_86' title='bbox 599 1424 645 1476; x_wconf 92' lang='lat' dir='ltr'>si</span> <span class='ocrx_word' id='word_1_87' title='bbox 696 1423 1029 1494; x_wconf 83' lang='lat' dir='ltr'>perstiterit,</span> <span class='ocrx_word' id='word_1_88' title='bbox 1083 1421 1458 1492; x_wconf 86' lang='lat' dir='ltr'>cupiditatem</span> <span class='ocrx_word' id='word_1_89' title='bbox 1517 1422 1821 1475; x_wconf 86' lang='lat' dir='ltr'>salubriter</span> <span class='ocrx_word' id='word_1_90' title='bbox 1861 1423 2115 1493; x_wconf 88' lang='lat' dir='ltr'>compri—</span> 
     </span>
    </p>
   </div>
   <div class='ocr_carea' id='block_1_15' title="bbox 417 1508 2115 1581">
    <p class='ocr_par' dir='ltr' id='par_1_15' title="bbox 417 1508 2115 1581">
     <span class='ocr_line' id='line_1_15' title="bbox 417 1508 2115 1581; baseline 0.002 -19"><span class='ocrx_word' id='word_1_91' title='bbox 417 1509 613 1573; x_wconf 87' lang='lat' dir='ltr'>matis;</span> <span class='ocrx_word' id='word_1_92' title='bbox 655 1525 726 1562; x_wconf 91' lang='lat' dir='ltr'>ne</span> <span class='ocrx_word' id='word_1_93' title='bbox 773 1526 839 1562; x_wconf 90' lang='lat' dir='ltr'>ea</span> <span class='ocrx_word' id='word_1_94' title='bbox 882 1524 1006 1579; x_wconf 76' lang='lat' dir='ltr'>quae</span> <span class='ocrx_word' id='word_1_95' title='bbox 1057 1514 1256 1562; x_wconf 62' lang='lat' dir='ltr'>vestrae</span> <span class='ocrx_word' id='word_1_96' title='bbox 1306 1508 1507 1577; x_wconf 78' lang='lat' dir='ltr'>gloriae</span> <span class='ocrx_word' id='word_1_97' title='bbox 1553 1514 1725 1580; x_wconf 90' lang='lat' dir='ltr'>atque</span> <span class='ocrx_word' id='word_1_98' title='bbox 1756 1511 2115 1581; x_wconf 87' lang='lat' dir='ltr'>temporibus</span> 
     </span>
    </p>
   </div>
   <div class='ocr_carea' id='block_1_16' title="bbox 413 1596 2111 1670">
    <p class='ocr_par' dir='ltr' id='par_1_16' title="bbox 413 1596 2111 1670">
     <span class='ocr_line' id='line_1_16' title="bbox 413 1596 2111 1670; baseline 0.002 -21"><span class='ocrx_word' id='word_1_99' title='bbox 413 1596 646 1650; x_wconf 91' lang='lat' dir='ltr'>inimica</span> <span class='ocrx_word' id='word_1_100' title='bbox 686 1604 819 1651; x_wconf 89' lang='lat' dir='ltr'>sunt</span> <span class='ocrx_word' id='word_1_101' title='bbox 863 1598 1117 1666; x_wconf 86' lang='lat' dir='ltr'>cupiens,</span> <span class='ocrx_word' id='word_1_102' title='bbox 1167 1597 1351 1666; x_wconf 86' lang='lat' dir='ltr'>major</span> <span class='ocrx_word' id='word_1_103' title='bbox 1390 1598 1506 1651; x_wconf 90' lang='lat' dir='ltr'>suis</span> <span class='ocrx_word' id='word_1_104' title='bbox 1556 1598 1692 1651; x_wconf 82' lang='lat' dir='ltr'>velit</span> <span class='ocrx_word' id='word_1_105' title='bbox 1739 1615 1861 1652; x_wconf 90' lang='lat' dir='ltr'>esse</span> <span class='ocrx_word' id='word_1_106' title='bbox 1904 1599 2111 1670; x_wconf 86' lang='lat' dir='ltr'>priori-</span> 
     </span>
    </p>
   </div>
   <div class='ocr_carea' id='block_1_17' title="bbox 412 1684 2111 1757">
    <p class='ocr_par' dir='ltr' id='par_1_17' title="bbox 412 1684 2111 1757">
     <span class='ocr_line' id='line_1_17' title="bbox 412 1684 2111 1757; baseline 0.002 -19"><span class='ocrx_word' id='word_1_107' title='bbox 412 1684 547 1751; x_wconf 89' lang='lat' dir='ltr'>bus;</span> <span class='ocrx_word' id='word_1_108' title='bbox 590 1685 949 1755; x_wconf 89' lang='lat' dir='ltr'>liberumque</span> <span class='ocrx_word' id='word_1_109' title='bbox 1001 1685 1085 1738; x_wconf 89' lang='lat' dir='ltr'>illi</span> <span class='ocrx_word' id='word_1_110' title='bbox 1126 1686 1197 1738; x_wconf 86' lang='lat' dir='ltr'>sit</span> <span class='ocrx_word' id='word_1_111' title='bbox 1234 1685 1465 1756; x_wconf 86' lang='lat' dir='ltr'>quantis</span> <span class='ocrx_word' id='word_1_112' title='bbox 1510 1686 1768 1755; x_wconf 89' lang='lat' dir='ltr'>potuerit</span> <span class='ocrx_word' id='word_1_113' title='bbox 1810 1688 2111 1757; x_wconf 88' lang='lat' dir='ltr'>splendere</span> 
     </span>
    </p>
   </div>
   <div class='ocr_carea' id='block_1_18' title="bbox 413 1773 2112 1845">
    <p class='ocr_par' dir='ltr' id='par_1_18' title="bbox 413 1773 2112 1845">
     <span class='ocr_line' id='line_1_18' title="bbox 413 1773 2112 1845; baseline 0.003 -20"><span class='ocrx_word' id='word_1_114' title='bbox 413 1773 737 1837; x_wconf 82' lang='lat' dir='ltr'>virtutibus,</span> <span class='ocrx_word' id='word_1_115' title='bbox 786 1789 1031 1843; x_wconf 86' lang='lat' dir='ltr'>quarum</span> <span class='ocrx_word' id='word_1_116' title='bbox 1085 1789 1198 1826; x_wconf 90' lang='lat' dir='ltr'>non</span> <span class='ocrx_word' id='word_1_117' title='bbox 1252 1773 1418 1828; x_wconf 87' lang='lat' dir='ltr'>aliter</span> <span class='ocrx_word' id='word_1_118' title='bbox 1474 1775 1759 1845; x_wconf 84' lang='lat' dir='ltr'>particeps</span> <span class='ocrx_word' id='word_1_119' title='bbox 1814 1776 1943 1842; x_wconf 90' lang='lat' dir='ltr'>erit,</span> <span class='ocrx_word' id='word_1_120' title='bbox 2002 1776 2112 1831; x_wconf 90' lang='lat' dir='ltr'>nisi</span> 
     </span>
    </p>
   </div>
   <div class='ocr_carea' id='block_1_19' title="bbox 412 1860 2113 1932">
    <p class='ocr_par' dir='ltr' id='par_1_19' title="bbox 412 1860 2113 1932">
     <span class='ocr_line' id='line_1_19' title="bbox 412 1860 2113 1932; baseline 0.004 -19"><span class='ocrx_word' id='word_1_121' title='bbox 412 1860 691 1913; x_wconf 79' lang='lat' dir='ltr'>cliaritate</span> <span class='ocrx_word' id='word_1_122' title='bbox 753 1861 935 1929; x_wconf 86' lang='lat' dir='ltr'>magis</span> <span class='ocrx_word' id='word_1_123' title='bbox 993 1861 1238 1914; x_wconf 86' lang='lat' dir='ltr'>voluerit</span> <span class='ocrx_word' id='word_1_124' title='bbox 1299 1862 1514 1929; x_wconf 90' lang='lat' dir='ltr'>ornari,</span> <span class='ocrx_word' id='word_1_125' title='bbox 1574 1880 1747 1932; x_wconf 89' lang='lat' dir='ltr'>quam</span> <span class='ocrx_word' id='word_1_126' title='bbox 1804 1863 2113 1919; x_wconf 87' lang='lat' dir='ltr'>ambitione</span> 
     </span>
    </p>
   </div>
   <div class='ocr_carea' id='block_1_20' title="bbox 414 1948 2113 2023">
    <p class='ocr_par' dir='ltr' id='par_1_20' title="bbox 414 1948 2113 2023">
     <span class='ocr_line' id='line_1_20' title="bbox 414 1948 2113 2023; baseline 0.003 -21"><span class='ocrx_word' id='word_1_127' title='bbox 414 1948 680 2002; x_wconf 89' lang='lat' dir='ltr'>distendi.</span> <span class='ocrx_word' id='word_1_128' title='bbox 728 1950 878 2002; x_wconf 87' lang='lat' dir='ltr'>Hanc</span> <span class='ocrx_word' id='word_1_129' title='bbox 920 1954 1112 2002; x_wconf 89' lang='lat' dir='ltr'>autem</span> <span class='ocrx_word' id='word_1_130' title='bbox 1169 1949 1419 2020; x_wconf 90' lang='lat' dir='ltr'>improbi</span> <span class='ocrx_word' id='word_1_131' title='bbox 1469 1951 1735 2005; x_wconf 87' lang='lat' dir='ltr'>desiderii</span> <span class='ocrx_word' id='word_1_132' title='bbox 1784 1953 2113 2023; x_wconf 86' lang='lat' dir='ltr'>conceptio-</span> 
     </span>
    </p>
   </div>
   <div class='ocr_carea' id='block_1_21' title="bbox 411 2036 2112 2111">
    <p class='ocr_par' dir='ltr' id='par_1_21' title="bbox 411 2036 2112 2111">
     <span class='ocr_line' id='line_1_21' title="bbox 411 2036 2112 2111; baseline 0.001 -19"><span class='ocrx_word' id='word_1_133' title='bbox 411 2054 568 2103; x_wconf 88' lang='lat' dir='ltr'>nem,</span> <span class='ocrx_word' id='word_1_134' title='bbox 609 2052 908 2107; x_wconf 87' lang='lat' dir='ltr'>nunquam</span> <span class='ocrx_word' id='word_1_135' title='bbox 942 2036 1177 2108; x_wconf 88' lang='lat' dir='ltr'>quidem</span> <span class='ocrx_word' id='word_1_136' title='bbox 1210 2038 1409 2093; x_wconf 82' lang='lat' dir='ltr'>debuit</span> <span class='ocrx_word' id='word_1_137' title='bbox 1432 2039 1584 2093; x_wconf 90' lang='lat' dir='ltr'>intra</span> <span class='ocrx_word' id='word_1_138' title='bbox 1612 2040 1801 2093; x_wconf 90' lang='lat' dir='ltr'>cordis</span> <span class='ocrx_word' id='word_1_139' title='bbox 1818 2041 1906 2095; x_wconf 90' lang='lat' dir='ltr'>sui</span> <span class='ocrx_word' id='word_1_140' title='bbox 1929 2041 2112 2111; x_wconf 90' lang='lat' dir='ltr'>perci-</span> 
     </span>
    </p>
   </div>
   <div class='ocr_carea' id='block_1_22' title="bbox 412 2130 890 2195">
    <p class='ocr_par' dir='ltr' id='par_1_22' title="bbox 412 2130 890 2195">
     <span class='ocr_line' id='line_1_22' title="bbox 412 2130 890 2195; baseline 0 -18"><span class='ocrx_word' id='word_1_141' title='bbox 412 2142 550 2195; x_wconf 82' lang='lat' dir='ltr'>pere</span> <span class='ocrx_word' id='word_1_142' title='bbox 584 2130 890 2179; x_wconf 89' lang='lat' dir='ltr'>secretum.</span> 
     </span>
    </p>
   </div>
   <div class='ocr_carea' id='block_1_23' title="bbox 1085 2214 1422 2269">
    <p class='ocr_par' dir='ltr' id='par_1_23' title="bbox 1085 2214 1422 2269">
     <span class='ocr_line' id='line_1_23' title="bbox 1085 2214 1422 2269; baseline 0.003 -2"><span class='ocrx_word' id='word_1_143' title='bbox 1085 2215 1213 2268; x_wconf 79' lang='lat' dir='ltr'>CAP.</span> <span class='ocrx_word' id='word_1_144' title='bbox 1250 2214 1422 2269; x_wconf 89' lang='lat' dir='ltr'>CCIV.</span> 
     </span>
    </p>
   </div>
   <div class='ocr_carea' id='block_1_24' title="bbox 484 2302 2116 2376">
    <p class='ocr_par' dir='ltr' id='par_1_24' title="bbox 484 2302 2116 2376">
     <span class='ocr_line' id='line_1_24' title="bbox 484 2302 2116 2376; baseline 0.002 -20"><span class='ocrx_word' id='word_1_145' title='bbox 484 2306 624 2357; x_wconf 89' lang='lat' dir='ltr'>ltem</span> <span class='ocrx_word' id='word_1_146' title='bbox 658 2303 767 2357; x_wconf 90' lang='lat' dir='ltr'>Leo</span> <span class='ocrx_word' id='word_1_147' title='bbox 794 2318 941 2373; x_wconf 90' lang='lat' dir='ltr'>papa</span> <span class='ocrx_word' id='word_1_148' title='bbox 972 2302 1028 2355; x_wconf 91' lang='lat' dir='ltr'>in</span> <span class='ocrx_word' id='word_1_149' title='bbox 1063 2302 1262 2356; x_wconf 88' lang='lat' dir='ltr'>eadem</span> <span class='ocrx_word' id='word_1_150' title='bbox 1289 2303 1532 2373; x_wconf 88' lang='lat' dir='ltr'>epistola</span> <span class='ocrx_word' id='word_1_151' title='bbox 1564 2322 1577 2358; x_wconf 94' lang='lat'>:</span> <span class='ocrx_word' id='word_1_152' title='bbox 1615 2325 1642 2353; x_wconf 88' lang='lat'><strong>«</strong></span> <span class='ocrx_word' id='word_1_153' title='bbox 1673 2305 1839 2375; x_wconf 84' lang='lat' dir='ltr'>Agite</span> <span class='ocrx_word' id='word_1_154' title='bbox 1870 2307 2027 2376; x_wconf 90' lang='lat' dir='ltr'>quod</span> <span class='ocrx_word' id='word_1_155' title='bbox 2061 2311 2116 2360; x_wconf 90' lang='lat' dir='ltr'>et</span> 
     </span>
    </p>
   </div>
   <div class='ocr_carea' id='block_1_25' title="bbox 413 2391 2112 2465">
    <p class='ocr_par' dir='ltr' id='par_1_25' title="bbox 413 2391 2112 2465">
     <span class='ocr_line' id='line_1_25' title="bbox 413 2391 2112 2465; baseline 0.002 -20"><span class='ocrx_word' id='word_1_156' title='bbox 413 2392 748 2446; x_wconf 82' lang='lat' dir='ltr'>Christianae</span> <span class='ocrx_word' id='word_1_157' title='bbox 780 2396 865 2444; x_wconf 89' lang='lat' dir='ltr'>est</span> <span class='ocrx_word' id='word_1_158' title='bbox 897 2391 1198 2461; x_wconf 86' lang='lat' dir='ltr'>probitatis</span> <span class='ocrx_word' id='word_1_159' title='bbox 1228 2395 1282 2444; x_wconf 91' lang='lat' dir='ltr'>et</span> <span class='ocrx_word' id='word_1_160' title='bbox 1310 2392 1508 2461; x_wconf 65' lang='lat' dir='ltr'>regias,</span> <span class='ocrx_word' id='word_1_161' title='bbox 1543 2396 1600 2446; x_wconf 90' lang='lat' dir='ltr'>ut</span> <span class='ocrx_word' id='word_1_162' title='bbox 1636 2394 1940 2463; x_wconf 68' lang='lat' dir='ltr'>praedictus</span> <span class='ocrx_word' id='word_1_163' title='bbox 1991 2394 2112 2465; x_wconf 81' lang='lat' dir='ltr'>epi-</span> 
     </span>
    </p>
   </div>
   <div class='ocr_carea' id='block_1_26' title="bbox 414 2481 2116 2554">
    <p class='ocr_par' dir='ltr' id='par_1_26' title="bbox 414 2481 2116 2554">
     <span class='ocr_line' id='line_1_26' title="bbox 414 2481 2116 2554; baseline 0.002 -22"><span class='ocrx_word' id='word_1_164' title='bbox 414 2497 618 2550; x_wconf 90' lang='lat' dir='ltr'>scopus</span> <span class='ocrx_word' id='word_1_165' title='bbox 666 2487 864 2549; x_wconf 88' lang='lat' dir='ltr'>pareat</span> <span class='ocrx_word' id='word_1_166' title='bbox 918 2481 1203 2544; x_wconf 85' lang='lat' dir='ltr'>Patribus,</span> <span class='ocrx_word' id='word_1_167' title='bbox 1259 2482 1522 2535; x_wconf 83' lang='lat' dir='ltr'>consulat</span> <span class='ocrx_word' id='word_1_168' title='bbox 1579 2482 1724 2551; x_wconf 90' lang='lat' dir='ltr'>paci,</span> <span class='ocrx_word' id='word_1_169' title='bbox 1773 2499 1960 2554; x_wconf 90' lang='lat' dir='ltr'>neque</span> <span class='ocrx_word' id='word_1_170' title='bbox 2007 2483 2116 2538; x_wconf 88' lang='lat' dir='ltr'>sibi</span> 
     </span>
    </p>
   </div>
   <div class='ocr_carea' id='block_1_27' title="bbox 414 2568 2112 2637">
    <p class='ocr_par' dir='ltr' id='par_1_27' title="bbox 414 2568 2112 2637">
     <span class='ocr_line' id='line_1_27' title="bbox 414 2568 2112 2637; baseline 0.002 -16"><span class='ocrx_word' id='word_1_171' title='bbox 414 2570 660 2622; x_wconf 70' lang='lat' dir='ltr'>aestimet</span> <span class='ocrx_word' id='word_1_172' title='bbox 714 2568 957 2629; x_wconf 85' lang='lat' dir='ltr'>licuisse.</span> <span class='ocrx_word' id='word_1_173' title='bbox 1032 2569 1185 2637; x_wconf 91' lang='lat' dir='ltr'>quod</span> <span class='ocrx_word' id='word_1_174' title='bbox 1252 2570 1623 2624; x_wconf 78' lang='lat' dir='ltr'>Antiochenze</span> <span class='ocrx_word' id='word_1_175' title='bbox 1684 2572 1941 2626; x_wconf 85' lang='lat' dir='ltr'>Ecclesiae</span> <span class='ocrx_word' id='word_1_176' title='bbox 1990 2573 2112 2625; x_wconf 90' lang='lat' dir='ltr'>sine</span> 
     </span>
    </p>
   </div>
   <div class='ocr_carea' id='block_1_28' title="bbox 413 2658 2111 2731">
    <p class='ocr_par' dir='ltr' id='par_1_28' title="bbox 413 2658 2111 2731">
     <span class='ocr_line' id='line_1_28' title="bbox 413 2658 2111 2731; baseline 0.003 -21"><span class='ocrx_word' id='word_1_177' title='bbox 413 2658 529 2711; x_wconf 91' lang='lat' dir='ltr'>ullo</span> <span class='ocrx_word' id='word_1_178' title='bbox 586 2658 869 2725; x_wconf 81' lang='lat' dir='ltr'>exemplo,</span> <span class='ocrx_word' id='word_1_179' title='bbox 926 2662 1123 2710; x_wconf 90' lang='lat' dir='ltr'>contra</span> <span class='ocrx_word' id='word_1_180' title='bbox 1178 2662 1391 2711; x_wconf 90' lang='lat' dir='ltr'>statuta</span> <span class='ocrx_word' id='word_1_181' title='bbox 1436 2675 1747 2723; x_wconf 87' lang='lat' dir='ltr'>canonum,</span> <span class='ocrx_word' id='word_1_182' title='bbox 1813 2661 2111 2731; x_wconf 88' lang='lat' dir='ltr'>episcopos</span> 
     </span>
    </p>
   </div>
   <div class='ocr_carea' id='block_1_29' title="bbox 414 2745 2113 2818">
    <p class='ocr_par' dir='ltr' id='par_1_29' title="bbox 414 2745 2113 2818">
     <span class='ocr_line' id='line_1_29' title="bbox 414 2745 2113 2818; baseline 0.004 -21"><span class='ocrx_word' id='word_1_183' title='bbox 414 2746 676 2799; x_wconf 88' lang='lat' dir='ltr'>ordinare</span> <span class='ocrx_word' id='word_1_184' title='bbox 700 2747 1089 2815; x_wconf 64' lang='lat' dir='ltr'>praesumpsit,</span> <span class='ocrx_word' id='word_1_185' title='bbox 1110 2745 1266 2815; x_wconf 88' lang='lat' dir='ltr'>quod</span> <span class='ocrx_word' id='word_1_186' title='bbox 1288 2762 1390 2799; x_wconf 88' lang='lat' dir='ltr'>nos</span> <span class='ocrx_word' id='word_1_187' title='bbox 1415 2762 1610 2801; x_wconf 89' lang='lat' dir='ltr'>amore</span> <span class='ocrx_word' id='word_1_188' title='bbox 1629 2749 1963 2818; x_wconf 67' lang='lat' dir='ltr'>reparandae</span> <span class='ocrx_word' id='word_1_189' title='bbox 1981 2750 2113 2803; x_wconf 91' lang='lat' dir='ltr'>ﬁdei</span> 
     </span>
    </p>
   </div>
   <div class='ocr_carea' id='block_1_30' title="bbox 415 2833 2112 2909">
    <p class='ocr_par' dir='ltr' id='par_1_30' title="bbox 415 2833 2112 2909">
     <span class='ocr_line' id='line_1_30' title="bbox 415 2833 2112 2909; baseline 0.004 -24"><span class='ocrx_word' id='word_1_190' title='bbox 415 2839 470 2886; x_wconf 89' lang='lat' dir='ltr'>et</span> <span class='ocrx_word' id='word_1_191' title='bbox 501 2833 653 2902; x_wconf 87' lang='lat' dir='ltr'>pacis</span> <span class='ocrx_word' id='word_1_192' title='bbox 683 2833 872 2886; x_wconf 92' lang='lat' dir='ltr'>studio</span> <span class='ocrx_word' id='word_1_193' title='bbox 898 2839 1204 2887; x_wconf 81' lang='lat' dir='ltr'>retractare</span> <span class='ocrx_word' id='word_1_194' title='bbox 1250 2834 1615 2888; x_wconf 84' lang='lat' dir='ltr'>cessavimus.</span> <span class='ocrx_word' id='word_1_195' title='bbox 1650 2836 1943 2890; x_wconf 85' lang='lat' dir='ltr'>Abstineat</span> <span class='ocrx_word' id='word_1_196' title='bbox 1976 2854 2112 2909; x_wconf 89' lang='lat' dir='ltr'>ergo</span> 
     </span>
    </p>
   </div>
   <div class='ocr_carea' id='block_1_31' title="bbox 414 2921 2299 3012">
    <p class='ocr_par' dir='ltr' id='par_1_31' title="bbox 414 2921 2299 3012">
     <span class='ocr_line' id='line_1_31' title="bbox 414 2921 2299 3012; baseline 0.006 -39"><span class='ocrx_word' id='word_1_197' title='bbox 414 2921 483 2974; x_wconf 89' lang='lat' dir='ltr'>ab</span> <span class='ocrx_word' id='word_1_198' title='bbox 546 2922 1054 2976; x_wconf 86' lang='lat' dir='ltr'>ecclesiasticarum</span> <span class='ocrx_word' id='word_1_199' title='bbox 1104 2923 1313 2992; x_wconf 87' lang='lat' dir='ltr'>injuria</span> <span class='ocrx_word' id='word_1_200' title='bbox 1364 2924 1716 2993; x_wconf 88' lang='lat' dir='ltr'>regularum,</span> <span class='ocrx_word' id='word_1_201' title='bbox 1775 2929 1831 2979; x_wconf 87' lang='lat' dir='ltr'>et</span> <span class='ocrx_word' id='word_1_202' title='bbox 1887 2925 2116 2981; x_wconf 88' lang='lat' dir='ltr'>illicitos</span> <span class='ocrx_word' id='word_1_203' title='bbox 2156 2945 2195 2999; x_wconf 70' lang='grc' dir='ltr'><strong>ρ</strong></span> 
     </span>
    </p>
   </div>
   <div class='ocr_carea' id='block_1_32' title="bbox 416 3010 2116 3082">
    <p class='ocr_par' dir='ltr' id='par_1_32' title="bbox 416 3010 2116 3082">
     <span class='ocr_line' id='line_1_32' title="bbox 416 3010 2116 3082; baseline 0.004 -19"><span class='ocrx_word' id='word_1_204' title='bbox 416 3010 664 3064; x_wconf 86' lang='lat' dir='ltr'>declinet</span> <span class='ocrx_word' id='word_1_205' title='bbox 702 3026 983 3077; x_wconf 82' lang='lat' dir='ltr'>excessus,</span> <span class='ocrx_word' id='word_1_206' title='bbox 1018 3027 1089 3064; x_wconf 91' lang='lat' dir='ltr'>ne</span> <span class='ocrx_word' id='word_1_207' title='bbox 1122 3028 1180 3065; x_wconf 90' lang='lat' dir='ltr'>se</span> <span class='ocrx_word' id='word_1_208' title='bbox 1206 3012 1277 3066; x_wconf 89' lang='lat' dir='ltr'>ab</span> <span class='ocrx_word' id='word_1_209' title='bbox 1319 3011 1625 3065; x_wconf 85' lang='lat' dir='ltr'>universali</span> <span class='ocrx_word' id='word_1_210' title='bbox 1660 3014 1927 3082; x_wconf 84' lang='lat' dir='ltr'>Ecclesia,</span> <span class='ocrx_word' id='word_1_211' title='bbox 1978 3015 2116 3069; x_wconf 91' lang='lat' dir='ltr'>dum</span> 
     </span>
    </p>
   </div>
   <div class='ocr_carea' id='block_1_33' title="bbox 416 3099 2114 3173">
    <p class='ocr_par' dir='ltr' id='par_1_33' title="bbox 416 3099 2114 3173">
     <span class='ocr_line' id='line_1_33' title="bbox 416 3099 2114 3173; baseline 0.002 -20"><span class='ocrx_word' id='word_1_212' title='bbox 416 3099 648 3153; x_wconf 89' lang='lat' dir='ltr'>inimica</span> <span class='ocrx_word' id='word_1_213' title='bbox 676 3100 801 3169; x_wconf 86' lang='lat' dir='ltr'>paci</span> <span class='ocrx_word' id='word_1_214' title='bbox 845 3105 1042 3161; x_wconf 89' lang='lat' dir='ltr'>tentat,</span> <span class='ocrx_word' id='word_1_215' title='bbox 1090 3100 1363 3154; x_wconf 89' lang='lat' dir='ltr'>abscidat.</span> <span class='ocrx_word' id='word_1_216' title='bbox 1398 3102 1578 3165; x_wconf 88' lang='lat' dir='ltr'>Quem</span> <span class='ocrx_word' id='word_1_217' title='bbox 1620 3107 1754 3171; x_wconf 89' lang='lat' dir='ltr'>opto</span> <span class='ocrx_word' id='word_1_218' title='bbox 1804 3102 1989 3173; x_wconf 90' lang='lat' dir='ltr'>magis</span> <span class='ocrx_word' id='word_1_219' title='bbox 2033 3104 2114 3156; x_wconf 90' lang='lat' dir='ltr'>ir-</span> 
     </span>
    </p>
   </div>
   <div class='ocr_carea' id='block_1_34' title="bbox 418 3188 2118 3261">
    <p class='ocr_par' dir='ltr' id='par_1_34' title="bbox 418 3188 2118 3261">
     <span class='ocr_line' id='line_1_34' title="bbox 418 3188 2118 3261; baseline 0.003 -21"><span class='ocrx_word' id='word_1_220' title='bbox 418 3188 953 3256; x_wconf 86' lang='lat' dir='ltr'>reprehensibiliter</span> <span class='ocrx_word' id='word_1_221' title='bbox 1024 3195 1284 3256; x_wconf 87' lang='lat' dir='ltr'>agentem</span> <span class='ocrx_word' id='word_1_222' title='bbox 1344 3189 1605 3259; x_wconf 88' lang='lat' dir='ltr'>diligere,</span> <span class='ocrx_word' id='word_1_223' title='bbox 1667 3207 1839 3261; x_wconf 86' lang='lat' dir='ltr'>quam</span> <span class='ocrx_word' id='word_1_224' title='bbox 1898 3191 1958 3244; x_wconf 91' lang='lat' dir='ltr'>in</span> <span class='ocrx_word' id='word_1_225' title='bbox 2013 3191 2118 3246; x_wconf 90' lang='lat' dir='ltr'>hac</span> 
     </span>
    </p>
   </div>
   <div class='ocr_carea' id='block_1_35' title="bbox 416 3277 2117 3351">
    <p class='ocr_par' dir='ltr' id='par_1_35' title="bbox 416 3277 2117 3351">
     <span class='ocr_line' id='line_1_35' title="bbox 416 3277 2117 3351; baseline 0.004 -23"><span class='ocrx_word' id='word_1_226' title='bbox 416 3278 889 3347; x_wconf 84' lang='lat' dir='ltr'>praesumptione,</span> <span class='ocrx_word' id='word_1_227' title='bbox 922 3294 1052 3347; x_wconf 73' lang='lat' dir='ltr'>quae</span> <span class='ocrx_word' id='word_1_228' title='bbox 1085 3278 1245 3331; x_wconf 91' lang='lat' dir='ltr'>illum</span> <span class='ocrx_word' id='word_1_229' title='bbox 1266 3277 1336 3331; x_wconf 90' lang='lat' dir='ltr'>ab</span> <span class='ocrx_word' id='word_1_230' title='bbox 1367 3278 1633 3332; x_wconf 85' lang='lat' dir='ltr'>omnibus</span> <span class='ocrx_word' id='word_1_231' title='bbox 1665 3295 1930 3349; x_wconf 87' lang='lat' dir='ltr'>separare</span> <span class='ocrx_word' id='word_1_232' title='bbox 1950 3285 2117 3351; x_wconf 90' lang='lat' dir='ltr'>pote-</span> 
     </span>
    </p>
   </div>
   <div class='ocr_carea' id='block_1_36' title="bbox 418 3365 942 3434">
    <p class='ocr_par' dir='ltr' id='par_1_36' title="bbox 418 3365 942 3434">
     <span class='ocr_line' id='line_1_36' title="bbox 418 3365 942 3434; baseline -0.006 -17"><span class='ocrx_word' id='word_1_233' title='bbox 418 3366 507 3425; x_wconf 83' lang='lat' dir='ltr'>rit,</span> <span class='ocrx_word' id='word_1_234' title='bbox 544 3365 877 3434; x_wconf 87' lang='lat' dir='ltr'>perdurare.</span> <span class='ocrx_word' id='word_1_235' title='bbox 916 3385 942 3415; x_wconf 86' lang='lat'>»</span> 
     </span>
    </p>
   </div>
   <div class='ocr_carea' id='block_1_37' title="bbox 1116 3454 1423 3507">
    <p class='ocr_par' dir='ltr' id='par_1_37' title="bbox 1116 3454 1423 3507">
     <span class='ocr_line' id='line_1_37' title="bbox 1116 3454 1423 3507; baseline 0 -1"><span class='ocrx_word' id='word_1_236' title='bbox 1116 3454 1244 3506; x_wconf 78' lang='lat' dir='ltr'><strong>CAP.</strong></span> <span class='ocrx_word' id='word_1_237' title='bbox 1280 3454 1423 3507; x_wconf 92' lang='lat' dir='ltr'><strong>CCV.</strong></span> 
     </span>
    </p>
   </div>
   <div class='ocr_carea' id='block_1_38' title="bbox 489 3558 2115 3631">
    <p class='ocr_par' dir='ltr' id='par_1_38' title="bbox 489 3558 2115 3631">
     <span class='ocr_line' id='line_1_38' title="bbox 489 3558 2115 3631; baseline 0.002 -19"><span class='ocrx_word' id='word_1_238' title='bbox 489 3561 626 3612; x_wconf 86' lang='lat' dir='ltr'>Item</span> <span class='ocrx_word' id='word_1_239' title='bbox 681 3558 789 3611; x_wconf 91' lang='lat' dir='ltr'>Leo</span> <span class='ocrx_word' id='word_1_240' title='bbox 844 3574 992 3627; x_wconf 89' lang='lat' dir='ltr'>papa</span> <span class='ocrx_word' id='word_1_241' title='bbox 1049 3559 1117 3611; x_wconf 90' lang='lat' dir='ltr'>ad</span> <span class='ocrx_word' id='word_1_242' title='bbox 1189 3560 1519 3613; x_wconf 83' lang='lat' dir='ltr'>Anatolium</span> <span class='ocrx_word' id='word_1_243' title='bbox 1575 3560 1910 3631; x_wconf 88' lang='lat' dir='ltr'>episcopum</span> <span class='ocrx_word' id='word_1_244' title='bbox 1960 3563 2115 3616; x_wconf 90' lang='lat' dir='ltr'>inter</span> 
     </span>
    </p>
   </div>
   <div class='ocr_carea' id='block_1_39' title="bbox 418 3646 2117 3719">
    <p class='ocr_par' dir='ltr' id='par_1_39' title="bbox 418 3646 2117 3719">
     <span class='ocr_line' id='line_1_39' title="bbox 418 3646 2117 3719; baseline 0.003 -18"><span class='ocrx_word' id='word_1_245' title='bbox 418 3652 626 3701; x_wconf 84' lang='lat' dir='ltr'>caetera</span> <span class='ocrx_word' id='word_1_246' title='bbox 680 3646 739 3699; x_wconf 88' lang='lat' dir='ltr'>in</span> <span class='ocrx_word' id='word_1_247' title='bbox 807 3648 918 3699; x_wconf 89' lang='lat' dir='ltr'>alia</span> <span class='ocrx_word' id='word_1_248' title='bbox 979 3647 1217 3716; x_wconf 88' lang='lat' dir='ltr'>epistola</span> <span class='ocrx_word' id='word_1_249' title='bbox 1283 3648 1460 3717; x_wconf 74' lang='lat' dir='ltr'>(epist.</span> <span class='ocrx_word' id='word_1_250' title='bbox 1522 3650 1573 3719; x_wconf 74' lang='grc' dir='ltr'>ν)</span> <span class='ocrx_word' id='word_1_251' title='bbox 1625 3650 1866 3704; x_wconf 78' lang='lat' dir='ltr'>scribit:</span> <span class='ocrx_word' id='word_1_252' title='bbox 1922 3653 2117 3706; x_wconf 80' lang='lat' dir='ltr'>«Post</span> 
     </span>
    </p>
   </div>
   <div class='ocr_carea' id='block_1_40' title="bbox 416 3735 2112 3809">
    <p class='ocr_par' dir='ltr' id='par_1_40' title="bbox 416 3735 2112 3809">
     <span class='ocr_line' id='line_1_40' title="bbox 416 3735 2112 3809; baseline 0.003 -20"><span class='ocrx_word' id='word_1_253' title='bbox 416 3736 515 3789; x_wconf 89' lang='lat' dir='ltr'>illa</span> <span class='ocrx_word' id='word_1_254' title='bbox 567 3736 761 3806; x_wconf 87' lang='lat' dir='ltr'>itaque</span> <span class='ocrx_word' id='word_1_255' title='bbox 816 3735 1194 3790; x_wconf 86' lang='lat' dir='ltr'>ordinationis</span> <span class='ocrx_word' id='word_1_256' title='bbox 1263 3742 1373 3791; x_wconf 75' lang='lat' dir='ltr'>tuae</span> <span class='ocrx_word' id='word_1_257' title='bbox 1428 3754 1546 3791; x_wconf 89' lang='lat' dir='ltr'>non</span> <span class='ocrx_word' id='word_1_258' title='bbox 1608 3738 1898 3809; x_wconf 90' lang='lat' dir='ltr'>inculpata</span> <span class='ocrx_word' id='word_1_259' title='bbox 1952 3741 2112 3809; x_wconf 89' lang='lat' dir='ltr'>prin-</span> 
     </span>
    </p>
   </div>
   <div class='ocr_carea' id='block_1_41' title="bbox 417 3824 2114 3900">
    <p class='ocr_par' dir='ltr' id='par_1_41' title="bbox 417 3824 2114 3900">
     <span class='ocr_line' id='line_1_41' title="bbox 417 3824 2114 3900; baseline 0.003 -22"><span class='ocrx_word' id='word_1_260' title='bbox 417 3824 584 3893; x_wconf 89' lang='lat' dir='ltr'>cipia,</span> <span class='ocrx_word' id='word_1_261' title='bbox 670 3830 799 3893; x_wconf 89' lang='lat' dir='ltr'>post</span> <span class='ocrx_word' id='word_1_262' title='bbox 877 3826 1366 3879; x_wconf 87' lang='lat' dir='ltr'>consecrationem</span> <span class='ocrx_word' id='word_1_263' title='bbox 1447 3827 1788 3881; x_wconf 87' lang='lat' dir='ltr'>Antiocheni</span> <span class='ocrx_word' id='word_1_264' title='bbox 1861 3829 2114 3900; x_wconf 87' lang='lat' dir='ltr'>episcopi</span> 
     </span>
    </p>
   </div>
   <div class='ocr_carea' id='block_1_42' title="bbox 418 3913 2113 3987">
    <p class='ocr_par' dir='ltr' id='par_1_42' title="bbox 418 3913 2113 3987">
     <span class='ocr_line' id='line_1_42' title="bbox 418 3913 2113 3987; baseline 0.003 -21"><span class='ocrx_word' id='word_1_265' title='bbox 418 3929 592 3983; x_wconf 89' lang='lat' dir='ltr'>quam</span> <span class='ocrx_word' id='word_1_266' title='bbox 666 3913 889 3967; x_wconf 87' lang='lat' dir='ltr'>tibimet</span> <span class='ocrx_word' id='word_1_267' title='bbox 960 3919 1156 3968; x_wconf 90' lang='lat' dir='ltr'>contra</span> <span class='ocrx_word' id='word_1_268' title='bbox 1228 3915 1561 3969; x_wconf 87' lang='lat' dir='ltr'>canonicam</span> <span class='ocrx_word' id='word_1_269' title='bbox 1648 3917 1905 3987; x_wconf 90' lang='lat' dir='ltr'>regulam</span> <span class='ocrx_word' id='word_1_270' title='bbox 1982 3918 2113 3972; x_wconf 89' lang='lat' dir='ltr'>vin—</span> 
     </span>
    </p>
   </div>
   <div class='ocr_carea' id='block_1_43' title="bbox 418 4002 2113 4076">
    <p class='ocr_par' dir='ltr' id='par_1_43' title="bbox 418 4002 2113 4076">
     <span class='ocr_line' id='line_1_43' title="bbox 418 4002 2113 4076; baseline 0.002 -19"><span class='ocrx_word' id='word_1_271' title='bbox 418 4002 638 4065; x_wconf 84' lang='lat' dir='ltr'>dicasti,</span> <span class='ocrx_word' id='word_1_272' title='bbox 665 4003 827 4057; x_wconf 90' lang='lat' dir='ltr'>doleo</span> <span class='ocrx_word' id='word_1_273' title='bbox 857 4003 917 4056; x_wconf 92' lang='lat' dir='ltr'>in</span> <span class='ocrx_word' id='word_1_274' title='bbox 945 4005 1052 4057; x_wconf 90' lang='lat' dir='ltr'>hoc</span> <span class='ocrx_word' id='word_1_275' title='bbox 1083 4004 1450 4058; x_wconf 88' lang='lat' dir='ltr'>dilectionem</span> <span class='ocrx_word' id='word_1_276' title='bbox 1483 4010 1643 4059; x_wconf 88' lang='lat' dir='ltr'>tuam</span> <span class='ocrx_word' id='word_1_277' title='bbox 1674 4021 1795 4059; x_wconf 90' lang='lat' dir='ltr'>esse</span> <span class='ocrx_word' id='word_1_278' title='bbox 1841 4021 2113 4076; x_wconf 88' lang='lat' dir='ltr'>progres-</span> 
     </span>
    </p>
   </div>
   <div class='ocr_carea' id='block_1_44' title="bbox 417 4091 2115 4158">
    <p class='ocr_par' dir='ltr' id='par_1_44' title="bbox 417 4091 2115 4158">
     <span class='ocr_line' id='line_1_44' title="bbox 417 4091 2115 4158; baseline 0.002 -14"><span class='ocrx_word' id='word_1_279' title='bbox 417 4107 560 4158; x_wconf 91' lang='lat' dir='ltr'>sam,</span> <span class='ocrx_word' id='word_1_280' title='bbox 610 4096 673 4144; x_wconf 89' lang='lat' dir='ltr'>ut</span> <span class='ocrx_word' id='word_1_281' title='bbox 714 4091 1121 4145; x_wconf 88' lang='lat' dir='ltr'>sacratissimas</span> <span class='ocrx_word' id='word_1_282' title='bbox 1171 4093 1531 4147; x_wconf 65' lang='lat' dir='ltr'>Nicenorum</span> <span class='ocrx_word' id='word_1_283' title='bbox 1586 4109 1869 4146; x_wconf 90' lang='lat' dir='ltr'>canonum</span> <span class='ocrx_word' id='word_1_284' title='bbox 1910 4095 2115 4148; x_wconf 89' lang='lat' dir='ltr'>consti-</span> 
     </span>
    </p>
   </div>
   <div class='ocr_carea' id='block_1_45' title="bbox 418 4179 2112 4252">
    <p class='ocr_par' dir='ltr' id='par_1_45' title="bbox 418 4179 2112 4252">
     <span class='ocr_line' id='line_1_45' title="bbox 418 4179 2112 4252; baseline 0.002 -20"><span class='ocrx_word' id='word_1_285' title='bbox 418 4179 664 4233; x_wconf 88' lang='lat' dir='ltr'>tutiones</span> <span class='ocrx_word' id='word_1_286' title='bbox 694 4180 979 4233; x_wconf 87' lang='lat' dir='ltr'>conareris</span> <span class='ocrx_word' id='word_1_287' title='bbox 1020 4179 1353 4249; x_wconf 82' lang='lat' dir='ltr'>infringere,</span> <span class='ocrx_word' id='word_1_288' title='bbox 1393 4185 1670 4251; x_wconf 87' lang='lat' dir='ltr'>tanquam</span> <span class='ocrx_word' id='word_1_289' title='bbox 1702 4187 2026 4252; x_wconf 88' lang='lat' dir='ltr'>opportune</span> <span class='ocrx_word' id='word_1_290' title='bbox 2055 4200 2112 4236; x_wconf 90' lang='lat' dir='ltr'>se</span> 
     </span>
    </p>
   </div>
   <div class='ocr_carea' id='block_1_46' title="bbox 418 4245 2195 4341">
    <p class='ocr_par' dir='ltr' id='par_1_46' title="bbox 418 4245 2195 4341">
     <span class='ocr_line' id='line_1_46' title="bbox 418 4245 2195 4341; baseline 0.003 -21"><span class='ocrx_word' id='word_1_291' title='bbox 418 4267 524 4320; x_wconf 90' lang='lat' dir='ltr'>tibi</span> <span class='ocrx_word' id='word_1_292' title='bbox 554 4267 659 4321; x_wconf 91' lang='lat' dir='ltr'>hoc</span> <span class='ocrx_word' id='word_1_293' title='bbox 692 4272 919 4336; x_wconf 90' lang='lat' dir='ltr'>tempus</span> <span class='ocrx_word' id='word_1_294' title='bbox 958 4245 1251 4333; x_wconf 69' lang='lat' dir='ltr'>obtulerit,</span> <span class='ocrx_word' id='word_1_295' title='bbox 1295 4245 1407 4339; x_wconf 85' lang='lat' dir='ltr'>quo</span> <span class='ocrx_word' id='word_1_296' title='bbox 1448 4245 1687 4323; x_wconf 75' lang='lat' dir='ltr'>secundi</span> <span class='ocrx_word' id='word_1_297' title='bbox 1724 4245 1961 4324; x_wconf 68' lang='lat' dir='ltr'>noueris</span> <span class='ocrx_word' id='word_1_298' title='bbox 1998 4271 2112 4341; x_wconf 89' lang='lat' dir='ltr'>pri-</span> <span class='ocrx_word' id='word_1_299' title='bbox 2152 4245 2195 4299; x_wconf 69' lang='grc' dir='ltr'>Β</span> 
     </span>
    </p>
   </div>
   <div class='ocr_carea' id='block_1_47' title="bbox 418 4355 2111 4426">
    <p class='ocr_par' dir='ltr' id='par_1_47' title="bbox 418 4355 2111 4426">
     <span class='ocr_line' id='line_1_47' title="bbox 418 4355 2111 4426; baseline 0.005 -20"><span class='ocrx_word' id='word_1_300' title='bbox 418 4355 694 4424; x_wconf 90' lang='lat' dir='ltr'>vilegium</span> <span class='ocrx_word' id='word_1_301' title='bbox 745 4356 907 4410; x_wconf 86' lang='lat' dir='ltr'>sedes</span> <span class='ocrx_word' id='word_1_302' title='bbox 960 4356 1340 4411; x_wconf 83' lang='lat' dir='ltr'>Alexandrina</span> <span class='ocrx_word' id='word_1_303' title='bbox 1402 4358 1736 4426; x_wconf 87' lang='lat' dir='ltr'>perdiderit,</span> <span class='ocrx_word' id='word_1_304' title='bbox 1798 4364 1852 4413; x_wconf 90' lang='lat' dir='ltr'>et</span> <span class='ocrx_word' id='word_1_305' title='bbox 1905 4360 2111 4414; x_wconf 86' lang='lat' dir='ltr'>Antio—</span> 
     </span>
    </p>
   </div>
   <div class='ocr_carea' id='block_1_48' title="bbox 418 4443 2112 4518">
    <p class='ocr_par' dir='ltr' id='par_1_48' title="bbox 418 4443 2112 4518">
     <span class='ocr_line' id='line_1_48' title="bbox 418 4443 2112 4518; baseline 0.004 -22"><span class='ocrx_word' id='word_1_306' title='bbox 418 4443 595 4496; x_wconf 88' lang='lat' dir='ltr'>chena</span> <span class='ocrx_word' id='word_1_307' title='bbox 626 4443 868 4497; x_wconf 85' lang='lat' dir='ltr'>Ecclesia</span> <span class='ocrx_word' id='word_1_308' title='bbox 896 4444 1305 4514; x_wconf 86' lang='lat' dir='ltr'>prOprietatem</span> <span class='ocrx_word' id='word_1_309' title='bbox 1343 4446 1527 4500; x_wconf 67' lang='lat' dir='ltr'>tertiae</span> <span class='ocrx_word' id='word_1_310' title='bbox 1565 4447 1863 4518; x_wconf 85' lang='lat' dir='ltr'>dignitatis</span> <span class='ocrx_word' id='word_1_311' title='bbox 1903 4449 2112 4503; x_wconf 90' lang='lat' dir='ltr'>amise-</span> 
     </span>
    </p>
   </div>
   <div class='ocr_carea' id='block_1_49' title="bbox 417 4530 2111 4606">
    <p class='ocr_par' dir='ltr' id='par_1_49' title="bbox 417 4530 2111 4606">
     <span class='ocr_line' id='line_1_49' title="bbox 417 4530 2111 4606; baseline 0.005 -23"><span class='ocrx_word' id='word_1_312' title='bbox 417 4531 513 4597; x_wconf 90' lang='lat' dir='ltr'>rit,</span> <span class='ocrx_word' id='word_1_313' title='bbox 551 4536 615 4583; x_wconf 88' lang='lat' dir='ltr'>ut</span> <span class='ocrx_word' id='word_1_314' title='bbox 646 4530 733 4584; x_wconf 85' lang='lat' dir='ltr'>his</span> <span class='ocrx_word' id='word_1_315' title='bbox 765 4531 903 4585; x_wconf 87' lang='lat' dir='ltr'>locis</span> <span class='ocrx_word' id='word_1_316' title='bbox 941 4531 1061 4601; x_wconf 73' lang='lat' dir='ltr'>Juri</span> <span class='ocrx_word' id='word_1_317' title='bbox 1099 4537 1197 4585; x_wconf 92' lang='lat' dir='ltr'>tuo</span> <span class='ocrx_word' id='word_1_318' title='bbox 1231 4533 1494 4603; x_wconf 83' lang='lat' dir='ltr'>subditis,</span> <span class='ocrx_word' id='word_1_319' title='bbox 1538 4550 1736 4589; x_wconf 90' lang='lat' dir='ltr'>omnes</span> <span class='ocrx_word' id='word_1_320' title='bbox 1778 4538 2111 4606; x_wconf 89' lang='lat' dir='ltr'>metropoli-</span> 
     </span>
    </p>
   </div>
   <div class='ocr_carea' id='block_1_50' title="bbox 418 4619 2112 4692">
    <p class='ocr_par' dir='ltr' id='par_1_50' title="bbox 418 4619 2112 4692">
     <span class='ocr_line' id='line_1_50' title="bbox 418 4619 2112 4692; baseline 0.003 -19"><span class='ocrx_word' id='word_1_321' title='bbox 418 4619 535 4673; x_wconf 89' lang='lat' dir='ltr'>tani</span> <span class='ocrx_word' id='word_1_322' title='bbox 574 4619 828 4689; x_wconf 91' lang='lat' dir='ltr'>episcopi</span> <span class='ocrx_word' id='word_1_323' title='bbox 868 4620 1104 4690; x_wconf 89' lang='lat' dir='ltr'>proprio</span> <span class='ocrx_word' id='word_1_324' title='bbox 1143 4622 1366 4675; x_wconf 87' lang='lat' dir='ltr'>honore</span> <span class='ocrx_word' id='word_1_325' title='bbox 1414 4624 1728 4692; x_wconf 85' lang='lat' dir='ltr'>priventur.</span> <span class='ocrx_word' id='word_1_326' title='bbox 1776 4624 1992 4689; x_wconf 85' lang='lat' dir='ltr'>Quibus</span> <span class='ocrx_word' id='word_1_327' title='bbox 2022 4625 2112 4678; x_wconf 89' lang='lat' dir='ltr'>in-</span> 
     </span>
    </p>
   </div>
   <div class='ocr_carea' id='block_1_51' title="bbox 419 4706 2113 4781">
    <p class='ocr_par' dir='ltr' id='par_1_51' title="bbox 419 4706 2113 4781">
     <span class='ocr_line' id='line_1_51' title="bbox 419 4706 2113 4781; baseline 0.003 -21"><span class='ocrx_word' id='word_1_328' title='bbox 419 4706 630 4761; x_wconf 86' lang='lat' dir='ltr'>auditis</span> <span class='ocrx_word' id='word_1_329' title='bbox 684 4712 739 4761; x_wconf 88' lang='lat' dir='ltr'>et</span> <span class='ocrx_word' id='word_1_330' title='bbox 804 4724 1103 4778; x_wconf 88' lang='lat' dir='ltr'>nunquam</span> <span class='ocrx_word' id='word_1_331' title='bbox 1149 4716 1281 4763; x_wconf 88' lang='lat' dir='ltr'>ante</span> <span class='ocrx_word' id='word_1_332' title='bbox 1344 4711 1574 4765; x_wconf 87' lang='lat' dir='ltr'>tentatis</span> <span class='ocrx_word' id='word_1_333' title='bbox 1632 4710 1712 4765; x_wconf 91' lang='lat' dir='ltr'>ita</span> <span class='ocrx_word' id='word_1_334' title='bbox 1776 4712 2113 4781; x_wconf 69' lang='lat' dir='ltr'>prmveniris</span> 
     </span>
    </p>
   </div>
   <div class='ocr_carea' id='block_1_52' title="bbox 417 4796 2113 4871">
    <p class='ocr_par' dir='ltr' id='par_1_52' title="bbox 417 4796 2113 4871">
     <span class='ocr_line' id='line_1_52' title="bbox 417 4796 2113 4871; baseline 0.004 -22"><span class='ocrx_word' id='word_1_335' title='bbox 417 4796 753 4863; x_wconf 78' lang='lat' dir='ltr'>excessibus,</span> <span class='ocrx_word' id='word_1_336' title='bbox 796 4802 856 4850; x_wconf 90' lang='lat' dir='ltr'>ut</span> <span class='ocrx_word' id='word_1_337' title='bbox 903 4804 1159 4852; x_wconf 89' lang='lat' dir='ltr'>sanctam</span> <span class='ocrx_word' id='word_1_338' title='bbox 1204 4800 1486 4869; x_wconf 86' lang='lat' dir='ltr'>synodum</span> <span class='ocrx_word' id='word_1_339' title='bbox 1527 4800 1596 4855; x_wconf 91' lang='lat' dir='ltr'>ad</span> <span class='ocrx_word' id='word_1_340' title='bbox 1638 4800 2113 4871; x_wconf 84' lang='lat' dir='ltr'>exstinguendam</span> 
     </span>
    </p>
   </div>
   <div class='ocr_carea' id='block_1_53' title="bbox 417 4886 2112 4948">
    <p class='ocr_par' dir='ltr' id='par_1_53' title="bbox 417 4886 2112 4948">
     <span class='ocr_line' id='line_1_53' title="bbox 417 4886 2112 4948; baseline 0.003 -9"><span class='ocrx_word' id='word_1_341' title='bbox 417 4886 601 4940; x_wconf 88' lang='lat' dir='ltr'>solum</span> <span class='ocrx_word' id='word_1_342' title='bbox 629 4886 917 4948; x_wconf 78' lang='lat' dir='ltr'>haeresim,</span> <span class='ocrx_word' id='word_1_343' title='bbox 952 4892 1009 4940; x_wconf 91' lang='lat' dir='ltr'>et</span> <span class='ocrx_word' id='word_1_344' title='bbox 1037 4889 1107 4940; x_wconf 90' lang='lat' dir='ltr'>ad</span> <span class='ocrx_word' id='word_1_345' title='bbox 1135 4889 1632 4943; x_wconf 89' lang='lat' dir='ltr'>conﬁrmationem</span> <span class='ocrx_word' id='word_1_346' title='bbox 1663 4889 1795 4944; x_wconf 87' lang='lat' dir='ltr'>ﬁdei</span> <span class='ocrx_word' id='word_1_347' title='bbox 1822 4890 2112 4944; x_wconf 57' lang='lat' dir='ltr'>catholica</span> 
     </span>
    </p>
   </div>
   <div class='ocr_carea' id='block_1_54' title="bbox 416 4974 2112 5047">
    <p class='ocr_par' dir='ltr' id='par_1_54' title="bbox 416 4974 2112 5047">
     <span class='ocr_line' id='line_1_54' title="bbox 416 4974 2112 5047; baseline 0.004 -21"><span class='ocrx_word' id='word_1_348' title='bbox 416 4974 602 5028; x_wconf 88' lang='lat' dir='ltr'>studio</span> <span class='ocrx_word' id='word_1_349' title='bbox 669 4974 1145 5029; x_wconf 84' lang='lat' dir='ltr'>Christianissimi</span> <span class='ocrx_word' id='word_1_350' title='bbox 1212 4977 1490 5047; x_wconf 89' lang='lat' dir='ltr'>principis</span> <span class='ocrx_word' id='word_1_351' title='bbox 1553 4983 1983 5047; x_wconf 88' lang='lat' dir='ltr'>congregatam,</span> <span class='ocrx_word' id='word_1_352' title='bbox 2051 4978 2112 5032; x_wconf 91' lang='lat' dir='ltr'>in</span> 
     </span>
    </p>
   </div>
   <div class='ocr_carea' id='block_1_55' title="bbox 415 5062 2107 5131">
    <p class='ocr_par' dir='ltr' id='par_1_55' title="bbox 415 5062 2107 5131">
     <span class='ocr_line' id='line_1_55' title="bbox 415 5062 2107 5131; baseline 0.002 -15"><span class='ocrx_word' id='word_1_353' title='bbox 415 5062 771 5117; x_wconf 88' lang='lat' dir='ltr'>occasionem</span> <span class='ocrx_word' id='word_1_354' title='bbox 796 5063 1043 5117; x_wconf 88' lang='lat' dir='ltr'>ambitus</span> <span class='ocrx_word' id='word_1_355' title='bbox 1075 5065 1285 5131; x_wconf 83' lang='lat' dir='ltr'>trahas,</span> <span class='ocrx_word' id='word_1_356' title='bbox 1322 5070 1378 5118; x_wconf 90' lang='lat' dir='ltr'>et</span> <span class='ocrx_word' id='word_1_357' title='bbox 1408 5070 1469 5119; x_wconf 89' lang='lat' dir='ltr'>ut</span> <span class='ocrx_word' id='word_1_358' title='bbox 1499 5064 1927 5120; x_wconf 89' lang='lat' dir='ltr'>conniventiam</span> <span class='ocrx_word' id='word_1_359' title='bbox 1948 5083 2107 5121; x_wconf 89' lang='lat' dir='ltr'>suam</span> 
     </span>
    </p>
   </div>
   <div class='ocr_carea' id='block_1_56' title="bbox 414 5148 2110 5225">
    <p class='ocr_par' dir='ltr' id='par_1_56' title="bbox 414 5148 2110 5225">
     <span class='ocr_line' id='line_1_56' title="bbox 414 5148 2110 5225; baseline 0.005 -25"><span class='ocrx_word' id='word_1_360' title='bbox 414 5148 519 5202; x_wconf 89' lang='lat' dir='ltr'>tibi</span> <span class='ocrx_word' id='word_1_361' title='bbox 548 5149 717 5204; x_wconf 90' lang='lat' dir='ltr'>dedat</span> <span class='ocrx_word' id='word_1_362' title='bbox 746 5149 1007 5220; x_wconf 90' lang='lat' dir='ltr'>impellas</span> <span class='ocrx_word' id='word_1_363' title='bbox 1032 5167 1045 5217; x_wconf 90' lang='lat'><strong>;</strong></span> <span class='ocrx_word' id='word_1_364' title='bbox 1076 5156 1352 5222; x_wconf 88' lang='lat' dir='ltr'>tanquam</span> <span class='ocrx_word' id='word_1_365' title='bbox 1386 5152 1621 5206; x_wconf 88' lang='lat' dir='ltr'>refutari</span> <span class='ocrx_word' id='word_1_366' title='bbox 1651 5159 1919 5223; x_wconf 89' lang='lat' dir='ltr'>nequeat,</span> <span class='ocrx_word' id='word_1_367' title='bbox 1953 5155 2110 5225; x_wconf 89' lang='lat' dir='ltr'>quod</span> 
     </span>
    </p>
   </div>
   <div class='ocr_carea' id='block_1_57' title="bbox 415 5236 2106 5308">
    <p class='ocr_par' dir='ltr' id='par_1_57' title="bbox 415 5236 2106 5308">
     <span class='ocr_line' id='line_1_57' title="bbox 415 5236 2106 5308; baseline 0.005 -19"><span class='ocrx_word' id='word_1_368' title='bbox 415 5236 611 5292; x_wconf 90' lang='lat' dir='ltr'>illicite</span> <span class='ocrx_word' id='word_1_369' title='bbox 648 5238 889 5291; x_wconf 89' lang='lat' dir='ltr'>voluerit</span> <span class='ocrx_word' id='word_1_370' title='bbox 924 5240 1257 5308; x_wconf 87' lang='lat' dir='ltr'>multitudo,</span> <span class='ocrx_word' id='word_1_371' title='bbox 1304 5246 1359 5294; x_wconf 93' lang='lat' dir='ltr'>et</span> <span class='ocrx_word' id='word_1_372' title='bbox 1397 5241 1496 5294; x_wconf 90' lang='lat' dir='ltr'>illa</span> <span class='ocrx_word' id='word_1_373' title='bbox 1535 5241 1894 5296; x_wconf 72' lang='lat' dir='ltr'>Niceenorum</span> <span class='ocrx_word' id='word_1_374' title='bbox 1937 5259 2106 5297; x_wconf 91' lang='lat' dir='ltr'>cano-</span> 
     </span>
    </p>
   </div>
   <div class='ocr_carea' id='block_1_58' title="bbox 1654 228 2116 289">
    <p class='ocr_par' dir='ltr' id='par_1_58' title="bbox 1654 229 2116 284">
     <span class='ocr_line' id='line_1_58' title="bbox 1654 229 2116 284; baseline 0.004 -3"><span class='ocrx_word' id='word_1_375' title='bbox 1654 230 1870 283; x_wconf 69' lang='grc' dir='ltr'>,ΕΝΕΑΞ</span> <span class='ocrx_word' id='word_1_376' title='bbox 1912 229 2116 284; x_wconf 80' lang='lat' dir='ltr'>PARIS</span> 
     </span>
    </p>
   </div>
   <div class='ocr_carea' id='block_1_59' title="bbox 2231 228 3888 289">
    <p class='ocr_par' dir='ltr' id='par_1_59' title="bbox 2231 228 3888 289">
     <span class='ocr_line' id='line_1_59' title="bbox 2231 228 3888 289; baseline 0.002 -4"><span class='ocrx_word' id='word_1_377' title='bbox 2231 230 2348 286; x_wconf 88' lang='lat' dir='ltr'><strong>lSIS</strong></span> <span class='ocrx_word' id='word_1_378' title='bbox 2390 232 2699 289; x_wconf 82' lang='lat' dir='ltr'>EPISCOPI</span> <span class='ocrx_word' id='word_1_379' title='bbox 3072 228 3077 231; x_wconf 73' lang='grc'><strong>’</strong></span> <span class='ocrx_word' id='word_1_380' title='bbox 3799 240 3888 289; x_wconf 75' lang='grc'>’756</span> 
     </span>
    </p>
   </div>
   <div class='ocr_carea' id='block_1_60' title="bbox 2158 367 3888 437">
    <p class='ocr_par' dir='ltr' id='par_1_60' title="bbox 2158 367 3888 437">
     <span class='ocr_line' id='line_1_60' title="bbox 2158 367 3888 437; baseline 0.005 -20"><span class='ocrx_word' id='word_1_381' title='bbox 2158 367 2203 417; x_wconf 88' lang='grc' dir='ltr'>Α</span> <span class='ocrx_word' id='word_1_382' title='bbox 2232 380 2374 419; x_wconf 90' lang='lat' dir='ltr'>num</span> <span class='ocrx_word' id='word_1_383' title='bbox 2419 382 2522 435; x_wconf 91' lang='lat' dir='ltr'>per</span> <span class='ocrx_word' id='word_1_384' title='bbox 2556 370 2816 421; x_wconf 88' lang='lat' dir='ltr'>sanctum</span> <span class='ocrx_word' id='word_1_385' title='bbox 2857 383 2989 421; x_wconf 89' lang='lat' dir='ltr'>vere</span> <span class='ocrx_word' id='word_1_386' title='bbox 3031 367 3310 436; x_wconf 88' lang='lat' dir='ltr'>Spiritum</span> <span class='ocrx_word' id='word_1_387' title='bbox 3351 367 3616 421; x_wconf 89' lang='lat' dir='ltr'>ordinata</span> <span class='ocrx_word' id='word_1_388' title='bbox 3648 370 3888 437; x_wconf 84' lang='lat' dir='ltr'>conditio,</span> 
     </span>
    </p>
   </div>
   <div class='ocr_carea' id='block_1_61' title="bbox 2226 448 3891 521">
    <p class='ocr_par' dir='ltr' id='par_1_61' title="bbox 2226 448 3891 521">
     <span class='ocr_line' id='line_1_61' title="bbox 2226 448 3891 521; baseline 0.003 -20"><span class='ocrx_word' id='word_1_389' title='bbox 2226 448 2284 503; x_wconf 88' lang='lat' dir='ltr'>in</span> <span class='ocrx_word' id='word_1_390' title='bbox 2316 450 2509 519; x_wconf 86' lang='lat' dir='ltr'>aliqua</span> <span class='ocrx_word' id='word_1_391' title='bbox 2535 450 2803 520; x_wconf 85' lang='lat' dir='ltr'>cuiquam</span> <span class='ocrx_word' id='word_1_392' title='bbox 2840 450 2911 503; x_wconf 89' lang='lat' dir='ltr'>sit</span> <span class='ocrx_word' id='word_1_393' title='bbox 2949 454 3110 521; x_wconf 88' lang='lat' dir='ltr'>parte</span> <span class='ocrx_word' id='word_1_394' title='bbox 3152 451 3430 504; x_wconf 90' lang='lat' dir='ltr'>solubilis.</span> <span class='ocrx_word' id='word_1_395' title='bbox 3467 453 3534 505; x_wconf 84' lang='lat' dir='ltr'>Et</span> <span class='ocrx_word' id='word_1_396' title='bbox 3583 454 3734 505; x_wconf 88' lang='lat' dir='ltr'>nulla</span> <span class='ocrx_word' id='word_1_397' title='bbox 3776 454 3891 506; x_wconf 88' lang='lat' dir='ltr'>sibi-</span> 
     </span>
    </p>
   </div>
   <div class='ocr_carea' id='block_1_62' title="bbox 2227 539 3891 609">
    <p class='ocr_par' dir='ltr' id='par_1_62' title="bbox 2227 539 3891 609">
     <span class='ocr_line' id='line_1_62' title="bbox 2227 539 3891 609; baseline 0.004 -20"><span class='ocrx_word' id='word_1_398' title='bbox 2227 545 2346 591; x_wconf 87' lang='lat' dir='ltr'>met</span> <span class='ocrx_word' id='word_1_399' title='bbox 2375 539 2443 592; x_wconf 88' lang='lat' dir='ltr'>de</span> <span class='ocrx_word' id='word_1_400' title='bbox 2478 540 2955 608; x_wconf 66' lang='lat' dir='ltr'>multiplicatione</span> <span class='ocrx_word' id='word_1_401' title='bbox 2974 541 3435 609; x_wconf 75' lang='lat' dir='ltr'>congregationis</span> <span class='ocrx_word' id='word_1_402' title='bbox 3459 542 3755 608; x_wconf 84' lang='lat' dir='ltr'>&#39;synodalia</span> <span class='ocrx_word' id='word_1_403' title='bbox 3783 559 3891 596; x_wconf 87' lang='lat' dir='ltr'>con-</span> 
     </span>
    </p>
   </div>
   <div class='ocr_carea' id='block_1_63' title="bbox 2226 626 3891 700">
    <p class='ocr_par' dir='ltr' id='par_1_63' title="bbox 2226 626 3891 700">
     <span class='ocr_line' id='line_1_63' title="bbox 2226 626 3891 700; baseline 0.002 -21"><span class='ocrx_word' id='word_1_404' title='bbox 2226 626 2356 679; x_wconf 91' lang='lat' dir='ltr'>cilia</span> <span class='ocrx_word' id='word_1_405' title='bbox 2382 627 2766 693; x_wconf 87' lang='lat' dir='ltr'>blandiantur,</span> <span class='ocrx_word' id='word_1_406' title='bbox 2817 645 3001 695; x_wconf 61' lang='grc' dir='ltr'><strong>ιισι-ςιιηι</strong></span> <span class='ocrx_word' id='word_1_407' title='bbox 3046 629 3313 681; x_wconf 86' lang='lat' dir='ltr'>trecentis</span> <span class='ocrx_word' id='word_1_408' title='bbox 3357 629 3470 681; x_wconf 90' lang='lat' dir='ltr'>illis</span> <span class='ocrx_word' id='word_1_409' title='bbox 3510 630 3708 682; x_wconf 87' lang='lat' dir='ltr'>decem</span> <span class='ocrx_word' id='word_1_410' title='bbox 3747 636 3891 700; x_wconf 83' lang='lat' dir='ltr'>atque</span> 
     </span>
    </p>
   </div>
   <div class='ocr_carea' id='block_1_64' title="bbox 2225 716 3891 786">
    <p class='ocr_par' dir='ltr' id='par_1_64' title="bbox 2225 716 3891 786">
     <span class='ocr_line' id='line_1_64' title="bbox 2225 716 3891 786; baseline 0.003 -19"><span class='ocrx_word' id='word_1_411' title='bbox 2225 721 2349 767; x_wconf 92' lang='lat' dir='ltr'>octo</span> <span class='ocrx_word' id='word_1_412' title='bbox 2399 716 2680 785; x_wconf 87' lang='lat' dir='ltr'>episcopis</span> <span class='ocrx_word' id='word_1_413' title='bbox 2710 720 3132 786; x_wconf 74' lang='lat' dir='ltr'>quantumlibet</span> <span class='ocrx_word' id='word_1_414' title='bbox 3176 717 3465 785; x_wconf 87' lang='lat' dir='ltr'>c0piosior</span> <span class='ocrx_word' id='word_1_415' title='bbox 3513 733 3781 771; x_wconf 89' lang='lat' dir='ltr'>numerus</span> <span class='ocrx_word' id='word_1_416' title='bbox 3823 735 3891 772; x_wconf 87' lang='lat' dir='ltr'>sa-</span> 
     </span>
    </p>
   </div>
   <div class='ocr_carea' id='block_1_65' title="bbox 2225 804 3890 876">
    <p class='ocr_par' dir='ltr' id='par_1_65' title="bbox 2225 804 3890 876">
     <span class='ocr_line' id='line_1_65' title="bbox 2225 804 3890 876; baseline 0.002 -21"><span class='ocrx_word' id='word_1_417' title='bbox 2225 804 2541 869; x_wconf 88' lang='lat' dir='ltr'>cerdotum,</span> <span class='ocrx_word' id='word_1_418' title='bbox 2593 805 2677 857; x_wconf 92' lang='lat' dir='ltr'>vel</span> <span class='ocrx_word' id='word_1_419' title='bbox 2726 820 3055 875; x_wconf 88' lang='lat' dir='ltr'>comparare</span> <span class='ocrx_word' id='word_1_420' title='bbox 3102 820 3158 858; x_wconf 91' lang='lat' dir='ltr'>se</span> <span class='ocrx_word' id='word_1_421' title='bbox 3215 805 3439 870; x_wconf 88' lang='lat' dir='ltr'>audeat,</span> <span class='ocrx_word' id='word_1_422' title='bbox 3494 807 3577 859; x_wconf 85' lang='lat' dir='ltr'>vel</span> <span class='ocrx_word' id='word_1_423' title='bbox 3623 808 3890 876; x_wconf 67' lang='lat' dir='ltr'>praeferre,</span> 
     </span>
    </p>
   </div>
   <div class='ocr_carea' id='block_1_66' title="bbox 2225 892 3892 964">
    <p class='ocr_par' dir='ltr' id='par_1_66' title="bbox 2225 892 3892 964">
     <span class='ocr_line' id='line_1_66' title="bbox 2225 892 3892 964; baseline 0.002 -21"><span class='ocrx_word' id='word_1_424' title='bbox 2225 907 2354 945; x_wconf 92' lang='lat' dir='ltr'>cum</span> <span class='ocrx_word' id='word_1_425' title='bbox 2401 898 2557 946; x_wconf 89' lang='lat' dir='ltr'>tanto</span> <span class='ocrx_word' id='word_1_426' title='bbox 2596 892 2868 946; x_wconf 86' lang='lat' dir='ltr'>divinitus</span> <span class='ocrx_word' id='word_1_427' title='bbox 2922 893 3225 963; x_wconf 90' lang='lat' dir='ltr'>privilegio</span> <span class='ocrx_word' id='word_1_428' title='bbox 3280 893 3510 947; x_wconf 55' lang='lat' dir='ltr'>Nica‘na</span> <span class='ocrx_word' id='word_1_429' title='bbox 3559 895 3631 947; x_wconf 86' lang='lat' dir='ltr'>sit</span> <span class='ocrx_word' id='word_1_430' title='bbox 3670 896 3892 964; x_wconf 80' lang='lat' dir='ltr'>synodus</span> 
     </span>
    </p>
   </div>
   <div class='ocr_carea' id='block_1_67' title="bbox 2223 982 3892 1053">
    <p class='ocr_par' dir='ltr' id='par_1_67' title="bbox 2223 982 3892 1053">
     <span class='ocr_line' id='line_1_67' title="bbox 2223 982 3892 1053; baseline 0.002 -22"><span class='ocrx_word' id='word_1_431' title='bbox 2223 988 2568 1047; x_wconf 87' lang='lat' dir='ltr'>consecrata,</span> <span class='ocrx_word' id='word_1_432' title='bbox 2622 987 2681 1034; x_wconf 91' lang='lat' dir='ltr'>ut</span> <span class='ocrx_word' id='word_1_433' title='bbox 2728 982 2842 1035; x_wconf 86' lang='lat' dir='ltr'>sive</span> <span class='ocrx_word' id='word_1_434' title='bbox 2887 998 2991 1051; x_wconf 92' lang='lat' dir='ltr'>per</span> <span class='ocrx_word' id='word_1_435' title='bbox 3046 982 3359 1051; x_wconf 86' lang='lat' dir='ltr'>pauciores,</span> <span class='ocrx_word' id='word_1_436' title='bbox 3410 984 3525 1035; x_wconf 84' lang='lat' dir='ltr'>sive</span> <span class='ocrx_word' id='word_1_437' title='bbox 3577 1000 3678 1053; x_wconf 87' lang='lat' dir='ltr'>per</span> <span class='ocrx_word' id='word_1_438' title='bbox 3726 984 3892 1053; x_wconf 80' lang='lat' dir='ltr'>plures</span> 
     </span>
    </p>
   </div>
   <div class='ocr_carea' id='block_1_68' title="bbox 2225 1070 3887 1141">
    <p class='ocr_par' dir='ltr' id='par_1_68' title="bbox 2225 1070 3887 1141">
     <span class='ocr_line' id='line_1_68' title="bbox 2225 1070 3887 1141; baseline 0.002 -21"><span class='ocrx_word' id='word_1_439' title='bbox 2225 1070 2601 1122; x_wconf 85' lang='lat' dir='ltr'>ecclesiastica</span> <span class='ocrx_word' id='word_1_440' title='bbox 2652 1070 2864 1140; x_wconf 82' lang='lat' dir='ltr'>judicia</span> <span class='ocrx_word' id='word_1_441' title='bbox 2904 1070 3284 1135; x_wconf 86' lang='lat' dir='ltr'>celebrentur,</span> <span class='ocrx_word' id='word_1_442' title='bbox 3330 1071 3489 1124; x_wconf 90' lang='lat' dir='ltr'>omni</span> <span class='ocrx_word' id='word_1_443' title='bbox 3538 1072 3763 1141; x_wconf 89' lang='lat' dir='ltr'>penitus</span> <span class='ocrx_word' id='word_1_444' title='bbox 3804 1088 3887 1123; x_wconf 88' lang='lat' dir='ltr'>au-</span> 
     </span>
    </p>
   </div>
   <div class='ocr_carea' id='block_1_69' title="bbox 2224 1158 3892 1231">
    <p class='ocr_par' dir='ltr' id='par_1_69' title="bbox 2224 1158 3892 1231">
     <span class='ocr_line' id='line_1_69' title="bbox 2224 1158 3892 1231; baseline 0.001 -20"><span class='ocrx_word' id='word_1_445' title='bbox 2224 1158 2482 1212; x_wconf 88' lang='lat' dir='ltr'>ctoritate</span> <span class='ocrx_word' id='word_1_446' title='bbox 2534 1159 2605 1212; x_wconf 88' lang='lat' dir='ltr'>sit</span> <span class='ocrx_word' id='word_1_447' title='bbox 2655 1176 2919 1225; x_wconf 87' lang='lat' dir='ltr'>vacuum,</span> <span class='ocrx_word' id='word_1_448' title='bbox 2981 1159 3264 1231; x_wconf 91' lang='lat' dir='ltr'>quidquid</span> <span class='ocrx_word' id='word_1_449' title='bbox 3326 1160 3396 1213; x_wconf 90' lang='lat' dir='ltr'>ab</span> <span class='ocrx_word' id='word_1_450' title='bbox 3456 1161 3687 1213; x_wconf 90' lang='lat' dir='ltr'>illorum</span> <span class='ocrx_word' id='word_1_451' title='bbox 3740 1160 3892 1213; x_wconf 86' lang='lat' dir='ltr'>fuerit</span> 
     </span>
    </p>
   </div>
   <div class='ocr_carea' id='block_1_70' title="bbox 2224 1246 3889 1317">
    <p class='ocr_par' dir='ltr' id='par_1_70' title="bbox 2224 1246 3889 1317">
     <span class='ocr_line' id='line_1_70' title="bbox 2224 1246 3889 1317; baseline 0.001 -17"><span class='ocrx_word' id='word_1_452' title='bbox 2224 1247 2630 1301; x_wconf 88' lang='lat' dir='ltr'>constitutione</span> <span class='ocrx_word' id='word_1_453' title='bbox 2678 1248 2987 1301; x_wconf 90' lang='lat' dir='ltr'>diversum.</span> <span class='ocrx_word' id='word_1_454' title='bbox 3052 1246 3231 1301; x_wconf 88' lang='lat' dir='ltr'>Nimis</span> <span class='ocrx_word' id='word_1_455' title='bbox 3282 1265 3418 1317; x_wconf 84' lang='lat' dir='ltr'>ergo</span> <span class='ocrx_word' id='word_1_456' title='bbox 3464 1249 3586 1301; x_wconf 63' lang='lat' dir='ltr'>haec</span> <span class='ocrx_word' id='word_1_457' title='bbox 3634 1248 3889 1317; x_wconf 81' lang='lat' dir='ltr'>improba,</span> 
     </span>
    </p>
   </div>
   <div class='ocr_carea' id='block_1_71' title="bbox 2226 1336 3891 1407">
    <p class='ocr_par' dir='ltr' id='par_1_71' title="bbox 2226 1336 3891 1407">
     <span class='ocr_line' id='line_1_71' title="bbox 2226 1336 3891 1407; baseline 0.001 -19"><span class='ocrx_word' id='word_1_458' title='bbox 2226 1336 2396 1388; x_wconf 90' lang='lat' dir='ltr'>nimis</span> <span class='ocrx_word' id='word_1_459' title='bbox 2429 1353 2601 1406; x_wconf 90' lang='lat' dir='ltr'>prava</span> <span class='ocrx_word' id='word_1_460' title='bbox 2631 1342 2779 1401; x_wconf 90' lang='lat' dir='ltr'>sunt,</span> <span class='ocrx_word' id='word_1_461' title='bbox 2818 1353 2946 1407; x_wconf 73' lang='lat' dir='ltr'>quae</span> <span class='ocrx_word' id='word_1_462' title='bbox 2975 1337 3366 1391; x_wconf 87' lang='lat' dir='ltr'>sacratissimis</span> <span class='ocrx_word' id='word_1_463' title='bbox 3409 1336 3724 1390; x_wconf 90' lang='lat' dir='ltr'>canonibus</span> <span class='ocrx_word' id='word_1_464' title='bbox 3757 1337 3891 1390; x_wconf 75' lang='lat' dir='ltr'>inve-</span> 
     </span>
    </p>
   </div>
   <div class='ocr_carea' id='block_1_72' title="bbox 2224 1424 3003 1479">
    <p class='ocr_par' dir='ltr' id='par_1_72' title="bbox 2224 1424 3003 1479">
     <span class='ocr_line' id='line_1_72' title="bbox 2224 1424 3003 1479; baseline 0.001 -2"><span class='ocrx_word' id='word_1_465' title='bbox 2224 1424 2465 1479; x_wconf 90' lang='lat' dir='ltr'>niuntur</span> <span class='ocrx_word' id='word_1_466' title='bbox 2492 1442 2612 1479; x_wconf 88' lang='lat' dir='ltr'>esse</span> <span class='ocrx_word' id='word_1_467' title='bbox 2638 1426 2941 1479; x_wconf 89' lang='lat' dir='ltr'>contraria.</span> <span class='ocrx_word' id='word_1_468' title='bbox 2980 1443 3003 1478; x_wconf 70' lang='grc' dir='ltr'>ι</span> 
     </span>
    </p>
   </div>
   <div class='ocr_carea' id='block_1_73' title="bbox 2898 1558 3242 1613">
    <p class='ocr_par' dir='ltr' id='par_1_73' title="bbox 2898 1558 3242 1613">
     <span class='ocr_line' id='line_1_73' title="bbox 2898 1558 3242 1613; baseline -0.006 0"><span class='ocrx_word' id='word_1_469' title='bbox 2898 1558 3023 1613; x_wconf 79' lang='lat' dir='ltr'><strong>CAP.</strong></span> <span class='ocrx_word' id='word_1_470' title='bbox 3066 1558 3242 1613; x_wconf 91' lang='lat' dir='ltr'><strong>CCVI.</strong></span> 
     </span>
    </p>
   </div>
   <div class='ocr_carea' id='block_1_74' title="bbox 2295 1672 3895 1744">
    <p class='ocr_par' dir='ltr' id='par_1_74' title="bbox 2295 1672 3895 1744">
     <span class='ocr_line' id='line_1_74' title="bbox 2295 1672 3895 1744; baseline 0.001 -18"><span class='ocrx_word' id='word_1_471' title='bbox 2295 1674 2435 1727; x_wconf 88' lang='lat' dir='ltr'>Item</span> <span class='ocrx_word' id='word_1_472' title='bbox 2470 1674 2578 1727; x_wconf 88' lang='lat' dir='ltr'>Leo</span> <span class='ocrx_word' id='word_1_473' title='bbox 2609 1672 2832 1743; x_wconf 89' lang='lat' dir='ltr'>papain</span> <span class='ocrx_word' id='word_1_474' title='bbox 2857 1674 3056 1727; x_wconf 89' lang='lat' dir='ltr'>eadem</span> <span class='ocrx_word' id='word_1_475' title='bbox 3086 1673 3322 1744; x_wconf 86' lang='lat' dir='ltr'>epistola</span> <span class='ocrx_word' id='word_1_476' title='bbox 3346 1678 3474 1743; x_wconf 91' lang='lat' dir='ltr'>post</span> <span class='ocrx_word' id='word_1_477' title='bbox 3499 1689 3683 1744; x_wconf 86' lang='lat' dir='ltr'>pauca</span> <span class='ocrx_word' id='word_1_478' title='bbox 3714 1690 3727 1727; x_wconf 88' lang='lat'>:</span> <span class='ocrx_word' id='word_1_479' title='bbox 3762 1694 3787 1721; x_wconf 74' lang='grc' dir='ltr'>ιι</span> <span class='ocrx_word' id='word_1_480' title='bbox 3808 1674 3895 1727; x_wconf 85' lang='lat' dir='ltr'>Fa-</span> 
     </span>
    </p>
   </div>
   <div class='ocr_carea' id='block_1_75' title="bbox 2225 1761 3897 1816">
    <p class='ocr_par' dir='ltr' id='par_1_75' title="bbox 2225 1761 3897 1816">
     <span class='ocr_line' id='line_1_75' title="bbox 2225 1761 3897 1816; baseline -0.001 0"><span class='ocrx_word' id='word_1_481' title='bbox 2225 1765 2351 1816; x_wconf 90' lang='lat' dir='ltr'>teor</span> <span class='ocrx_word' id='word_1_482' title='bbox 2394 1761 2549 1816; x_wconf 90' lang='lat' dir='ltr'>enim</span> <span class='ocrx_word' id='word_1_483' title='bbox 2598 1762 2704 1815; x_wconf 89' lang='lat' dir='ltr'>ista</span> <span class='ocrx_word' id='word_1_484' title='bbox 2754 1778 2844 1816; x_wconf 91' lang='lat' dir='ltr'>me</span> <span class='ocrx_word' id='word_1_485' title='bbox 2890 1762 3193 1816; x_wconf 80' lang='lat' dir='ltr'>dilectione</span> <span class='ocrx_word' id='word_1_486' title='bbox 3230 1763 3508 1816; x_wconf 69' lang='lat' dir='ltr'>universa:</span> <span class='ocrx_word' id='word_1_487' title='bbox 3548 1762 3897 1816; x_wconf 86' lang='lat' dir='ltr'>fraternitatis</span> 
     </span>
    </p>
   </div>
   <div class='ocr_carea' id='block_1_76' title="bbox 2225 1850 3898 1921">
    <p class='ocr_par' dir='ltr' id='par_1_76' title="bbox 2225 1850 3898 1921">
     <span class='ocr_line' id='line_1_76' title="bbox 2225 1850 3898 1921; baseline -0.001 -17"><span class='ocrx_word' id='word_1_488' title='bbox 2225 1850 2528 1921; x_wconf 89' lang='lat' dir='ltr'>obstringi,</span> <span class='ocrx_word' id='word_1_489' title='bbox 2575 1856 2636 1905; x_wconf 87' lang='lat' dir='ltr'>ut</span> <span class='ocrx_word' id='word_1_490' title='bbox 2672 1850 2890 1905; x_wconf 90' lang='lat' dir='ltr'>nemini</span> <span class='ocrx_word' id='word_1_491' title='bbox 2935 1867 3167 1921; x_wconf 89' lang='lat' dir='ltr'>prorsus</span> <span class='ocrx_word' id='word_1_492' title='bbox 3211 1852 3270 1905; x_wconf 92' lang='lat' dir='ltr'>in</span> <span class='ocrx_word' id='word_1_493' title='bbox 3309 1851 3397 1904; x_wconf 89' lang='lat' dir='ltr'>his</span> <span class='ocrx_word' id='word_1_494' title='bbox 3443 1867 3571 1921; x_wconf 71' lang='lat' dir='ltr'>quae</span> <span class='ocrx_word' id='word_1_495' title='bbox 3624 1857 3818 1905; x_wconf 86' lang='lat' dir='ltr'>contra</span> <span class='ocrx_word' id='word_1_496' title='bbox 3851 1867 3898 1903; x_wconf 85' lang='lat' dir='ltr'>se</span> 
     </span>
    </p>
   </div>
   <div class='ocr_carea' id='block_1_77' title="bbox 2225 1939 3899 2010">
    <p class='ocr_par' dir='ltr' id='par_1_77' title="bbox 2225 1939 3899 2010">
     <span class='ocr_line' id='line_1_77' title="bbox 2225 1939 3899 2010; baseline 0.001 -17"><span class='ocrx_word' id='word_1_497' title='bbox 2225 1940 2430 2010; x_wconf 89' lang='lat' dir='ltr'>posuit,</span> <span class='ocrx_word' id='word_1_498' title='bbox 2464 1940 2790 2007; x_wconf 79' lang='lat' dir='ltr'>essentiam,</span> <span class='ocrx_word' id='word_1_499' title='bbox 2821 1962 2850 1988; x_wconf 84' lang='grc'><strong>››</strong></span> <span class='ocrx_word' id='word_1_500' title='bbox 2895 1945 3027 2007; x_wconf 87' lang='lat' dir='ltr'>etc.,</span> <span class='ocrx_word' id='word_1_501' title='bbox 3067 1956 3235 2007; x_wconf 85' lang='lat' dir='ltr'>usque</span> <span class='ocrx_word' id='word_1_502' title='bbox 3274 1940 3349 1994; x_wconf 85' lang='lat' dir='ltr'>ad</span> <span class='ocrx_word' id='word_1_503' title='bbox 3380 1940 3718 1994; x_wconf 84' lang='lat' dir='ltr'>universalis</span> <span class='ocrx_word' id='word_1_504' title='bbox 3745 1939 3899 1994; x_wconf 86' lang='lat' dir='ltr'>Eccle-</span> 
     </span>
    </p>
   </div>
   <div class='ocr_carea' id='block_1_78' title="bbox 2225 2028 2786 2098">
    <p class='ocr_par' dir='ltr' id='par_1_78' title="bbox 2225 2028 2786 2098">
     <span class='ocr_line' id='line_1_78' title="bbox 2225 2028 2786 2098; baseline -0.002 -17"><span class='ocrx_word' id='word_1_505' title='bbox 2225 2029 2324 2082; x_wconf 65' lang='lat' dir='ltr'>sia:</span> <span class='ocrx_word' id='word_1_506' title='bbox 2355 2044 2491 2098; x_wconf 90' lang='lat' dir='ltr'>pace</span> <span class='ocrx_word' id='word_1_507' title='bbox 2512 2028 2786 2097; x_wconf 90' lang='lat' dir='ltr'>privabis.</span> 
     </span>
    </p>
   </div>
   <div class='ocr_carea' id='block_1_79' title="bbox 2890 2134 3253 2189">
    <p class='ocr_par' dir='ltr' id='par_1_79' title="bbox 2890 2134 3253 2189">
     <span class='ocr_line' id='line_1_79' title="bbox 2890 2134 3253 2189; baseline -0.003 -1"><span class='ocrx_word' id='word_1_508' title='bbox 2890 2134 3018 2188; x_wconf 77' lang='lat' dir='ltr'><strong>CAP.</strong></span> <span class='ocrx_word' id='word_1_509' title='bbox 3053 2134 3253 2189; x_wconf 89' lang='lat' dir='ltr'><strong>CCVII.</strong></span> 
     </span>
    </p>
   </div>
   <div class='ocr_carea' id='block_1_80' title="bbox 2296 2249 3895 2304">
    <p class='ocr_par' dir='ltr' id='par_1_80' title="bbox 2296 2249 3895 2304">
     <span class='ocr_line' id='line_1_80' title="bbox 2296 2249 3895 2304; baseline 0 -1"><span class='ocrx_word' id='word_1_510' title='bbox 2296 2251 2437 2304; x_wconf 90' lang='lat' dir='ltr'>Item</span> <span class='ocrx_word' id='word_1_511' title='bbox 2467 2250 2528 2303; x_wconf 92' lang='lat' dir='ltr'>in</span> <span class='ocrx_word' id='word_1_512' title='bbox 2558 2249 2798 2303; x_wconf 84' lang='lat' dir='ltr'>concilio</span> <span class='ocrx_word' id='word_1_513' title='bbox 2827 2249 3278 2304; x_wconf 89' lang='lat' dir='ltr'>Chalcedonensi</span> <span class='ocrx_word' id='word_1_514' title='bbox 3328 2255 3811 2304; x_wconf 87' lang='lat' dir='ltr'>commemoratur</span> <span class='ocrx_word' id='word_1_515' title='bbox 3833 2250 3895 2303; x_wconf 90' lang='lat' dir='ltr'>sic</span> 
     </span>
    </p>
   </div>
   <div class='ocr_carea' id='block_1_81' title="bbox 2225 2337 3897 2409">
    <p class='ocr_par' dir='ltr' id='par_1_81' title="bbox 2225 2337 3897 2409">
     <span class='ocr_line' id='line_1_81' title="bbox 2225 2337 3897 2409; baseline 0 -17"><span class='ocrx_word' id='word_1_516' title='bbox 2225 2338 2533 2392; x_wconf 88' lang='lat' dir='ltr'>auctoritas</span> <span class='ocrx_word' id='word_1_517' title='bbox 2581 2337 2785 2409; x_wconf 64' lang='lat' dir='ltr'>primae</span> <span class='ocrx_word' id='word_1_518' title='bbox 2820 2338 2970 2392; x_wconf 90' lang='lat' dir='ltr'>sedis</span> <span class='ocrx_word' id='word_1_519' title='bbox 3000 2355 3011 2391; x_wconf 91' lang='lat'><strong>:</strong></span> <span class='ocrx_word' id='word_1_520' title='bbox 3044 2359 3071 2387; x_wconf 80' lang='grc' dir='ltr'><strong>(ι</strong></span> <span class='ocrx_word' id='word_1_521' title='bbox 3103 2348 3127 2372; x_wconf 71' lang='grc' dir='ltr'><strong>δ</strong></span> <span class='ocrx_word' id='word_1_522' title='bbox 3161 2339 3270 2392; x_wconf 82' lang='lat' dir='ltr'>Nos</span> <span class='ocrx_word' id='word_1_523' title='bbox 3306 2355 3442 2409; x_wconf 91' lang='lat' dir='ltr'>ergo</span> <span class='ocrx_word' id='word_1_524' title='bbox 3493 2339 3897 2409; x_wconf 88' lang='lat' dir='ltr'>Scripturarum</span> 
     </span>
    </p>
   </div>
   <div class='ocr_carea' id='block_1_82' title="bbox 2224 2426 3895 2491">
    <p class='ocr_par' dir='ltr' id='par_1_82' title="bbox 2224 2426 3895 2491">
     <span class='ocr_line' id='line_1_82' title="bbox 2224 2426 3895 2491; baseline -0.002 -10"><span class='ocrx_word' id='word_1_525' title='bbox 2224 2428 2546 2482; x_wconf 89' lang='lat' dir='ltr'>divinarum</span> <span class='ocrx_word' id='word_1_526' title='bbox 2606 2426 3028 2480; x_wconf 89' lang='lat' dir='ltr'>attestationem</span> <span class='ocrx_word' id='word_1_527' title='bbox 3084 2426 3405 2480; x_wconf 77' lang='lat' dir='ltr'>evidentius</span> <span class='ocrx_word' id='word_1_528' title='bbox 3466 2427 3895 2491; x_wconf 82' lang='lat' dir='ltr'>manifestantes,</span> 
     </span>
    </p>
   </div>
   <div class='ocr_carea' id='block_1_83' title="bbox 2224 2515 3897 2587">
    <p class='ocr_par' dir='ltr' id='par_1_83' title="bbox 2224 2515 3897 2587">
     <span class='ocr_line' id='line_1_83' title="bbox 2224 2515 3897 2587; baseline -0.001 -18"><span class='ocrx_word' id='word_1_529' title='bbox 2224 2521 2456 2587; x_wconf 89' lang='lat' dir='ltr'>propter</span> <span class='ocrx_word' id='word_1_530' title='bbox 2486 2516 2590 2570; x_wconf 89' lang='lat' dir='ltr'>hos</span> <span class='ocrx_word' id='word_1_531' title='bbox 2632 2515 2730 2586; x_wconf 90' lang='lat' dir='ltr'>qui</span> <span class='ocrx_word' id='word_1_532' title='bbox 2774 2515 3106 2569; x_wconf 76' lang='lat' dir='ltr'>substantiae</span> <span class='ocrx_word' id='word_1_533' title='bbox 3148 2522 3430 2569; x_wconf 89' lang='lat' dir='ltr'>secretum</span> <span class='ocrx_word' id='word_1_534' title='bbox 3473 2522 3727 2570; x_wconf 89' lang='lat' dir='ltr'>evertere</span> <span class='ocrx_word' id='word_1_535' title='bbox 3763 2516 3897 2568; x_wconf 84' lang='lat' dir='ltr'>inse-</span> 
     </span>
    </p>
   </div>
   <div class='ocr_carea' id='block_1_84' title="bbox 2221 2603 3897 2670">
    <p class='ocr_par' dir='ltr' id='par_1_84' title="bbox 2221 2603 3897 2670">
     <span class='ocr_line' id='line_1_84' title="bbox 2221 2603 3897 2670; baseline -0.003 -11"><span class='ocrx_word' id='word_1_536' title='bbox 2221 2605 2540 2669; x_wconf 75' lang='lat' dir='ltr'>ctabantur,</span> <span class='ocrx_word' id='word_1_537' title='bbox 2585 2605 2856 2670; x_wconf 86' lang='lat' dir='ltr'>dicentes,</span> <span class='ocrx_word' id='word_1_538' title='bbox 2899 2605 3194 2657; x_wconf 84' lang='lat' dir='ltr'>hominem</span> <span class='ocrx_word' id='word_1_539' title='bbox 3258 2604 3378 2657; x_wconf 89' lang='lat' dir='ltr'>sine</span> <span class='ocrx_word' id='word_1_540' title='bbox 3410 2604 3703 2657; x_wconf 88' lang='lat' dir='ltr'>divinitate</span> <span class='ocrx_word' id='word_1_541' title='bbox 3743 2603 3897 2656; x_wconf 82' lang='lat' dir='ltr'>fuisse</span> 
     </span>
    </p>
   </div>
   <div class='ocr_carea' id='block_1_85' title="bbox 2223 2692 3899 2762">
    <p class='ocr_par' dir='ltr' id='par_1_85' title="bbox 2223 2692 3899 2762">
     <span class='ocr_line' id='line_1_85' title="bbox 2223 2692 3899 2762; baseline -0.002 -16"><span class='ocrx_word' id='word_1_542' title='bbox 2223 2698 2497 2758; x_wconf 90' lang='lat' dir='ltr'>creatum,</span> <span class='ocrx_word' id='word_1_543' title='bbox 2558 2709 2623 2745; x_wconf 81' lang='lat' dir='ltr'>ex</span> <span class='ocrx_word' id='word_1_544' title='bbox 2669 2692 2980 2745; x_wconf 86' lang='lat' dir='ltr'>venerabili</span> <span class='ocrx_word' id='word_1_545' title='bbox 3036 2692 3254 2760; x_wconf 85' lang='lat' dir='ltr'>virgine</span> <span class='ocrx_word' id='word_1_546' title='bbox 3311 2692 3483 2746; x_wconf 83' lang='lat' dir='ltr'>Maria</span> <span class='ocrx_word' id='word_1_547' title='bbox 3554 2693 3899 2762; x_wconf 86' lang='lat' dir='ltr'>impudenter</span> 
     </span>
    </p>
   </div>
   <div class='ocr_carea' id='block_1_86' title="bbox 2224 2780 3898 2852">
    <p class='ocr_par' dir='ltr' id='par_1_86' title="bbox 2224 2780 3898 2852">
     <span class='ocr_line' id='line_1_86' title="bbox 2224 2780 3898 2852; baseline -0.001 -19"><span class='ocrx_word' id='word_1_548' title='bbox 2224 2788 2280 2835; x_wconf 91' lang='lat' dir='ltr'>et</span> <span class='ocrx_word' id='word_1_549' title='bbox 2320 2781 2649 2849; x_wconf 85' lang='lat' dir='ltr'>vulgariter,</span> <span class='ocrx_word' id='word_1_550' title='bbox 2696 2786 2891 2834; x_wconf 90' lang='lat' dir='ltr'>contra</span> <span class='ocrx_word' id='word_1_551' title='bbox 2932 2781 3274 2834; x_wconf 86' lang='lat' dir='ltr'>venerabilis</span> <span class='ocrx_word' id='word_1_552' title='bbox 3326 2782 3621 2852; x_wconf 89' lang='lat' dir='ltr'>quondam</span> <span class='ocrx_word' id='word_1_553' title='bbox 3670 2780 3898 2851; x_wconf 83' lang='lat' dir='ltr'>episcopi</span> 
     </span>
    </p>
   </div>
   <div class='ocr_carea' id='block_1_87' title="bbox 2228 2867 3899 2941">
    <p class='ocr_par' dir='ltr' id='par_1_87' title="bbox 2228 2867 3899 2941">
     <span class='ocr_line' id='line_1_87' title="bbox 2228 2867 3899 2941; baseline -0.005 -16"><span class='ocrx_word' id='word_1_554' title='bbox 2228 2871 2420 2941; x_wconf 83' lang='lat' dir='ltr'>Cyrilli</span> <span class='ocrx_word' id='word_1_555' title='bbox 2453 2870 2849 2923; x_wconf 74' lang='lat' dir='ltr'>Alexandrinae</span> <span class='ocrx_word' id='word_1_556' title='bbox 2884 2870 3142 2923; x_wconf 83' lang='lat' dir='ltr'>Ecclesiae</span> <span class='ocrx_word' id='word_1_557' title='bbox 3176 2870 3412 2935; x_wconf 83' lang='lat' dir='ltr'>litteras,</span> <span class='ocrx_word' id='word_1_558' title='bbox 3434 2876 3490 2921; x_wconf 91' lang='lat' dir='ltr'>et</span> <span class='ocrx_word' id='word_1_559' title='bbox 3524 2869 3696 2922; x_wconf 89' lang='lat' dir='ltr'>totius</span> <span class='ocrx_word' id='word_1_560' title='bbox 3724 2867 3899 2921; x_wconf 89' lang='lat' dir='ltr'>Orien-</span> 
     </span>
    </p>
   </div>
   <div class='ocr_carea' id='block_1_88' title="bbox 2342 2956 3895 3027">
    <p class='ocr_par' dir='ltr' id='par_1_88' title="bbox 2342 2956 3895 3027">
     <span class='ocr_line' id='line_1_88' title="bbox 2342 2956 3895 3027; baseline -0.005 -14"><span class='ocrx_word' id='word_1_561' title='bbox 2342 2975 2591 3025; x_wconf 79' lang='lat' dir='ltr'>congrua</span> <span class='ocrx_word' id='word_1_562' title='bbox 2630 2958 2843 3027; x_wconf 91' lang='lat' dir='ltr'>scripta</span> <span class='ocrx_word' id='word_1_563' title='bbox 2888 2958 3157 3010; x_wconf 88' lang='lat' dir='ltr'>adversus</span> <span class='ocrx_word' id='word_1_564' title='bbox 3205 2957 3446 3011; x_wconf 89' lang='lat' dir='ltr'>Nestorii</span> <span class='ocrx_word' id='word_1_565' title='bbox 3485 2957 3809 3019; x_wconf 89' lang='lat' dir='ltr'>amentiam,</span> <span class='ocrx_word' id='word_1_566' title='bbox 3848 2956 3895 3007; x_wconf 89' lang='lat' dir='ltr'>in</span> 
     </span>
    </p>
   </div>
   <div class='ocr_carea' id='block_1_89' title="bbox 2225 3044 3894 3118">
    <p class='ocr_par' dir='ltr' id='par_1_89' title="bbox 2225 3044 3894 3118">
     <span class='ocr_line' id='line_1_89' title="bbox 2225 3044 3894 3118; baseline -0.004 -17"><span class='ocrx_word' id='word_1_567' title='bbox 2225 3048 2435 3118; x_wconf 88' lang='lat' dir='ltr'>quibus</span> <span class='ocrx_word' id='word_1_568' title='bbox 2504 3047 2809 3100; x_wconf 86' lang='lat' dir='ltr'>manifesta</span> <span class='ocrx_word' id='word_1_569' title='bbox 2874 3046 3164 3115; x_wconf 83' lang='lat' dir='ltr'>expressio</span> <span class='ocrx_word' id='word_1_570' title='bbox 3227 3046 3365 3099; x_wconf 89' lang='lat' dir='ltr'>certi</span> <span class='ocrx_word' id='word_1_571' title='bbox 3420 3051 3595 3116; x_wconf 88' lang='lat' dir='ltr'>atque</span> <span class='ocrx_word' id='word_1_572' title='bbox 3657 3044 3894 3098; x_wconf 88' lang='lat' dir='ltr'>salutaris</span> 
     </span>
    </p>
   </div>
   <div class='ocr_carea' id='block_1_90' title="bbox 2225 3130 3893 3207">
    <p class='ocr_par' dir='ltr' id='par_1_90' title="bbox 2225 3130 3893 3207">
     <span class='ocr_line' id='line_1_90' title="bbox 2225 3130 3893 3207; baseline -0.005 -16"><span class='ocrx_word' id='word_1_573' title='bbox 2225 3136 2477 3207; x_wconf 78' lang='lat' dir='ltr'>Symboli</span> <span class='ocrx_word' id='word_1_574' title='bbox 2523 3135 2999 3200; x_wconf 88' lang='lat' dir='ltr'>desiderantibus,</span> <span class='ocrx_word' id='word_1_575' title='bbox 3046 3134 3458 3203; x_wconf 81' lang='lat' dir='ltr'>epistulamque</span> <span class='ocrx_word' id='word_1_576' title='bbox 3506 3130 3893 3204; x_wconf 86' lang='lat' dir='ltr'>archiepiscopi</span> 
     </span>
    </p>
   </div>
   <div class='ocr_carea' id='block_1_91' title="bbox 2227 3220 3893 3294">
    <p class='ocr_par' dir='ltr' id='par_1_91' title="bbox 2227 3220 3893 3294">
     <span class='ocr_line' id='line_1_91' title="bbox 2227 3220 3893 3294; baseline -0.003 -16"><span class='ocrx_word' id='word_1_577' title='bbox 2227 3224 2429 3279; x_wconf 88' lang='lat' dir='ltr'>Leonis</span> <span class='ocrx_word' id='word_1_578' title='bbox 2469 3224 2671 3294; x_wconf 67' lang='lat' dir='ltr'>prima:</span> <span class='ocrx_word' id='word_1_579' title='bbox 2712 3223 2880 3288; x_wconf 91' lang='lat' dir='ltr'>sedis,</span> <span class='ocrx_word' id='word_1_580' title='bbox 2924 3240 3050 3293; x_wconf 68' lang='lat' dir='ltr'>qua:</span> <span class='ocrx_word' id='word_1_581' title='bbox 3083 3222 3365 3276; x_wconf 88' lang='lat' dir='ltr'>destinata</span> <span class='ocrx_word' id='word_1_582' title='bbox 3411 3228 3467 3274; x_wconf 91' lang='lat' dir='ltr'>et</span> <span class='ocrx_word' id='word_1_583' title='bbox 3499 3222 3712 3275; x_wconf 88' lang='lat' dir='ltr'>directa</span> <span class='ocrx_word' id='word_1_584' title='bbox 3752 3220 3893 3274; x_wconf 81' lang='lat' dir='ltr'>vide-</span> 
     </span>
    </p>
   </div>
   <div class='ocr_carea' id='block_1_92' title="bbox 2224 3309 3889 3373">
    <p class='ocr_par' dir='ltr' id='par_1_92' title="bbox 2224 3309 3889 3373">
     <span class='ocr_line' id='line_1_92' title="bbox 2224 3309 3889 3373; baseline -0.003 -8"><span class='ocrx_word' id='word_1_585' title='bbox 2224 3311 2395 3365; x_wconf 89' lang='lat' dir='ltr'>batur</span> <span class='ocrx_word' id='word_1_586' title='bbox 2428 3312 2499 3365; x_wconf 91' lang='lat' dir='ltr'>ad</span> <span class='ocrx_word' id='word_1_587' title='bbox 2540 3310 2926 3365; x_wconf 81' lang='lat' dir='ltr'>venerabilem</span> <span class='ocrx_word' id='word_1_588' title='bbox 2971 3316 3180 3363; x_wconf 70' lang='lat' dir='ltr'>sancta:</span> <span class='ocrx_word' id='word_1_589' title='bbox 3222 3309 3515 3363; x_wconf 71' lang='lat' dir='ltr'>memoria:</span> <span class='ocrx_word' id='word_1_590' title='bbox 3567 3310 3889 3373; x_wconf 86' lang='lat' dir='ltr'>Flavianum,</span> 
     </span>
    </p>
   </div>
   <div class='ocr_carea' id='block_1_93' title="bbox 2224 3397 3891 3469">
    <p class='ocr_par' dir='ltr' id='par_1_93' title="bbox 2224 3397 3891 3469">
     <span class='ocr_line' id='line_1_93' title="bbox 2224 3397 3891 3469; baseline -0.004 -17"><span class='ocrx_word' id='word_1_591' title='bbox 2224 3400 2294 3452; x_wconf 90' lang='lat' dir='ltr'>ad</span> <span class='ocrx_word' id='word_1_592' title='bbox 2322 3397 2798 3469; x_wconf 88' lang='lat' dir='ltr'>intercipiendam</span> <span class='ocrx_word' id='word_1_593' title='bbox 2848 3398 3112 3468; x_wconf 86' lang='lat' dir='ltr'>Eutycbis</span> <span class='ocrx_word' id='word_1_594' title='bbox 3144 3398 3566 3468; x_wconf 86' lang='lat' dir='ltr'>malignitatem</span> <span class='ocrx_word' id='word_1_595' title='bbox 3594 3415 3606 3464; x_wconf 92' lang='lat'><strong>;</strong></span> <span class='ocrx_word' id='word_1_596' title='bbox 3660 3398 3891 3468; x_wconf 84' lang='lat' dir='ltr'>quamvis</span> 
     </span>
    </p>
   </div>
   <div class='ocr_carea' id='block_1_94' title="bbox 2224 3486 3891 3554">
    <p class='ocr_par' dir='ltr' id='par_1_94' title="bbox 2224 3486 3891 3554">
     <span class='ocr_line' id='line_1_94' title="bbox 2224 3486 3891 3554; baseline -0.002 -15"><span class='ocrx_word' id='word_1_597' title='bbox 2224 3488 2401 3540; x_wconf 90' lang='lat' dir='ltr'>sancti</span> <span class='ocrx_word' id='word_1_598' title='bbox 2446 3488 2592 3541; x_wconf 89' lang='lat' dir='ltr'>Petri</span> <span class='ocrx_word' id='word_1_599' title='bbox 2637 3488 2991 3541; x_wconf 87' lang='lat' dir='ltr'>confessione</span> <span class='ocrx_word' id='word_1_600' title='bbox 3044 3486 3205 3541; x_wconf 89' lang='lat' dir='ltr'>nobis</span> <span class='ocrx_word' id='word_1_601' title='bbox 3253 3487 3651 3554; x_wconf 78' lang='lat' dir='ltr'>concordante,</span> <span class='ocrx_word' id='word_1_602' title='bbox 3702 3491 3754 3538; x_wconf 88' lang='lat' dir='ltr'>et</span> <span class='ocrx_word' id='word_1_603' title='bbox 3793 3500 3891 3537; x_wconf 89' lang='lat' dir='ltr'>una</span> 
     </span>
    </p>
   </div>
   <div class='ocr_carea' id='block_1_95' title="bbox 2224 3574 3889 3646">
    <p class='ocr_par' dir='ltr' id='par_1_95' title="bbox 2224 3574 3889 3646">
     <span class='ocr_line' id='line_1_95' title="bbox 2224 3574 3889 3646; baseline -0.003 -18"><span class='ocrx_word' id='word_1_604' title='bbox 2224 3580 2394 3645; x_wconf 88' lang='lat' dir='ltr'>atque</span> <span class='ocrx_word' id='word_1_605' title='bbox 2427 3576 2628 3629; x_wconf 90' lang='lat' dir='ltr'>similis</span> <span class='ocrx_word' id='word_1_606' title='bbox 2658 3577 2867 3646; x_wconf 88' lang='lat' dir='ltr'>pagina</span> <span class='ocrx_word' id='word_1_607' title='bbox 2897 3575 3014 3627; x_wconf 89' lang='lat' dir='ltr'>visa</span> <span class='ocrx_word' id='word_1_608' title='bbox 3046 3582 3149 3641; x_wconf 90' lang='lat' dir='ltr'>est,</span> <span class='ocrx_word' id='word_1_609' title='bbox 3187 3575 3452 3627; x_wconf 78' lang='lat' dir='ltr'>adversus</span> <span class='ocrx_word' id='word_1_610' title='bbox 3479 3574 3889 3629; x_wconf 86' lang='lat' dir='ltr'>obtrectantium</span> 
     </span>
    </p>
   </div>
   <div class='ocr_carea' id='block_1_96' title="bbox 2225 3663 3886 3733">
    <p class='ocr_par' dir='ltr' id='par_1_96' title="bbox 2225 3663 3886 3733">
     <span class='ocr_line' id='line_1_96' title="bbox 2225 3663 3886 3733; baseline -0.002 -18"><span class='ocrx_word' id='word_1_611' title='bbox 2225 3663 2519 3717; x_wconf 86' lang='lat' dir='ltr'>audaciam</span> <span class='ocrx_word' id='word_1_612' title='bbox 2577 3663 2869 3717; x_wconf 90' lang='lat' dir='ltr'>evidenter</span> <span class='ocrx_word' id='word_1_613' title='bbox 2914 3664 3150 3716; x_wconf 85' lang='lat' dir='ltr'>educere</span> <span class='ocrx_word' id='word_1_614' title='bbox 3205 3663 3471 3716; x_wconf 86' lang='lat' dir='ltr'>convenit</span> <span class='ocrx_word' id='word_1_615' title='bbox 3525 3664 3886 3733; x_wconf 87' lang='lat' dir='ltr'>integritatem</span> 
     </span>
    </p>
   </div>
   <div class='ocr_carea' id='block_1_97' title="bbox 2223 3752 2815 3807">
    <p class='ocr_par' dir='ltr' id='par_1_97' title="bbox 2223 3752 2815 3807">
     <span class='ocr_line' id='line_1_97' title="bbox 2223 3752 2815 3807; baseline 0.003 -2"><span class='ocrx_word' id='word_1_616' title='bbox 2223 3752 2356 3806; x_wconf 88' lang='lat' dir='ltr'>ﬁdei</span> <span class='ocrx_word' id='word_1_617' title='bbox 2381 3752 2763 3807; x_wconf 87' lang='lat' dir='ltr'>credentibus.</span> <span class='ocrx_word' id='word_1_618' title='bbox 2794 3775 2815 3800; x_wconf 68' lang='grc' dir='ltr'>ι</span> 
     </span>
    </p>
   </div>
   <div class='ocr_carea' id='block_1_98' title="bbox 2870 3865 3262 3922">
    <p class='ocr_par' dir='ltr' id='par_1_98' title="bbox 2870 3865 3262 3922">
     <span class='ocr_line' id='line_1_98' title="bbox 2870 3865 3262 3922; baseline -0.005 0"><span class='ocrx_word' id='word_1_619' title='bbox 2870 3866 2999 3922; x_wconf 79' lang='lat' dir='ltr'><strong>CAP.</strong></span> <span class='ocrx_word' id='word_1_620' title='bbox 3033 3865 3262 3922; x_wconf 87' lang='lat' dir='ltr'><strong>CCVIII.</strong></span> 
     </span>
    </p>
   </div>
   <div class='ocr_carea' id='block_1_99' title="bbox 2296 4004 3889 4079">
    <p class='ocr_par' dir='ltr' id='par_1_99' title="bbox 2296 4004 3889 4079">
     <span class='ocr_line' id='line_1_99' title="bbox 2296 4004 3889 4079; baseline -0.003 -17"><span class='ocrx_word' id='word_1_621' title='bbox 2296 4009 2404 4062; x_wconf 91' lang='lat' dir='ltr'>Leo</span> <span class='ocrx_word' id='word_1_622' title='bbox 2458 4025 2603 4078; x_wconf 88' lang='lat' dir='ltr'>papa</span> <span class='ocrx_word' id='word_1_623' title='bbox 2661 4008 2720 4061; x_wconf 91' lang='lat' dir='ltr'>in</span> <span class='ocrx_word' id='word_1_624' title='bbox 2769 4007 3008 4079; x_wconf 90' lang='lat' dir='ltr'>epistola</span> <span class='ocrx_word' id='word_1_625' title='bbox 3058 4025 3185 4078; x_wconf 67' lang='lat' dir='ltr'>qua:</span> <span class='ocrx_word' id='word_1_626' title='bbox 3232 4012 3440 4062; x_wconf 68' lang='lat' dir='ltr'>sanctae</span> <span class='ocrx_word' id='word_1_627' title='bbox 3500 4008 3718 4078; x_wconf 80' lang='lat' dir='ltr'>synodo</span> <span class='ocrx_word' id='word_1_628' title='bbox 3767 4004 3889 4076; x_wconf 87' lang='lat' dir='ltr'>apud</span> 
     </span>
    </p>
   </div>
   <div class='ocr_carea' id='block_1_100' title="bbox 2225 4096 3887 4163">
    <p class='ocr_par' dir='ltr' id='par_1_100' title="bbox 2225 4096 3887 4163">
     <span class='ocr_line' id='line_1_100' title="bbox 2225 4096 3887 4163; baseline -0.004 -12"><span class='ocrx_word' id='word_1_629' title='bbox 2225 4097 2638 4151; x_wconf 78' lang='lat' dir='ltr'>Chalcedonam</span> <span class='ocrx_word' id='word_1_630' title='bbox 2694 4097 2917 4160; x_wconf 86' lang='lat' dir='ltr'>direxit,</span> <span class='ocrx_word' id='word_1_631' title='bbox 2968 4097 3133 4150; x_wconf 82' lang='lat' dir='ltr'>’inter</span> <span class='ocrx_word' id='word_1_632' title='bbox 3190 4102 3394 4150; x_wconf 64' lang='lat' dir='ltr'>caetera</span> <span class='ocrx_word' id='word_1_633' title='bbox 3451 4097 3531 4149; x_wconf 89' lang='lat' dir='ltr'>sic</span> <span class='ocrx_word' id='word_1_634' title='bbox 3594 4096 3781 4150; x_wconf 89' lang='lat' dir='ltr'>scribit</span> <span class='ocrx_word' id='word_1_635' title='bbox 3830 4096 3887 4163; x_wconf 69' lang='lat' dir='ltr'>{in</span> 
     </span>
    </p>
   </div>
   <div class='ocr_carea' id='block_1_101' title="bbox 2224 4186 3887 4256">
    <p class='ocr_par' dir='ltr' id='par_1_101' title="bbox 2224 4186 3887 4256">
     <span class='ocr_line' id='line_1_101' title="bbox 2224 4186 3887 4256; baseline -0.004 -16"><span class='ocrx_word' id='word_1_636' title='bbox 2224 4188 2409 4240; x_wconf 82' lang='lat' dir='ltr'>coucil.</span> <span class='ocrx_word' id='word_1_637' title='bbox 2472 4187 2743 4253; x_wconf 82' lang='lat' dir='ltr'>Chalccd.,</span> <span class='ocrx_word' id='word_1_638' title='bbox 2800 4204 2854 4256; x_wconf 92' lang='lat' dir='ltr'>p.</span> <span class='ocrx_word' id='word_1_639' title='bbox 2899 4203 2978 4251; x_wconf 86' lang='grc' dir='ltr'><strong>ιιι,</strong></span> <span class='ocrx_word' id='word_1_640' title='bbox 3041 4190 3153 4240; x_wconf 84' lang='lat' dir='ltr'>sive</span> <span class='ocrx_word' id='word_1_641' title='bbox 3211 4189 3367 4255; x_wconf 76' lang='lat' dir='ltr'>epist.</span> <span class='ocrx_word' id='word_1_642' title='bbox 3416 4186 3551 4255; x_wconf 73' lang='lat'>16):</span> <span class='ocrx_word' id='word_1_643' title='bbox 3616 4204 3639 4236; x_wconf 73' lang='grc' dir='ltr'><strong>α</strong></span> <span class='ocrx_word' id='word_1_644' title='bbox 3698 4187 3887 4239; x_wconf 84' lang='lat' dir='ltr'>Fratres</span> 
     </span>
    </p>
   </div>
   <div class='ocr_carea' id='block_1_102' title="bbox 2225 4274 3882 4344">
    <p class='ocr_par' dir='ltr' id='par_1_102' title="bbox 2225 4274 3882 4344">
     <span class='ocr_line' id='line_1_102' title="bbox 2225 4274 3882 4344; baseline -0.002 -18"><span class='ocrx_word' id='word_1_645' title='bbox 2225 4274 2562 4340; x_wconf 83' lang='lat' dir='ltr'>charissimi,</span> <span class='ocrx_word' id='word_1_646' title='bbox 2605 4274 2673 4328; x_wconf 90' lang='lat' dir='ltr'>de</span> <span class='ocrx_word' id='word_1_647' title='bbox 2716 4274 3104 4329; x_wconf 89' lang='lat' dir='ltr'>custodiendis</span> <span class='ocrx_word' id='word_1_648' title='bbox 3156 4291 3387 4344; x_wconf 88' lang='lat' dir='ltr'>quoque</span> <span class='ocrx_word' id='word_1_649' title='bbox 3435 4281 3756 4328; x_wconf 89' lang='lat' dir='ltr'>sanctorum</span> <span class='ocrx_word' id='word_1_650' title='bbox 3803 4274 3882 4324; x_wconf 85' lang='lat' dir='ltr'>Pa-</span> 
     </span>
    </p>
   </div>
   <div class='ocr_carea' id='block_1_103' title="bbox 2224 4362 3886 4433">
    <p class='ocr_par' dir='ltr' id='par_1_103' title="bbox 2224 4362 3886 4433">
     <span class='ocr_line' id='line_1_103' title="bbox 2224 4362 3886 4433; baseline -0.003 -18"><span class='ocrx_word' id='word_1_651' title='bbox 2224 4367 2376 4415; x_wconf 91' lang='lat' dir='ltr'>trum</span> <span class='ocrx_word' id='word_1_652' title='bbox 2400 4363 3030 4433; x_wconf 61' lang='lat' dir='ltr'>statutis,&#39;queeisynodi</span> <span class='ocrx_word' id='word_1_653' title='bbox 3064 4363 3298 4416; x_wconf 66' lang='lat' dir='ltr'>Nicaeum</span> <span class='ocrx_word' id='word_1_654' title='bbox 3344 4362 3761 4416; x_wconf 83' lang='lat' dir='ltr'>inviolabilibus</span> <span class='ocrx_word' id='word_1_655' title='bbox 3779 4363 3886 4413; x_wconf 86' lang='lat' dir='ltr'>sunt</span> 
     </span>
    </p>
   </div>
   <div class='ocr_carea' id='block_1_104' title="bbox 2223 4450 3883 4513">
    <p class='ocr_par' dir='ltr' id='par_1_104' title="bbox 2223 4450 3883 4513">
     <span class='ocr_line' id='line_1_104' title="bbox 2223 4450 3883 4513; baseline -0.003 -9"><span class='ocrx_word' id='word_1_656' title='bbox 2223 4450 2335 4504; x_wconf 85' lang='lat' dir='ltr'>ﬁxa</span> <span class='ocrx_word' id='word_1_657' title='bbox 2362 4452 2623 4513; x_wconf 89' lang='lat' dir='ltr'>decretis,</span> <span class='ocrx_word' id='word_1_658' title='bbox 2669 4451 3088 4504; x_wconf 89' lang='lat' dir='ltr'>observantiam</span> <span class='ocrx_word' id='word_1_659' title='bbox 3130 4457 3330 4504; x_wconf 59' lang='lat' dir='ltr'>vestrae</span> <span class='ocrx_word' id='word_1_660' title='bbox 3370 4452 3683 4505; x_wconf 85' lang='lat' dir='ltr'>sanctitatis</span> <span class='ocrx_word' id='word_1_661' title='bbox 3720 4450 3883 4503; x_wconf 85' lang='lat' dir='ltr'>admo-</span> 
     </span>
    </p>
   </div>
   <div class='ocr_carea' id='block_1_105' title="bbox 2225 4537 3883 4610">
    <p class='ocr_par' dir='ltr' id='par_1_105' title="bbox 2225 4537 3883 4610">
     <span class='ocr_line' id='line_1_105' title="bbox 2225 4537 3883 4610; baseline -0.004 -17"><span class='ocrx_word' id='word_1_662' title='bbox 2225 4555 2356 4603; x_wconf 91' lang='lat' dir='ltr'>neo,</span> <span class='ocrx_word' id='word_1_663' title='bbox 2424 4545 2484 4594; x_wconf 92' lang='lat' dir='ltr'>ut</span> <span class='ocrx_word' id='word_1_664' title='bbox 2534 4540 2667 4610; x_wconf 84' lang='lat' dir='ltr'>jura</span> <span class='ocrx_word' id='word_1_665' title='bbox 2726 4540 3097 4593; x_wconf 90' lang='lat' dir='ltr'>Ecclesiarum</span> <span class='ocrx_word' id='word_1_666' title='bbox 3150 4541 3295 4593; x_wconf 90' lang='lat' dir='ltr'>sicut</span> <span class='ocrx_word' id='word_1_667' title='bbox 3354 4540 3423 4592; x_wconf 91' lang='lat' dir='ltr'>ab</span> <span class='ocrx_word' id='word_1_668' title='bbox 3480 4541 3593 4593; x_wconf 88' lang='lat' dir='ltr'>illis</span> <span class='ocrx_word' id='word_1_669' title='bbox 3654 4537 3883 4593; x_wconf 84' lang='lat' dir='ltr'>trecentis</span> 
     </span>
    </p>
   </div>
   <div class='ocr_carea' id='block_1_106' title="bbox 2225 4628 3885 4698">
    <p class='ocr_par' dir='ltr' id='par_1_106' title="bbox 2225 4628 3885 4698">
     <span class='ocr_line' id='line_1_106' title="bbox 2225 4628 3885 4698; baseline -0.004 -16"><span class='ocrx_word' id='word_1_670' title='bbox 2225 4629 2535 4682; x_wconf 89' lang='lat' dir='ltr'>octodecim</span> <span class='ocrx_word' id='word_1_671' title='bbox 2570 4628 2826 4682; x_wconf 88' lang='lat' dir='ltr'>Patribus</span> <span class='ocrx_word' id='word_1_672' title='bbox 2858 4628 3130 4681; x_wconf 84' lang='lat' dir='ltr'>divinitus</span> <span class='ocrx_word' id='word_1_673' title='bbox 3162 4628 3455 4698; x_wconf 88' lang='lat' dir='ltr'>inspiratis</span> <span class='ocrx_word' id='word_1_674' title='bbox 3486 4634 3620 4683; x_wconf 90' lang='lat' dir='ltr'>sunt</span> <span class='ocrx_word' id='word_1_675' title='bbox 3661 4628 3885 4682; x_wconf 83' lang='lat' dir='ltr'>ordinata</span> 
     </span>
    </p>
   </div>
   <div class='ocr_carea' id='block_1_107' title="bbox 2224 4717 3884 4788">
    <p class='ocr_par' dir='ltr' id='par_1_107' title="bbox 2224 4717 3884 4788">
     <span class='ocr_line' id='line_1_107' title="bbox 2224 4717 3884 4788; baseline -0.003 -18"><span class='ocrx_word' id='word_1_676' title='bbox 2224 4722 2617 4788; x_wconf 84' lang='lat' dir='ltr'>permaneant,</span> <span class='ocrx_word' id='word_1_677' title='bbox 2653 4717 2793 4771; x_wconf 89' lang='lat' dir='ltr'>nihil</span> <span class='ocrx_word' id='word_1_678' title='bbox 2826 4718 3079 4770; x_wconf 88' lang='lat' dir='ltr'>alienum</span> <span class='ocrx_word' id='word_1_679' title='bbox 3111 4718 3408 4788; x_wconf 90' lang='lat' dir='ltr'>improbus</span> <span class='ocrx_word' id='word_1_680' title='bbox 3440 4719 3687 4772; x_wconf 88' lang='lat' dir='ltr'>ambitus</span> <span class='ocrx_word' id='word_1_681' title='bbox 3706 4730 3884 4771; x_wconf 87' lang='lat' dir='ltr'>concu-</span> 
     </span>
    </p>
   </div>
   <div class='ocr_carea' id='block_1_108' title="bbox 2225 4804 3883 4876">
    <p class='ocr_par' dir='ltr' id='par_1_108' title="bbox 2225 4804 3883 4876">
     <span class='ocr_line' id='line_1_108' title="bbox 2225 4804 3883 4876; baseline -0.003 -17"><span class='ocrx_word' id='word_1_682' title='bbox 2225 4806 2422 4876; x_wconf 86' lang='lat' dir='ltr'>piscat,</span> <span class='ocrx_word' id='word_1_683' title='bbox 2457 4822 2559 4860; x_wconf 90' lang='lat' dir='ltr'>nec</span> <span class='ocrx_word' id='word_1_684' title='bbox 2590 4821 2694 4875; x_wconf 84' lang='lat' dir='ltr'>per</span> <span class='ocrx_word' id='word_1_685' title='bbox 2722 4805 2958 4859; x_wconf 87' lang='lat' dir='ltr'>alterius</span> <span class='ocrx_word' id='word_1_686' title='bbox 3008 4805 3477 4860; x_wconf 89' lang='lat' dir='ltr'>imminutionem</span> <span class='ocrx_word' id='word_1_687' title='bbox 3512 4824 3680 4861; x_wconf 89' lang='lat' dir='ltr'>suum</span> <span class='ocrx_word' id='word_1_688' title='bbox 3710 4804 3883 4875; x_wconf 86' lang='lat' dir='ltr'>aliquis</span> 
     </span>
    </p>
   </div>
   <div class='ocr_carea' id='block_1_109' title="bbox 2224 4892 3881 4963">
    <p class='ocr_par' dir='ltr' id='par_1_109' title="bbox 2224 4892 3881 4963">
     <span class='ocr_line' id='line_1_109' title="bbox 2224 4892 3881 4963; baseline -0.004 -18"><span class='ocrx_word' id='word_1_689' title='bbox 2224 4898 2446 4963; x_wconf 68' lang='lat' dir='ltr'>quaarat</span> <span class='ocrx_word' id='word_1_690' title='bbox 2494 4898 2889 4962; x_wconf 88' lang='lat' dir='ltr'>augmentum.</span> <span class='ocrx_word' id='word_1_691' title='bbox 2925 4893 3353 4957; x_wconf 81' lang='lat' dir='ltr'>Quantumlibet</span> <span class='ocrx_word' id='word_1_692' title='bbox 3385 4893 3539 4947; x_wconf 91' lang='lat' dir='ltr'>enim</span> <span class='ocrx_word' id='word_1_693' title='bbox 3573 4892 3773 4947; x_wconf 78' lang='lat' dir='ltr'>exortis</span> <span class='ocrx_word' id='word_1_694' title='bbox 3812 4903 3881 4940; x_wconf 84' lang='lat' dir='ltr'>as-</span> 
     </span>
    </p>
   </div>
   <div class='ocr_carea' id='block_1_110' title="bbox 2226 4977 3882 5051">
    <p class='ocr_par' dir='ltr' id='par_1_110' title="bbox 2226 4977 3882 5051">
     <span class='ocr_line' id='line_1_110' title="bbox 2226 4977 3882 5051; baseline -0.005 -18"><span class='ocrx_word' id='word_1_695' title='bbox 2226 4980 2642 5034; x_wconf 87' lang='lat' dir='ltr'>sentationibus</span> <span class='ocrx_word' id='word_1_696' title='bbox 2673 4998 2730 5034; x_wconf 92' lang='lat' dir='ltr'>se</span> <span class='ocrx_word' id='word_1_697' title='bbox 2764 4981 3009 5035; x_wconf 88' lang='lat' dir='ltr'>instruat</span> <span class='ocrx_word' id='word_1_698' title='bbox 3032 4982 3295 5035; x_wconf 89' lang='lat' dir='ltr'>vanitatis</span> <span class='ocrx_word' id='word_1_699' title='bbox 3319 4982 3513 5049; x_wconf 88' lang='lat' dir='ltr'>elatio,</span> <span class='ocrx_word' id='word_1_700' title='bbox 3548 4988 3604 5035; x_wconf 91' lang='lat' dir='ltr'>et</span> <span class='ocrx_word' id='word_1_701' title='bbox 3632 4977 3882 5051; x_wconf 84' lang='lat' dir='ltr'>appetitus</span> 
     </span>
    </p>
   </div>
   <div class='ocr_carea' id='block_1_111' title="bbox 2219 5065 3879 5134">
    <p class='ocr_par' dir='ltr' id='par_1_111' title="bbox 2219 5065 3879 5134">
     <span class='ocr_line' id='line_1_111' title="bbox 2219 5065 3879 5134; baseline -0.003 -13"><span class='ocrx_word' id='word_1_702' title='bbox 2219 5085 2353 5123; x_wconf 89' lang='lat' dir='ltr'>suos</span> <span class='ocrx_word' id='word_1_703' title='bbox 2378 5068 2752 5123; x_wconf 88' lang='lat' dir='ltr'>conciliorum</span> <span class='ocrx_word' id='word_1_704' title='bbox 2796 5070 3040 5123; x_wconf 78' lang='lat' dir='ltr'>aestimet</span> <span class='ocrx_word' id='word_1_705' title='bbox 3087 5070 3319 5123; x_wconf 91' lang='lat' dir='ltr'>nomine</span> <span class='ocrx_word' id='word_1_706' title='bbox 3351 5070 3722 5134; x_wconf 87' lang='lat' dir='ltr'>roborandos,</span> <span class='ocrx_word' id='word_1_707' title='bbox 3747 5065 3879 5119; x_wconf 83' lang='lat' dir='ltr'>inﬁr-</span> 
     </span>
    </p>
   </div>
   <div class='ocr_carea' id='block_1_112' title="bbox 2219 5157 3882 5228">
    <p class='ocr_par' dir='ltr' id='par_1_112' title="bbox 2219 5157 3882 5228">
     <span class='ocr_line' id='line_1_112' title="bbox 2219 5157 3882 5228; baseline -0.002 -18"><span class='ocrx_word' id='word_1_708' title='bbox 2219 5172 2380 5210; x_wconf 91' lang='lat' dir='ltr'>mum</span> <span class='ocrx_word' id='word_1_709' title='bbox 2408 5162 2577 5227; x_wconf 87' lang='lat' dir='ltr'>atque</span> <span class='ocrx_word' id='word_1_710' title='bbox 2614 5157 2841 5211; x_wconf 89' lang='lat' dir='ltr'>irritum</span> <span class='ocrx_word' id='word_1_711' title='bbox 2894 5157 3025 5222; x_wconf 88' lang='lat' dir='ltr'>erit,</span> <span class='ocrx_word' id='word_1_712' title='bbox 3077 5158 3360 5228; x_wconf 90' lang='lat' dir='ltr'>quidquid</span> <span class='ocrx_word' id='word_1_713' title='bbox 3421 5174 3455 5212; x_wconf 90' lang='lat' dir='ltr'>a</span> <span class='ocrx_word' id='word_1_714' title='bbox 3504 5158 3882 5228; x_wconf 66' lang='lat' dir='ltr'>praadictorum</span> 
     </span>
    </p>
   </div>
   <div class='ocr_carea' id='block_1_113' title="bbox 2217 5245 3244 5316">
    <p class='ocr_par' dir='ltr' id='par_1_113' title="bbox 2217 5245 3244 5316">
     <span class='ocr_line' id='line_1_113' title="bbox 2217 5245 3244 5316; baseline -0.002 -19"><span class='ocrx_word' id='word_1_715' title='bbox 2217 5245 2449 5298; x_wconf 88' lang='lat' dir='ltr'>Patrum</span> <span class='ocrx_word' id='word_1_716' title='bbox 2483 5245 2799 5299; x_wconf 89' lang='lat' dir='ltr'>canonibus</span> <span class='ocrx_word' id='word_1_717' title='bbox 2822 5245 3175 5316; x_wconf 89' lang='lat' dir='ltr'>discreparit.</span> <span class='ocrx_word' id='word_1_718' title='bbox 3216 5268 3244 5295; x_wconf 82' lang='grc'><strong>››</strong></span> 
     </span>
    </p>
   </div>
   <div class='ocr_carea' id='block_1_114' title="bbox 483 5392 3877 5469">
    <p class='ocr_par' dir='ltr' id='par_1_114' title="bbox 483 5392 3877 5469">
     <span class='ocr_line' id='line_1_114' title="bbox 483 5392 3877 5469; baseline 0.001 -27"><span class='ocrx_word' id='word_1_719' title='bbox 483 5417 507 5442; x_wconf 81' lang='grc' dir='ltr'>ι</span> <span class='ocrx_word' id='word_1_720' title='bbox 536 5392 712 5446; x_wconf 89' lang='lat' dir='ltr'>Paulo</span> <span class='ocrx_word' id='word_1_721' title='bbox 743 5397 875 5447; x_wconf 88' lang='lat' dir='ltr'>ante</span> <span class='ocrx_word' id='word_1_722' title='bbox 906 5392 1078 5447; x_wconf 84' lang='lat' dir='ltr'>tinem</span> <span class='ocrx_word' id='word_1_723' title='bbox 1135 5397 1240 5447; x_wconf 90' lang='lat' dir='ltr'>act.</span> <span class='ocrx_word' id='word_1_724' title='bbox 1302 5398 1352 5458; x_wconf 87' lang='lat'>5,</span> <span class='ocrx_word' id='word_1_725' title='bbox 1396 5393 1454 5447; x_wconf 91' lang='lat' dir='ltr'>in</span> <span class='ocrx_word' id='word_1_726' title='bbox 1496 5393 1688 5464; x_wconf 83' lang='lat' dir='ltr'>Symb.</span> <span class='ocrx_word' id='word_1_727' title='bbox 1727 5400 1955 5450; x_wconf 91' lang='lat' dir='ltr'>centum</span> <span class='ocrx_word' id='word_1_728' title='bbox 1989 5396 2409 5468; x_wconf 89' lang='lat' dir='ltr'>quinquaginta</span> <span class='ocrx_word' id='word_1_729' title='bbox 2465 5399 2636 5469; x_wconf 86' lang='lat' dir='ltr'>episc.</span> <span class='ocrx_word' id='word_1_730' title='bbox 2702 5404 2809 5454; x_wconf 91' lang='lat' dir='ltr'>etc.</span> <span class='ocrx_word' id='word_1_731' title='bbox 2865 5399 2924 5453; x_wconf 92' lang='lat' dir='ltr'>in</span> <span class='ocrx_word' id='word_1_732' title='bbox 2968 5401 3123 5455; x_wconf 88' lang='lat' dir='ltr'>med.</span> <span class='ocrx_word' id='word_1_733' title='bbox 3171 5401 3411 5455; x_wconf 82' lang='lat' dir='ltr'>Multum</span> <span class='ocrx_word' id='word_1_734' title='bbox 3443 5401 3616 5456; x_wconf 84' lang='lat' dir='ltr'>distat</span> <span class='ocrx_word' id='word_1_735' title='bbox 3659 5401 3726 5454; x_wconf 88' lang='lat' dir='ltr'>ab</span> <span class='ocrx_word' id='word_1_736' title='bbox 3769 5396 3877 5451; x_wconf 85' lang='lat' dir='ltr'>edit.</span> 
     </span>
    </p>
   </div>
   <div class='ocr_carea' id='block_1_115' title="bbox 417 5475 565 5514">
    <p class='ocr_par' dir='ltr' id='par_1_115' title="bbox 417 5475 565 5514">
     <span class='ocr_line' id='line_1_115' title="bbox 417 5475 565 5514; baseline 0.014 -2"><span class='ocrx_word' id='word_1_737' title='bbox 417 5475 565 5514; x_wconf 87' lang='lat' dir='ltr'>vers.</span> 
     </span>
    </p>
   </div>
  </div>
