4044 6174
154 281 255 333 757

822 449 949 503 CAP.
992 449 1162 503 CCIX.

218 588 529 657 Gregorius
577 590 804 655 Joanni,
864 590 1129 659 episcopo
1176 590 1526 660 Syracusano
1568 594 1687 657 (lib.
1741 611 1837 658 vn,

147 679 307 743 epist.
342 679 467 745 6i):
504 698 529 723 ‹‹
576 677 817 730 Veniens
866 678 1097 748 quidam
1152 678 1221 730 de
1272 678 1465 732 Sicilia
1514 680 1656 734 dixit
1702 682 1844 736 mihi

148 762 297 832 quod
325 763 505 833 aliqui
541 764 706 817 amici
741 764 880 833 ejus,
915 766 997 817 vel
1034 764 1231 831 Graeci,
1276 767 1359 819 vel
1397 766 1597 833 Latini,
1630 769 1839 835 nescio,

146 852 309 920 quasi
365 854 470 905 sub
526 854 647 906 zelo
700 859 906 906 sanctae
961 854 1229 907 Romamn
1286 855 1543 909 Ecclesiae
1600 857 1667 909 de
1704 857 1844 910 meis

146 940 631 1009 distiutationibus
690 949 1118 995 murmurarent
1194 943 1495 997 dicentes:
1548 945 1841 1008 Quomodo

146 1028 452 1081 Ecclesiam
516 1027 1209 1100 Constantinopolitanam
1275 1030 1529 1100 disponit
1593 1035 1842 1103 compri-

143 1131 318 1183 mere,
353 1118 456 1187 qui
487 1117 609 1185 ejus
642 1118 1086 1171 consuetudines
1135 1130 1249 1188 per
1274 1121 1467 1173 omnia
1500 1122 1842 1191 sequimur?

144 1204 241 1257 Cui
272 1221 403 1258 cum
432 1206 717 1259 dicerem:
753 1208 902 1271 Quas
950 1207 1298 1278 sequimur?
1343 1210 1670 1279 respondit:
1702 1212 1845 1274 Quia

142 1293 383 1346 Alleluia
436 1294 547 1347 dici
594 1295 661 1347 ad
715 1296 906 1348 Missas
955 1302 1112 1349 extra
1166 1297 1523 1350 Pentecostes
1583 1304 1842 1369 tempora

142 1382 380 1447 fecistis,
412 1384 549 1451 quia
596 1383 976 1437 subdiaconus
1013 1385 1281 1453 spoliatos
1328 1386 1659 1455 procedere,
1707 1390 1843 1458 quia

139 1471 304 1537 Kyrie
347 1472 546 1524 aleis/JH
580 1470 709 1532 diei,
760 1473 893 1541 quia
942 1473 1262 1525 orationem
1317 1475 1675 1528 Duminicam
1712 1492 1841 1530 mox

137 1562 264 1626 post
319 1559 617 1613 Canunem
674 1558 786 1611 dici
853 1560 1143 1612 statuistis.
1197 1562 1299 1614 Cui
1360 1578 1465 1630 ego
1524 1564 1836 1630 respondi:

141 1647 279 1710 Quia
330 1646 393 1699 in
428 1648 585 1699 nullo
619 1663 816 1699 eorum
852 1647 1023 1700 aliam
1060 1648 1361 1702 Ecclesiam
1396 1649 1573 1703 secuti
1620 1668 1838 1706 sumus.

142 1736 275 1788 Nam
316 1742 381 1788 ut
423 1738 649 1789 alleluia-
702 1736 794 1788 hic
838 1737 1144 1801 diceretur,
1196 1738 1264 1790 de
1316 1737 1839 1809 Hierosolymorum

138 1825 382 1877 Ecclesia
440 1842 507 1877 ex
568 1824 715 1878 beati
788 1825 1117 1895 Hieronymi
1188 1827 1517 1893 traditione,
1581 1835 1838 1899 tempore

140 1912 317 1966 beatae
359 1914 651 1966 memorite
699 1914 925 1967 Damasi
968 1931 1131 1984 papae
1178 1915 1425 1969 traditur
1472 1921 1735 1969 tractum.
1774 1918 1841 1972 Et

136 2001 263 2054 ideo
293 2003 484 2072 magis
514 2002 571 2055 in
604 2004 706 2055 hac
736 2020 795 2054 re
821 2002 975 2055 illam
1010 2004 1483 2056 consuetudinem
1517 2006 1833 2074 amputavi-

138 2106 282 2155 mus,
318 2107 456 2160 quae
489 2090 577 2144 hic
619 2106 651 2143 a
693 2091 898 2143 Graecis
939 2092 1123 2143 fuerat
1167 2092 1398 2145 tradita.
1449 2093 1837 2147 Subdiaconos

139 2184 329 2231 autem
366 2179 636 2249 spoliatos
673 2186 731 2231 ut
776 2180 1083 2248 procedere
1126 2178 1393 2244 facerem,
1430 2181 1660 2250 antiqua
1694 2199 1835 2235 con—

135 2268 377 2321 suetudo
403 2268 660 2321 Ecclesiae
684 2268 810 2321 fuit.
835 2267 939 2321 Sed
968 2268 1120 2337 quod
1144 2268 1361 2336 placuit
1391 2269 1619 2322 cuidam
1643 2275 1835 2324 nostro

136 2357 419 2426 pontiﬁci,
453 2356 643 2409 nescio
678 2355 789 2420 cui,
824 2371 917 2408 eos
950 2357 1177 2409 vestitos
1210 2358 1517 2426 procedere
1541 2360 1831 2429 praecepit.

140 2447 275 2499 Nam
308 2451 512 2499 vestrae
548 2445 807 2498 Ecclesiae
850 2446 1110 2515 nunquid
1156 2446 1523 2499 traditionem
1558 2466 1589 2499 a
1632 2449 1835 2502 Grazcis

134 2535 532 2605 acceperunt?
563 2535 718 2588 Unde
758 2536 972 2588 habent
1012 2550 1148 2604 ergo
1184 2535 1374 2594 hodie,
1412 2540 1471 2587 ut
1502 2536 1834 2588 subdiaconi

133 2624 187 2676 in
215 2625 430 2677 tunicis
482 2624 811 2694 procedant,
850 2624 957 2676 nisi
987 2624 1121 2693 quia
1154 2623 1260 2677 hoc
1292 2640 1321 2675 a
1375 2630 1553 2676 matre
1589 2641 1691 2675 sua
1722 2625 1833 2678 Ro-

136 2730 299 2766 mana
336 2713 582 2766 Ecclesia
621 2718 1018 2782 tcrceperunt.
1070 2714 1237 2779 Hyrie
1263 2714 1461 2765 clcison
1509 2718 1698 2765 autem
1732 2729 1832 2765 nos

134 2818 319 2873 neque
358 2802 599 2855 dicimus
626 2800 769 2854 sicut
802 2818 833 2853 a
868 2801 1072 2855 Grzecis
1104 2801 1330 2865 dicitur,
1366 2802 1501 2871 quia
1536 2802 1593 2854 in
1626 2803 1833 2855 Graecis

134 2906 334 2944 omnes
379 2890 549 2943 simul
583 2890 796 2956 dicunt,
840 2888 995 2958 apud
1027 2906 1130 2941 nos
1162 2896 1352 2942 autem
1386 2907 1419 2943 a
1445 2890 1663 2942 clericis
1692 2891 1833 2943 dici-

1425 285 1634 341 LIBER
1671 288 2035 345 ADVERSUS
2071 290 2377 346 GR/ECOS.

3545 301 3645 349 75S

1881 421 1926 473 Α
1957 419 2208 489 primum
2238 420 2544 489 existimat,
2575 427 2636 477 ut
2674 423 2823 477 bona
2853 440 2982 494 quae
3033 424 3235 479 viderit
3264 424 3480 480 discere
3519 441 3648 479 con-

1881 1719 1920 1771 Β

1952 512 2189 561 temnat.

2027 619 2054 645 «
2091 599 2165 651 De
2196 598 2497 668 privilegio
2536 600 2889 671 principatus
2919 602 3243 672 apostolica:
3292 603 3438 656 sedis
3465 620 3647 673 pauca

1951 700 2017 737 ex
2074 685 2268 738 multis
2330 692 2387 738 et
2445 686 2681 739 diversis
2740 688 3178 741 auctoritatibus
3231 688 3529 743 Canonum
3589 697 3647 744 et

1955 775 2346 828 Romanorum
2378 776 2712 844 pontiﬁcum
2763 776 2993 828 collecta
3023 783 3174 841 sunt,
3216 777 3274 830 in
3308 793 3420 847 quo
3450 779 3647 832 omnia

1952 865 2189 919 concilia
2233 870 2558 918 sanctorum
2616 867 2849 919 Patrum
2905 867 3253 920 unanimiter
3298 869 3644 922 concordare

1954 953 2238 1019 videntur,
2278 970 2382 1007 nec
2412 954 2472 1007 in
2506 954 2699 1023 aliquo
2721 955 2989 1007 aberrare
3020 956 3452 1023 dignoscantur.
3494 959 3645 1010 Post-

1952 1059 2123 1111 quam
2183 1042 2334 1095 enim
2400 1042 2804 1097 Constantinus
2878 1043 3191 1112 imperator
3253 1045 3643 1099 monarchiam

1953 1130 2232 1183 mundani
2280 1132 2473 1183 seaculi
2527 1136 2749 1195 tenens,
2809 1131 2908 1185 Dei
2965 1131 3284 1200 inspirante
3341 1134 3645 1187 clementia

1951 1220 2393 1273 Christianitatis
2423 1220 2672 1289 suscepit
2702 1220 3079 1289 signaculum,
3115 1225 3169 1272 et
3193 1236 3296 1289 pro
3320 1222 3421 1273 Dei
3452 1238 3644 1275 amore

1950 1313 2008 1359 et
2036 1307 2312 1377 principis
2330 1309 2723 1376 apostolorum
2752 1309 2971 1361 honore
3003 1325 3104 1361 sua
3134 1313 3337 1378 sponte
3369 1309 3645 1363 thronum

1952 1397 2225 1450 Romamn
2258 1396 2415 1449 urbis
2464 1396 2721 1466 reliquit,
2782 1397 2972 1451 dicens
3016 1414 3130 1451 non
3162 1414 3283 1451 esse
3316 1404 3644 1467 competen-

1951 1484 2087 1537 dum
2119 1485 2260 1537 duos
2292 1486 2664 1554 imperatores
2707 1484 2760 1537 in
2794 1502 2905 1538 una
2947 1485 3170 1537 civitate
3203 1486 3369 1538 simul
3404 1491 3657 1539 tractare

1949 1587 2252 1624 commune
2302 1571 2633 1640 imperium,
2690 1589 2819 1625 cum
2873 1573 3018 1625 alter
3071 1572 3219 1624 foret
3268 1578 3453 1637 terrae,
3500 1575 3646 1626 alter

1952 1660 2210 1714 Ecclesiae
2240 1660 2523 1729 princeps,
2568 1661 2797 1713 tandem
2854 1665 2913 1712 ut
2977 1661 3195 1713 cunctis
3228 1660 3546 1728 legentibus
3583 1662 3641 1714 li-

1949 1754 2087 1818 quet
2119 1748 2454 1819 Byzantium
2488 1749 2648 1816 adiit,
2681 1748 2779 1802 ubi
2830 1766 2892 1801 ex
2939 1764 3041 1802 suo
3098 1750 3330 1802 nomine
3375 1752 3643 1803 Constan-

1948 1837 2254 1906 tinopolim
2294 1844 2650 1903 construens,
2687 1839 2901 1907 regiam
2954 1837 3147 1891 sedem
3201 1837 3350 1890 fecit.
3406 1838 3641 1891 Proﬁci—

1948 1941 2109 1978 scens
2140 1940 2294 1990 vero,
2330 1926 2647 1980 Romanam
2682 1926 2957 1979 ditionem
2990 1925 3314 1995 apostolicae
3346 1925 3463 1978 sedi
3506 1926 3637 1979 sub-

1942 2013 2188 2083 jugavit,
2224 2030 2448 2067 necnon
2481 2014 2654 2067 etiam
2683 2016 2988 2067 maximam
3018 2018 3239 2083 partem
3284 2014 3638 2066 diversarum

1946 2103 2371 2172 provinciarum
2396 2102 2583 2156 eidem
2606 2103 2863 2173 subjecit.
2900 2103 3158 2172 Denique
3192 2102 3500 2170 subrogata
3528 2118 3638 2170 po-

1945 2197 2168 2257 testate,
2207 2196 2261 2244 et
2290 2192 2623 2245 solemniter
2654 2192 2810 2261 regia
2836 2191 3171 2255 auctoritate
3210 2192 3465 2244 Romano
3497 2207 3638 2260 pon-

1946 2280 2083 2335 tiﬁci
2115 2280 2454 2336 contradita.
2493 2282 2616 2334 loco
2646 2281 2831 2345 cessit,
2868 2285 2923 2333 et
2974 2281 3045 2334 ob
3077 2279 3489 2349 capessendum
3527 2294 3638 2332 cce-

1945 2369 2085 2422 ]este
2117 2368 2430 2438 imperium
2462 2370 2593 2434 Deo,
2626 2374 2931 2438 sanctoque
2964 2370 3129 2421 Petro
3167 2369 3449 2421 honorem
3476 2365 3638 2435 regni

1944 2456 2001 2508 in
2035 2462 2328 2525 posterum
2380 2457 2772 2526 ampliandum
2814 2456 3065 2526 reliquit.
3102 2458 3295 2525 Itaque
3347 2455 3637 2524 singulare

1943 2544 2309 2614 privilegium
2341 2550 2396 2597 et
2424 2545 2684 2599 mirabile
2725 2550 3129 2598 testamentum
3180 2549 3299 2598 toto
3336 2549 3469 2596 tunc
3500 2543 3637 2596 orbe

1942 2634 2236 2703 vulgatum
2285 2634 2611 2703 apostolicae
2644 2634 2765 2687 sedi
2803 2634 3080 2687 conscribi
3113 2633 3305 2701 jussit,
3336 2633 3637 2701 eidemque

1944 2721 2374 2792 obsequendum
2427 2722 2645 2775 diversa
2695 2738 3005 2791 regnorum
3042 2721 3256 2791 praedia
3282 2720 3634 2791 perpetuali-

1943 2814 2029 2863 ter
2049 2811 2353 2880 delegavit,
2393 2826 2693 2880 sacrasque
2742 2811 2895 2879 leges
2952 2810 3009 2863 in
3045 2810 3281 2863 diversis
3338 2808 3636 2861 ordinibus

1942 2904 1999 2952 et
2026 2900 2290 2962 cultibus,
2344 2916 2408 2952 ac
2456 2899 2960 2953 ecclesiasticorum
3003 2899 3479 2951 indumentorum
3535 2913 3634 2949 or-

136 2988 240 3045 ῐιιτν
276 2996 309 3031 ει
342 2979 557 3050 ΡοΡυῙο
591 2978 991 3047 respondetur,
1036 2984 1092 3031 et
1126 2978 1364 3031 totidem
1396 2977 1611 3031 ViCiblls
1657 2978 1828 3031 etiam
1872 3003 1912 3057 ο
1943 2987 2170 3041 natibus
2200 2987 2645 3041 innumerabilia
2678 2987 3069 3056 superaddens
3102 2986 3359 3051 donaria,
3396 2985 3631 3040 nobilis-

135 3069 344 3123 (νυ-ἰδία
418 3069 615 3121 elcison
695 3068 922 3131 dicitur,
984 3067 1137 3137 quod
1196 3067 1345 3136 apud
1399 3068 1622 3121 Graecos
1672 3068 1830 3121 nullo

132 3158 304 3211 modo
342 3157 573 3209 dicitur.
619 3156 678 3208 In
724 3154 1074 3226 quotidianis
1123 3168 1315 3208 autem
1349 3155 1528 3208 Missis
1560 3154 1671 3208 alia
1704 3172 1832 3226 quae

132 3244 237 3299 dici
287 3246 480 3298 solent
548 3250 839 3298 tacemus:
888 3244 1289 3297 tantummodo
1321 3245 1491 3311 Kyric
1534 3246 1729 3298 clcison
1778 3251 1833 3299 et

134 3335 341 3389 Christe
373 3335 569 3387 ἀνιείηςοη
620 3333 886 3398 dicimus,
920 3338 982 3386 ut
1014 3333 1073 3385 in
1104 3333 1192 3386 his
1224 3333 1640 3403 deprecationis
1683 3333 1830 3386 voci-

132 3424 231 3477 bus
264 3423 443 3493 paulo
469 3422 683 3475 diutius
713 3437 1078 3492 occupemur.
1113 3421 1444 3475 Orationem
1476 3437 1607 3475 vero
1640 3421 1832 3475 Domi-

134 3512 316 3565 nicam
350 3511 566 3564 idcirco
599 3526 729 3563 mox
782 3517 911 3581 post
960 3526 1184 3579 precem
1220 3510 1481 3577 dicimus,
1528 3510 1663 3579 quia
1712 3526 1833 3563 mos

132 3602 527 3671 apostolorum
562 3599 689 3664 fuit,
725 3606 785 3652 ut
807 3600 875 3653 ad
906 3600 1087 3669 ipsam
1116 3600 1477 3653 solummodo
1513 3599 1829 3653 orationem

130 3690 439 3743 oblationis
463 3687 713 3741 hostiam
757 3693 1171 3742 consecrarent.
1208 3690 1272 3741 Et
1328 3687 1490 3740 valde
1545 3687 1689 3740 mihi
1742 3687 1830 3740 in-

131 3778 477 3831 conveniens
508 3777 691 3829 visum
732 3782 836 3843 est,
872 3783 936 3829 ut
983 3792 1211 3846 precem
1246 3792 1420 3847 quam
1465 3776 1831 3829 scholasticus

130 3871 539 3936 composuerat
571 3880 739 3935 super
781 3865 1131 3919 oblationem
1171 3866 1510 3931 diceremus,
1562 3870 1617 3918 et
1646 3865 1827 3935 ipsam

128 3955 504 4009 traditionem
538 3970 707 4023 quam
747 3953 1096 4022 Redemptor
1150 3959 1344 4006 noster
1374 3953 1713 4023 composuit,
1743 3970 1832 4005 su-

128 4060 226 4114 per
274 4046 405 4113 ejus
453 4058 663 4111 corpus
700 4048 754 4094 et
796 4041 1134 4112 sanguinem
1188 4058 1303 4094 non
1349 4042 1688 4095 diceremus.
1724 4042 1831 4095 Sed

128 4139 181 4185 et
210 4132 513 4186 Dominica
546 4131 727 4183 oratio
760 4132 912 4200 apud
954 4132 1174 4183 (ἐτέρους
1204 4130 1274 4183 ab
1304 4130 1461 4183 omni
1495 4130 1709 4199 populo
1743 4130 1830 4183 di-

128 4224 292 4288 citur,
328 4221 487 4291 apud
515 4235 618 4273 nos
664 4236 795 4272 vero
827 4236 859 4272 a
907 4220 1028 4271 solo
1076 4219 1388 4272 sacerdote.
1437 4220 1500 4271 In
1543 4235 1658 4288 quo
1692 4234 1829 4288 ergo

129 4312 459 4363 Graecorum
494 4308 933 4361 consuetudines
983 4308 1163 4361 secuti
1212 4324 1428 4375 sumus,
1482 4308 1581 4377 qui
1610 4314 1707 4361 aut
1736 4324 1828 4359 ve-

128 4404 273 4453 teres
304 4404 533 4452 nostras
582 4398 992 4467 reparavimus,
1046 4403 1143 4449 aut
1190 4413 1363 4450 novas
1413 4402 1468 4450 et
1499 4397 1664 4449 utiles
1696 4412 1829 4449 con-

129 4490 423 4541 stituimus
454 4505 468 4553 ;
498 4488 558 4540 in
590 4487 797 4557 quibus
827 4491 1019 4540 tamen
1041 4488 1178 4539 alios
1207 4503 1326 4539 non
1359 4486 1669 4556 probamur
1698 4485 1827 4538 imi-

130 4579 293 4630 tari?
330 4580 477 4647 Ergo
511 4581 696 4630 vestra
742 4577 989 4629 Charitas
1034 4592 1164 4629 cum
1214 4576 1436 4628 occasio
1484 4574 1724 4639 dederit,
1769 4579 1831 4627 ut

129 4667 193 4720 ad
221 4670 606 4721 Catanensem
653 4665 944 4719 civitatem
987 4670 1209 4733 pergat,
1258 4664 1344 4716 vel
1380 4663 1437 4715 in
1477 4664 1831 4732 Syracusana

132 4755 398 4816 Ecclesia,
430 4770 529 4806 eos
557 4770 701 4823 quos
728 4753 909 4806 credit
939 4759 1039 4805 aut
1070 4752 1339 4821 intelligit
1368 4751 1504 4821 quia
1534 4752 1603 4805 de
1636 4751 1741 4804 hac
1772 4767 1830 4804 re

129 4859 499 4897 murmurare
533 4846 867 4912 potuerunt,
918 4842 1063 4895 facta
1111 4840 1491 4894 collocutione
1531 4840 1751 4906 doceat,
1778 4845 1833 4893 et

129 4934 292 5002 quasi
324 4934 438 4987 alia
468 4933 767 4986 occasione
798 4949 895 4985 eos
942 4933 1225 4985 instruere
1257 4947 1369 4984 nen
1402 4931 1654 4984 desistat.
1689 4932 1831 4984 Nam

128 5022 194 5075 de
250 5022 889 5091 Constantinopolitana
947 5020 1192 5075 Ecclesia
1244 5020 1399 5091 quod
1453 5020 1665 5083 dicunt,
1704 5019 1831 5090 quis

130 5126 254 5163 eam
284 5110 513 5163 dubitet
557 5109 675 5161 sedi
728 5109 1053 5178 apostolicae
1101 5124 1221 5161 esse
1281 5107 1641 5177 subjectam?
1672 5107 1830 5170 Quod

131 5203 183 5251 et
232 5198 534 5269 piissimus
591 5198 836 5250 domnus
892 5197 1224 5267 imperator,
1295 5202 1351 5249 et
1409 5196 1584 5249 frater
1639 5201 1831 5250 noster

132 5287 393 5355 ejusdem
426 5286 673 5339 civitatis
696 5285 996 5355 episcopus
1013 5285 1237 5339 assidue
1266 5284 1585 5355 proﬁtetur.
1618 5285 1832 5339 Tamen

134 5376 178 5427 si
208 5375 354 5445 quid
384 5375 520 5429 boni
554 5375 641 5428 vel
672 5374 797 5445 ipsa
844 5376 931 5428 vel
979 5376 1157 5430 altera
1209 5374 1453 5428 Ecclesia
1500 5373 1691 5437 habet,
1725 5390 1830 5445 ego

137 5470 191 5516 et
215 5464 473 5517 minores
523 5480 680 5517 meos
712 5480 855 5535 quos
896 5465 965 5517 ab
1004 5463 1221 5517 illicitis
1253 5462 1553 5533 prohibeo,
1584 5463 1642 5516 in
1678 5463 1829 5516 bono

138 5551 358 5607 imitari
391 5558 625 5624 paratus
656 5569 805 5608 sum.
839 5552 1055 5607 Stultus
1084 5556 1168 5607 est
1206 5552 1357 5607 enim
1412 5551 1511 5622 qui
1561 5552 1621 5604 in
1651 5569 1718 5606 eo
1774 5568 1832 5605 se

1940 3076 2081 3129 sime
2112 3092 2175 3129 ac
2207 3076 2504 3145 splendide
2546 3075 2955 3143 augmentavit,
2990 3076 3048 3127 in
3096 3074 3305 3144 quibus
3337 3074 3508 3127 etiam
3544 3074 3629 3125 in-

1940 3168 2027 3217 ter
2053 3164 2161 3217 alia
2196 3165 2519 3234 specialiter
2548 3165 2841 3217 continere
2881 3164 3076 3229 voluit,
3113 3168 3174 3215 ut
3201 3163 3421 3232 apicem
3447 3162 3631 3215 omnis

1939 3252 2293 3323 principatus
2324 3253 2615 3306 Romanus
2660 3267 2808 3321 papa
2854 3267 3026 3319 super
3061 3266 3292 3303 omnem
3329 3249 3630 3303 Ecclesiam

1941 3340 2177 3410 ejusque
2205 3339 2502 3409 pontiﬁces
2536 3340 2865 3410 perenniter
2894 3340 3194 3408 velutjure
3225 3338 3386 3407 regio
3420 3336 3631 3390 retine-

1940 3433 2046 3482 ret.
2081 3430 2205 3482 Haac
2235 3436 2291 3481 et
2318 3429 2429 3481 alia
2467 3445 2638 3499 quam
2674 3428 2940 3497 plurima,
2984 3433 3040 3481 et
3080 3427 3149 3480 ad
3181 3426 3630 3497 computandum

1940 3516 2346 3588 copiosissima,
2380 3517 2435 3570 in
2476 3518 2676 3571 eodem
2736 3518 3071 3586 releguntur
3111 3515 3432 3586 privilegio,
3472 3514 3633 3584 cujus

1940 3606 2361 3675 exemplaribus
2419 3606 2794 3659 Ecclesiarum
2851 3606 2909 3658 iu
2971 3605 3150 3660 Gallia
3199 3602 3631 3657 consistentium

1940 3694 2186 3748 armaria
2213 3711 2275 3747 ex
2308 3695 2531 3765 integro
2564 3694 2884 3764 potiuntur.

2017 3804 2036 3830 α
2074 3784 2180 3836 lsta
2209 3800 2339 3836 cum
2370 3784 2446 3836 ita
2478 3783 2609 3848 sint,
2643 3783 2854 3853 oppido
2900 3782 3229 3835 mirandum
3280 3796 3456 3851 quare
3488 3781 3631 3833 Cou-

1939 3872 2435 3942 stantinOpolitani
2464 3872 2737 3941 praesules
2776 3870 2848 3925 ab
2881 3870 3043 3923 initio
3076 3886 3192 3923 non
3224 3886 3325 3922 sua
3359 3885 3631 3937 usurpare

1939 3961 2209 4024 audeant,
2247 3960 2566 4029 praesertim
2590 3975 2720 4011 cum
2740 3958 2798 4011 in
2829 3959 2985 4011 nullo
3016 3958 3388 4011 conciliorum
3430 3955 3628 4009 eadem

1938 4047 2076 4101 urbs
2106 4048 2257 4100 inter
2279 4046 2621 4117 principales
2652 4050 3102 4099 connumeretur
3133 4044 3313 4104 sedes,
3350 4042 3632 4096 Constan-

1940 4136 2321 4205 tinopolitano
2396 4140 2653 4205 excepto,
2689 4134 2780 4187 cui
2826 4132 3018 4203 regius
3073 4132 3329 4201 ejusdem
3390 4129 3630 4182 civitatis

1941 4241 2169 4294 semper
2198 4224 2389 4277 arrisit
2416 4224 2592 4277 favor.
2644 4224 3019 4293 Repugnante
3053 4238 3189 4291 ergo
3233 4220 3409 4273 totius
3458 4218 3633 4289 aequi-

1870 4300 1913 4353 D
1943 4313 2072 4367 tatis
2104 4313 2349 4380 ratione,
2395 4312 2527 4366 huic
2575 4313 2794 4366 stolidae
2832 4309 3270 4381 praesumptioni
3318 4309 3466 4361 vires
3505 4314 3629 4359 tan-

1940 4406 2063 4455 tum
2106 4401 2337 4454 conanti
2378 4403 2621 4454 latenter
2668 4402 2934 4465 innuens,
3004 4402 3388 4452 consentanea
3431 4411 3630 4465 regum

1938 4490 2203 4543 voluntas
2244 4490 2498 4543 indebite
2541 4489 2956 4552 subministrat,
2996 4504 3060 4541 ex
3111 4504 3223 4556 quo
3268 4486 3410 4540 inibi
3448 4486 3630 4555 impe-

1938 4578 2089 4631 rium
2120 4579 2317 4631 statuit
2374 4579 2584 4630 habere
2640 4583 2828 4647 caput.
2889 4576 3149 4645 Plerique
3196 4575 3482 4645 siquidem
3527 4576 3633 4627 hoc

1936 4665 2228 4736 fastigium
2263 4666 2581 4735 apostolica:
2614 4664 2908 4733 dignitatis
2942 4664 3198 4717 debitum
3242 4663 3634 4717 Constantina-

1939 4754 2178 4825 politani
2227 4758 2574 4823 appetentes,
2630 4754 2799 4806 toties
2842 4752 3227 4822 ignominiosa
3276 4768 3407 4804 cum
3452 4752 3628 4805 dede-

1938 4859 2069 4896 core
2128 4848 2259 4895 sunt
2307 4842 2529 4907 devicti,
2562 4841 2783 4911 quoties
2815 4848 3032 4895 tumore
3063 4840 3406 4894 extollentim
3447 4839 3632 4893 intlati

1939 4932 1999 4985 id
2027 4948 2195 5002 agere
2231 4932 2435 4985 adorsi.
2500 4932 2637 4984 Nam
2683 4933 2965 5001 relegatur
3005 4931 3244 5001 epistola
3300 4928 3450 4982 beati
3506 4930 3633 4981 Gre-

1939 5021 2087 5090 gorii
2140 5036 2304 5089 papa:
2347 5020 2415 5073 ad
2457 5021 2735 5073 Joannem
2792 5019 3489 5089 Cunstantinopolitanum
3530 5033 3628 5069 an-

1938 5108 2175 5162 tistitem
2217 5108 2329 5177 (lib.
2364 5123 2434 5175 tv,
2469 5113 2631 5177 epist.
2685 5111 2789 5177 38),
2840 5125 2941 5179 pro
2993 5109 3126 5161 satis
3175 5106 3465 5160 irridendo
3508 5122 3629 5157 am-

1939 5196 2082 5263 bitu,
2119 5195 2217 5266 qui
2250 5213 2307 5249 se
2339 5197 2395 5249 in
2429 5197 2643 5266 synodo
2670 5196 2768 5249 ubi
2800 5198 2918 5266 ipse
2955 5195 3293 5264 praesidebat
3338 5194 3626 5245 universa-

1939 5286 2055 5339 lem
2084 5301 2292 5355 papam
2341 5285 2616 5355 appellari
2652 5291 2708 5338 et
2737 5285 3013 5338 conscribi
3072 5283 3218 5344 fecit,
3280 5282 3473 5351 ibique
3532 5281 3631 5351 qui

1942 5374 2147 5444 legerit
2176 5374 2384 5427 clarius
2432 5374 2752 5444 perspicere
2802 5374 3033 5441 poterit,
3067 5388 3198 5425 cum
3228 5376 3442 5440 quanta
3474 5387 3627 5423 seve-

1942 5463 2107 5517 ritate
2140 5478 2272 5516 eum
2300 5463 2610 5533 apostolica
2642 5461 2952 5515 auctoritas
2998 5465 3325 5530 protervum
3366 5476 3629 5530 compro-

1940 5552 2085 5606 bans
2112 5552 2172 5606 in
2193 5556 2417 5607 tantum
2439 5549 2923 5617 condemnaverit,
2948 5556 3009 5603 ut
3035 5549 3305 5604 eumdem
3356 5556 3630 5619 apostatze
