4044 6174
391 277 423 325 7
433 275 498 325 59

1240 273 1460 326 [ΕΝΕῶ
1503 272 1932 327 PARISIENSIS
1973 274 2281 329 EPISCOPI
2327 273 2524 328 LIBER
2565 275 2727 328 ADV.
2778 274 3081 356 GHA‘JCOS.
3775 280 3869 331 760

399 409 605 478 angelo
652 379 1013 478 aequiparaus
1056 404 1360 458 infeliciter
1417 411 1796 475 compararet,
1847 406 1948 477 qui
1986 421 2088 477 per
2125 412 2171 462 A
2201 406 2869 476 plerumque‘diaconus
2935 406 3184 476 quodam
3257 407 3400 458 saltu
3461 421 3572 458 non
3623 413 3869 476 percepta

400 496 727 568 superbiam
780 496 954 548 latera
1002 493 1366 547 distendens:
1443 494 1524 547 sic
1592 493 1765 547 fetido
1815 495 2093 548 eructavit

403 585 697 639 anhelitu:
757 585 821 635 In
866 584 1050 636 emtum
1105 583 1494 635 conscendam:
1546 597 1712 650 super
1769 588 1922 636 astra
1980 584 2093 636 ρατΖὶ

401 673 652 728 cacaltabo
699 673 895 725 solium
938 687 1153 733 meum;
1206 671 1394 724 sedebo
1466 675 1524 723 in
1568 675 1748 723 monte
1788 675 2094 724 testamenti

400 767 459 815 in
501 761 762 814 lateribus
808 761 1118 825 Aquilonis,
1189 760 1476 812 ascendam
1543 775 1707 827 super
1746 760 2094 812 altitudinem

401 849 647 909 nubium,
713 850 906 902 similis
952 863 1040 900 cro
1099 849 1378 901 Altissimo
1439 847 1571 914 (.lsa.
1625 862 1732 899 xw.
1795 849 1867 916 6).
1923 847 2096 916 Cujus

400 937 574 991 etiam
630 943 821 990 tumor
877 952 980 1005 per
1044 950 1277 988 omnem
1335 935 1632 1005 epistulam
1701 935 2096 988 honestissime

388 1027 637 1095 texitur,
672 1033 728 1080 et
759 1026 869 1080 nisi
891 1027 962 1078 ab
985 1025 1198 1078 illicitis
1221 1025 1603 1094 resipisceret,
1637 1024 1904 1077 eumdem
1937 1024 2094 1078 dam—

403 1116 625 1170 nationi
676 1115 1012 1168 submittere
1074 1113 1379 1183 promittit.
1436 1112 1678 1165 Proinde
1727 1113 1900 1165 etiam
1952 1113 2096 1166 Cou-

407 1204 673 1258 stantina:
731 1209 1003 1273 Augustae
1055 1203 1354 1273 epistolam
1405 1201 1622 1268 dirigit,
1677 1206 1736 1254 ut
1783 1201 1842 1253 in
1890 1201 2100 1254 talibus

406 1299 523 1347 tam
554 1292 674 1363 ipsa
702 1308 876 1362 quam
921 1291 1236 1360 imperator
1284 1306 1579 1360 nunquam
1627 1305 1919 1342 assensum
1962 1305 2102 1359 prai-

407 1381 600 1444 beant,
633 1397 704 1434 ne
749 1380 890 1434 forte
936 1378 1142 1448 aliquis
1175 1378 1484 1432 inﬁdorum
1535 1378 1685 1432 beati
1734 1378 1882 1431 Petri
1925 1377 2098 1448 privi-

409 1470 554 1538 legia
590 1469 904 1537 infringere
931 1468 1336 1537 quoquomodo
1369 1472 1652 1536 pertentet
1681 1466 1796 1536 (lib.
1833 1483 1905 1533 ιν,
1941 1471 2097 1534 epist.

409 1560 498 1620 3i,
541 1563 592 1611 ct
644 1557 717 1610 ad
774 1558 998 1609 Mei-urit.
1061 1556 1300 1622 August.
1359 1557 1518 1624 epist.
1576 1557 1644 1608 32
1692 1555 1873 1620 ibid.).
1919 1554 1975 1608 Si
2007 1555 2103 1610 ha-

411 1663 540 1701 rum
575 1646 872 1715 plenitudo
901 1645 1271 1716 epistularum
1321 1644 1663 1704 revolvatur,
1715 1643 1921 1697 melius
1952 1643 2102 1696 solli-

407 1737 516 1789 cite
561 1733 918 1788 addiscentes
967 1735 1103 1786 satis
1150 1732 1495 1803 abundeque
1542 1733 1850 1802 perdocere
1891 1731 2096 1803 quibit.

413 1823 632 1878 Etenim
679 1823 733 1875 in
767 1821 1246 1892 descriptionibus
1293 1823 1685 1876 Romanorum
1733 1820 2099 1891 pontiﬁcum,

409 1912 527 1966 haec
555 1911 754 1966 eadem
784 1911 1159 1982 prmsumptio
1200 1910 1452 1964 crebrius
1483 1925 1545 1963 ac
1587 1908 1900 1964 districtius
1943 1924 2099 1963 coer-

407 2003 518 2055 cita
547 2001 850 2072 reperitur.
1845 1993 1851 1998 ’

485 2111 510 2140 (ι
545 2089 725 2158 Igitur
754 2088 906 2158 quod
953 2087 1229 2158 Ignatius,
1263 2086 1916 2155 Constantinopolitanai
1953 2086 2104 2140 sedis

411 2178 732 2247 episcopus,
787 2193 973 2246 nuper
1036 2176 1413 2246 apostolicam
1452 2175 1645 2229 sedem
1685 2175 1852 2245 juxta
1895 2179 2105 2229 statuta

414 2268 647 2320 Patrum
680 2265 952 2319 canonice
985 2266 1323 2330 reclamans,
1357 2263 1593 2334 indigne
1628 2263 1834 2316 dicitur
1865 2262 2104 2317 damna-

410 2360 505 2408 tus
536 2374 550 2421 ;
580 2360 635 2408 et
666 2354 900 2407 Pliotius
949 2353 1271 2423 neophytus
1318 2351 1378 2405 in
1409 2352 1532 2406 loco
1564 2352 1686 2422 ejus
1711 2359 1914 2405 contra
1941 2368 2107 2422 regu-

412 2444 524 2498 lam
571 2442 1011 2496 ecclesiasticam
1073 2442 1436 2506 constitutus,
1506 2457 1622 2494 non
1669 2440 1966 2510 episcopus
2017 2441 2105 2494 di-

412 2532 648 2599 cendus,
681 2532 778 2584 sed
807 2531 997 2602 potius
1031 2531 1277 2595 invasor,
1311 2547 1342 2583 a
1372 2530 1640 2600 conjugio
1682 2529 1835 2582 illico
1887 2530 2107 2583 solutus

413 2625 472 2673 et
502 2626 848 2686 tonsoratus,
885 2625 1164 2690 quantum
1193 2635 1223 2672 a
1255 2618 1473 2672 ratione
1505 2619 1751 2684 aberrat,
1787 2622 1979 2687 aperte
2010 2633 2108 2670 co-

418 2724 692 2778 gnoscere
723 2709 892 2774 valet,
933 2708 1034 2780 qui
1062 2708 1426 2779 synodalium
1453 2706 1855 2761 deﬁnitionum
1885 2705 2104 2759 inscitia

415 2803 588 2851 caret.
622 2799 730 2851 Pro
761 2797 934 2850 simili
983 2797 1273 2850 invasione
1325 2796 1464 2849 olim
1499 2794 1840 2848 miserabilis
1883 2795 2108 2865 dispen-

415 2886 496 2941 dii
545 2885 781 2939 exitium
824 2903 987 2957 passa
1035 2893 1116 2939 est
1169 2887 1426 2939 Romana
1475 2884 1737 2951 Ecclesia,
1784 2884 1957 2936 veluti
2003 2883 2106 2936 sub

2204 495 2580 564 presbyterali
2613 495 3013 548 benedictione
3056 495 3115 547 in
3169 494 3498 564 episcopum
3550 495 3731 549 subito
3760 512 3868 548 con-

2205 591 2478 648 secretur,
2508 584 2815 637 dicendum
2863 583 3245 653 simplicitatis
3276 583 3497 650 affectu,
3535 583 3670 654 quia
3717 586 3869 653 depe-

2204 673 2278 725 rit
2334 673 2631 725 rationalis
2699 674 2991 742 respowio
3040 672 3427 742 hujuscemodi
3479 672 3873 742 astipulationi-

2207 762 2311 815 bus
2339 762 2600 827 subnixa,
2635 778 2761 814 cum
2796 762 2892 815 illa
2921 779 3048 832 qua).
3093 764 3314 831 ignorat
3344 761 3678 831 depromere
3708 778 3873 814 sermo

2205 850 2488 903 veridicos
2532 851 2735 920 pudice
2791 851 3054 920 refugiat,
3111 850 3354 902 maxime
3404 849 3451 902 si
3494 850 3550 902 in
3593 851 3873 919 propatulo

2207 939 2405 1011 lingua
2434 939 2788 994 distendatur
2810 939 3061 1009 eloquio,
3097 943 3152 991 et
3183 954 3544 1008 nequaquam
3592 938 3876 990 sustentari

2207 1029 2384 1099 possit
2432 1035 2755 1081 sanctarum
2816 1028 3239 1098 Scripturarum
3293 1027 3522 1080 auxilio.
3585 1027 3752 1079 Vultu
3807 1033 3874 1079 ta-

2210 1133 2340 1169 men
2390 1133 2695 1187 suppresso
2747 1116 2850 1168 sub
2909 1116 3144 1168 arbitrio
3204 1115 3522 1168 intellectus
3581 1114 3875 1167 verecunde

2211 1205 2548 1272 cedendum,
2581 1221 2692 1276 quo
2728 1206 2872 1258 forte
2901 1204 2983 1257 illi
3018 1204 3116 1274 qui
3163 1203 3390 1256 istiusce
3435 1203 3778 1255 ordinationi
3803 1218 3877 1253 as-

2213 1293 2486 1356 sentiunt,
2523 1293 2625 1346 hoc
2653 1291 2896 1362 intelligi
2929 1293 3124 1359 velint,
3175 1291 3310 1362 quia
3359 1291 3457 1361 qui
3506 1278 3878 1344 benedictione

2212 1380 2527 1452 pontiﬁciili
2591 1381 2971 1451 perfungitur,
3034 1381 3378 1450 reliquarum
3443 1379 3880 1432 benedictionum

2217 1472 2434 1524 honore
2466 1470 2785 1534 decoretur,
2822 1470 2937 1521 sive
2966 1469 3095 1538 quia
3117 1468 3175 1520 in
3203 1467 3623 1521 consecratione
3655 1465 3884 1535 corporis

2211 1558 2424 1615 Christi
2457 1565 2514 1612 et
2545 1557 2842 1628 sanguinis
2879 1557 3130 1611 ofﬁcium
3166 1557 3424 1627 praesulis
3477 1572 3540 1609 ac
3587 1554 3884 1626 presbyteri

2214 1647 2448 1718 mystice
2492 1647 2740 1700 uniatur.
2776 1646 2931 1700 Sicut
2989 1645 3143 1698 enim
3203 1644 3263 1697 in
3309 1651 3593 1698 terrarum
3652 1659 3781 1713 rege
3812 1643 3883 1695 di-

2215 1752 2386 1789 verste
2437 1735 2741 1805 dignitates
2799 1735 3198 1787 ascribuntur:
3247 1749 3378 1786 nam
3430 1733 3800 1802 imperatores
3832 1747 3883 1784 ex

2210 1823 2541 1876 consulibus
2566 1821 2764 1888 creati,
2796 1827 3028 1890 propter
3057 1821 3248 1890 regale
3279 1819 3690 1872 commercium
3720 1834 3880 1889 quon-

2211 1910 2342 1966 dam
2402 1927 2516 1964 nou
2593 1909 2955 1974 omittebant,
3036 1925 3136 1962 nec
3187 1907 3485 1961 mutabant
3543 1907 3788 1961 consulis
3839 1913 3883 1958 et

2210 1999 2436 2070 patricii
2489 2011 2740 2052 nomen:
2804 1998 2881 2050 ita
2957 1997 3112 2050 creuli
3171 2001 3354 2067 potest
3412 1996 3562 2066 quod
3623 1996 3681 2049 in
3735 1994 3883 2048 subli-

2210 2088 2408 2142 mitate
2465 2087 2698 2158 majoris
2770 2086 3055 2156 pontiﬁcis
3129 2084 3401 2138 consistat
3471 2085 3648 2137 etiam
3720 2084 3882 2136 honor

2212 2177 2451 2230 minoris
2519 2175 2846 2230 sacerdotis.
2914 2174 3172 2228 Forsitan
3250 2177 3441 2226 autem
3521 2173 3604 2226 illi
3681 2171 3775 2242 qui
3826 2170 3884 2224 de

2211 2265 2452 2319 diacono
2507 2265 2776 2318 ordinant
2827 2263 3179 2333 episcopum,
3228 2261 3611 2332 praetermissa
3671 2259 3882 2314 benedi-

2211 2355 2400 2408 ctione
2432 2352 2826 2424 presbyterali,
2862 2351 3165 2405 assertioni
3216 2351 3275 2403 Β.
3314 2349 3644 2419 Hieronymi
3691 2349 3746 2401 in
3788 2347 3885 2416 epi-

2213 2443 2356 2497 stola
2387 2442 2674 2512 loquentis
2705 2441 2771 2494 ad
2801 2441 2989 2494 Titum
3020 2445 3289 2508 exparte
3323 2439 3668 2492 concredere
3711 2437 3884 2490 viden-

2215 2536 2327 2596 tur,
2356 2531 2456 2601 qui
2496 2531 2750 2584 officium
2803 2529 3120 2599 presbyteri
3182 2528 3237 2580 in
3295 2527 3488 2596 aliquo
3545 2522 3888 2594 compartici-

2213 2620 2340 2691 pari
2371 2620 2620 2674 afﬁrmat
2650 2617 2970 2672 ministerio
3019 2616 3349 2685 episcopali.
3384 2615 3494 2669 Sed
3536 2631 3608 2668 ne
3640 2615 3778 2668 forte
3805 2611 3890 2664 ali-

2214 2709 2491 2779 quantula
2528 2708 2586 2760 in
2627 2708 2791 2761 nobis
2843 2706 3120 2759 excitetur
3179 2705 3353 2757 motio
3404 2705 3688 2772 majorum
3719 2699 3890 2756 domi-

2215 2814 2443 2855 norum,
2473 2801 2724 2850 nmtram
2775 2794 3107 2848 omittentes
3155 2791 3214 2844 in
3263 2791 3432 2860 hujus
3484 2791 3698 2860 negotii
3733 2804 3891 2860 quan-

2214 2888 2373 2940 titate
2417 2885 2833 2946 deﬁnitionem,
2892 2882 3070 2951 ipsius
3127 2881 3305 2932 sancti
3359 2878 3689 2947 Hieronymi
3735 2877 3888 2929 verba

413 2975 772 3044 temporibus
798 2975 986 3045 Vigilii
1017 2974 1302 3045 pontiﬁcis
1335 2973 1595 3044 contigit,
1629 2973 1727 3043 qui
1757 2972 1979 3026 Silverii
2009 2989 2104 3026 ve-
2146 2983 2186 3037 ρ
2215 2975 2337 3027 sine
2374 2978 2701 3026 nostrorum
2729 2969 3150 3023 intermistione
3189 2968 3495 3021 verborum
3524 2966 3773 3021 ﬁdeliter
3798 2983 3889 3036 po-

415 3063 689 3117 nerabilis
737 3079 902 3134 papa
933 3065 1124 3117 sedem
1178 3063 1300 3134 ipso
1349 3063 1534 3117 adhuc
1576 3063 1796 3116 vivente
1827 3065 1882 3115 et
1912 3061 2108 3115 exsilio

415 3152 717 3222 deportato
744 3152 1075 3222 turpissime
1105 3151 1160 3204 vi
1203 3151 1486 3222 arripuit;
1529 3167 1749 3205 necnon
1800 3150 1972 3204 etiam
2004 3151 2109 3203 sub

415 3241 582 3295 beato
615 3241 901 3312 Stephano
950 3258 1115 3312 papa,
1158 3258 1187 3293 a
1254 3245 1449 3294 sancto
1509 3241 1676 3294 Petro
1737 3239 2108 3310 nonagesimo

416 3336 574 3384 sexto
636 3331 843 3398 evenit,
905 3331 1136 3400 quando
1193 3329 1306 3383 dux
1356 3329 1589 3400 quidam
1641 3328 1916 3382 vocabulo
1970 3329 2110 3381 Toto

353 3471 360 3476 .
415 3419 647 3472 fratrem
679 3435 844 3472 suum
905 3418 1339 3473 Constantinum
1387 3418 1573 3470 subito
1621 3415 1904 3471 tonsorari
1951 3416 2108 3483 fecit,

417 3513 475 3561 et
503 3509 614 3560 alia
645 3507 736 3561 die
766 3513 964 3560 contra
997 3512 1208 3560 statuta
1239 3521 1522 3560 canonum
1544 3505 1696 3559 idem
1726 3506 1786 3558 in
1807 3505 2108 3558 diaconum

417 3600 797 3658 consecratus,
831 3585 1250 3666 et'proximiori
1283 3595 1576 3650 Dominica
1605 3610 1722 3648 non
1763 3593 1936 3663 digne
1965 3609 2112 3663 pon-

419 3685 554 3739 tifex
584 3685 947 3750 acclamatus,
988 3685 1085 3738 sed
1119 3685 1310 3755 potius
1342 3683 1569 3737 invasor
1599 3683 1926 3753 apostolicae
1963 3681 2111 3735 sedis

412 3773 778 3844 judicandus,
810 3775 1123 3829 Romanam
1173 3775 1479 3828 Ecclesiam
1528 3771 1825 3827 discordia
1858 3771 2111 3825 cladibus

420 3868 477 3916 et
501 3864 750 3917 cruentis
777 3864 1100 3918 homicidiis
1129 3863 1389 3918 ftedavit:
1425 3863 1523 3934 qui
1555 3863 1628 3916 ob
1676 3867 1850 3915 tantas
1890 3860 2110 3930 cupidi-

418 3951 550 4004 tatis
581 3951 912 4021 voraginem
958 3952 1028 4006 ad
1075 3953 1181 4006 hoc
1226 3967 1408 4022 usque
1451 3950 1729 4021 pervenit,
1771 3955 1836 4002 ut
1880 3965 1948 4001 ex
1978 3947 2110 4001 sede

419 4045 648 4111 arrepta
682 4041 1012 4111 turpissime
1053 4041 1415 4112 dejiceretur,
1457 4046 1513 4092 et.
1557 4055 1779 4092 carcere
1837 4037 2108 4100 reclusus,

420 4129 653 4182 tandem
687 4146 718 4182 a
746 4128 881 4182 ﬁliis
907 4129 1181 4198 nequitiae
1204 4131 1499 4182 oculorum
1520 4127 1735 4180 lumine
1767 4124 2109 4195 privaretur.

420 4217 527 4270 Ista
559 4217 754 4286 itaque
776 4233 904 4270 cum
929 4217 1086 4269 natio
1108 4216 1434 4269 Graecorum
1463 4214 1814 4285 cognoverit,
1849 4217 1946 4266 aut
1971 4213 2113 4266 forte

2218 3078 2421 3116 namus
2453 3061 2527 3129 (S.
2563 3061 2958 3128 Hieronymus,
3003 3058 3101 3111 lib.
3137 3075 3150 3111 ι
3185 3061 3242 3111 in
3283 3059 3462 3126 Epist.
3508 3057 3584 3110 ad
3617 3059 3743 3114 Tit.
3780 3071 3886 3124 cap.

2219 3167 2255 3213 ι,
2289 3149 2360 3217 5).
2402 3149 2546 3203 Sunt
2601 3149 2751 3201 enim
2812 3147 2946 3200 talia
2992 3147 3052 3199 in
3101 3146 3425 3215 supradicta
3482 3145 3744 3214 epistola,
3808 3141 3889 3196 ubi

2217 3238 2365 3291 hanc
2393 3238 2687 3307 eleganter
2714 3235 2953 3305 exponit
2973 3235 3317 3288 sententiam
3349 3250 3361 3286 :
3399 3237 3466 3287 Et
3487 3237 3783 3287 constituas
3806 3247 3890 3301 per

2218 3327 2462 3379 civitates
2489 3325 2851 3393 presbyteros,
2895 3327 3035 3377 sicut
3065 3339 3158 3391 ego
3213 3323 3311 3376 tibi
3357 3323 3622 3391 disposui.
3665 3320 3888 3376 Audiant

2219 3414 2475 3485 episcopi
2519 3414 2618 3483 qui
2685 3413 2901 3467 habent
2966 3411 3351 3465 constituendi
3399 3410 3762 3480 presbyteros
3805 3422 3890 3479 per

2217 3504 2390 3558 urbes
2412 3503 2666 3572 singulas
2700 3507 3064 3570 potestatem,
3113 3500 3216 3553 sub
3253 3499 3409 3570 quali
3463 3500 3589 3568 lege
3646 3497 3888 3551 ecclesia-

2219 3591 2373 3646 sticae
2410 3591 2836 3645 constitutionis
2885 3591 3024 3643 ordo
3067 3594 3349 3654 teneatur,
3395 3604 3499 3640 nec
3530 3592 3732 3657 putent
3760 3590 3889 3654 Apo-

2221 3680 2545 3733 stoliverba
2591 3696 2733 3747 esse,
2785 3679 2878 3732 sed
2925 3678 3129 3733 Christi
3178 3677 3278 3747 qui
3331 3676 3400 3729 ad
3455 3675 3761 3745 discipulos
3790 3673 3888 3725 ait:

2221 3768 2324 3834 Qui
2346 3785 2440 3823 vos
2479 3773 2708 3837 spernit,
2771 3783 2855 3821 mc
2903 3771 3132 3836 spernit.
3187 3766 3291 3831 Qui
3338 3770 3520 3819 autem
3573 3781 3655 3818 me
3704 3764 3892 3833 spernit

2219 3859 2428 3926 spernit
2459 3873 2576 3910 cum
2603 3861 2698 3921 qui
2726 3872 2808 3910 me
2832 3857 3000 3910 misit.
3034 3855 3122 3910 Sic
3148 3859 3200 3907 ct
3238 3858 3332 3920 qui
3375 3869 3467 3907 vos
3493 3854 3673 3919 audit,
3704 3867 3776 3904 mc
3799 3866 3892 3902 au-

2221 3945 2323 3998 dit.
2375 3943 2479 4010 Qui
2516 3948 2698 3997 autem
2735 3959 2817 3996 me
2863 3943 3043 4007 audit,
3101 3941 3259 3995 audit
3323 3957 3443 3994 eum
3485 3944 3582 4005 qui
3633 3954 3710 3992 me
3760 3939 3892 3989 misit

2223 4034 2375 4104 (Luc.
2429 4032 2505 4102 x).
2559 4034 2633 4085 Ex
2683 4048 2798 4103 quo
2845 4031 3209 4084 manifestum
3257 4035 3340 4082 est
3390 4045 3485 4082 eos
3524 4028 3627 4099 qui
3658 4023 3888 4096 Apostoli

2222 4123 2346 4189 lege
2367 4126 2714 4190 contempta,
2765 4119 3202 4174 ecclesiasticum
3263 4118 3504 4188 gradum
3549 4133 3661 4170 non
3707 4113 3888 4168 merito

2223 4209 2506 4262 voluerint
2535 4208 2702 4261 alicui
2734 4207 2975 4275 deferre,
3024 4207 3120 4260 sed
3167 4206 3351 4276 gratia
3400 4211 3602 4258 contra
3630 4202 3887 4258 Christum

421 4306 469 4357 si
499 4321 615 4357 non
647 4311 798 4371 ante,
833 4305 919 4358 vel
950 4321 1103 4358 nunc
1131 4304 1346 4358 discere
1373 4305 1605 4374 poterit,
1638 4303 1945 4357 instantius
1993 4307 2111 4355 stu-
2153 4285 2194 4338 Ῑ)
2225 4297 2428 4364 facere,
2463 4298 2562 4367 qui
2593 4297 2778 4366 qualis
2829 4296 2887 4348 in
2933 4295 3177 4349 Ecclesia
3225 4296 3521 4365 presbyter
3563 4291 3885 4346 constituen-

420 4393 700 4462 pendum,
736 4408 837 4446 cur
866 4395 1219 4464 neophytum
1247 4393 1535 4463 extemplo
1566 4391 1768 4445 uxoria
1793 4391 1999 4461 copula
2029 4407 2118 4444 so-

420 4480 608 4534 lutum
639 4480 759 4534 sine
792 4481 984 4552 aliquo
1013 4482 1312 4535 intervallo
1337 4487 1391 4535 et
1414 4481 1748 4552 probatione
1790 4483 2113 4550 temporum

423 4567 483 4621 in
535 4569 727 4623 sedem
768 4569 908 4624 falso
957 4570 1212 4624 damnati
1259 4569 1466 4640 Ignatii
1510 4567 1924 4639 subrogaverit.
1957 4568 2056 4624 Vix
2084 4585 2117 4621 a

424 4656 693 4710 muliebri
725 4659 990 4728 amplexu
1019 4659 1268 4724 avulsus,
1301 4664 1356 4711 et
1406 4676 1437 4712 a
1469 4658 1790 4728 pollutione
1841 4673 2120 4726 corporea

423 4745 670 4799 necdum
696 4747 946 4816 perfecte
995 4747 1320 4814 mundatus,
1369 4747 1544 4801 etiam
1575 4747 1633 4800 in
1666 4746 1996 4816 pontiﬁcem
2039 4749 2118 4798 to-

422 4832 536 4886 tius
573 4834 871 4889 munditiae
903 4836 1148 4906 erigitur
1193 4841 1248 4889 et
1286 4841 1591 4890 veneratur
1619 4834 1978 4888 sublimatus.
2023 4833 2118 4886 His

425 4927 482 4975 et
511 4921 638 4975 aliis
692 4928 1101 4993 tempestatum
1169 4924 1430 4995 procellis
1468 4929 1664 4977 sancta
1725 4921 2120 4993 centupliciter

425 5025 697 5065 concussa
731 5013 970 5066 Ecclesia
998 5013 1191 5066 horret
1241 5018 1355 5067 tam
1401 5012 1831 5078 nefandissima,
1880 5027 1997 5064 non
2027 5027 2117 5064 so-

423 5097 543 5153 lum
576 5116 749 5170 opere
780 5101 1046 5172 perfecta,
1083 5119 1276 5155 verum
1305 5101 1477 5155 etiam
1520 5105 1646 5155 voto
1677 5099 1988 5170 peragendi
2020 5115 2117 5152 co-

423 5188 608 5257 gitatu
657 5196 950 5261 concepta.
1002 5191 1130 5245 Hinc
1182 5191 1250 5244 de
1307 5189 1602 5261 privilegio
1660 5187 1956 5260 apostolici
2002 5187 2117 5258 pri-

427 5283 612 5332 matus
642 5278 892 5333 breviter
920 5279 1219 5350 perstricta
1245 5279 1548 5334 sufﬁciant.
1583 5299 1610 5326 ››

1115 5423 1245 5478 CAP.
1288 5421 1450 5477 CCX.“

498 5542 573 5596 De
603 5540 710 5596 hoc
735 5547 930 5599 autem
974 5543 1129 5615 quod
1177 5542 1456 5613 quaaritur
1484 5556 1663 5612 quare
1695 5540 1848 5611 apud
1881 5540 2120 5594 Romam

2225 4387 2332 4440 dus
2362 4387 2432 4439 sit
2461 4401 2563 4456 per
2584 4385 2907 4454 apostolum
2939 4400 3107 4437 suum
3136 4384 3192 4436 in
3222 4382 3593 4453 sequentibus
3615 4385 3885 4434 exsecutus

2225 4480 2324 4528 est.
2360 4475 2573 4544 Moyses
2627 4473 2844 4526 amicus
2878 4472 2995 4537 Dei,
3051 4472 3141 4526 cui
3200 4472 3340 4526 facie
3393 4471 3460 4524 ad
3518 4471 3720 4524 faciem
3766 4469 3886 4522 Deus

2225 4565 2448 4618 locutus
2505 4568 2609 4628 est,
2669 4562 2858 4631 potuit
2910 4561 3110 4631 utique
3167 4575 3517 4614 successores
3562 4557 3887 4628 principatus

2225 4654 2371 4708 ﬁlios
2401 4669 2534 4707 suos
2585 4653 2788 4720 facere,
2840 4657 2896 4706 et
2948 4653 3193 4723 posteris
3250 4652 3541 4720 propriam
3595 4650 3885 4718 relinquere

2225 4741 2563 4810 dignitatem
2589 4757 2602 4806 ;
2632 4741 2727 4795 sed
2768 4746 3072 4795 extraneus
3119 4742 3187 4794 de
3236 4740 3347 4793 alia
3389 4739 3542 4792 tribu
3566 4735 3886 4808 eligiturle-

2227 4847 2340 4893 sus,
2376 4834 2438 4883 ut
2485 4829 2761 4884 sciremus
2809 4830 3198 4899 principatum
3249 4828 3306 4880 in
3353 4829 3600 4899 populos
3632 4843 3739 4880 non
3781 4837 3886 4875 san-

2227 4918 2388 4988 guini
2417 4918 2788 4972 deferendum
2840 4934 2982 4985 esse,
3037 4918 3131 4971 sed
3165 4917 3315 4970 vitai.
3347 4920 3419 4970 At
3447 4931 3606 4970 nunc
3635 4913 3888 4968 cernimus

2226 5006 2507 5078 plurimos
2551 5007 2828 5060 honorem
2893 5007 3235 5060 beneﬁcium
3289 5005 3494 5071 facere,
3537 5009 3601 5058 ut
3632 5019 3738 5057 non
3767 5012 3889 5069 que:-

2225 5100 2357 5149 rant
2385 5111 2483 5148 θος
2513 5095 2609 5164 qui
2638 5099 2877 5164 possunt
2909 5095 3166 5148 Ecclesia:
3189 5095 3317 5164 plus
3348 5094 3618 5164 prodesse
3649 5097 3703 5145 et
3733 5087 3889 5144 Eccle-

2228 5184 2326 5237 siae
2361 5183 2582 5253 erigere
2634 5184 2968 5250 columnas;
3013 5183 3110 5237 sed
3155 5199 3298 5253 quos
3330 5183 3414 5235 vel
3447 5181 3558 5252 ipsi
3591 5184 3795 5243 amant,
3823 5173 3889 5225 vel

2229 5287 2473 5343 quorum
2510 5277 2642 5326 sunt
2676 5272 2969 5343 obsequiis
3001 5272 3242 5337 deliniti,
3275 5272 3361 5325 vel
3385 5287 3488 5341 pro
3517 5269 3726 5340 quibus
3745 5265 3891 5333 majo-

2228 5376 2356 5415 rum
2391 5360 2681 5430 quispiam
2710 5363 3022 5431 rogaverit,
3062 5366 3118 5415 et
3147 5366 3209 5414 ut
3236 5361 3517 5415 deteriora
3547 5364 3781 5420 taceam,
3810 5348 3892 5423 qui

2227 5454 2292 5503 ut
2320 5450 2508 5503 clerici
2541 5449 2760 5514 ﬁerent,
2793 5450 3128 5503 muneribus
3161 5451 3562 5520 impetrarunt.
3613 5447 3893 5513 Diligenter

2229 5538 2480 5610 Apostoli
2523 5538 2884 5592 attendamus
2949 5539 3120 5592 verba
3169 5537 3444 5592 dicentis:
3503 5539 3571 5592 Ut
3622 5537 3892 5590 constituas
