4044 6174
177 309 261 358 761
978 261 1363 360 ΗΕιῖΛΒῡυὸ
1399 303 1649 358 TURON.
1693 302 2017 358 AltCHlEP.
2053 333 2120 340 —
2146 301 2426 356 NOTITIA
2468 302 2863 358 HISTORICA.

3565 306 3667 357 762

168 449 269 504 per
332 437 576 488 civitates
618 435 983 502 presbyteros,
1018 437 1156 487 sicut
1191 450 1283 500 ego
1317 435 1414 487 tibi
1445 434 1692 503 disposui
1729 433 1860 502 (Tit.
1902 437 1944 490 A
1974 448 2202 500 vocans,
2250 438 2443 502 postea
2504 433 2733 487 eosdem
2802 434 3096 504 episcopos
3148 434 3369 489 dixerit.
3423 436 3482 490 Si
3542 435 3668 505 quis

176 539 209 582 ι,
244 525 320 590 5).
352 522 458 585 Qui
504 523 688 591 qualis
741 522 1038 592 presbyter
1088 521 1292 575 debeat
1323 522 1599 587 ordinari,
1634 523 1862 582 iﬂcou-

170 611 544 681 sequentibus
582 600 887 674 disserens,
943 611 1046 663 hoc
1077 616 1160 663 est
1193 626 1206 664 :
1240 612 1299 664 Si
1331 615 1453 676 quis
1505 617 1582 665 est
1611 616 1734 665 sine
1763 617 1866 666 cri-

169 703 332 764 mine,
375 703 540 752 unius
580 703 767 752 tueor-is
826 703 929 759 vir,
967 705 1070 752 etc.
1123 701 1322 752 Postca
1346 699 1586 752 intulit:
1644 699 1866 767 Oportet

169 791 305 840 enim
331 791 642 856 episcopum
672 792 787 840 sine
817 791 1038 841 crimine
1069 804 1200 852 esse,
1224 793 1485 854 tanquam
1514 792 1612 842 Dei
1644 789 1863 857 dispen-

167 880 403 929 satorem
461 875 648 943 (Ibid,
704 879 774 943 6}.
826 877 976 930 Hem
1028 881 1112 930 est
1171 894 1308 945 ergo
1395 877 1690 947 presbyter
1766 875 1864 946 qui

168 964 486 1033 episcopus,
531 971 586 1016 et
623 969 928 1033 antequam
976 964 1188 1017 diaboli
1247 965 1519 1018 instinctu
1573 965 1760 1018 studia
1807 967 1864 1018 in

168 1052 446 1121 religione
479 1052 700 1118 tierent,
755 1056 809 1106 et
861 1053 1148 1106 diceretur
1196 1053 1252 1106 in
1297 1054 1524 1122 populis
1558 1070 1570 1107 :
1602 1056 1714 1121 Ego
1743 1070 1863 1107 sum

167 1142 348 1200 Pauli,
421 1157 515 1206 ego
554 1142 773 1209 Apollo,
835 1158 928 1208 rgo
978 1145 1158 1194 autem
1215 1142 1404 1211 Cephea
1464 1142 1514 1209 (Ι
1569 1144 1686 1196 Cor.
1738 1143 1861 1206 xu),

171 1229 468 1283 αοιῐιιιιιιιιὶ
518 1229 982 1299 presbyterorum
1015 1231 1254 1283 consilio
1291 1231 1545 1284 Ecclesiae
1575 1230 1863 1299 guberna-

171 1318 402 1372 bantur.
441 1317 741 1386 Postquam
784 1334 916 1370 vero
949 1319 1346 1390 unusquisque
1378 1335 1472 1372 eos
1502 1336 1644 1389 quos
1676 1320 1866 1388 bapti-

170 1411 393 1456 zaverat
424 1405 660 1472 putabat
709 1421 861 1468 suos,
898 1422 1009 1458 non
1067 1407 1294 1466 Christi,
1329 1408 1385 1459 in
1445 1413 1564 1460 toto
1598 1409 1734 1460 orbe
1767 1409 1864 1461 de-

165 1499 384 1544 cretum
423 1498 529 1554 est,
565 1498 628 1542 ut
661 1509 806 1545 unus
839 1493 908 1545 de
952 1495 1298 1563 presbyteris
1334 1495 1548 1548 electus
1581 1511 1860 1565 superpo-

166 1586 403 1634 neretur
435 1580 673 1646 caneris,
711 1581 792 1633 ad
835 1597 1008 1651 quem
1041 1583 1228 1635 omnis
1273 1599 1406 1636 cura
1443 1584 1699 1637 Ecclesiae
1731 1600 1866 1654 per-

166 1668 396 1732 tineret,
451 1674 507 1720 et
564 1669 933 1723 schismatum
1001 1672 1223 1724 semina
1286 1672 1642 1726 tollerentur.
1703 1673 1866 1726 Putat

169 1757 380 1827 aliquis
417 1773 531 1809 non
574 1757 1017 1828 Scripturarum,
1057 1761 1154 1814 sed
1186 1766 1441 1814 nostram
1475 1777 1593 1814 esse
1636 1767 1865 1815 senten-

168 1847 334 1909 tiam,
368 1847 704 1915 episcopum
729 1852 785 1899 et
816 1848 1212 1918 presbyterum
1251 1865 1427 1902 unum
1453 1865 1598 1916 esse,
1629 1855 1684 1902 et
1711 1850 1869 1904 aliud

170 1934 378 1998 aetatis,
416 1933 569 1986 aliud
603 1949 724 1986 esse
758 1950 968 1987 nomen
1003 1936 1216 1989 ofﬁcii?
1248 1937 1486 2007 Relegat
1514 1938 1768 2006 Apostoli
1798 1938 1866 1990 ad

168 2022 570 2089 Philippenses
624 2024 798 2076 verba
832 2024 1120 2078 dicentis:
1183 2028 1390 2081 Paulus
1438 2031 1489 2080 et
1545 2027 1867 2082 Timothasus

165 2111 310 2161 servi
337 2111 544 2162 Christi
569 2110 726 2174 Jesu,
760 2112 1006 2164 omnibus
1039 2115 1242 2167 sanctis
1274 2117 1330 2166 in
1360 2115 1581 2167 Christo
1607 2116 1747 2168 Jesu
1771 2118 1869 2183 qui

165 2200 292 2247 sunt
313 2196 581 2264 Philippis
602 2213 720 2249 cum
747 2202 1009 2267 episcopis
1035 2205 1085 2252 ct
1102 2203 1344 2255 diaconis
1371 2207 1422 2256 et
1441 2207 1624 2270 gratia
1650 2204 1800 2257 vobis
1816 2208 1868 2256 et

165 2298 278 2350 pax
311 2290 370 2335 et
401 2285 623 2354 reliqua
656 2287 889 2354 (Philip.
925 2304 962 2350 ι,
1003 2289 1070 2354 l).
1123 2290 1371 2360 Philippi
1419 2307 1533 2344 una
1582 2297 1669 2345 est
1728 2292 1866 2344 urbs

164 2371 528 2437 Macedoniae,
561 2379 616 2426 et
637 2380 786 2427 certe
817 2375 877 2428 in
910 2392 1021 2428 una
1045 2376 1271 2431 civitate
1305 2379 1514 2448 plures,
1553 2384 1612 2433 ut
1642 2396 1862 2433 nuncn-

161 2467 378 2528 pantur
409 2461 661 2532 episcopi
693 2479 812 2516 esse
845 2479 963 2516 non
997 2470 1284 2534 poterant.
1318 2467 1426 2520 Sed
1460 2467 1599 2537 quia
1631 2469 1860 2521 eosdem

159 2549 461 2618 episcopos
491 2550 588 2602 illo
646 2551 704 2603 in
739 2559 991 2620 tempore
1023 2569 1168 2623 quos
1199 2555 1561 2626 presbyteros
1600 2558 1857 2626 appella-

157 2636 318 2702 bant,
372 2646 679 2709 propterea
731 2641 1124 2696 indifferenter
1180 2643 1250 2698 de
1326 2644 1606 2716 episcopis
1699 2648 1860 2717 quasi

157 2728 510 2796 presbyteris
541 2735 624 2782 est
675 2731 916 2784 locutus.
971 2733 1174 2785 Adhuc
1221 2733 1392 2786 alicui
1451 2735 1558 2787 hoc
1607 2734 1861 2788 videatur

155 2815 519 2881 ambiguum,
556 2817 664 2869 nisi
711 2820 890 2872 altero
932 2820 1261 2874 testimonio
1315 2823 1740 2891 comprobetur.
1799 2825 1857 2876 ln

155 2905 393 2956 Actibus
426 2908 815 2974 apostolorum
847 2908 1121 2978 scriptum
1155 2914 1241 2960 est
1275 2913 1424 2979 (Act.
1459 2927 1546 2974 xx,
1571 2912 1670 2980 l7),
1707 2913 1855 2982 quod

157 3008 283 3044 cum
320 2993 572 3046 venisset
591 2997 878 3064 apostolus
907 2997 1116 3050 Paulus
1138 2997 1414 3065 Miletum,
1437 2999 1657 3052 miserit
1684 3000 1859 3070 Ephe-

155 3096 304 3146 sum,
364 3088 420 3134 et
494 3083 774 3137 vocaverit
818 3085 1183 3155 presbyteros
1254 3087 1513 3155 ejusdem
1580 3089 1861 3155 Ecclesiae,

157 3168 373 3236 quibus
425 3176 625 3236 postea
681 3171 831 3224 inter
887 3178 1093 3225 caetera
1125 3174 1196 3227 sit
1253 3178 1526 3230 locutus:
1581 3178 1865 3231 Attendite

153 3257 331 3322 vobis,
365 3262 418 3309 et
448 3261 594 3310 omni
616 3263 790 3326 gregi,
836 3263 893 3313 in
945 3277 1048 3329 quo
1096 3277 1188 3315 vos
1213 3263 1461 3330 Spiritus
1503 3272 1722 3318 sanctus
1760 3283 1862 3334 po-

155 3347 263 3395 suit
291 3347 573 3413 episcopos
602 3363 821 3414 pascere
863 3352 1158 3404 Ecclesiam
1213 3352 1332 3418 Dei,
1376 3368 1540 3420 quam
1569 3357 1862 3421 acquisivit

155 3437 427 3498 sanguine
477 3450 573 3488 suo
629 3437 823 3505 (Ibid.,
890 3438 1000 3508 ‘28).
1072 3441 1136 3493 Et
1210 3441 1303 3494 hic
1355 3441 1720 3511 diligentius
1758 3444 1859 3497 ob-

156 3529 400 3586 servate,
435 3526 728 3592 quomodo
755 3527 924 3580 unius
956 3528 1198 3583 civitatis
1237 3530 1457 3599 iEphesi
1500 3530 1860 3602 presbyteros

1293 3694 1302 3695 ,
1335 3694 1512 3696 κήὴὴ
1967 3694 2102 3699 __
2135 3694 3168 3700 __..__________

1975 524 2096 574 vult
2135 522 2389 591 recipere
2437 521 2760 592 epistolam,
2811 538 2939 592 qua:
2984 523 3088 575 sub
3133 523 3366 576 nomine
3409 523 3572 577 Pauli
3601 523 3670 578 ad

1977 611 2244 664 Hebrmos
2293 611 2502 681 scripta
2557 617 2658 676 est,
2693 618 2749 664 et
2805 611 2884 664 ibi
2933 611 3230 680 aequaliter
3276 613 3428 665 inter
3474 613 3670 682 plures

1973 699 2237 752 Ecclesiae
2269 715 2403 752 cura
2426 698 2718 752 dividitur.
2745 699 3039 769 Siquidem
3074 700 3142 753 ad
3177 700 3399 769 plebem
3430 701 3664 754 scribit:

1974 790 2162 842 Parete
2194 789 2540 858 principibus
2588 791 2781 842 vestris
2809 793 2858 840 et
2887 789 3117 856 subjecti
3148 794 3308 842 estote
3343 805 3355 842 :
3389 792 3502 858 ipsi
3528 792 3670 842 enim

1973 881 2099 930 sunt
2153 878 2250 945 qui
2307 877 2542 944 vigilant
2598 892 2698 945 pro
2769 877 3056 930 animabus
3114 879 3330 942 vestris,
3405 880 3670 930 rationem

1972 965 2275 1030 recidentes,
2325 971 2374 1020 et
2403 982 2467 1018 ne
2485 967 2822 1034 suspirantes
2850 967 2944 1018 hoc
2989 967 3201 1029 faciunt
3238 980 3249 1018 :
3283 966 3550 1033 siquidem
3576 967 3670 1018 hoc

1973 1053 2104 1104 utile
2149 1053 2300 1106 vobis
2339 1058 2416 1107 est
2461 1054 2639 1123 (Hebr.
2667 1070 2786 1122 xui,
2832 1053 2936 1122 l7).
2975 1053 3041 1105 Et
3074 1054 3273 1105 Petrus
3305 1051 3403 1122 qui
3435 1068 3503 1106 ex
3533 1051 3669 1106 ﬁdei

1975 1140 2243 1194 ﬁrmitate
2297 1143 2513 1212 accepit
2563 1157 2795 1207 nomen,
2845 1141 2900 1194 in
2957 1140 3195 1210 epistola
3248 1156 3350 1192 sua
3401 1139 3669 1210 {loquitur

1976 1229 2169 1282 dicens
2201 1248 2216 1283 :
2254 1231 2592 1296 Presbyteros
2622 1247 2748 1298 ergo
2780 1233 2835 1283 in
2863 1231 3010 1283 vobis
3049 1231 3279 1294 obsecro,
3333 1230 3667 1297 compresby-

1975 1323 2072 1380 ter,
2107 1324 2158 1371 et
2197 1321 2346 1372 testis
2373 1319 2578 1373 Christi
2594 1321 2931 1387 passionum,
2965 1321 3060 1386 qui
3089 1324 3137 1372 ct
3168 1318 3283 1386 ejus
3315 1320 3522 1384 gloriae,
3556 1333 3673 1385 quae

1973 1407 2031 1458 in
2073 1407 2326 1470 futurum
2372 1406 2661 1459 revelandu
2701 1411 2798 1471 est,
2849 1409 3023 1460 socius
3081 1422 3240 1461 sum:
3290 1409 3500 1473 pascite
3549 1421 3668 1459 eum

1976 1497 2072 1562 qui
2109 1498 2165 1546 in
2206 1497 2350 1548 vobis
2382 1501 2459 1548 cst
2495 1511 2708 1560 gregem
2748 1497 2974 1558 Domini,
3003 1513 3107 1549 non
3153 1498 3313 1563 quasi
3343 1511 3461 1547 cum
3492 1510 3671 1548 neces-

1973 1584 2153 1646 sitate,
2190 1583 2284 1635 sed
2308 1584 2682 1652 voluntarieﬂ
2703 1586 2843 1637 Petr.
2900 1600 2949 1649 ν,
2988 1582 3057 1651 1).
3092 1585 3219 1637 HERC
3253 1589 3577 1652 propterea,
3612 1589 3672 1635 ut

1979 1671 2414 1726 ostenderemus
2449 1672 2599 1740 apud
2643 1678 2860 1726 veteres
2902 1672 3129 1724 eosdem
3168 1671 3338 1724 fuisse
3378 1672 3670 1740 presbyte-

1980 1775 2071 1812 ros
2103 1776 2246 1829 quos
2283 1761 2615 1830 episcopos;
2663 1761 2942 1830 paulatim
2973 1777 3101 1813 vero
3134 1766 3196 1812 ut
3247 1759 3671 1812 dissensionum

1981 1849 2262 1918 plantaria
2294 1841 2694 1915 evelli-rentur,
2737 1850 2802 1902 ad
2840 1866 3017 1902 unum
3048 1865 3278 1901 omnem
3333 1847 3670 1900 sollicitudi-

1979 1953 2110 1990 nem
2135 1953 2255 1991 esse
2287 1938 2552 1992 delatam.
2589 1939 2744 1993 Sicut
2773 1955 2910 2007 ergo
2947 1936 3263 2008 presbyteri
3295 1936 3484 1989 sciunt
3525 1952 3583 1987 se
3604 1953 3673 1988 ex

1979 2026 2238 2079 Ecclesia:
2295 2027 2707 2080 consuetudine
2754 2025 2806 2080 ei
2836 2025 2935 2095 qui
2967 2025 3074 2078 sibi
3123 2024 3459 2095 pt'ﬁ‘positus
3502 2023 3675 2077 fuerit

1975 2130 2095 2168 esse
2127 2114 2439 2184 subjectos;
2477 2115 2552 2168 ita
2603 2114 2852 2183 episcopi
2901 2113 3166 2166 noverint
3197 2130 3254 2164 se
3303 2111 3484 2181 magis
3533 2127 3670 2164 con-
3749 2144 3752 2145 ν

1976 2203 2280 2256 suetudine
2339 2219 2512 2272 quam
2573 2201 2968 2272 dispositionis
3052 2200 3361 2254 Dominicze
3434 2200 3672 2253 veritate

1974 2292 2321 2362 presbyteris
2361 2309 2481 2345 esse
2543 2294 2808 2359 majores,
2861 2297 2919 2344 et
2985 2291 3040 2343 in
3097 2305 3402 2342 commune
3463 2289 3670 2342 debere

1975 2381 2280 2434 Ecclesiam
2305 2397 2525 2451 regere,
2559 2381 2853 2435 imitantes
2897 2380 3144 2450 Moysen,
3185 2378 3284 2449 qui
3311 2394 3462 2433 .cum
3498 2377 3672 2430 babe-

1972 2469 2139 2521 retin
2170 2475 2446 2538 potestate
2469 2470 2624 2521 solus
2653 2484 2894 2538 praeesse
2930 2467 3138 2538 populo
3191 2467 3384 2532 Israel,
3436 2473 3670 2536 septua-

1969 2558 2130 2628 ginta
2160 2559 2333 2628 elegit
2359 2574 2487 2611 cum
2510 2559 2720 2628 quibus
2743 2556 3341 2628 populumjudicaret.
3363 2555 3670 2609 Videamus

1968 2647 2146 2715 igitur
2177 2648 2362 2718 qualis
2392 2649 2685 2717 presbyter
2729 2647 2845 2701 sive
2874 2647 3171 2716 episcopus
3198 2645 3550 2698 ordinandus
3577 2645 3667 2697 sit.

1967 2735 2028 2790 Si
2068 2738 2191 2804 quis
2222 2742 2301 2790 est
2346 2741 2463 2791 sine
2504 2739 2748 2802 crimine,
2803 2738 2967 2790 unius
2995 2737 3194 2801 umoris
3231 2737 3339 2798 vir,
3386 2735 3526 2801 filios
3566 2733 3672 2786 ha-

1968 2825 2092 2880 bens
2134 2827 2347 2892 ﬁdeles;
2397 2842 2505 2879 non
2575 2827 2632 2877 in
2677 2826 3022 2877 accusatione
3069 2822 3332 2886 lumuriz,
3411 2827 3514 2877 aut
3564 2837 3670 2875 non

1965 2915 2232 2968 subditos.
2279 2915 2499 2982 Oportet
2546 2917 2687 2966 enim
2729 2915 3039 2981 episcopum
3112 2915 3228 2964 sine
3274 2912 3497 2964 crimine
3536 2925 3666 2973 esse,

1901 3035 1942 3089 Ο
1975 3006 2238 3068 tanquam
2264 3004 2356 3056 Dei
2386 3003 2834 3068 dispensatorem,
2869 3003 2926 3053 et
2954 3001 3178 3068 reliqua
3209 3001 3340 3062 (Tit.
3376 3015 3412 3064 ι,
3448 2998 3522 3065 6).

2045 3090 2103 3143 Si
2129 3097 2316 3143 autem
2365 3089 2768 3143 controversia?
2809 3088 3035 3141 fortuna
3090 3088 3196 3140 iste
3243 3088 3414 3140 alicui
3462 3084 3665 3155 displi-

1975 3179 2220 3243 cuerint,
2254 3195 2368 3232 non
2412 3177 2781 3248 supercilium
2833 3176 3076 3229 tumoris
3109 3174 3313 3230 Christi
3345 3177 3666 3244 imputetur

1970 3266 2313 3332 vernaculis,
2365 3266 2501 3336 quia
2530 3281 2644 3318 non
2683 3264 3001 3318 evidentior
3040 3264 3098 3316 in
3132 3264 3370 3333 praefata
3402 3261 3662 3331 proposi-

1973 3354 2127 3408 tione
2156 3355 2344 3423 potuit
2378 3354 2622 3407 inveniri
2659 3353 2948 3423 responsio
2994 3351 3306 3418 rationalis,
3341 3367 3470 3421 qua:
3502 3349 3661 3403 vide-

1969 3444 2099 3497 licet
2125 3444 2490 3514 praestantior
2516 3451 2664 3497 esset
2693 3443 3031 3496 auctoritate
3063 3440 3338 3495 docentis.

1519 3851 1690 3895 ANNO
1737 3851 1963 3896 DOMINI
2013 3852 2306 3897 DCCLXXI.

1216 4017 2611 4157 HERARDUS

645 4261 1678 4368 TURONENSIS
1781 4264 3190 4370 ARCHIEPISCOPUS.

952 4581 1343 4656 NOTITIA
1413 4583 1926 4657 HISTORICA
1987 4585 2110 4657 EX
2167 4585 2436 4658 GALL.
2497 4584 2866 4658 CHRIST.

222 4921 520 4998 lleuaaiivs
578 4922 912 4998 designatur
958 4925 1424 4998 archiepiscopus
1505 4927 1611 4980 sub
1699 4944 1850 4980 anno
1896 4930 1935 4983 Ι)
1965 4944 2056 4981 an.
2092 4930 2216 4993 86'2,
2249 4933 2303 4981 et
2333 4925 2731 4982 Suessioucnsi
2764 4944 2840 4995 ιιι,
2877 4945 2966 4981 an.
3010 4932 3133 4984 866.
3159 4930 3279 4992 Οιιο
3309 4929 3427 4980 loco
3457 4928 3517 4981 iu
3548 4928 3661 4998 epi-

151 4992 278 5055 855,
318 4992 400 5068 uti
454 4992 728 5068 asseritur
757 4995 817 5047 in
846 4992 1170 5068 breviario
1204 4992 1588 5066 capitulorum
1638 5015 1764 5068 quae
1796 4999 1854 5051 in

151 5065 380 5141 synodo
427 5065 498 5116 ab
531 5066 803 5141 omnibus
840 5065 1318 5141 ipsiusiparcecite
1372 5065 1758 5123 sacerdotibus
1801 5076 1858 5124 et

151 5133 377 5184 clericis
408 5141 656 5186 tenenda
685 5133 988 5191 ordinavit.
1022 5133 1100 5193 De
1132 5140 1220 5192 his
1265 5141 1479 5193 mentio
1520 5141 1766 5194 habetur
1798 5142 1853 5194 in

151 5203 443 5280 chronicis
497 5205 895 5280 Viudociueusi
945 5214 1000 5262 et
1051 5210 1421 5274 Malleaceusi,
1477 5212 1630 5280 quod
1659 5212 1856 5278 iserius

154 5274 586 5350 ordinationem
619 5277 852 5350 llerardi
885 5280 1137 5350 assignat
1166 5282 1270 5335 sub
1314 5297 1406 5334 an.
1461 5274 1585 5336 838.
1631 5274 1854 5336 Consti-

151 5345 609 5423 tuiturconcilio
633 5348 784 5423 apud
830 5345 1366 5423 Saponariasjudex
1399 5353 1459 5405 in
1492 5353 1687 5407 libello
1719 5369 1852 5423 pro-

152 5415 524 5469 clamationis
575 5415 757 5490 ()aroli
808 5415 959 5490 regis
1013 5415 1285 5476 adversus
1336 5424 1689 5490 Venilonem,
1720 5415 1852 5479 ’δε-

153 5489 1042 5566 ponenseuiarchiepiscopum,
1091 5510 1183 5566 an.
1217 5496 1353 5560 859;
1393 5495 1484 5548 cui
1533 5489 1854 5566 communi-3

154 5558 374 5610 torium
403 5558 619 5628 dirigit,
654 5558 1123 5635 subscriptusque
1154 5558 1401 5620 habetur
1438 5566 1498 5620 in
1525 5565 1854 5632 Tuciacensi

1964 5000 2106 5051 stola
2157 4999 2424 5068 synodica
2467 4999 2868 5067 episcoporum
2926 5000 2992 5051 ad
3046 5001 3335 5052 Nicolaum
3370 5014 3660 5052 summum

1965 5069 2288 5140 pontiﬁcem
2325 5076 2720 5122 memorantur
2757 5071 3076 5123 Brittouum
3127 5072 3186 5122 in
3225 5069 3520 5140 provincia
3549 5069 3660 5123 Tu-

1963 5141 2159 5194 ronica
2188 5142 2550 5193 excursiones
2583 5157 2595 5194 :
2628 5160 2654 5190 (ι
2694 5141 2968 5205 Vestram,
3009 5141 3292 5210 siquidem
3324 5157 3437 5192 non
3487 5145 3661 5194 latere

1963 5212 2333 5265 beatitudinis
2365 5212 2758 5264 excellentiam
2807 5212 3091 5274 novimus,
3139 5212 3426 5265 dimcesim
3473 5211 3661 5264 Turo-

1965 5283 2150 5336 nicam
2175 5283 2505 5335 austeritate
2535 5283 2872 5347 Brittouum,
2909 5281 3135 5334 diutino
3158 5299 3190 5333 a
3222 5298 3322 5334 sua
3355 5282 3660 5352 metropoli

1962 5353 2241 5406 divulsam
2284 5354 2630 5423 penitusque
2681 5353 2970 5406 discissam
3009 5369 3020 5405 :
3058 5353 3134 5404 ita
3177 5359 3255 5411 ut.
3307 5354 3460 5421 {sicut
3509 5353 3659 5407 idem

1961 5424 2273 5476 Turonicus
2306 5424 2782 5493 metropolitanus
2805 5423 3104 5487 Herardus,
3135 5427 3462 5493 pariterque
3490 5424 3660 5478 Naui-

1964 5495 2182 5548 neticus
2222 5496 2495 5548 Actardus
2551 5494 2835 5562 frequenti
2894 5493 3180 5559 indagine,
3221 5510 3443 5547 necnon
3485 5496 3658 5548 etiam

1961 5566 2020 5619 in
2066 5568 2360 5636 praemissa
2385 5566 2745 5621 Suessiouica
2771 5564 2987 5634 synodo
3017 5563 3269 5620 exidenti
3299 5570 3472 5638 atque
3513 5569 3660 5621 mul-
