4038 6174
404 264 506 316 763

1666 259 1983 314 HERARDI
2024 258 2278 316 TURON.
2320 259 2641 316 ARCHIEP.
2898 234 2901 235 ί
3793 267 3875 318 764

405 390 592 472 tiplici
617 391 798 471 .stylo,
848 389 1066 472 pariter
1106 392 1177 472 “et
1216 388 1692 472 sermonenobis
1736 388 2096 455 intimavere,
2139 393 2178 445 A
2210 406 2315 460 per
2348 390 2613 472 Carplum
2660 390 3241 472 piissimum_regem,
3277 393 3355 472 _de
3385 394 3519 472 villa
3569 394 3785 472 Lirado,
3821 397 3875 450 ad

400 459 523 532 ja'm
578 459 807 532 vicenus
857 459 927 532 iet
999 475 1066 513 eo
1106 460 1234 512 licet
1256 459 1511 529 'paulum'
1538 459 1686 512 adsit
1724 476 1925 527 annus,
1985 477 2099 531 quo

406 531 707 602 tyrannica
764 531 989 585 feritate
1055 536 1372 599 resumpta,
1422 545 1525 602 nec
1596 532 2100 599 comprovincialia

407 601 536 656 cum
570 603 850 656 Turonico
884 602 1331 671 metrOpolitano
1372 601 1663 654 celebrent
1703 602 1962 668 concilia,
1997 619 2100 655 nec

406 675 466 727 in
499 674 899 742 episcoporum
934 672 1481 737 consecrationibus,
1516 688 1577 725 ac
1609 674 1875 726 eumdem
1931 674 2098 743 quid-

407 760 578 814 quam
616 743 946 811 respiciant,
982 744 1064 795 illi
1095 759 1325 813 quoque
1355 743 1475 795 sedi
1511 744 1666 795 nullo
1696 751 1858 812 pacto
1894 761 1949 797 se
1972 745 2100 797 sub-

406 815 561 867 dant.
599 815 860 866 Interfuit
897 814 1229 866 Trecassino
1269 814 1513 866 concilio
1546 830 1634 865 an.
1689 817 1811 879 867,
1857 821 1912 867 et
1964 831 2099 867 ροη-

403 884 600 937 ventui
663 885 970 952 praasulum
1036 884 1369 938 Hhemensis
1437 885 1743 952 provinciae
1798 886 2098 939 Hincmaro

404 956 869 1024 metropolitano,
907 971 1009 1024 pro
1031 956 1291 1008 examine
1324 956 1640 1017 Vuilibcrti,
1673 957 1938 1009 'l'uronici
1966 957 2098 1025 pagi

401 1025 710 1096 indigenae,
747 1026 1052 1079 ordinandi
1086 1026 1339 1095 episcopi
1370 1027 1799 1080 Catalaunensis
1834 1043 1845 1079 :
1879 1028 1944 1079 ad
1966 1044 2099 1080 eum

402 1113 534 1150 vero
561 1097 831 1165 dirigitur
860 1096 1102 1165 epistola
1142 1096 1353 1149 Nicolai
1386 1114 1569 1166 papae,
1605 1103 1661 1150 et
1690 1114 1811 1165 cap.
1872 1100 1948 1163 10,
1995 1100 2097 1154 No-

406 1173 517 1220 tum
547 1171 640 1232 sit,
675 1173 875 1236 quaest.
905 1170 951 1219 1.
990 1168 1197 1220 Littera
1224 1168 1509 1220 Hincmari
1531 1169 1682 1232 apud
1715 1169 2099 1222 Flodoardum

403 1238 501 1291 lib.
534 1252 616 1299 ιιι,
644 1254 768 1307 cap.
813 1241 904 1304 20,
949 1244 1006 1291 et
1036 1240 1201 1306 epist.
1242 1242 1340 1291 118
1393 1238 1532 1306 Lupi
1562 1240 1954 1292 Ferrariensis.
1992 1241 2097 1292 No-

404 1309 658 1361 minatur
690 1315 747 1361 et
774 1313 829 1360 in
878 1307 1082 1361 tabulis
1136 1310 1489 1362 fundationis
1518 1310 1759 1362 abbatiaa
1794 1313 1847 1364 S.
1908 1310 2102 1364 Salva-

404 1379 543 1432 toris
566 1380 633 1432 de
664 1378 963 1449 Villalupe;
995 1392 1293 1448 ratamque
1317 1380 1487 1433 habet
1505 1381 1871 1433 donationem
1890 1382 2099 1434 factam

405 1466 494 1503 an.
537 1452 640 1503 862
710 1451 983 1521 fratriqus
1038 1451 1290 1504 ecclesiae
1342 1451 1396 1504 S.
1452 1452 1678 1505 Martini
1726 1452 2094 1519 Turonensis,

1202 1696 2101 1807 CAPFTULA

2213 477 2385 534 quam
2436 461 2834 534 declinationis
2891 461 3223 534 confugium
3272 465 3542 531 facerent,
3597 465 3644 517 si
3698 482 3876 520 eorum

2210 532 3016 605 Afrarternitatemrpaganorum
3072 532 3335 588 incursus
3383 537 3775 605 pervaderent,
3828 544 3878 590 ut

2210 603 2384 656 habet
2404 604 2752 657 tabularium
2771 605 2823 659 S.
2851 605 3096 659 Martini.
3124 607 3358 659 Interim
3381 603 3511 659 cum
3532 608 3874 674 Nomenoias,

2213 676 2323 727 dux
2357 674 2795 747 Britannorum,
2820 676 2919 746 qui
2951 692 2980 728 e
3008 684 3257 746 quatuor
3309 677 3735 747 episcopatibus
3784 680 3877 731 Bri-

2210 745 2421 797 tannia:
2453 751 2665 870 septem
2697 745 2852 810 fecit,
2882 745 3062 800 tribus
3098 748 3257 800 novis
3280 745 3624 812 constitutis,
3668 750 3727 801 in
3762 766 3878 818 pra:-

2211 816 2483 870 iudicium
2565 817 2866 869 uronensis
2896 818 3336 870 archienisconi.
3368 820 3561 870 sedem
3601 821 3753 870 Dolis
3780 837 3878 870 esse

2203 816 2483 884 judicium
2517 816 2866 870 Turonensis
2896 818 3336 887 archiepiscopi,
3368 820 3561 871 sedem
3601 816 3878 874 Belis—esse

2206 888 2466 956 jussisset
2492 928 2506 952 ,
2554 893 2609 940 et
2638 888 2887 957 episcopi
2912 888 3218 957 provinciae
3264 890 3632 957 Aremoricax,
3670 908 3702 942 a
3730 892 3877 943 Turo-

2213 958 2404 1010 nensis
2436 959 2866 1028 metropolitani
2898 960 2983 1012 sui
3035 960 3439 1028 jurisdictione
3498 978 3557 1012 se
3603 961 3879 1014 subduxis-

2212 1034 2354 1091 sent,
2423 1029 2690 1082 obstitere
2750 1030 2946 1083 Fianei
3020 1046 3084 1083 ac
3134 1031 3446 1100 pontifices,
3520 1033 3784 1084 Nicolaus
3833 1034 3879 1085 in

2204 1100 2422 1168 primis,
2483 1099 2581 1168 qui
2643 1100 2711 1152 ad
2763 1099 3149 1155 Salomonem’
3187 1118 3383 1170 regem
3438 1102 3699 1154 scribens
3758 1103 3880 1156 circa

2206 1186 2298 1223 an.
2355 1172 2476 1235 866,
2507 1186 2596 1238 ep.
2640 1173 2725 1236 56,
2782 1172 2995 1223 nullam
3030 1173 3095 1224 ad
3154 1172 3270 1225 haec
3296 1179 3559 1240 tempora
3619 1174 3877 1226 exstitisse

2206 1242 2540 1293 memoriam
2577 1241 2858 1307 observat,
2899 1243 3175 1295 Brittones
3228 1243 3285 1294 in
3322 1260 3423 1296 sua
3453 1244 3693 1311 regione
3726 1246 3875 1296 ullam

2204 1311 2469 1364 habuisse
2516 1313 2917 1381 metropolim;
2962 1314 3058 1366 sed
3105 1314 3406 1367 discidium
3450 1315 3556 1367 sub
3623 1316 3875 1367 Innocen-

2203 1382 2267 1435 tii
2301 1384 2371 1435 III
2412 1383 2748 1451 pontiﬁcatu
2794 1384 3102 1441 dirimitur.
3141 1390 3204 1437 ut
3241 1385 3504 1438 observat
3550 1386 3879 1439 Sirmundus

2203 1454 2353 1506 notis
2384 1454 2455 1507 ad
2488 1454 2676 1508 Caroli
2706 1455 2861 1508 Calvi
2882 1456 3163 1525 Capitula.

2245 1700 3097 1836 HERARDL

1665 1908 2138 1952 ABCHIEPISCOPI
2186 1910 2576 1954 TURONENSIS
2596 1941 2611 1969 ,

1364 2027 1631 2089 Collecta
1675 2048 1751 2088 ex
1792 2028 2246 2108 Capz'lularz'bus
2293 2050 2501 2110 regum
2540 2030 2936 2091 Francorum.

1564 2160 1735 2223 (Apud
1772 2160 2059 2220 Baluzium,
2097 2162 2322 2225 Capitul.
2354 2167 2391 2211 t.
2426 2164 2462 2221 Ι,
2496 2179 2545 2227 p.
2586 2164 2745 2225 1283.)

477 2395 769 2474 Capitula
801 2402 1093 2475 excerpta
1120 2416 1192 2456 ex
1229 2415 1492 2475 corpore
1526 2402 1893 2457 sanctorum
1926 2397 2261 2458 Canonum
2304 2401 2787 2477 pernecessaria
2819 2402 2898 2461 ab
2943 2401 3253 2472 Herardo,
3291 2406 3531 2461 sanctas
3562 2402 3875 2462 Turonice

396 2485 570 2544 sedis
604 2485 1083 2564 archiepiscopo
1129 2491 1285 2545 nutu
1334 2486 1571 2557 divino,
1607 2487 1669 2546 in
1710 2493 1932 2546 sancta
1979 2487 2183 2565 ipsius
2216 2489 2463 2567 synodo
2516 2490 2791 2548 tenenda
2838 2489 3208 2548 memoriter
3238 2490 3316 2548 ab
3359 2489 3660 2549 omnibus
3695 2490 3877 2568 ipsius

395 2572 691 2650 parceciaa
725 2572 1169 2632 sacerdotibus
1202 2578 1263 2631 et
1296 2573 1563 2645 clericis,
1597 2574 2024 2650 omnibusque
2052 2576 2435 2635 volentibus.

480 2739 543 2791 In
598 2737 829 2792 nomine
877 2738 976 2793 Dei
1025 2737 1217 2791 solius.
1283 2740 1419 2808 Ego,
1455 2740 1755 2805 Herardus,
1800 2740 2088 2794 immerito
2132 2743 2169 2794 Β
2202 2741 2406 2811 turpia,
2467 2747 2638 2813 atque
2699 2748 2967 2805 mercata,
3018 2759 3320 2797 causarum
3370 2744 3699 2811 audientiae,
3756 2762 3873 2799 con-

393 2825 809 2879 Turoncnsium
846 2826 1120 2896 pontifex,
1155 2843 1306 2879 anno
1336 2827 1745 2881 incarnationis
1778 2828 2089 2883 Dominicaa

392 2917 515 2982 858,
558 2915 934 2969 ordinationis
971 2932 1203 2987 quoque
1264 2923 1467 2970 nostrae
1522 2933 1598 2983 ιιι,
1657 2917 1964 2971 indictione
2014 2935 2085 2984 γι,

393 3020 631 3057 cernens
682 3004 985 3058 Ecclesiam
1037 3004 1175 3058 mihi
1221 3006 1585 3059 commissam
1634 3006 1840 3076 partim
1906 3008 2085 3077 negli-

393 3093 607 3163 gentia,
662 3099 893 3163 torpore
952 3094 1039 3147 vel
1090 3093 1329 3161 desidia,
1394 3096 1602 3164 partim
1657 3095 2087 3166 praesidentium

399 3180 462 3254 [ἵ.
489 3183 956 3253 praecedentium]
1000 3184 1223 3237 incuria
1259 3186 1613 3237 sacerdotum
1654 3201 1800 3254 aque
1839 3184 2083 3251 ignavia,

392 3271 564 3325 variis
595 3277 650 3325 et
696 3271 1016 3325 innumeris
1074 3272 1328 3325 cladibus
1376 3274 1546 3338 affici,
1580 3272 1810 3326 excidiis
1841 3273 2084 3339 concuti,

394 3363 467 3424 et,
531 3360 687 3429 quod
741 3360 894 3413 dictu
931 3365 1175 3430 actuque
1221 3362 1452 3431 gravius
1503 3362 1625 3414 fore
1678 3361 2127 3429 comperimus,.

395 3448 635 3501 diversis
666 3449 992 3501 animarum
1038 3449 1253 3518 laqueis
1302 3465 1365 3502 ac
1414 3449 1764 3518 quotidianis
1796 3450 2088 3503 erroribus

394 3536 675 3606 deperire,
728 3535 1027 3599 instinctu,
1081 3542 1143 3588 ut
1189 3536 1498 3605 credimus,
1566 3536 1946 3590 miserationis
1995 3554 2090 3589 su-

395 3640 605 3694 pernae,
638 3624 987 3694 perpaucula
1016 3640 1197 3695 eaque
1214 3625 1526 3679 admodum
1558 3626 1874 3680 necessaria
1904 3642 2087 3679 sacra-

394 3728 523 3766 rum
582 3712 1047 3767 admonitionum
1093 3713 1325 3767 collecta
1384 3715 1653 3785 capitula,
1686 3766 1691 3769 _
1728 3716 2086 3769 sacerdotum

394 3802 565 3856 totius
597 3802 757 3856 nobis
788 3802 1018 3856 credita:
1070 3804 1331 3872 parreciw
1361 3804 1615 3875 generali
1668 3803 1726 3857 in
1759 3805 1899 3857 urbe
1936 3803 2087 3857 sedis

393 3896 607 3946 nostrae
644 3892 960 3945 coadunata
988 3909 1100 3945 xvn
1127 3893 1373 3948 Kalend.
1410 3892 1563 3947 Junii
1592 3895 1829 3964 synodo,
1862 3891 2087 3962 publice

393 3980 648 4046 recitari;
684 3986 738 4034 et
797 3985 860 4034 ut
889 3981 962 4033 ad
992 3980 1253 4035 omnium
1304 3981 1676 4051 praesentium
1728 3982 1990 4035 notitiam
2033 3987 2089 4034 et

2199 2837 2515 2902 ventusque
2549 2832 2787 2902 publici,
2831 2833 3045 2903 absque
3102 2833 3490 2886 ecclesiasticis
3549 2835 3873 2903 prohibean-

2197 2925 2309 2973 tur.

2269 3010 2360 3063 ιιι.
2400 3012 2462 3077 (ι,
2500 3010 2708 3077 16,21,
2761 3010 2855 3077 62;
2906 3026 2957 3075 ν,
2991 3013 3100 3075 69;
3151 3026 3222 3075 νι,
3277 3013 3360 3070 66,
3413 3013 3547 3077 215;
3592 3012 3784 3076 Addit,
3835 3030 3865 3068 ιι

2196 3098 2282 3149 21.
2315 3096 2449 3150 Vide
2494 3100 2708 3164 Regin.,
2756 3099 2849 3151 lib.
2899 3115 2955 3159 ιι,
2990 3114 3109 3167 cap.
3147 3100 3294 3169 364.)
3342 3101 3415 3152 De
3465 3101 3679 3169 ignotis
3720 3106 3897 3172 ange-‘

2197 3187 2383 3239 lorum
2416 3186 2778 3257 aliorumque
2832 3194 3156 3241 sanctorum
3188 3189 3540 3255 nominibus,
3576 3196 3637 3242 ut
3664 3207 3771 3243 non
3802 3206 3870 3244 re-

2197 3275 2464 3330 citentur.
2522 3278 2587 3330 Et
2629 3276 2697 3330 de
2761 3276 3048 3338 maleiicis,
3119 3278 3601 3343 incantator‘ibus,
3662 3278 3866 3339 divinis,

2197 3364 2500 3433 sortilegis,
2526 3365 2870 3429 somniariis,
2905 3364 3349 3433 tempestuariis,
3387 3370 3442 3417 et
3471 3365 3734 3419 brevibus
3784 3382 3868 3435 pro

2196 3452 2525 3521 frigoribus,
2559 3456 2614 3504 et
2639 3453 2707 3504 de
2730 3452 3069 3505 mulieribus
3104 3452 3387 3516 veneticis,
3414 3459 3471 3505 et
3501 3469 3629 3523 quae
3670 3453 3867 3506 diversa

2198 3541 2425 3610 tingunt
2459 3544 2743 3609 portenta,
2793 3546 2858 3593 ut
2897 3540 3313 3611 prohibeantur
3344 3546 3402 3593 et
3432 3541 3659 3610 publica
3702 3538 3856 3610 paeni-

2194 3629 2371 3683 tentia
2400 3630 2735 3683 multentur.

2268 3719 2358 3773 IV.
2407 3723 2466 3787 (ι,
2523 3720 2575 3782 2,
2636 3720 2732 3783 82,
2795 3720 2924 3783 136;
2957 3733 3012 3783 ν,
3042 3718 3143 3783 4ος
3176 3734 3227 3772 v1
3283 3719 3436 3788 217.)
3462 3719 3533 3772 Ut
3561 3716 3743 3772 clerici
3779 3730 3865 3785 per

2196 3810 2460 3875 tempora
2494 3806 2801 3860 constituta
2849 3806 2920 3859 ad
2973 3805 3401 3860 ordinationem
3461 3806 3738 3875 gradatim
3780 3819 3859 3855 ve-

2199 3894 2381 3959 niant,
2416 3900 2473 3947 et
2502 3910 2617 3947 non
2640 3894 2909 3962 confuse;
2963 3899 3019 3947 et
3053 3899 3111 3947 ut
3140 3893 3279 3947 lides
3331 3900 3388 3947 et
3416 3893 3532 3947 vita
3580 3908 3786 3960 eorum,
3814 3891 3863 3943 li-

2195 3982 2384 4037 bertas
2414 3988 2473 4036 et
2499 3986 2762 4054 tempora
2790 3982 3180 4052 inquirantur.

393 4068 836 4141 intelligentiam
864 4070 1162 4140 pervenire
1194 4071 1471 4135 valerent,
1496 4086 1687 4124 coram
1714 4070 1931 4123 cunctis
1962 4086 2086 4138 per-
2129 4066 2169 4121 C
2268 4072 2329 4123 V.
2366 4074 2420 4141 (ι,
2455 4074 2517 4139 5;
2548 4089 2630 4139 ιιι,
2669 4072 2765 4138 9Ο;
2805 4087 2855 4137 v,
2895 4073 3090 4138 38;vi,
3126 4073 3258 4138 378;
3290 4087 3388 4138 vu,
3423 4074 3536 4141 53.)
3585 4072 3657 4125 De
3704 4066 3864 4122 usuris

393 4157 508 4228 legi
538 4158 777 4212 fecimus
798 4162 854 4211 et
894 4158 1129 4212 revolvi.
1170 4160 1233 4211 Et
1258 4159 1537 4228 quoniam
1596 4160 1898 4212 auctoritas
1929 4174 2087 4211 sacra

394 4262 679 4300 canonum
709 4248 851 4299 nulli
882 4248 1239 4301 sacerdotum
1271 4262 1518 4300 canones
1548 4248 1815 4316 ignorare
1845 4246 2085 4316 permit-

392 4334 483 4400 tit,
543 4350 614 4387 ne
661 4350 1009 4405 quemquam
1056 4335 1117 4389 in
1163 4334 1384 4406 reliquo
1433 4334 1599 4388 nobis
1650 4336 2086 4390 commissorum

395 4422 569 4493 hujus
597 4422 817 4476 ordinis
858 4428 1153 4493 expertem
1192 4423 1520 4477 noverimus
1550 4440 1857 4489 canonum,
1891 4424 2087 4477 decre-

396 4510 582 4563 vimus
639 4511 965 4582 pariterque
1033 4512 1387 4583 injunximus
1439 4518 1703 4583 excerpta
1757 4529 1860 4585 per
1904 4513 2089 4567 nostri

395 4599 605 4652 laboris
637 4600 893 4653 studium
938 4602 1058 4655 haec
1112 4602 1337 4655 modica
1393 4602 1791 4673 succinctaque
1842 4602 2089 4672 capitula

372 4703 872 4759 -unumquemque
903 4690 1112 4744 habere
1142 4691 1201 4743 in
1232 4695 1545 4761 posterum.

467 4785 492 4809 ⁸
521 4777 649 4831 CAP.
684 4779 725 4831 Ι.
761 4779 1049 4848 (Capitul.,
1083 4780 1177 4833 lib.
1213 4796 1303 4844 vn,
1340 4795 1458 4847 cap.
1492 4778 1641 4848 264.)
1676 4779 1745 4834 Ut
1775 4778 1834 4831 in
1867 4778 2085 4849 synodo

394 4865 555 4935 prius
588 4868 883 4936 generales
914 4882 1119 4933 causae,
1155 4884 1281 4938 qum
1312 4868 1384 4921 ad
1405 4884 1668 4921 normam
1689 4868 1866 4922 totius
1897 4869 2091 4923 Eccle—

396 4954 494 5007 sise
550 4956 859 5025 pertinent,
924 4956 1219 5022 liniantur,
1287 4960 1486 5026 postea
1554 4957 1829 5026 speciales
1904 4958 2091 5012 venti-

395 5044 609 5098 lentur.

466 5133 535 5187 II.
569 5134 632 5203 (I,
694 5136 779 5199 15,
809 5137 898 5200 75,
946 5135 1074 5198 139;
1103 5149 1155 5200 v,
1194 5136 1321 5203 153;
1373 5149 1445 5200 vr,
1508 5137 1627 5201 189,
1659 5136 1782 5202 205,
1820 5137 1953 5201 318;
1986 5151 2086 5203 vn,

396 5224 546 5292 276.)
589 5223 667 5276 De
699 5223 789 5276 die
826 5222 1141 5289 Dominica,
1192 5227 1256 5276 ut
1286 5239 1319 5276 a
1361 5239 1598 5294 vespera
1635 5239 1817 5294 usque
1850 5224 1917 5277 ad
1947 5224 2087 5293 ,ves-

394 5326 593 5379 peram
633 5310 987 5378 celebretur;
1038 5315 1095 5365 et
1144 5315 1206 5365 ut
1253 5311 1480 5365 servilia
1530 5328 1725 5383 opera,
1784 5318 1842 5366 et
1893 5313 2085 5380 verba,

2200 4160 2463 4213 omnibus
2497 4159 2764 4212 fidelibus
2818 4156 3212 4228 prohibendis,
3258 4156 3477 4210 clericis
3509 4174 3571 4210 ac
3613 4155 3777 4210 laicis.
3810 4153 3865 4206 Et

2198 4247 2267 4301 de
2308 4247 2593 4301 mensuris
2623 4252 2681 4300 et
2716 4245 3089 4316 ponderibus,
3125 4251 3187 4299 ut
3208 4245 3380 4314 justas
3413 4252 3469 4298 et
3501 4246 3742 4316 mquales
3777 4242 3863 4295 ha-

2197 4335 2460 4389 beantur.

2267 4425 2352 4478 VI.
2382 4424 2437 4496 (ι,
2463 4427 2578 4491 22.)
2616 4424 2684 4478 Ut
2714 4439 2817 4477 nec
2855 4422 3048 4477 clerici
3082 4439 3188 4476 nec
3229 4422 3498 4476 monachi
3548 4423 3615 4477 ad
3646 4420 3851 4476 saecula-

2199 4511 2287 4565 ria
2312 4513 2544 4583 negotia
2574 4515 2885 4566 transeant.

2269 4602 2381 4655 VII.
2433 4605 2493 4669 (ι,
2546 4603 2635 4666 28,
2670 4603 2766 4663 38;
2814 4616 2870 4667 v,
2903 4600 3018 4669 70.)
3051 4600 3122 4654 Ut
3169 4598 3214 4651 si
3249 4598 3438 4652 clerici
3469 4604 3571 4652 aut
3626 4592 3862 4651 monachi

2196 4688 2348 4742 inter
2392 4706 2450 4743 se
2490 4689 2702 4745 habent
2739 4687 2984 4758 negotia,
3027 4688 3177 4756 apud
3201 4687 3539 4758 episcopum
3596 4687 3859 4748 ﬁniantur,

2198 4781 2254 4831 et
2280 4794 2395 4831 non
2427 4777 2578 4847 apud
2606 4778 2927 4830 saeculares.
2956 4776 3057 4830 Sin
3089 4775 3249 4843 alias,
3298 4775 3856 4835 excommunicentur,

2218 4910 2219 4913 η
2268 4867 2409 4921 VIII.
2456 4866 2572 4935 (vn,
2619 4867 2770 4933 220.)
2830 4866 2901 4918 Ut
2962 4864 3152 4918 nullus
3203 4864 3481 4917 laicorum
3533 4874 3854 4935 quemquam

2199 4955 2537 5009 clericorum
2588 4955 2798 5025 absque
2838 4954 3120 5023 permissu
3164 4953 3417 5024 episcopi
3461 4954 3756 5024 compellat
3801 4946 3861 5002 ad

2197 5060 2395 5098 causas
2445 5042 2526 5097 ire
2558 5043 2626 5097 ad
2669 5043 2984 5114 publicum.
3019 5044 3079 5096 Et
3114 5044 3213 5113 qui
3255 5044 3470 5110 fecerit,
3505 5044 3683 5097 donec
3718 5036 3868 5093 corri-

2198 5140 2312 5204 gat,
2339 5134 2409 5187 ab
2444 5132 2702 5187 Ecclesia:
2733 5132 3003 5186 societate
3026 5133 3289 5201 pellatur.

2270 5222 2359 5276 IX.
2397 5222 2454 5291 (ι,
2488 5224 2575 5285 32,
2617 5225 2715 5289 76;
2750 5237 2801 5286 v,
2831 5224 2921 5286 72,
2967 5222 3067 5274 316
3105 5225 3159 5273 et
3198 5222 3340 5290 seq.)
3389 5221 3458 5274 Ut
3494 5220 3639 5274 ﬁdes
3684 5215 3865 5289 praedi-

2199 5317 2359 5366 cetur
2408 5310 2676 5365 omnibus
2720 5309 2986 5364 ﬁdelibus
3034 5327 3067 5363 a
3136 5308 3505 5379 presbyteris,
3551 5304 3862 5367 incarnatio,

465 5474 491 5499 ι
517 5465 654 5538 Vide
685 5466 834 5519 inter
869 5466 1053 5521 Caroli
1092 5466 1280 5538 Magni
1322 5482 1514 5536 opera,
1558 5466 1899 5537 Patrologiae
1942 5472 2080 5521 tom.
2123 5466 2332 5534 XCVII,
2390 5464 2679 5520 Benedicti
2735 5463 2959 5518 diaconi
3015 5462 3417 5518 Collectionem
3456 5459 3863 5534 Capitularium,

395 5551 459 5591 ex
490 5551 605 5606 qua
624 5536 747 5591 haec
776 5542 1004 5608 sumpta
1032 5543 1168 5593 sunt
1188 5536 1429 5609 passim.
1461 5539 1619 5592 Emr.
