4044 6174
191 281 286 333 765
1760 277 1855 331 (ΞΑ)

2052 278 2120 330 .A.

3580 275 3682 329 766

187 408 394 478 passio,
428 405 794 472 resurrectio,
841 409 896 461 et
943 406 1217 472 ascensio,
1270 405 1514 476 Spiritus
1561 405 1738 460 sancti
1771 406 1870 459 da-
1910 411 1952 462 Α
1983 406 2235 460 viventes
2262 404 2566 476 accipiant,
2609 411 2667 460 et
2696 404 3095 460 benedictione
3145 404 3350 459 sacrati
3394 404 3505 458 olei
3567 420 3681 459 non

185 497 280 561 tio,
320 501 800 564 peccatorumque
852 496 1128 559 remissio,
1163 512 1292 566 qua:
1325 496 1474 550 litin
1515 496 1716 550 eodem
1753 495 1878 566 Spi-

182 583 293 635 ritu
324 588 383 635 et
413 583 473 636 in
504 599 653 653 aqua
685 583 1040 653 baptismatis
1071 584 1130 636 in
1170 584 1388 653 gremio
1443 589 1648 638 sanctae
1682 583 1879 636 matris

184 671 463 724 Ecclesiae.
501 672 562 724 Et
605 671 759 737 vitia,
807 672 1166 743 maximeque
1211 672 1551 739 criminalia,
1595 677 1875 736 vetentur,

179 760 532 829 virtutesque
564 760 894 813 doceantur.

246 853 408 922 X.(1,
465 857 562 920 47;
621 872 674 922 v,
747 859 1149 923 lii-l;v1,106;.
1216 858 1291 910 De
1343 857 1582 928 jejuniis
1634 861 1882 928 quatuor

177 942 528 1013 Temporum
561 949 616 997 et
666 946 792 999 aliis
826 963 930 1015 pro
976 946 1214 999 diversis
1259 946 1691 1000 necessitatibus
1738 961 1879 998 con-

177 1030 413 1095 stitutis,
445 1037 507 1084 ut
540 1048 656 1086 non
691 1033 1008 1096 solvantur,
1051 1033 1158 1086 nisi
1211 1034 1378 1086 certis
1429 1033 1876 1086 inﬁrmantibus.

246 1130 334 1183 XI.
371 1131 432 1196 (1,
469 1131 564 1196 48;
600 1147 653 1196 γ,
710 1134 807 1196 82;
864 1133 952 1197 49,
999 1134 1144 1198 113.)
1197 1133 1304 1190 De,
1342 1131 1429 1184 his
1478 1129 1575 1200 qui
1647 1129 1879 1183 irratio-

177 1217 451 1292 nabiliter
482 1224 741 1287 peccant,
773 1225 874 1272 aut
904 1235 1036 1272 cum
1089 1218 1552 1285 consanguineis,
1594 1222 1656 1271 ut
1695 1217 1880 1271 acrius

170 1305 522 1374 judicentur,
557 1312 838 1376 quatenus
862 1307 1191 1377 hujusmodi
1222 1306 1356 1359 vitia
1384 1306 1769 1359 abscidantur.

246 1403 360 1455 XII.
394 1410 457 1469 (1,
492 1405 548 1455 61
582 1419 703 1468 ;111,
741 1404 834 1467 10;
882 1419 934 1466 v,
973 1405 1092 1468 196,
1133 1419 1229 1467 v11,
1280 1404 1422 1466 101.)
1464 1403 1538 1454 De
1590 1401 1877 1471 perjuriis,

177 1491 489 1560 sacrilegiis
519 1498 578 1544 et
609 1492 982 1545 ebrietatibus
1028 1491 1420 1560 prohibendis.
1473 1491 1536 1544 Et
1591 1495 1654 1543 ut
1710 1495 1881 1544 testes

173 1578 356 1648 jejuni
393 1580 610 1648 jurent,
661 1596 726 1633 ac
772 1579 936 1650 prius
979 1580 1049 1633 de
1103 1579 1358 1650 perjurio
1398 1584 1757 1632 moneantur.
1815 1579 1883 1632 Ut

1987 511 2146 548 carea
2157 498 2234 548 nt.

2060 591 2214 644 XXII.
2283 593 2399 660 (v11,
2473 592 2723 655 391;”1,
2779 594 2878 656 556;
2937 607 2986 656 v,
3047 592 3163 658 104,
3236 591 3378 654 145.)
3442 589 3510 643 Ut
3565 604 3670 658 pro

1987 679 2292 732 chrismate
2348 678 2516 730 auuis
2567 677 2808 747 singulis
2856 680 2923 731 de
2975 679 3132 733 omni
3195 676 3516 732 ministerio
3565 677 3677 729 duo

1989 767 2306 838 presbyteri
2335 766 2588 831 veniant,
2626 767 2756 819 utsi
2791 784 2936 820 unus
2981 767 3325 832 inﬁrmatur,
3371 766 3515 819 alter
3559 766 3676 820 suf-

1987 858 2155 912 ﬁciat.
2193 858 2259 911 Et
2295 861 2357 910 ut
2386 855 2602 926 pariter
2639 871 2796 907 sacra
2850 855 3036 908 ofﬁcia
3079 855 3337 925 ejusdem
3393 854 3505 906 diei
3552 868 3679 922 per-

1988 947 2224 1000 solvant.
2262 946 2324 999 Et
2356 950 2414 998 ut
2441 943 2689 998 chrisma
2720 960 2822 1014 pro
2871 943 3262 996 subvertendis
3304 942 3533 1012 judiciis
3578 933 3676 994 ne-

1990 1034 2131 1088 mini
2161 1033 2346 1098 detur,
2379 1037 2434 1086 et
2459 1033 2562 1086 sub
2591 1032 2777 1102 sigillo
2804 1031 3141 1085 custodiant.

2059 1131 2238 1184 XXIII.
2275 1135 2330 1196 (1,
2367 1131 2462 1194 96;
2505 1146 2557 1194 v,
2610 1131 2733 1183 222.
2785 1128 2935 1182 Add.
2991 1145 3047 1192 11,
3103 1130 3185 1181 13.
3233 1126 3378 1181 Add.
3433 1142 3509 1191 111,
3560 1126 3675 1193 85.)

1991 1220 2060 1274 Ut
2087 1220 2247 1273 nulla
2273 1219 2486 1272 femina
2521 1219 2740 1271 veletur
2765 1216 2885 1271 sine
2931 1217 3160 1270 licentia
3199 1214 3469 1284 episcopi.
3522 1215 3587 1267 Et
3617 1218 3680 1266 ut

1987 1315 2119 1362 ante
2174 1308 2407 1377 triginta
2459 1307 2580 1360 dies
2614 1323 2726 1360 non
2759 1307 2996 1370 veletur,
3022 1310 3078 1358 et
3103 1304 3212 1358 hoc
3250 1319 3378 1357 cum
3433 1301 3673 1356 consilio

1987 1401 2294 1468 parentum
2322 1412 2384 1448 ac
2412 1395 2751 1448 vicinorum.

2059 1494 2230 1548 XXIV.
2266 1493 2332 1562 (1,
2369 1496 2459 1558 17;
2497 1508 2591 1557 VII,
2627 1493 2743 1555 190,
2799 1493 2923 1555 262,
2970 1491 3093 1542 376.
3145 1487 3288 1542 Add.
3343 1504 3402 1552 ιι,
3445 1485 3552 1555 18.)
3601 1487 3679 1539 De

1989 1581 2326 1636 mulieribus
2357 1597 2420 1634 ac
2465 1581 2640 1647 laicis,
2673 1585 2736 1634 ut
2767 1578 2834 1633 ad
2889 1578 3087 1632 altaria
3136 1593 3250 1630 non
3290 1576 3580 1640 accedant,
3624 1578 3681 1629 et

174 1668 367 1720 nullus
397 1668 549 1722 infra
585 1685 766 1722 annos
817 1668 1250 1739 quatuordecim
1303 1667 1460 1722 testis
1509 1667 1871 1738 suscipiatur.
1918 1708 1957 1761 Β
1990 1675 2050 1724 ut
2098 1675 2452 1724 sacramenta
2499 1677 2554 1722 ct
2582 1684 2760 1738 panes
2790 1672 3136 1732 sanctorum,
3168 1665 3416 1734 exceptis
3447 1679 3576 1733 qua:
3601 1663 3681 1716 of-

177 1757 239 1809 Et
271 1756 425 1826 quod
465 1759 640 1811 semel
672 1758 952 1828 periurati
992 1757 1064 1812 ad
1108 1756 1506 1812 testimonium
1553 1772 1670 1810 11011
1730 1756 1874 1810 reci-

175 1845 426 1914 piantur.

239 1943 466 2013 XIII.(1,
514 1943 626 2012 65.)
675 1943 754 1996 De
807 1942 1021 1998 honore
1078 1947 1135 1997 et
1193 1943 1474 2013 adjutorio
1531 1943 1871 2013 parentibus

175 2031 524 2085 exhibendo.

239 2130 377 2182 XIV.
427 2129 486 2197 (1,
525 2133 650 2195 111;
688 2145 738 2195 v,
791 2131 908 2196 165,
949 2131 1077 2195 30-1;
1122 2147 1196 2196 v1,
1260 2131 1379 2197 106,
1423 2131 1557 2197 409ς
1607 2145 1701 2199 νιι,
1754 2132 1875 2193 132,

174 2219 297 2283 377,
332 2218 481 2282 435.)
537 2219 603 2271 Ut
653 2217 869 2272 incesta
915 2218 1129 2286 omnia,
1171 2219 1333 2289 juxta
1387 2219 1619 2272 modum
1675 2219 1876 2288 culpas,

174 2305 387 2376 absque
429 2306 762 2376 exceptione
809 2323 1091 2377 personae,
1141 2324 1174 2361 a
1223 2307 1573 2377 presbyteris
1615 2307 1882 2377 judicen-

176 2399 287 2447 tur.
340 2396 405 2448 Et
454 2398 515 2448 ut
563 2399 822 2463 tempore
875 2401 1200 2464 opportuno
1246 2395 1475 2466 publica
1526 2395 1767 2448 crimina
1809 2395 1878 2448 ad

176 2482 444 2535 notitiam
507 2483 759 2553 episcopi
807 2484 1191 2549 deducantur;
1262 2484 1625 2554 maximeque
1668 2483 1728 2535 in
1787 2483 1879 2536 dic

174 2585 390 2640 magno
421 2570 610 2624 Cumae
642 2571 1066 2637 reconciliandi,
1121 2573 1209 2625 vel
1247 2571 1433 2624 adhuc
1469 2570 1876 2641 suspendendi,

173 2673 277 2728 per
311 2659 613 2728 proprium
647 2660 1068 2730 presbyterum,
1101 2661 1186 2713 vel
1225 2676 1329 2729 per
1367 2660 1617 2729 legatum
1678 2659 1876 2728 ipsius,

172 2747 446 2800 eumdem
478 2749 877 2818 presbyterum
907 2749 1000 2801 cui
1033 2764 1203 2802 causa
1229 2748 1410 2818 ipsius
1439 2748 1696 2801 criminis
1735 2748 1879 2802 bene

173 2835 459 2889 habeatur
498 2838 749 2906 cognita,
778 2837 848 2890 ad
898 2837 1267 2906 prasentiam
1312 2837 1564 2907 episcopi
1617 2837 1875 2890 deferan-

171 2929 293 2989 tur;
333 2940 403 2976 ne
434 2926 625 2978 anima
667 2925 876 2992 fratris,
926 2927 1279 2997 negligentia
1326 2927 1413 2979 vel
1454 2929 1570 2979 otio
1615 2925 1876 2979 sacerdo-

174 3012 259 3074 tis,
299 3013 522 3083 absque
553 3014 1014 3068 reconciliatione
1043 3015 1164 3084 ejus
1196 3015 1447 3085 periculo
1482 3021 1696 3084 pereat.

239 3111 352 3164 XV.
391 3110 456 3180 (1,
496 3113 592 3175 67;
636 3128 707 3178 v1,
742 3112 888 3181 377.)
931 3113 998 3166 Ut
1052 3112 1382 3183 vaniloquia
1429 3111 1733 3181 omnisque
1785 3115 1874 3164 tu-

175 3200 397 3252 multus
432 3199 492 3252 in
527 3200 771 3254 Ecclesia
808 3207 1133 3255 caveantur.
1167 3201 1237 3256 Et
1257 3207 1388 3255 ante
1437 3201 1667 3255 missam
1718 3216 1877 3254 com-

170 3291 390 3358 pletam
425 3305 543 3341 non
591 3294 814 3357 exeant,
845 3295 899 3343 et
944 3291 1182 3344 verbum
1237 3292 1337 3344 Dei
1368 3292 1585 3344 intente
1624 3290 1876 3344 audiant.

240 3386 376 3439 XVI.
431 3388 497 3450 (v,
540 3387 657 3449 161,
711 3387 828 3449 170,
861 3387 996 3451 260;
1036 3403 1109 3454 v1,
1151 3390 1268 3454 165,
1305 3389 1435 3453 290;
1470 3404 1508 3452 1,
1544 3389 1641 3452 66;
1670 3403 1723 3450 v,
1772 3388 1873 3450 86;

177 3490 246 3541 v1,
288 3477 410 3535 173,
447 3476 571 3538 205,
599 3473 747 3543 376.)
781 3475 857 3528 De
889 3474 1155 3529 Oratione
1178 3476 1472 3530 Dominica
1505 3481 1559 3528 et
1583 3475 1874 3545 Symbolo,

175 3569 235 3615 ut
286 3562 627 3615 memoriter
674 3579 874 3616 omnes
924 3569 1184 3629 teneant;
1233 3569 1288 3618 et
1339 3565 1530 3619 Gloria
1579 3566 1752 3629 Patri,
1817 3580 1879 3616 ac

172 3651 437 3708 Sanctus,
473 3656 641 3720 atque
681 3651 994 3706 Credulitas
1026 3658 1082 3705 et
1131 3654 1298 3720 Kyrie
1347 3653 1541 3706 etez’son
1579 3669 1611 3704 a
1657 3651 1877 3706 cunctis

171 3744 509 3792 reverenter
539 3745 836 3793 canantur.
874 3740 1081 3794 Psalmi
1111 3739 1374 3794 similiter
1405 3741 1666 3795 distincte
1695 3745 1740 3807 Ea
1772 3741 1876 3793 cle-

169 3827 323 3880 ricis.
387 3828 452 3880 Et
493 3833 554 3880 ut
601 3834 814 3882 secreta
863 3829 1175 3900 presbyteri
1234 3847 1350 3883 non
1403 3830 1678 3883 inchoent
1724 3834 1880 3881 ante-

171 3932 351 3985 quam
415 3917 646 3971 Sanctus
702 3917 958 3985 ﬁniatur,
1029 3917 1126 3971 sed
1195 3934 1326 3972 cum
1379 3919 1594 3988 populo
1642 3919 1878 3971 Sanctus

170 4009 431 4057 cantent.

238 4103 406 4155 XVII.
446 4103 506 4169 (1,
545 4104 657 4168 68.)
691 4103 758 4156 Ut
787 4103 1007 4156 scholas
1056 4105 1376 4175 presbyteri
1416 4121 1519 4175 pro
1570 4120 1732 4175 posse
1777 4103 1878 4157 ha-

167 4188 349 4243 beant
385 4197 441 4243 et
466 4191 635 4243 libros
665 4192 1014 4245 emendatos.

237 4287 431 4340 XVIII.
469 4287 528 4355 (1,
562 4289 735 4352 70',v,
783 4291 910 4356 182;
944 4306 1016 4353 v1,
1065 4291 1183 4343 106.
1238 4290 1436 4344 Addit.
1485 4308 1562 4357 ιιι,
1616 4294 1706 4357 78,
1764 4290 1877 4361 98.)

171 4374 243 4427 Ut
273 4375 727 4444 hospitalitatem
761 4383 890 4430 ante
917 4379 1111 4430 omnia
1153 4378 1426 4448 diligant;
1460 4384 1515 4433 et
1567 4384 1627 4432 ut
1675 4379 1878 4432 vidua-

169 4479 325 4529 rum,
358 4463 826 4533 peregrinorum,
859 4467 1270 4536 orphanorum,
1311 4472 1482 4538 atque
1513 4468 1877 4522 inﬁrmorum

165 4568 372 4606 curam
401 4560 459 4605 et
480 4552 922 4608 sollicitudinem
955 4557 1220 4611 habeant.

234 4652 372 4706 XIX.
439 4653 560 4718 (v11,
613 4655 758 4722 376.)
823 4653 889 4707 Ut
969 4655 1468 4710 conversationem
1527 4655 1877 4710 feminarum

163 4755 494 4810 earumque
548 4756 832 4795 accessum
879 4749 935 4796 et
987 4743 1542 4800 administrationem
1594 4746 1880 4799 detesten-

161 4832 279 4882 tur.
317 4829 419 4883 Sin
455 4829 616 4895 alias,
669 4830 822 4902 velut
866 4837 1290 4903 contemptores
1339 4850 1621 4888 canonum
1675 4833 1743 4886 ab
1791 4850 1879 4887 or-

159 4916 301 4970 dine
355 4917 743 4987 deponantur.
798 4919 860 4972 Et
904 4920 1130 4990 quibus‘
1167 4921 1492 4976 ministrare
1553 4921 1877 4976 necessaria

157 5005 506 5070 decernunt,
557 5006 726 5075 longe
765 5007 846 5061 eis
893 5007 1098 5062 domos
1155 5010 1524 5080 prmvideant,
1559 5010 1618 5064 in
1667 5010 1878 5080 quibus

156 5107 284 5144 non
325 5107 429 5159 per
466 5107 545 5154 sc,
605 5093 700 5145 sed
762 5108 863 5162 per
913 5094 1224 5158 ministros;
1256 5096 1506 5150 subsidia
1560 5097 1874 5167 porrigant.

400 5183 456 5248 (1,
509 5182 605 5245 88;
655 5196 706 5248 v,
755 5183 888 5248 216;
938 5198 1036 5250 vn,
1095 5183 1242 5252 261.)
1287 5184 1362 5237 De
1419 5185 1565 5238 vasis
1617 5189 1673 5238 et
1703 5184 1878 5239 vesti-

157 5266 384 5319 mentis
427 5268 819 5322 ecclesiasticis
848 5286 953 5340 pro
999 5271 1339 5342 pignoribus
1388 5272 1601 5344 absque
1648 5273 1877 5327 licentia

158 5354 431 5425 episcopi
463 5371 576 5408 non
613 5357 834 5423 dandis,
859 5363 913 5412 et
937 5359 1081 5413 datis
1114 5376 1231 5414 non
1252 5362 1614 5430 recipiendis.

235 5445 372 5498 XXI.
408 5446 464 5510 (1,
497 5446 592 5510 3st;
623 5462 674 5512 ν,
725 5449 927 5516 73;v1,
979 5448 1121 5516 106.)
1175 5450 1242 5503 Ut
1291 5449 1351 5503 in
1401 5448 1735 5503 inﬁrmitate
1783 5466 1876 5520 po-

159 5533 262 5586 siti
328 5532 545 5605 absque
603 5533 880 5590 dilatione
946 5537 1405 5607 reconcilientur,
1485 5544 1542 5594 et
1604 5538 1878 5594 viaticum

1985 1761 2198 1826 ferunt,
2233 1775 2347 1813 non
2377 1763 2633 1827 tangant.

2053 1857 2200 1910 XXV.
2231 1856 2291 1926 (1,
2331 1858 2460 1921 136;
2511 1871 2558 1908 v.
2585 1855 2686 1921 4ος
2726 1870 2798 1919 v1,
2851 1855 2975 1917 217,
3020 1853 3168 1920 233.)
3215 1852 3291 1905 Nc
3336 1849 3536 1903 leviter
3581 1852 3682 1902 aut

1984 1945 2194 2014 passim
2217 1946 2520 2016 quisquam
2553 1943 3099 1998 excommunicetur.
3154 1942 3218 1995 Et
3267 1940 3459 1993 nullus
3510 1942 3678 2008 cogat

1983 2033 2181 2088 bibere
2213 2035 2298 2087 vel
2331 2032 2636 2087 inebriare.

2055 2131 2228 2186 XXVI.
2275 2135 2333 2197 (1,
2386 2134 2515 2198 151;
2549 2147 2600 2196 v,
2640 2130 2753 2200 53.)
2811 2129 2881 2183 Ut
2925 2128 3116 2181 nullus
3165 2124 3537 2196 pcenitentem
3585 2137 3680 2175 co-

1986 2226 2081 2291 gat
2113 2221 2457 2275 manducare
2495 2221 2580 2274 vel
2613 2220 2830 2286 bibere,
2877 2217 2984 2272 nisi
3036 2215 3353 2285 redcmptio
3401 2212 3682 2284 permissa

1985 2309 2075 2376 sit,
2107 2310 2185 2363 ita
2235 2315 2427 2364 tamen
2459 2314 2522 2363 ut
2559 2309 2717 2380 prius
2749 2323 2850 2379 pro
2883 2323 2949 2360 eo
2982 2306 3160 2360 donet
3192 2319 3386 2358 coram
3437 2302 3558 2372 ipso
3589 2317 3677 2353 re-

1989 2397 2400 2467 demptionem.

2056 2495 2248 2550 XXVII.
2302 2495 2381 2564 (11,
2422 2496 2520 2560 ‘16;
2565 2510 2614 2560 v,
2658 2492 2768 2562 96.)
2812 2495 2882 2547 Ut
2929 2498 3116 2562 patres
3160 2497 3218 2544 et
3265 2487 3476 2560 patrini
3527 2486 3680 2541 ﬁlios

1986 2586 2072 2638 vel
2103 2585 2307 2637 ﬁliolos
2337 2585 2604 2638 erudiant
2641 2589 2696 2638 et
2726 2583 3046 2648 enutriant;
3083 2580 3188 2646 illi,
3222 2580 3360 2652 quia
3413 2583 3546 2632 sunt
3575 2593 3676 2647 pa-

1985 2677 2135 2739 tres;
2167 2677 2222 2726 et
2252 2672 2366 2738 isti,
2401 2673 2536 2743 quia
2557 2672 2944 2741 ﬁdejussores.

2057 2771 2274 2825 XXVIII.
2308 2770 2474 2838 (Ibid.
2506 2774 2624 2824 159.
2657 2770 2806 2825 Add.
2843 2786 2900 2831 11,
2938 2768 3016 2836 9.)
3063 2769 3139 2822 Ne
3179 2764 3474 2836 presbyter
3527 2763 3683 2815 solus

1988 2858 2220 2911 missam
2253 2864 2452 2911 canat:
2492 2875 2604 2911 11011
2637 2857 2790 2910 enim
2831 2861 3018 2927 potest
3046 2855 3254 2919 dicere,
3290 2854 3549 2908 Dominus
3581 2865 3668 2904 vo-

1989 2949 2212 3013 biscum,
2247 2948 2472 3002 Sursum
2493 2947 2677 3013 corda,
2718 2952 2772 3000 et
2801 2952 3023 2998 caetera.

1917 3012 1958 3066 ε
2054 3012 2222 3097 XXIX.
2258 3043 2318 3113 (1,
2354 3044 2451 3096 147
2487 3059 2498 3096 :
2533 3059 2584 3107 v,
2609 3043 2722 3111 49.)
2765 3043 2833 3096 Ut
2872 3042 3061 3095 nullus
3099 3038 3395 3109 presbyter
3448 3034 3680 3089 alterius

1984 3131 2414 3201 parochianum,
2450 3131 2556 3183 nisi
2586 3130 2644 3183 in
2681 3131 2884 3183 itinere
2917 3129 3103 3195 fuerit,
3155 3128 3238 3180 vel
3288 3125 3563 3196 placitum
3595 3121 3675 3175 ibi

1987 3219 2272 3281 habuerit,
2306 3219 2517 3288 absque
2567 3219 2796 3272 licentia
2827 3218 2914 3271 sui
2965 3215 3282 3288 presbyteri
3330 3213 3396 3267 ad
3452 3211 3681 3265 missam

1989 3308 2224 3378 recipiat
2252 3309 2337 3360 vel
2373 3307 2676 3361 sollicitare
2713 3312 3041 3378 praesumat.

2057 3407 2196 3460 XXX.
2246 3404 2357 3475 (v11,
2413 3405 2520 3474 16.)
2576 3406 2644 3458 Ut
2689 3404 2804 3457 suis
2858 3403 3115 3457 terminis
3163 3404 3466 3455 contentus
3509 3413 3684 3452 unus-

1988 3496 2231 3566 quisque
2253 3494 2476 3562 existat,
2508 3509 2611 3546 nec
2643 3509 2709 3546 ex
2743 3493 2941 3546 alienis
2975 3491 3291 3563 quidquam
3325 3491 3571 3559 expetat.

2056 3593 2224 3647 XXXI.
2257 3595 2334 3658 (ν,
2370 3594 2500 3657 172;
2535 3609 2609 3655 v1,
2653 3593 2770 3656 181,
2827 3593 2946 3655 183,
3003 3589 3151 3658 188.)
3203 3589 3271 3642 Ut
3308 3587 3500 3640 nullus
3547 3598 3685 3654 pre-

1985 3681 2130 3735 tium
2161 3697 2266 3750 pro
2299 3681 2584 3749 baptismo
2616 3678 2874 3749 accipiat.
2915 3680 2978 3732 Et
3013 3683 3074 3732 ut
3113 3676 3282 3732 certis
3322 3673 3685 3744 temporibus

1987 3771 2216 3824 Paschae
2246 3774 2302 3821 et
2351 3771 2710 3823 Pentecostes
2760 3767 3107 3836 baptismata
3161 3767 3324 3830 ﬁant,
3367 3769 3423 3818 et
3466 3762 3580 3816 hoc
3625 3761 3685 3815 in

1989 3857 2143 3922 vicis,
2176 3862 2407 3926 excepta
2438 3872 2607 3909 causa
2637 3854 3013 3909 infirmitatis.

2056 3947 2249 4001 XXXII.
2280 3953 2354 4013 (11,
2403 3948 2489 4006 36,
2523 3948 2620 4012 47;
2677 3961 2730 4011 v,
2785 3943 2901 4012 97.)
2947 3944 3016 3997 Ut
3051 3941 3314 3996 Ecclesia:
3367 3938 3685 4008 antiquitus

1988 4035 2309 4090 constituta:
2337 4051 2438 4089 nec
2468 4034 2702 4089 decimis
2757 4050 2861 4088 nec
2892 4017 3008 4086 ulla
3057 4029 3416 4102 possessione
3461 4028 3684 4098 priven-

1987 4129 2100 4189 tur,
2123 4125 2235 4178 nisi
2265 4140 2489 4178 summa
2510 4127 2778 4192 exposcat
2808 4121 3043 4175 utilitas.

2057 4215 2278 4269 XXXIII.
2334 4216 2394 4280 (1,
2452 4215 2583 4279 1&3;
2633 4229 2684 4279 ν,
2732 4213 2820 4278 47,
2873 4214 3022 4277 267;
3069 4226 3164 4275 vu,
3211 4211 3336 4274 260,
3373 4209 3496 4274 391,
3533 4205 3682 4275 424.)

1921 4314 1962 4367 D
1995 4304 2070 4358 De
2105 4302 2362 4356 Ecclesiis
2396 4303 2478 4355 vel
2515 4301 2788 4355 altaribus
2819 4298 3126 4370 ambiguis,
3177 4297 3443 4350 similiter
3496 4296 3564 4349 de
3595 4294 3682 4347 in-

1987 4391 2260 4458 fantibus,
2294 4397 2358 4446 ut
2376 4395 2782 4444 consecrantur
2809 4395 2865 4443 et
2909 4388 3301 4459 baptizentur;
3345 4385 3482 4456 quia
3529 4383 3685 4456 quod

1986 4495 2103 4534 non
2143 4484 2383 4545 constat,
2415 4479 2653 4546 factum,
2684 4479 2842 4532 nulla
2882 4478 3105 4531 ratione
3137 4476 3357 4530 videtur
3384 4475 3680 4528 iteratum.

2057 4568 2272 4622 XXXIV.
2308 4566 2415 4636 (v1,
2446 4569 2578 4633 208;
2623 4583 2718 4631 v11,
2753 4569 2872 4620 396.
2923 4565 3164 4629 Add.11,
3223 4563 3331 4630 12.)
3370 4565 3438 4618 Ut
3481 4562 3541 4616 in
3574 4563 3685 4617 do-

1989 4654 2175 4708 mibus
2230 4654 2298 4708 ab
2350 4653 2619 4723 episcopo
2691 4669 2807 4706 non
2867 4650 3210 4705 consecratis
3242 4667 3408 4704 nemo
3452 4649 3684 4704 missam

1987 4759 2330 4813 quacunque
2391 4741 2722 4794 necessitate
2756 4740 3018 4795 celebret.
3083 4741 3158 4794 Ex
3205 4739 3352 4793 vasis
3408 4744 3464 4793 et
3513 4738 3682 4792 vesti-

1988 4833 2194 4885 mentis
2216 4830 2480 4884 similiter
2511 4846 2682 4883 nemo
2715 4829 2942 4883 missam
2978 4834 3184 4883 cantet.

2056 4919 2250 4973 xxxv.
2287 4919 2359 4987 .(ι,
2418 4919 2550 4984 143,
2601 4935 2651 4984 v,
2697 4921 2786 4980 411.
2825 4919 2943 4982 ist,
2985 4921 3103 4982 173,
3147 4918 3264 4983 191,
3297 4918 3400 4969 371
3437 4919 3492 4967 et
3526 4930 3684 4984 seq.;

1985 5022 2058 5072 v1,
2085 5006 2232 5077 407.)
2267 5007 2335 5060 Ut
2375 5006 2611 5061 decimae
2645 5011 2700 5060 et
2747 5007 2992 5060 ﬁdeliter
3021 5024 3052 5059 a
3102 5004 3328 5075 populis
3358 5004 3585 5068 dentur,
3629 5005 3685 5056 et

1985 5095 2255 5149 canonice
2286 5095 2692 5166 apresbyteris
2723 5096 3144 5166 dispensentur,
3181 5100 3238 5147 et
3285 5092 3450 5146 annis
3481 5092 3683 5160 singu-

1985 5183 2053 5237 lis
2084 5184 2365 5237 rationem
2397 5201 2515 5237 suae
2548 5184 2986 5255 dispensationis
3012 5183 3279 5252 episcopo
3312 5182 3397 5235 vel
3431 5180 3546 5234 suis
3576 5179 3681 5233 mi-

1984 5272 2178 5326 nistris
2208 5272 2485 5338 reddant;
2529 5289 2600 5327 ne
2634 5274 2778 5326 forte
2820 5274 3030 5326 damna
3057 5271 3344 5324 fraudium
3399 5269 3681 5338 subigent,

1987 5366 2086 5414 aut
2135 5366 2428 5416 necatores
2473 5377 2813 5433 pauperum,
2859 5359 3248 5414 subtrahendo
3295 5357 3478 5426 utilia,
3527 5357 3680 5428 quod

1985 5449 2153 5513 absit,
2187 5451 2455 5505 existant.

2055 5541 2271 5596 XXXVI.
2303 5540 2503 5610 (Ibid,
2543 5539 2691 5608 209).
2728 5540 2806 5594 Ne
2837 5538 2896 5593 in
2943 5538 3144 5609 quinta
3175 5539 3262 5592 vel
3313 5542 3469 5592 sexta
3511 5553 3682 5608 gene-
