4038 6174
318 344 329 357 .
398 276 567 325 767·

1658 271 1968 327 HERARDI
2013 273 2263 330 TURON.
2308 274 2637 332 ARCHIEP.

3783 286 3861 337 768

395 404 618 458 ratione
648 406 944 476 copuletur
986 403 1276 473 conjugio,
1331 412 1388 458 et
1431 420 1613 474 usque
1662 406 1729 459 ad
1784 407 2090 475 septimam
2131 412 2174 461 A
2204 408 2375 463 fuerit
2423 412 2956 466 excommunicatus
3002 414 3289 483 episcopo,
3355 419 3411 467 et
3471 432 3537 469 ex
3588 418 3859 473 ministerio

396 494 827 563 generationem
856 492 1162 562 progenies
1191 494 1543 546 observetur.

468 582 709 635 XXXVII.
758 597 833 649 tv,
899 583 1017 635 180.
1079 581 1233 633 Add.
1283 598 1340 645 ιι,
1379 581 1487 650 17.)
1546 582 1708 645 Quod
1760 599 1876 636 non
1928 584 2095 637 liceat

397 669 627 722 mulieri
673 669 860 721 velum
919 674 1017 721 aut
1066 673 1266 738 sponte
1315 674 1414 722 aut
1462 676 1650 722 coacte
1696 671 1867 723 semel
1912 684 2093 724 susce-

396 763 555 827 ptum
605 773 946 828 quacunque
983 757 1202 811 ratione
1238 757 1496 827 rejicere,
1554 758 1686 811 licet
1721 759 1776 811 in
1825 758 2095 812 domibus

395 844 642 914 propriis
674 850 851 897 vestes
884 846 1138 899 mutarit.

465 935 726 986 XXXVIII.
784 934 856 1003 (γ,
928 935 1067 1003 167.)
1116 937 1182 988 Ut
1222 936 1411 988 nullus
1461 936 1641 989 tilium
1701 936 1785 989 vel
1837 936 2013 988 tiliam
2064 952 2097 988 a

395 1021 553 1074 fonte
586 1023 877 1090 suscipiat,
915 1040 1017 1075 nec
1060 1039 1186 1076 eam
1234 1023 1404 1077 ducat
1452 1025 1612 1094 cujus
1659 1025 1844 1077 lilium
1891 1025 2092 1077 tenuit.

395 1110 553 1174 Quod
590 1111 633 1162 si
668 1111 882 1163 inventi
913 1118 1065 1175 sunt,
1100 1117 1455 1181 separentur.

465 1200 679 1253 XXXIX.
712 1212 784 1262 (ν,
828 1202 953 1263 31ῖὶ,
990 1202 1125 1264 322;
1168 1217 1239 1262 γι,
1298 1203 1387 1265 99,
1420 1202 1557 1265 402,
1618 1217 1711 1263 vn,
1763 1204 1884 1255 331.
1938 1201 2092 1254 Add.

401 1303 475 1349 ιγ,
517 1286 593 1355 8.)
639 1288 705 1339 Ut
756 1288 1068 1340 doceantur
1108 1288 1302 1356 plebes
1353 1290 1508 1341 nulla
1556 1296 1756 1341 contra
1803 1289 2097 1359 episcopos

398 1375 649 1444 graviter
680 1376 760 1427 vel
792 1376 987 1428 leviter
1033 1392 1223 1445 agere,
1279 1393 1380 1429 nec
1430 1377 1569 1445 ipsis
1620 1378 1941 1439 detrahere,
1997 1379 2096 1431 sed

398 1461 696 1515 humiliter
727 1479 789 1515 ac
818 1470 1139 1517 reverenter
1170 1464 1227 1517 in
1289 1466 1504 1517 cunctis
1535 1464 1795 1529 obedire;
1850 1471 1907 1517 et
1940 1464 2092 1534 quod

398 1566 597 1604 eorum
639 1551 849 1620 injuria
887 1552 1168 1605 referatur
1192 1552 1263 1606 ad
1306 1553 1503 1620 Deum,
1543 1553 1704 1622 cujus
1744 1568 1969 1605 summa
2012 1553 2091 1604 le-

399 1639 629 1710 gatione
650 1640 990 1709 funguntur.
1019 1642 1080 1695 Et
1105 1646 1169 1695 ut
1188 1658 1351 1711 reges
1378 1643 1464 1695 vel
1498 1642 1805 1711 principes,
1840 1657 1941 1711 pro
1966 1641 2094 1711 qui-

398 1729 504 1782 bus
535 1744 700 1780 orare
740 1728 1063 1799 quibusque
1110 1735 1347 1799 propter
1398 1732 1579 1783 Deum
1620 1730 1782 1783 subdi
1832 1728 2095 1799 prazcipi-

397 1832 548 1877 mur,
581 1817 773 1869 nullus
800 1818 1138 1871 maledicere
1163 1819 1249 1871 vel
1295 1817 1595 1871 detrahere
1626 1822 1952 1886 priesumat.

466 1905 569 1959 XL.
606 1905 665 1973 (ι,
712 1908 807 1971 85;
854 1921 906 1971 v,
965 1909 1099 1971 21’+;
1149 1923 1243 1971 γιι,
1292 1910 1418 1969 292,
1462 1908 1582 1959 468.
1634 1906 1782 1960 Add.
1849 1923 1919 1969 iv,
1982 1904 2095 1973 50.)

398 1994 477 2047 De
510 2009 709 2046 manso
744 1993 965 2064 integro
1017 1996 1324 2065 unicuique
1374 1994 1631 2048 Ecclesiaa
1663 1995 1879 2064 absque
1924 2010 2093 2047 censu

397 2081 486 2135 vel
518 2083 820 2151 temporali
860 2083 1087 2135 servitio
1124 2083 1329 2136 dando.
1381 2083 1446 2136 Et
1488 2082 1640 2152 quod
1688 2097 1889 2135 omnes
1936 2083 2098 2135 dotes

398 2170 764 2224 ecclesiarum
797 2172 867 2225 ad
890 2172 1022 2241 jura
1056 2172 1377 2239 pertineant
1392 2170 1666 2241 epist-Opi.

466 2259 604 2313 XLI.
642 2260 736 2329 (IV,
777 2264 868 2327 17;
904 2277 953 2329 γ,
995 2263 1112 2325 106,
1144 2260 1293 2330 233.)
1339 2260 1675 2330 Quicunque
1723 2259 1954 2312 viduam
2007 2258 2094 2312 in-

397 2348 484 2402 fra
509 2348 744 2417 triginta
777 2349 897 2402 dies
939 2349 1231 2403 viduitatis
1278 2349 1512 2401 invitam
1543 2349 1626 2401 vel
1671 2348 1954 2401 volentem
2002 2364 2095 2401 ac-

398 2438 633 2506 ceperit,
680 2438 827 2490 ultra
858 2454 983 2491 eam
1018 2455 1129 2490 nou
1176 2438 1436 2507 attingat,
1486 2442 1542 2489 et
1586 2436 1853 2491 adulterii
1903 2452 2097 2507 pmnas

400 2525 536 2578 luat.

469 2614 626 2668 XLII.
666 2612 744 2682 (ιι.
781 2616 950 2682 39;v,
1001 2616 1149 2679 274.)
1198 2615 1264 2665 Ut
1298 2614 1621 2679 iucestuosi,
1676 2620 1730 2667 et
1786 2615 1884 2685 qui
1942 2614 2097 2667 deci-

399 2718 522 2755 mas
543 2718 670 2767 non
696 2702 850 2769 dant,
894 2720 1007 2755 non
1056 2704 1529 2771 constringantur
1582 2719 1683 2771 per
1734 2703 1953 2772 gladios
2011 2702 2095 2755 vel

401 2796 774 2853 sacramenta,
813 2791 908 2845 sed
932 2790 1307 2844 ecclesiastice
1334 2791 1718 2860 corrigantur.

470 2886 653 2941 XLIII.
690 2886 885 2956 (Ibid.,
920 2887 1068 2955 325.)
1107 2888 1176 2941 Ut
1206 2886 1519 2956 presbyteri
1556 2904 1655 2954 per
1703 2892 1947 2940 mercata
1978 2903 2096 2941 non

401 2974 746 3041 discurrant,
780 2992 886 3029 nec
916 2975 1218 3028 indiscrete
1262 2975 1464 3028 domos
1499 2976 1870 3040 circumeant,
1907 2982 1960 3029 et
2002 2994 2096 3029 co-

400 3064 840 3117 messationibus
871 3067 925 3117 ét
951 3064 1325 3118 ebrietatibus
1361 3080 1475 3117 non
1528 3064 1859 3129 inserviant,
1896 3081 1962 3118 ne
2006 3066 2095 3119 fa-

398 3168 552 3205 mam
572 3154 733 3207 malae
751 3153 1041 3223 opinionis
1066 3154 1380 3206 incurrant.

470 3249 643 3303 XLIV.
676 3251 736 3319 (ι,
782 3252 908 3313 150;
942 3265 994 3311 γ,
1046 3251 1194 3314 327.)
1240 3249 1309 3301 Ut
1340 3264 1429 3301 res
1476 3264 1617 3317 quas
1674 3248 1729 3300 in
1782 3248 1953 3301 sacris
2002 3263 2095 3300 or-

398 3338 628 3392 dinibus
658 3338 1051 3408 acquisierint,
1084 3337 1335 3406 propriis
1366 3337 1618 3389 ecclesiis
1663 3336 2097 3406 derelinquant;

400 3425 792 3481 haereditarias
816 3442 947 3479 vero
968 3427 1130 3495 juxta
1156 3425 1460 3478 arbitrium
1494 3425 1739 3495 propriis
1790 3425 2097 3477 voluntatis

402 3515 762 3568 distribuant.

472 3603 622 3656 XLV.
682 3603 871 3670 (Ιὸἰιί.,
932 3604 1081 3671 372.)
1125 3603 1194 3656 Ut
1248 3602 1565 3673 presbyteri
1613 3617 1823 3673 aquam
1858 3602 2094 3656 benedi-

403 3694 551 3743 ctam
581 3707 709 3745 cum
738 3691 852 3744 suis
893 3692 1121 3761 populis
1162 3691 1221 3744 in
1250 3691 1492 3745 circuitu
1531 3691 1895 3744 ecclesiarum
1939 3691 2095 3745 defe-

403 3785 553 3846 rant,
588 3784 642 3833 et
672 3786 733 3834 ut
762 3780 1037 3834 scrutinia
1070 3780 1128 3834 in
1163 3780 1301 3834 locis
1331 3784 1387 3834 et
1427 3780 1783 3851 temporibus
1817 3782 2098 3835 constitu-

402 3870 473 3924 tis
496 3886 609 3923 non
642 3870 955 3940 negligant.

470 3960 645 4015 XLVI.
682 3959 865 4029 (lbid.,
899 3961 1021 4013 382.
1062 3958 1210 4015 Add.
1242 3976 1325 4027 ιιι,
1362 3961 1473 4020 72.)
1506 3960 1584 4012 De
1622 3958 2095 4013 aediﬁcationibus

402 4048 789 4110 ecclesiarum,
848 4054 913 4101 ut
970 4048 1163 4102 nullus
1210 4052 1377 4100 antea
1430 4047 1864 4101 fundamentum
1922 4048 2096 4116 jaciat

402 4137 585 4190 donec
614 4136 911 4206 episcopus
939 4136 1146 4199 veniat,
1183 4137 1324 4189 etin
1362 4136 1550 4190 medio
1589 4151 1814 4188 crucem
1849 4137 2011 4205 ligat;
2039 4140 2095 4187 et

401 4224 480 4277 sic
511 4230 738 4293 accepta
760 4225 911 4287 dote,
945 4225 1311 4278 construendi
1336 4225 1623 4277 licentiam
1648 4224 1877 4277 tribuat.

2205 514 2363 551 sacro
2393 500 2710 570 quidquam
2743 503 3074 571 contigerit,
3118 504 3449 556 nullatenus
3477 520 3636 573 spem
3671 510 3855 562 restitu-

2204 588 2378 640 tionis
2400 588 2669 642 inveniat.

2279 676 2387 730 LII.
2423 676 2523 745 (γι,
2556 678 2682 743 77.)
2718 680 2784 733 Ut
2827 679 2928 748 qui
2976 695 3186 749 aquam
3234 686 3626 735 consecratam
3662 685 3764 736 vult
3794 702 3854 738 ac-

2204 763 2392 832 cipere
2422 764 2480 817 in
2520 764 2763 817 Sabbato
2810 772 3002 818 sancto
3052 768 3135 819 vel
3188 768 3542 831 Pentecoste,
3577 775 3699 822 ante
3741 771 3854 823 infu-

2204 851 2424 905 sionem
2447 852 2770 906 chrismatis
2791 860 2997 907 sumat.
3040 855 3178 909 Nam
3216 856 3313 909 illa
3335 856 3658 911 chrismatis
3697 860 3850 912 mistio

2205 941 2272 993 ad
2306 943 2730 1009 regenerandos
2760 944 3027 1013 pertinet.

2279 1030 2411 1084 LIII.
2448 1034 2529 1099 (ιι,
2564 1032 2659 1096 40,
2709 1049 2782 1096 γι,
2845 1035 2963 1097 170,
3008 1036 3134 1098 191;
3184 1049 3278 1098 vu,
3328 1035 3480 1103 472.)
3536 1036 3602 1088 Ut
3649 1038 3851 1105 populus

2207 1119 2549 1189 praedicetur
2582 1125 2643 1173 ut
2684 1121 3001 1174 oblationes
3038 1122 3152 1175 Deo
3203 1122 3460 1183 offerant,
3514 1128 3571 1175 et
3618 1130 3676 1175 ut
3722 1131 3853 1176 tertia

2208 1208 2501 1262 Dominica
2533 1210 2617 1261 vel
2664 1215 2867 1279 quarta
2909 1211 3357 1275 communicent,
3392 1212 3730 1263 abstinentes
3766 1230 3811 1264 se
3834 1230 3857 1263 ιι

2204 1295 2429 1348 luxuria
2477 1297 2837 1366 propriisque
2903 1298 3191 1364 uxoribus,
3249 1304 3304 1350 et
3368 1300 3607 1369 reliquis
3662 1300 3856 1363 illicitis,

2206 1384 2313 1438 nisi
2337 1386 2482 1439 forte
2516 1385 2909 1439 criminalibus
2941 1387 3124 1456 culpis
3153 1387 3268 1441 sint
3298 1388 3581 1456 impliciti.

2280 1474 2409 1527 LIV.
2445 1476 2541 1541 (vi,
2582 1476 2701 1537 169,
2762 1476 2907 1543 W1.)
2962 1476 3028 1529 Ut
3061 1476 3224 1546 signa
3270 1476 3570 1546 pulsentur
3615 1476 3759 1530 horis
3795 1494 3859 1529 ca-

2208 1562 2445 1616 nonicis.
2482 1564 2546 1617 Et
2568 1568 2629 1616 ut
2660 1564 2851 1617 nullus
2873 1580 2931 1617 se
2984 1580 3085 1634 per
3136 1564 3514 1618 ambitionem
3550 1565 3709 1619 alteri
3755 1582 3863 1635 prte-

2206 1650 2371 1718 ferat,
2429 1652 2526 1705 sed
2582 1668 2781 1705 omnes
2836 1658 3150 1724 agnoscant
3200 1657 3428 1723 tempus
3488 1670 3608 1707 suae
3667 1654 3865 1707 ordina-

2207 1740 2400 1793 tionis.

2282 1828 2379 1880 LV.
2416 1828 2614 1895 (Ibt'd.,
2650 1830 2769 1893 175,
2806 1828 2949 1898 193.)
3001 1829 3071 1883 Ut
3100 1843 3271 1882 nemo
3316 1846 3348 1881 a
3390 1845 3549 1882 sacro
3588 1829 3738 1882 fonte
3782 1830 3870 1881 ali-

2208 1932 2379 1986 quem
2412 1917 2700 1986 suscipiat,
2735 1917 2843 1969 nisi
2873 1917 3201 1971 Orationem
3232 1917 3580 1971 dominiwm
3635 1924 3691 1971 et
3735 1918 3873 1987 Sym-

2210 2003 2404 2057 bolum
2449 2006 2615 2075 juxta
2664 2006 2917 2074 linguam
2965 2022 3127 2059 suam
3186 2011 3241 2059 et
3288 2006 3647 2060 intellectum
3685 2012 3869 2059 teneat.

2209 2093 2273 2146 Et
2298 2109 2496 2146 omnes
2524 2094 2849 2161 intelligant
2878 2098 3107 2165 pactum
3132 2094 3286 2164 quod
3308 2111 3438 2148 cum
3476 2096 3593 2148 Deo
3624 2096 3872 2148 fecerunt.

2280 2182 2407 2234 LVI.
2446 2182 2641 2249 (Ibid.,
2701 2185 2843 2249 178.)
2888 2185 2969 2236 ‘Ut
3019 2183 3328 2253 presbyteri
3377 2184 3650 2249 chrisma,
3683 2184 3870 2245 oleum,

2205 2275 2263 2323 et
2305 2271 2715 2325 Eucharistiam
2777 2288 3002 2341 semper
3054 2272 3321 2338 habeant,
3384 2279 3447 2326 ut
3503 2274 3688 2342 parati
3748 2273 3871 2325 inve-

2207 2358 2458 2425 niantur,
3828 2400 3831 2403 .

2281 2449 2433 2501 LVII.
2473 2450 2660 2517 (Ibid.,
2690 2452 2779 2515 ‘29,
2820 2448 2962 2518 195.)
3016 2451 3083 2503 Ut
3122 2466 3322 2503 omnes
3362 2450 3632 2519 primitia'
3660 2450 3863 2518 frugum

2207 2536 2623 2591 benedictionis
2657 2539 2840 2607 gratia
2870 2540 2938 2593 ad
2969 2539 3265 2592 ecclesiam
3299 2539 3651 2592 deferantur.

2278 2626 2462 2679 LVIII.
2501 2627 2699 2695 (Ibid,
2732 2630 2821 2679 197
2856 2633 2911 2679 et
2940 2630 3078 2696 seq.)
3114 2628 3179 2679 Ut
3208 2628 3494 2696 exsequias
3537 2633 3866 2679 mortuorum

2206 2730 2335 2767 cum
2388 2715 2541 2769 luctu
2580 2721 2794 2767 secreto
2844 2721 2901 2768 et
2951 2716 3133 2768 cordis
3170 2716 3383 2784 gemitu
3431 2716 3589 2768 iiant.
3640 2716 3699 2768 Et
3743 2715 3863 2782 psal-

2209 2820 2333 2857 mos
2376 2804 2725 2872 ignorantes,
2774 2808 2938 2872 Kyrie
2984 2806 3182 2858 eleison
3220 2804 3299 2857 ibi
3329 2810 3567 2869 canant;
3616 2810 3669 2857 et
3699 2808 3753 2855 ut
3790 2804 3866 2854 tri-

2207 2894 2366 2963 ginta
2392 2892 2591 2946 diebus
2619 2894 2789 2946 amici
2821 2898 2876 2946 et
2902 2898 3164 2963 parentes
3187 2910 3288 2961 pro
3317 2894 3397 2946 eis
3430 2899 3617 2963 agant.

2139 3005 2177 3057 ρ
2280 2983 2408 3036 LIX.
2442 2982 2591 3045 (Ibid
2616 2982 2764 3049 206.)
2810 2984 2874 3035 Ut
2912 2982 3229 3052 presbyteri
3286 2982 3353 3035 de
3400 2981 3633 3035 occultis
3684 2982 3860 3049 jussio-

2204 3086 2275 3125 ne
2306 3070 2557 3140 episcopi
2608 3071 2950 3140 pmiiitentes
2998 3070 3393 3135 reconcilient;
3450 3076 3507 3123 et
3549 3070 3690 3123 sicut
3724 3083 3859 3137 supra

2205 3159 2618 3230 praemisimus.
2686 3160 3041 3212 inlirmantes
3105 3160 3403 3211 absolvant
3460 3164 3517 3211 et
3580 3157 3860 3212 communi-

2205 3253 2354 3302 cent.

2279 3338 2378 3391 LX.
2415 3336 2605 3403 (Ibid.,
2637 3337 3002 3405 207.)Mulier
3038 3343 3165 3403 post
3198 3342 3425 3405 partum
3468 3336 3656 3389 statim
3686 3340 3741 3387 ut
3785 3350 3861 3384 vo.

2206 3424 2397 3490 luerit,
2461 3424 2570 3477 nisi
2603 3425 2746 3477 forte
2800 3425 2871 3476 sit
2928 3424 3208 3491 adultera,
3258 3423 3429 3476 intret
3471 3424 3768 3485 ecclesiam,
3814 3435 3861 3471 ac

2205 3513 2319 3567 Deo
2352 3513 2562 3566 referat
2587 3513 2820 3581 gratias.

2277 3602 2405 3655 LXI.
2440 3604 2502 3665 (ι,
2568 3603 2708 3667 158;
2765 3617 2822 3663 ιι,
2879 3603 2975 3666 35;
3034 3617 3106 3667 γι,
3164 3602 3305 3669 189.)
3361 3600 3441 3652 De
3497 3598 3862 3653 festivitatibus

2205 3689 2340 3743 anni
2363 3706 2490 3760 quae
2523 3689 2715 3743 feriari
2749 3690 3013 3755 debeant,
3064 3689 3119 3741 id
3151 3696 3235 3741 est
3268 3689 3454 3742 Natali
3487 3688 3725 3749 Domini,
3756 3702 3861 3738 san.

2202 3778 2279 3832 cti
2340 3778 2634 3849 Stephani,
2682 3778 2863 3831 sancti
2902 3777 3152 3841 Joannis,
3185 3782 3240 3831 et
3286 3777 3705 3842 Innocentium,
3746 3781 3864 3827 octa-

2202 3883 2298 3921 vas
2334 3866 2583 3934 Domini,
2631 3866 2967 3937 Epiphania,
3000 3871 3053 3919 et
3091 3866 3490 3919 Puriﬁcatione
3537 3871 3734 3919 sanctae
3776 3864 3863 3916 Ila-

2200 3955 2324 4019 riaa,
2359 3962 2415 4009 et
2442 3956 2870 4027 Assumptione,
2896 3962 2951 4008 et
2974 3956 3335 4020 Ascensione,
3387 3956 3636 4019 Domini,
3670 3961 3721 4007 et
3747 3955 3866 4007 Pen-

2201 4049 2430 4105 tecoste.
2482 4046 2644 4099 Missa
2686 4045 2863 4098 sancti
2894 4045 3130 4099 Joannis
3172 4044 3463 4113 Baptistae,
3507 4044 3864 4113 apostolorum

2201 4134 2350 4187 Petri
2374 4139 2428 4186 et
2454 4135 2631 4197 Pauli,
2674 4133 2854 4187 sancti
2885 4134 3189 4198 Michaelis,
3238 4138 3409 4203 atque
3450 4134 3667 4186 omnim
3715 4132 3862 4185 Sanc-

2197 4230 2443 4288 ctorum,
2486 4224 2665 4276 sancti
2705 4224 2948 4290 Martini,
2982 4230 3036 4275 et
3061 4223 3238 4276 sancti
3284 4224 3550 4290 Andreae,
3592 4230 3645 4275 et
3692 4234 3865 4274 eorum

473 4313 669 4365 XLVII.
710 4314 771 4382 (1,
835 4316 924 4367 131
951 4330 963 4378 ;
990 4330 1039 4379 v,
1065 4313 1206 4379 l266,
1257 4312 1405 4366 Add.
1449 4329 1529 4378 III,
1588 4315 1696 4375 83.)
1750 4314 1819 4366 Ut
1877 4313 2090 4383 episco-
2128 4306 2171 4359 D
2202 4328 2451 4382 quorum
2482 4328 2719 4382 corpora
2748 4328 2813 4365 ac
2844 4312 3050 4366 debitae
3076 4312 3477 4366 venerationes
3518 4313 3577 4364 in
3610 4311 3738 4365 locis
3770 4308 3865 4360 sin-

402 4416 531 4470 pus,
564 4405 663 4453 aut
686 4401 1001 4471 presbyter,
1036 4401 1104 4454 de
1158 4400 1279 4454 loco
1300 4400 1540 4470 ignobili
1590 4401 1659 4455 ad
1692 4401 1947 4454 nobilem
1990 4416 2096 4470 per

402 4487 776 4542 ambitionem
826 4505 939 4543 non
983 4495 1254 4555 transeat,
1305 4506 1408 4542 nec
1454 4490 1760 4561 quisquam
1809 4489 2095 4543 inferioris

402 4576 620 4631 ordinis
636 4577 872 4631 clericus

474 4667 699 4720 XLVIII.
752 4670 847 4735 (γι,
904 4669 1035 4733 200;
1085 4682 1182 4735 γιι,
1216 4666 1364 4736 245.)
1404 4666 1459 4720 Si
1510 4666 1803 4737 presbyter
1840 4672 1940 4721 aut
1982 4667 2099 4722 dia-

403 4770 579 4808 conus
612 4755 822 4809 deserit
848 4756 1144 4810 ecclesiam
1197 4772 1381 4821 suam,
1441 4757 1782 4826 deponatur,
1835 4756 1941 4809 nisi
1991 4773 2093 4827 pe-

402 4843 608 4897 titione
638 4844 859 4915 populi,
919 4844 1265 4915 licentiaque
1313 4844 1585 4916 episc0pi,
1620 4850 1677 4898 et
1699 4844 1940 4899 utilitate
1973 4861 2094 4899 ma-

396 4948 533 5002 λοι-ι.

474 5021 645 5078 XLIX.
676 5022 771 5091 (γι,
812 5025 900 5086 73,
951 5026 1035 5075 73.
1074 5022 1223 5076 Add.
1266 5038 1325 5083 ιι,
1376 5022 1481 5087 10.)
1510 5023 1579 5076 Ut
1632 5021 1930 5093 presbyter
1976 5039 2094 5077 non

404 5112 650 5182 amplius
697 5126 870 5181 quam
918 5126 1090 5163 unam
1139 5110 1434 5164 ecclesiam
1473 5112 1699 5179 habeat,
1734 5111 1876 5166 sicut
1916 5117 1973 5165 et
2010 5112 2097 5166 vir

403 5215 576 5253 unam
604 5215 837 5252 uxorem
850 5240 860 5251 .

478 5290 536 5342 L.
574 5290 670 5359 (γι,
715 5289 829 5357 61.)
882 5287 950 5341 Ut
995 5286 1313 5357 presbyteri
1359 5292 1416 5339 et
1458 5286 1703 5351 diaconi,
1748 5289 1795 5342 si
1847 5288 1909 5343 in
1948 5289 2097 5342 bella

404 5391 534 5430 cum
567 5376 741 5430 armis
766 5376 1165 5447 processerint,
1199 5375 1280 5428 ita
1334 5376 1699 5445 deponantur
1747 5383 1807 5430 ut
1853 5394 1953 5431 nec
1992 5377 2094 5430 lai-

405 5480 529 5517 cam
552 5465 1013 5519 communionem
1046 5464 1309 5519 habeant.

482 5553 563 5607 LI.
589 5552 760 5623 (Add.
786 5570 858 5620 iv,
900 5554 1093 5625 54.)Ξὶ
1133 5554 1259 5625 quis
1309 5572 1342 5608 a
1385 5555 1602 5625 synodo
1654 5556 1739 5609 vel
1780 5573 1809 5609 a
1864 5557 2097 5628 proprio

2202 4402 2351 4474 gulis
2375 4407 2741 4471 peraguntur.

2274 4492 2428 4546 LXII.
2465 4490 2651 4562 (Ibid.,
2691 4494 2810 4560 187,
2845 4493 2963 4545 330.
2987 4490 3140 4545 Αάιί.
3178 4507 3236 4557 ιι,
3272 4490 3385 4557 23.)
3414 4492 3483 4546 Ut
3508 4490 3705 4544 diebus
3737 4485 3871 4541 festis

2198 4581 2555 4651 jejuniorum
2584 4580 2973 4651 aconjugibus
3020 4597 3078 4633 se
3123 4581 3480 4645 abstineant;
3515 4584 3572 4633 et
3611 4580 3739 4651 quia
3779 4589 3872 4628 non

2204 4676 2287 4722 est
2316 4685 2581 4723 concessa
2616 4685 2756 4722 uxor
2795 4686 2963 4721 causa
2998 4669 3263 4728 libidinis,
3309 4670 3403 4721 sed
3450 4668 3719 4733 ﬁliorum;
3770 4681 3873 4717 om-

2204 4758 2300 4811 nia
2332 4759 2747 4827 prohibeantur
2781 4758 2999 4822 illicita,
3026 4763 3404 4827 parcaturque
3434 4774 3466 4808 a
3494 4757 3683 4809 licitis.

2277 4849 2460 4902 LXIII.
2498 4850 2587 4916 (Vl,
2620 4850 2737 4911 103,
2784 4850 2903 4913 112,
2938 4848 3061 4912 395-,
3116 4848 3239 4911 404,
3290 4847 3443 4915 407.)
3480 4847 3551 4899 Ut
3600 4844 3874 4917 privilegia

2203 4936 2456 4991 ecclesiis
2488 4952 2747 4990 concessa
2789 4940 3059 4989 maneant
3106 4935 3466 5004 incorrupta;
3514 4941 3570 4988 ct
3632 4935 3724 5005 qui
3772 4946 3874 4984 cor-

2200 5025 2443 5095 ruperit,
2475 5042 2673 5095 pcenas
2707 5027 2825 5079 luat
2855 5024 3156 5095 sacrilegii.

2277 5115 2450 5170 LXIV.
2509 5114 2581 5183 (ν,
2618 5113 2752 5185 403ξ,
2786 5131 2859 5177 γι,
2914 5117 3048 5180 393;
3099 5130 3193 5173 γιι,
3260 5112 3399 5182 199.)
3449 5112 3647 5171 Laicis.
3689 5122 3868 5182 quam-

2204 5204 2285 5257 vis
2315 5203 2615 5274 religiosis,
2650 5204 2720 5258 de
2750 5202 3000 5256 ecclesiae
3032 5202 3279 5271 negotiis
3310 5201 3678 5271 disponendis
3733 5195 3870 5251 nulla

2201 5292 2489 5346 tribuatur
2526 5292 2781 5358 facultas,
2832 5290 2967 5362 quia
3026 5291 3091 5345 ad
3151 5291 3408 5361 ipsorum
3470 5287 3866 5344 damnationem

2204 5381 2475 5450 pertinet.

2280 5469 2424 5523 LXV.
2458 5469 2557 5538 (γι,
2594 5471 2718 5536 404,
2751 5470 2875 5535 405,
2902 5470 3024 5523 407.
3060 5468 3209 5524 Add.
3244 5485 3319 5533 tv,
3353 5467 3465 5537 5³7.)
3516 5465 3712 5523 Omnia
3757 5476 3867 5532 qua:

2206 5559 2321 5613 Deo
2352 5556 2694 5625 offeruntur,
2723 5563 3055 5613 consecrata
3084 5558 3388 5626 habentur,
3422 5558 3484 5611 in
3536 5554 3727 5617 vineis,
3769 5557 3867 5604 ter-
