4078 6180
191 338 289 389 769

1751 337 2117 394 CAPITULA.

3586 347 3687 397 77o
3742 335 3766 364 ‘

189 469 283 531 ris,
336 466 530 537 sylvis,
582 466 946 533 utensilibus,
1017 465 1389 534 vestimentis,
1450 468 1774 538 pecoribus,
1829 472 1886 522 et
1923 473 1968 524 A
1996 468 2064 522 ad
2091 468 2275 522 noctis
2306 467 2538 522 initium
2565 485 2683 523 non
2705 469 2992 540 jejunant,
3015 472 3606 539 excommunicentur,
3635 477 3692 528 et

189 557 424 626 reliquis
464 556 953 625 possessionibus;
996 561 1061 610 ut
1110 571 1240 626 qua
1277 557 1537 610 Ecclesia
1566 562 1718 624 sunt,
1764 557 1886 611 sine

188 645 362 698 dubio
393 645 621 712 Christi,
656 645 754 714 qui
784 661 1024 714 sponsus
1057 646 1181 715 ejus
1213 650 1314 713 est,
1342 647 1472 699 sint.

261 742 437 796 LXVI.
492 742 588 808 (vr,
624 742 765 807 124.)
815 740 977 804 Quod
1035 742 1365 811 conjunctio
1415 743 1690 813 spiritalis
1729 760 1887 797 com-

189 831 386 884 matris
432 829 677 882 maxime
727 829 796 882 sit
845 835 1165 899 peccatum,
1215 837 1273 884 et
1311 831 1438 885 ideo
1481 827 1886 902 separandum,

188 925 243 972 et
272 918 460 988 capite
491 918 579 970 vel
612 918 808 971 exsilio
838 919 1252 972 damnandum.

262 1016 466 1070 LXVII.
518 1015 705 1085 (lbid.,
757 1016 882 1080 230,
933 1016 1057 1082 240,
1105 1015 1228 1069 432.
1285 1016 1434 1071 Add.
1470 1033 1529 1083 ιι,
1562 1019 1678 1084 23.)
1725 1017 1888 1081 Quod

189 1105 439 1158 debeant
469 1104 573 1156 viri
607 1119 814 1156 uxores
861 1119 991 1156 suas
1022 1104 1284 1175 diligere,
1318 1105 1514 1176 eisque
1548 1112 1610 1160 ut
1646 1107 1763 1160 vasi
1793 1106 1886 1160 in-

189 1192 384 1246 feriori
414 1192 732 1246 custodiam
767 1197 824 1245 et
853 1192 1050 1246 omnia
1075 1194 1394 1247 necessaria
1423 1194 1742 1264 providere.

265 1291 498 1344 LXVIII.
555 1288 631 1358 (ν,
679 1291 769 1354 23,
823 1291 918 1357 59;
976 1306 1072 1355 vn,
1123 1291 1176 1355 4,
1235 1294 1321 1357 78,
1383 1294 1499 1353 155,
1562 1295 1680 1358 163,
1739 1293 1889 1364 275.)

191 1379 354 1443 Quod
386 1380 578 1432 omnis
615 1379 756 1432 ordo
789 1378 1126 1432 clericorum
1168 1380 1439 1450 episcopo
1469 1397 1571 1434 suo
1602 1381 1890 1450 subjectus

191 1473 442 1534 maneat,
474 1472 529 1521 et
573 1468 642 1521 ad
676 1468 798 1537 ejus
841 1467 1059 1537 judicia
1104 1473 1427 1532 concurrat,
1461 1469 1721 1540 nihilque
1769 1470 1890 1524 sine

190 1574 254 1610 eo
287 1561 619 1625 prasumat.
653 1556 809 1620 Quod
845 1556 944 1626 qui
978 1556 1192 1618 fecerit,
1231 1557 1596 1626 degradetur.

260 1655 438 1708 LXIX.
474 1658 550 1722 (v,
584 1657 673 1720 25,
721 1656 808 1719 26,
846 1656 950 1719 62;
1003 1670 1096 1718 vn,
1134 1655 1220 1719 10,
1263 1653 1410 1723 474.)
1463 1656 1524 1709 Ut
1559 1671 1891 1710 excommu-

190 1743 395 1796 nicatis
449 1760 617 1797 nemo
655 1743 1062 1810 communicet,
1099 1760 1202 1797 nec
1254 1745 1749 1815 perturbatoribus
1797 1761 1893 1798 ec—

191 1833 497 1901 clesiarum
525 1849 582 1884 se
616 1831 871 1885 misceat.

260 1929 412 1984 LXX.
476 1929 573 2000 (vi,
631 1931 772 1996 36’s;
825 1945 915 1992 vn,
966 1931 1052 1992 85,
1114 1931 1260 1996 100.)
1310 1930 1380 1984 Ut
1426 1931 1767 1983 criminosus
1810 1930 1892 1983 lo-

192 2034 318 2072 cum
353 2019 660 2071 accusandi
689 2035 798 2071 non
831 2018 1063 2085 habeat;
1101 2023 1155 2072 et
1186 2018 1285 2089 qui
1319 2035 1497 2072 unum
1531 2018 1747 2072 crimen
1781 2034 1894 2071 non

193 2107 498 2178 approbat,
530 2107 599 2160 ad
629 2107 783 2161 aliud
816 2123 932 2160 non
967 2107 1324 2161 admittatur.

264 2203 448 2257 LXXI.
501 2205 596 2273 (νι,
655 2206 788 2273 381;
843 2221 938 2270 vu,
987 2207 1103 2258 116.
1153 2205 1308 2258 Add.
1342 2221 1414 2269 IV,
1470 2207 1548 2274 3.)
1607 2206 1674 2259 Ut
1703 2205 1895 2258 nullus

192 2292 616 2346 accusationem
664 2293 932 2363 suscipiat
975 2293 1314 2364 priusquam
1358 2293 1528 2348 rebus
1577 2294 1693 2347 suis
1725 2292 1894 2346 resti-

191 2387 410 2434 tuatur.

261 2479 462 2532 LXXII.
527 2483 603 2546 (ν,
669 2479 794 2543 147;
845 2493 940 2542 vn,
997 2477 1140 2548 166.)
1201 2478 1379 2532 Nemo
1428 2477 1670 2548 accipiat
1723 2479 1895 2532 eccle-

189 2567 333 2619 siam
368 2567 492 2620 sine
523 2567 754 2620 datione
788 2574 843 2621 et
873 2583 1152 2619 consensu
1180 2567 1399 2636 proprii
1432 2567 1700 2636 episcopi.

259 2663 488 2725 LXXIII,
541 2668 615 2732 (ν,
649 2665 720 2729 2;
772 2679 866 2729 vn,
925 2665 1042 2729 I30,
1102 2662 1253 2731 231.)
1309 2663 1378 2716 Ut
1407 2662 1662 2715 discendi
1714 2664 1896 2732 gratia

188 2754 254 2805 ad
311 2755 605 2806 civitatem
654 2753 738 2805 Vel
790 2754 859 2806 ad
913 2754 1034 2805 loca
1080 2752 1388 2805 constituta
1437 2752 1751 2822 presbyteri
1800 2769 1894 2806 ve-

190 2842 362 2894 niant
395 2841 879 2911 quadragesimali
913 2847 1188 2911 tempore.

261 2937 486 2992 LXXIV.
542 2936 658 3003 (vn,
697 2939 815 3000 106,
848 2936 982 3003 433;
1026 2952 1119 3002 vu,
1156 2938 1276 3000 132,
1314 2938 1434 2990 336.
1472 2937 1622 2990 Add.
1667 2953 1726 3001 ιι,
1775 2936 1892 3007 23.)

195 3027 260 3080 Ut
316 3027 386 3079 de
434 3025 686 3090 incestis,
739 3025 1003 3090 intirmis,
1051 3025 1488 3094 pauitantibus,
1542 3031 1598 3079 et
1656 3025 1896 3078 mortuis

192 3130 431 3168 omnem
481 3113 927 3166 sollicitudinem
957 3120 1011 3166 et
1038 3129 1235 3166 curam
1275 3113 1524 3167 habeant
1552 3115 1892 3184 presbyteri,

191 3213 246 3258 et
277 3203 636 3256 concubinas
664 3203 900 3255 omnino
932 3202 1299 3272 prohibeant.

266 3301 467 3356 LXXV.
514 3297 706 3368 (lbid.,
755 3302 805 3353 6.
842 3301 1100 3353 Grutian.
1137 3300 1267 3354 dist.
1321 3301 1389 3354 50
1430 3300 1498 3354 de
1529 3301 1682 3356 Cons.
1719 3303 1770 3354 6.
1827 3301 1897 3356 Ut

186 3390 428 3460 jejuni.)
481 3389 549 3443 Ut
590 3388 776 3459 jejuni
827 3389 898 3442 ad
948 3388 1448 3442 confirmationem
1492 3389 1723 3444 veniant
1761 3406 1896 3460 per-

190 3480 357 3533 fecta
394 3479 616 3543 atatis;
652 3483 706 3532 et
755 3483 1104 3532 moneantur
1130 3477 1514 3532 confessiones
1546 3479 1678 3532 dare
1712 3479 1891 3549 prius,

190 3573 256 3622 ut
285 3568 492 3620 mundi
519 3568 734 3620 donum
765 3568 942 3620 sancti
975 3567 1218 3638 Spiritus
1245 3567 1470 3621 valeant
1497 3569 1772 3636 accipere.

265 3656 489 3711 LXXVI.
551 3657 671 3726 (vn,
730 3659 850 3722 1-29,
902 3657 1024 3724 130,
1083 3657 1202 3720 147,
1256 3657 1376 3718 148,
1429 3655 1580 3724 465.)
1633 3657 1699 3709 Ut
1725 3655 1903 3730 omni

187 3761 345 3798 anno
379 3745 682 3814 parochias
707 3744 963 3815 episcopi
1002 3749 1238 3816 gyrent;
1273 3747 1328 3797 et
1359 3749 1421 3798 ut
1451 3744 1770 3814 presbyteri
1805 3759 1893 3796 ra-

186 3835 414 3886 tionem
466 3833 555 3886 sui
606 3833 909 3887 ministerii
957 3849 1021 3887 ac
1072 3834 1424 3887 creditorum
1480 3834 1744 3886 omnium
1787 3832 1897 3903 ipsi

185 3922 459 3976 reddant.

256 4009 508 4063 LXXVII.
555 4009 824 4078 (Capitul.
876 4011 1058 4065 Caroli
1103 4010 1274 4076 Calvi,
1322 4011 1406 4063 tit.
1464 4025 1564 4077 γη,
1607 4023 1728 4078 cap.
1773 4008 1895 4079 72.)

185 4100 263 4152 De
297 4098 732 4152 venditionibus
763 4101 1180 4168 sepulcrorum,
1213 4099 1282 4152 de
1315 4099 1402 4152 his
1444 4099 1541 4168 qui
1568 4114 1672 4168 pro
1701 4099 1897 4168 sepul-

185 4189 337 4240 turis
371 4203 618 4240 munera
663 4188 922 4256 exigunt,
957 4195 1021 4242 ut
1049 4187 1325 4242 severiter
1367 4187 1686 4257 puniantur
1728 4193 1784 4241 et
1809 4187 1894 4240 di-

186 4277 580 4344 stringantur.

1996 573 2028 610 a
2060 557 2312 628 paschali
2343 557 2753 611 communione
2783 564 3173 614 secernantur.

2071 646 2331 702 LXXXIV.
2381 646 2576 715 (Ibid.,
2626 648 2746 700 357.
2791 647 2937 701 Add.
2974 663 3045 715 ιν,
3083 648 3191 718 14.)
3229 649 3390 712 Quod
3434 649 3493 703 in
3527 651 3688 704 omni

1998 751 2168 789 causa
2217 736 2448 806 capitali
2498 752 2597 788 seu
2645 741 2844 803 status,
2895 753 3008 790 nou
3043 754 3143 808 per
3191 739 3553 806 advocatum,
3588 742 3687 796 sed

1998 840 2101 894 per
2124 840 2448 894 personam,
2483 824 2557 877 sit
2591 825 2896 894 agendum.

2073 914 2298 967 LXXXV.
2351 914 2468 984 (vu,
2518 914 2664 982 378.)
2716 915 2784 966 Ut
2815 914 3132 985 presbyteri
3177 917 3249 969 ab
3288 918 3558 972 omnibus
3605 918 3689 972 vi-

1997 1001 2092 1055 tiis
2125 1018 2183 1054 se
2231 1007 2484 1068 caveant,
2531 1007 2587 1056 et
2634 1003 2902 1072 subjectis
2949 1003 3217 1058 ducatum
3267 1006 3510 1059 calestis
3555 1008 3687 1062 vita

2001 1091 2314 1159 prabeant.

2072 1178 2340 1234 LXXXVI.
2396 1180 2466 1233 Ut
2511 1178 2832 1250 presbyteri
2875 1180 3076 1234 domos
3107 1180 3402 1251 religiosas
3442 1182 3691 1238 habeant

1999 1273 2053 1320 et
2086 1267 2269 1320 nitida
2300 1268 2660 1322 vestimenta.

2073 1356 2364 1411 LXXXVII.
2402 1363 2471 1422 (ν,
2530 1359 2663 1424 138;
2695 1373 2788 1422 vu,
2839 1356 2984 1425 379.)
3019 1358 3088 1410 Ut
3133 1357 3477 1427 regulariter
3515 1359 3696 1429 pani-

2000 1444 2207 1498 tentias
2239 1445 2397 1510 dent,
2447 1449 2505 1498 et
2533 1445 2593 1498 in
2616 1445 2931 1515 judicando
2965 1445 3294 1516 aequitatem
3336 1447 3604 1515 habeant,
3641 1452 3697 1502 et

2000 1548 2239 1586 munera
2267 1533 2400 1585 inde
2435 1548 2552 1585 non
2584 1533 2836 1602 exigant.

2075 1621 2388 1676 LXXXVIII.
2454 1622 2638 1687 (Ibid,
2729 1620 2876 1690 382.)
2943 1621 3141 1674 Mulier
3208 1639 3337 1693 qua
3407 1623 3697 1678 dormiens

2002 1709 2183 1762 ﬁlium
2227 1725 2394 1762 suum
2431 1725 2488 1778 οι
2511 1708 2730 1780 primit,
2765 1726 2858 1762 sex
2908 1710 3072 1763 annis
3114 1712 3409 1779 paniteat.
3457 1713 3552 1765 Vir
3575 1713 3698 1782 ejus

2003 1798 2048 1850 si
2089 1798 2145 1851 in
2177 1798 2349 1852 domo
2377 1797 2567 1864 fuerit,
2615 1804 2879 1868 quatuor.
2916 1799 2971 1851 Si
3001 1798 3061 1851 in
3112 1816 3224 1852 uno
3260 1800 3488 1865 lectulo,
3521 1800 3695 1854 simili

2005 1887 2200 1951 modo,
2232 1888 2377 1940 duos
2423 1888 2482 1940 in
2513 1903 2658 1957 pane
2704 1893 2762 1940 et
2791 1903 2957 1957 aqua,
3006 1887 3258 1958 reliquos
3293 1889 3362 1942 ad
3395 1889 3698 1943 arbitrium

2003 1977 2335 2044 eaeerdotis,
2378 1977 2543 2046 juxta
2589 1976 2926 2046 qualitatem
2958 1992 3220 2046 persona
3251 1985 3304 2032 et
3336 1978 3533 2031 ﬂetum
3574 1994 3697 2048 pte-

2005 2065 2260 2118 nitentis.

2077 2153 2336 2208 LXXXIX.
2388 2153 2576 2222 (Ibid.,
2626 2152 2772 2220 463.)
2827 2153 2896 2206 Ut
2942 2168 3180 2222 sponsus
3211 2157 3266 2205 et
3317 2169 3525 2222 sponsa
3567 2171 3698 2209 cum

2003 2242 2271 2312 precibus
2317 2247 2375 2295 et
2421 2241 2808 2295 oblationibus
2853 2258 2886 2294 a
2933 2242 3226 2295 sacerdote
3268 2242 3697 2314 benedicantur,

2003 2338 2061 2385 et
2106 2331 2328 2400 legibus
2377 2335 2682 2400 sponsetur
2728 2347 2790 2382 ac
2837 2330 3086 2394 dotetur,
3119 2335 3174 2382 et
3209 2348 3240 2382 a
3284 2333 3698 2401 paranymphis

2002 2419 2380 2485 custodiatur,
2450 2424 2507 2471 et
2571 2419 2800 2488 publice
2865 2417 3308 2489 solemniterque
3363 2420 3695 2489 accipiatur.

2004 2508 2183 2562 Biduo
2213 2523 2276 2560 ac
2324 2506 2516 2560 triduo
2545 2506 2890 2573 abstineant,
2934 2513 2991 2559 et
3023 2506 3293 2560 doceatur
3334 2508 3416 2562 eis
3447 2515 3507 2560 ut
3536 2509 3700 2562 casti-

2005 2602 2180 2651 tatem
2214 2596 2369 2648 inter
2417 2611 2475 2648 se
2510 2595 2852 2660 custodiant,
2886 2596 3168 2665 certisque
3210 2596 3569 2666 temporibus
3598 2614 3701 2652 nu-

2002 2687 2162 2751 bant,
2216 2690 2278 2737 ut
2311 2685 2480 2749 Iilios,
2540 2701 2655 2737 non
2701 2685 2946 2755 spurios,
3007 2687 3102 2737 sed
3155 2685 3550 2740 hareditarios
3584 2687 3698 2742 Deo

2004 2779 2062 2828 et
2091 2773 2300 2827 saculo
2333 2777 2630 2842 generant.

2074 2862 2175 2915 XC.
2215 2866 2268 2930 (ι,
2322 2863 2393 2927 6;
2454 2878 2528 2928 νι,
2580 2859 2722 2930 120.)
2767 2862 2844 2914 De
2891 2861 2980 2915 his
3014 2863 3112 2932 qui
3146 2862 3345 2916 missas
3398 2869 3608 2918 canunt
3644 2868 3702 2919 et

2003 2965 2120 3002 non
2172 2948 2620 3014 communicant,
2653 2949 2940 3019 quomodo
2987 2955 3225 3018 possunt
3257 2951 3444 3006 dicere
3491 2953 3701 3006 Sacra-

2003 3042 2276 3091 cramenta
2309 3053 2427 3104 quae
2455 3037 2821 3106 sumpsimus?
2853 3043 2909 3090 et
2937 3043 3160 3093 catera.
3222 3105 3228 3110 .

2075 3125 2203 3179 XCI.
2246 3125 2306 3194 (ι,
2342 3127 2426 3191 13,
2478 3127 2623 3195 127.)
2659 3126 2728 3178 Ut
2759 3125 2845 3178 bis
2871 3126 2927 3178 in
2959 3142 3109 3180 anno
3141 3126 3384 3180 concilia
3412 3127 3700 3181 celebren-

2008 3221 2118 3280 tur,
2155 3220 2212 3267 et
2255 3229 2426 3268 nemo
2470 3215 2601 3284 plus
2646 3213 2709 3267 in
2740 3229 3092 3286 unoquoque
3137 3231 3312 3286 quam
3365 3215 3700 3286 quindecim

2005 3302 2202 3357 diebus
2223 3307 2562 3356 remoretur.

2075 3391 2234 3445 XCII.
2269 3391 2383 3459 (v11,
2414 3392 2505 3458 40,
2559 3390 2705 3461 122.)
2751 3391 2830 3444 De
2880 3389 3216 3454 interdictis,
3273 3392 3426 3462 quod
3461 3391 3559 3462 qui
3609 3391 3702 3447 in-

2004 3480 2242 3534 terdicta
2290 3479 2562 3533 canonica
2605 3495 2834 3533 servare
2881 3480 3310 3550 contempserit,
3361 3481 3570 3551 gradus
3613 3481 3704 3535 sui

2006 3568 2262 3638 periculo
2300 3567 2634 3637 subjacebit.
2671 3569 2810 3622 Item
2843 3567 2888 3620 si
2920 3568 3049 3638 quis
3081 3568 3439 3622 sacerdotum
3469 3569 3558 3622 vel
3590 3569 3704 3623 cle-

2008 3657 2258 3710 ricorum
2309 3661 2509 3709 contra
2561 3655 2864 3708 interdicta
2911 3671 3200 3709 canonum
3248 3656 3465 3722 fecerit,
3516 3673 3550 3710 a
3600 3673 3704 3711 suo

2005 3751 2089 3800 est
2113 3744 2300 3799 officio
2328 3743 2774 3798 submovendus.

2075 3833 2257 3887 XCIII.
2291 3833 2366 3886 De
2396 3832 2609 3885 Pascha
2638 3831 2932 3896 annotina,
2963 3836 3029 3885 ut
3051 3837 3486 3886 rememoretur.

2075 3922 2247 3976 XCIV.
2298 3920 2397 3991 (γι,
2451 3920 2556 3991 74.)
2611 3921 2690 3974 De
2741 3919 2940 3973 litania
2989 3920 3247 3974 Romana
3293 3936 3368 3973 vu
3419 3920 3703 3975 Kalendas

2006 4011 2156 4078 Maii,
2185 4015 2252 4064 ut
2282 4013 2719 4063 rememoretur.

2076 4098 2228 4154 XCV.
2267 4098 2343 4170 (v,
2385 4100 2502 4163 I50,
2554 4097 2708 4151 Add.
2745 4114 2824 4163 lu,
2874 4095 3018 4166 l22.)
3051 4096 3128 4150 De
3179 4096 3380 4150 diebus
3427 4096 3702 4166 Rogatio-

2009 4203 2172 4254 num,
2209 4192 2266 4241 ut
2302 4192 2630 4240 reverenter
2660 4202 2723 4239 ac
2749 4185 2999 4239 studiose
3027 4186 3241 4255 absque
3271 4186 3533 4254 turpibus
3556 4186 3704 4255 jocis

2008 4283 2064 4330 et
2086 4275 2272 4330 verbis
2291 4276 2672 4341 celebrentur,
2696 4279 2760 4328 ut
2786 4275 2974 4328 nullus
3006 4275 3064 4327 in
3095 4274 3176 4327 eis
3207 4274 3464 4344 prandia,
3490 4290 3706 4328 comes-

264 4363 544 4418 LXXVIII.
582 4365 698 4432 (vn,
748 4365 870 4416 225.
906 4363 1060 4416 Add.
1093 4379 1164 4429 IV,
1197 4366 1310 4431 71.)
1349 4363 1428 4417 Ne
1459 4363 1761 4433 presbyter
1792 4363 1897 4418 be-
1935 4371 1979 4425 Β
2009 4366 2278 4433 sationes,
2310 4365 2678 4435 diversasque
2697 4363 2964 4434 potiones
2990 4379 3092 4434 per
3119 4364 3342 4418 diversa
3369 4366 3490 4418 loca
3519 4364 3705 4418 facere

187 4452 591 4506 nedictionein
637 4453 866 4522 publice
911 4453 1152 4506 fundere
1204 4469 1376 4522 super
1425 4453 1704 4523 populum
1755 4469 1900 4524 pra-

185 4548 411 4595 sumat.

263 4630 492 4685 LXXIX.
544 4635 660 4698 (vu,
711 4631 861 4696 248.)
912 4630 1019 4694 Qui
1049 4630 1344 4683 ecclesiam
1401 4630 1726 4684 tricennarii
1771 4630 1901 4700 jure

184 4735 362 4788 p05se
386 4720 538 4782 ierit,
570 4719 710 4770 nulli
744 4719 1011 4788 deinceps
1042 4719 1377 4772 subtrahere
1411 4719 1590 4772 liceat.

263 4807 470 4860 LXXX.
521 4807 700 4874 (lbid.,
731 4807 877 4868 253.)
927 4808 1086 4870 Quod
1121 4807 1382 4860 eamdem
1438 4822 1663 4876 poenam
1695 4823 1901 4877 passu-

184 4912 288 4947 sus
343 4896 420 4947 sit
468 4901 777 4961 accusator,
829 4895 874 4947 si
917 4894 1252 4948 convincere
1298 4911 1411 4948 non
1463 4901 1669 4966 potest,
1723 4912 1898 4966 quam

181 5001 346 5048 reus,
376 4984 424 5035 si
453 4983 630 5035 victus
662 4983 858 5038 fuerit.

259 5072 487 5127 LXXXI.
551 5071 743 5140 (lbid.,
802 5074 925 5125 261.
989 5072 1098 5136 Qui
1144 5089 1234 5125 res
1282 5072 1534 5126 ecclesia
1591 5072 1895 5143 invadunt,

181 5166 445 5224 vastant,
479 5163 565 5214 vel
613 5160 907 5230 diripiunt,
956 5163 1002 5215 si
1052 5166 1320 5216 monente
1351 5162 1621 5234 episcopo
1672 5179 1789 5217 non
1840 5179 1899 5216 se

177 5250 568 5313 correxerint,
605 5249 1194 5304 excommunicentur.

259 5339 504 5393 LXXXII.
542 5340 640 5405 (γι,
693 5340 830 5404 371;
877 5354 974 5402 vn,
1007 5338 1160 5408 279.)
1211 5339 1280 5392 Ut
1313 5337 1441 5391 laici
1491 5338 1639 5391 infra
1668 5339 1898 5392 cancel—

179 5425 272 5479 los
305 5441 426 5478 non
458 5430 628 5490 stent,
663 5431 716 5478 et
760 5431 823 5477 ut
853 5425 1066 5479 oblatio
1103 5425 1318 5495 p0pulo
1370 5424 1507 5478 foris
1538 5430 1698 5496 septa
1747 5425 1900 5478 reci—

184 5515 414 5584 piatur.

269 5601 550 5656 LXXXIII.
595 5601 788 5668 (Ibid.,
830 5604 982 5669 280.)
1029 5601 1136 5666 Qui
1176 5601 1411 5656 sabbato
1445 5603 1670 5658 Pascha
1715 5618 1902 5676 usque

2009 4459 2340 4524 praesumat.

2081 4544 2255 4597 XCVI.
2306 4543 2532 4612 (Concil.
2589 4544 2930 4609 Aquisgran.
2981 4541 3048 4605 II,
3085 4543 3171 4595 tit.
3223 4558 3281 4607 ιι,
3338 4557 3458 4610 cap.
3497 4542 3570 4611 9.)
3628 4533 3706 4597 De

2008 4630 2348 4687 lectionibus
2378 4630 2588 4700 vigilia
2614 4629 2840 4682 Pascha
2873 4633 2930 4681 et
2961 4629 3342 4682 Pentecostes.

2078 4719 2287 4773 XCVII.
2337 4717 2418 4787 (ιι,
2473 4717 2584 4786 35.)
2619 4718 2694 4770 De
2743 4721 2871 4769 octo
2921 4715 3122 4769 diebus
3156 4718 3402 4783 Pascha,
3459 4715 3708 4786 qualiter

2006 4809 2202 4863 feriari
2229 4808 2492 4871 debeant,
2527 4813 2582 4860 et
2611 4805 2680 4859 de
2710 4807 3058 4860 Pentecoste.

2078 4897 2305 4952 XCVIII.
2341 4898 2460 4964 (vn,
2507 4896 2614 4962 42.)
2651 4895 2728 4948 De
2753 4893 3027 4947 dilatione
3072 4897 3397 4963 temporum
3430 4907 3567 4960 erga
3597 4906 3704 4944 nos

2008 4987 2108 5056 qui
2155 4986 2223 5040 ad
2269 5001 2455 5038 sacros
2506 4983 2738 5037 ordines
2784 4982 3199 5053 provehantur.
3255 4981 3362 5046 Qui
3406 4997 3464 5033 se
3496 4979 3703 5033 divina

2009 5075 2228 5129 militia
2273 5073 2585 5143 mancipari
2618 5072 2925 5134 desiderat,
2959 5072 3074 5126 sive
3112 5072 3262 5126 inter
3292 5072 3553 5134 lectores,
3586 5067 3703 5122 sive

2006 5164 2157 5217 inter
2199 5162 2502 5215 exorcistas
2532 5161 2936 5232 quinquennio
2985 5165 3266 5213 teneatur.
3315 5157 3530 5211 Exinde
3563 5173 3706 5210 aco-

2009 5252 2200 5320 Iythus
2233 5251 2318 5303 vel
2353 5249 2734 5304 subdiaconus
2779 5255 3026 5321 quatuor
3053 5247 3220 5300 annis
3267 5251 3411 5310 stet;
3447 5251 3504 5298 et
3530 5245 3610 5299 sic
3642 5244 3705 5298 in

2006 5337 2406 5392 benedictione
2436 5339 2792 5406 diaconatus,
2827 5339 2873 5392 si
2897 5343 3168 5402 meretur,
3193 5335 3422 5389 accedat
3453 5349 3465 5388 :
3505 5334 3563 5388 in
3587 5350 3703 5405 quo

2008 5426 2209 5480 ordine
2241 5427 2496 5498 quinque
2522 5428 2707 5493 annis,
2733 5428 2780 5480 si
2801 5427 3088 5496 inculpate
3109 5441 3168 5478 se
3198 5423 3456 5495 gesserit,
3482 5423 3704 5478 harere

2008 5514 2277 5582 debebit;
2308 5521 2364 5570 et
2387 5522 2588 5588 postea
2618 5517 2910 5588 probatus,
2943 5514 3207 5567 sacerdos
3239 5513 3542 5567 efﬁcietur.

2077 5604 2248 5660 XCIX.
2299 5612 2369 5673 tv,
2419 5607 2525 5673 37;
2581 5622 2673 5670 vu,
2711 5603 2824 5674 43.)
2864 5605 2942 5659 De
2995 5601 3351 5656 confessione
3401 5603 3701 5657 scelerum.
