4078 6180
414 334 507 386 ’771

426 352 470 385 ιι

1671 324 1987 381 HERARDI
2027 324 2276 380 'I‘URON.
2318 324 2649 383 ARCHIEP.
3791 332 3881 383 772

415 464 771 519 Manifestum
802 466 886 515 est
928 476 1058 515 eum
1091 458 1353 513 conﬁteri
1398 458 1615 511 crimen
1662 458 1763 527 qui
1792 457 2013 511 indulto
2055 458 2110 509 et
2148 456 2195 508 A
2223 456 2308 509 vel
2340 458 2637 521 seducunt,
2675 458 2800 512 licet
2850 457 2985 529 ipsis
3016 462 3073 513 et
3102 458 3434 529 parentibus
3462 448 3772 525 conveniat,
3801 476 3881 512 eas

416 554 678 623 delegato
709 551 813 604 sibi
837 550 1056 621 judicio
1088 547 1375 619 purgandi
1406 563 1465 600 se
1496 548 1717 601 ratione
1750 563 1863 600 non
1894 546 2104 599 utitur:

416 642 559 695 nihil
585 640 737 693 enim
762 639 1002 691 interest
1029 642 1221 691 utrum
1251 636 1307 689 in
1333 636 1600 705 praesenti
1632 636 1888 688 examine
1913 635 2110 688 omnia

416 746 543 799 qua:
576 728 644 782 de
673 744 739 781 eo
769 727 918 780 dicta
952 730 1105 790 sunt,
1139 725 1609 795 comprobentur,
1645 724 1798 794 quod
1830 722 1953 793 ipsa
1986 724 2108 792 ejus

414 817 671 871 absentia
702 833 806 887 pro
838 814 1191 868 confessione
1225 813 1513 865 consistat.

484 905 543 959 C.
579 894 691 975 (vii,
732 907 845 970 62.)
895 902 1057 967 Quod
1100 901 1400 972 poenitenti
1430 901 1591 953 nulla
1640 900 1797 953 lucra
1844 900 2105 969 negotia-

413 992 584 1046 tionis
610 1007 871 1046 exercere
902 991 1224 1044 conveniat.
1260 991 1324 1042 Et
1347 994 1406 1042 ut
1435 989 1647 1059 injusta
1680 989 1882 1059 populi
1908 990 2107 1059 petitio

412 1082 614 1135 effectu
640 1086 847 1134 careat.

484 1171 565 1225 CI.
600 1170 786 1240 (Ιὸἱά.,
822 1169 965 1238 107.)
997 1172 1365 1221 Accusatores
1392 1167 1773 1221 calumniosos
1805 1167 1889 1221 vel
1923 1167 2106 1237 suspi-

413 1259 594 1313 ciosos
624 1274 795 1311 nemo
824 1258 1111 1326 suscipiat,
1144 1272 1315 1309 nemo
1348 1255 1563 1308 audiat.

483 1348 594 1401 CII.
630 1347 822 1416 (Ibid.,
858 1346 999 1411 307.)
1034 1349 1402 1397 Accusatores
1434 1350 1492 1397 et
1535 1344 1921 1397 accusationes
1966 1358 2107 1412 quas

412 1435 604 1489 saeculi
637 1437 788 1505 leges
812 1450 926 1487 non
954 1434 1282 1498 admittunt,
1314 1448 1600 1485 canonum
1632 1448 1860 1503 quoque
1880 1433 2107 1487 decreta

412 1528 730 1579 removent.

484 1613 621 1667 CIII.
665 1616 759 1679 (vi,
812 1614 933 1676 359,
968 1613 1105 1675 362;
1137 1626 1231 1673 vii,
1280 1610 1422 1677 112.)
1472 1610 1725 1673 Quorum
1759 1610 1916 1675 ﬁdes,
1966 1610 2100 1671 vita,

411 1708 468 1756 et
496 1702 727 1755 libertas
760 1700 1029 1764 nescitur,
1065 1715 1180 1752 non
1215 1699 1431 1768 possint
1451 1699 1772 1752 sacerdotes
1803 1712 2094 1767 accusare;

408 1806 513 1845 nec
543 1791 680 1843 viles
711 1806 991 1859 personae,
1029 1789 1138 1841 nisi
1172 1788 1229 1840 in
1260 1789 1509 1857 propriis
1541 1788 1744 1840 causis.

480 1881 611 1934 CIV.
674 1879 932 1946 (Capitul.
993 1894 1087 1941 vn,
1146 1878 1270 1930 436.
1330 1877 1482 1929 Λιίιι.
1560 1893 1630 1941 iv,
1694 1875 1803 1944 27.)
1858 1875 1911 1929 Si
1975 1876 2102 1945 quis

406 1968 644 2022 clericus
677 1969 734 2021 in
786 1966 1070 2020 criminali
1102 1967 1189 2019 vel
1235 1966 1435 2018 leviori
1484 1981 1652 2017 causa
1682 1966 1960 2034 pulsatur,
2015 1965 2102 2018 vel

407 2058 468 2111 in
499 2056 802 2111 discrimen
837 2056 1037 2124 capitis
1087 2054 1415 2118 accersitur,
1449 2070 1563 2106 non
1612 2054 1805 2106 statim
1833 2069 1961 2105 reus
1994 2069 2100 2105 aes-

406 2146 646 2200 timatur
694 2145 791 2215 qui
822 2145 1075 2197 accusari
1104 2143 1309 2213 potuit,
1343 2159 1445 2195 nec
1479 2143 1791 2211 subjectam
1824 2143 2101 2198 iunoreu-

405 2236 544 2289 tiam
575 2234 831 2287 facimus.
863 2233 969 2286 Sed
1007 2232 1266 2302 quisquis
1293 2232 1387 2283 ille
1420 2236 1502 2284 est
1533 2231 1631 2301 qui
1667 2232 1885 2285 crimen
1914 2232 2101 2284 inten-

405 2325 508 2391 dit,
542 2324 611 2377 ad
650 2322 933 2393 judicium
966 2323 1287 2392 episcopale
1317 2321 1533 2388 veniat,
1583 2337 1794 2374 nomen
1825 2321 1905 2374 rei
1954 2320 2101 2374 indi-

405 2418 513 2479 cet,
565 2411 977 2480 vinculumque
1033 2410 1423 2479 inscriptionis
1472 2410 1727 2479 arripiat.
1783 2410 2102 2479 Coguoscat

405 2496 781 2551 similitudine
836 2499 1029 2552 habita
1076 2498 1234 2568 prius
1284 2499 1582 2567 dignitatis
1620 2500 2096 2565 aestimationem;

406 2599 510 2638 nec
535 2585 643 2638 sibi
675 2586 793 2639 fore
840 2587 1129 2639 licentiam
1162 2586 1244 2638 rei
1286 2587 1621 2639 mentiendi.
1673 2588 2100 2642 Calumniantes

404 2674 473 2727 ad
505 2674 752 2727 similem
784 2674 956 2727 vitam
990 2679 1181 2743 poscat
1214 2675 1529 2728 similitudo
1563 2676 1846 2745 supplicii.

478 2763 583 2816 CV.
628 2766 689 2829 (ι,
743 2766 811 2828 9;
867 2779 919 2829 v,
968 2764 1091 2827 323,
1144 2765 1283 2831 371;
1338 2779 1411 2827 γι,
1466 2764 1583 2827 194,
1631 2766 1773 2827 369;
1824 2780 1920 2830 vn,
1972 2765 2096 2826 225,

401 2852 529 2915 260,
561 2851 685 2917 423,
722 2850 870 2919 424.)
924 2852 993 2904 Ut
1023 2850 1339 2920 presbyteri
1386 2852 1620 2905 modum
1669 2852 1965 2922 proprium
2006 2868 2097 2905 re-

402 2945 778 3009 cognoscant,
811 2939 867 2992 id
902 2945 987 2991 est
1034 2954 1162 3009 quae
1196 2940 1429 2993 alterius
1465 2945 1596 2993 sunt
1638 2956 1754 2994 non
1788 2947 2095 3011 appetant;

2139 1759 2179 1812 Β

2221 560 2427 599 uxores
2456 563 2572 599 non
2608 547 2873 600 habeant.

2291 635 2416 688 CXI.
2462 635 2577 705 (vn,
2629 640 2751 695 382,
2795 635 2943 705 406.)
2978 636 3056 689 Ne
3102 637 3250 690 ullus
3298 636 3574 689 laicorum
3606 637 3883 706 plusquam

2219 722 2358 775 duas
2392 740 2595 777 uxores
2626 726 2849 779 habeat.
2905 725 3065 788 Quod
3101 741 3235 779 vero
3281 730 3441 778 extra
3489 729 3594 788 est,
3646 726 3711 777 ad
3743 726 3885 778 adul-

2218 810 2426 865 terium
2458 814 2726 882 pertinet.
2762 814 3038 867 Similiter
3064 817 3119 866 et
3150 814 3375 867 mulier.

2290 902 2440 954 CXII.
2502 902 2568 955 Ut
2620 902 2681 954 in
2721 902 3171 955 Christianorum
3229 918 3345 955 non
3378 902 3613 955 saltatur
3672 900 3886 971 nuptiis,

2218 994 2275 1042 et
2302 1005 2336 1041 a
2367 990 2857 1061 Quinquagesima
2890 1007 3071 1061 usque
3104 996 3332 1044 octavas
3362 991 3588 1044 Pascha:
3625 1006 3738 1043 non
3768 992 3891 1042 tiant

2217 1078 2454 1147 nuptiae.

2284 1167 2467 1221 CXIII.
2522 1168 2636 1236 (vn,
2669 1171 2793 1234 217,
2850 1171 2972 1223 398.
3026 1168 3176 1222 Add.
3213 1184 3290 1229 ιιι,
3346 1168 3451 1237 17.)
3490 1169 3556 1221 Ut
3601 1168 3807 1233 clerici,
3838 1168 3887 1220 in

2216 1271 2558 1327 quacunque
2604 1257 2883 1311 seditione
2918 1274 3079 1311 arma
3124 1257 3458 1324 detulerint,
3509 1261 3642 1326 post
3684 1256 3884 1326 deposi-

2216 1344 2433 1397 tionem
2491 1345 2648 1415 gravi
2709 1346 3063 1415 poenitentiae
3124 1346 3183 1398 in
3236 1361 3459 1398 carcere
3514 1344 3887 1398 retrudautur.

2214 1432 2394 1486 Aliter
2444 1434 2490 1486 si
2520 1432 2717 1500 armis,
2771 1433 2940 1503 sagis,
2990 1434 3077 1487 vel
3110 1433 3295 1487 sabeis
3327 1432 3413 1486 usi
3447 1432 3683 1498 fuerint,
3727 1433 3887 1501 depo-

2216 1528 2449 1577 nantur.

2287 1610 2459 1665 CXIV.
2494 1611 2587 1680 (v1,
2628 1613 2762 1677 106;
2813 1628 2908 1673 vn,
2957 1610 3104 1681 205.)
3136 1611 3373 1675 Quando
3412 1611 3668 1680 populus
3710 1611 3774 1663 ad
3807 1626 3887 1662 ec-

2215 1699 2414 1752 clesias
2462 1701 2681 1754 venerit
2712 1717 2814 1770 per
2858 1702 2978 1754 dies
3030 1700 3331 1767 solemnes,
3387 1705 3485 1752 aut
3525 1699 3891 1752 communiter

2211 1789 2377 1855 Kyrie
2424 1790 2617 1843 eleison
2675 1794 2926 1854 cantent,
2990 1794 3088 1841 aut
3151 1788 3521 1855 singulariter
3586 1788 3886 1840 orationem

2213 1876 2422 1942 dicant,
2459 1884 2513 1930 et
2546 1878 2601 1930 in
2636 1879 2870 1931 ecclesia
2898 1894 3028 1931 cum
3075 1877 3302 1930 silentio
3330 1881 3501 1939 stent,
3548 1880 3605 1929 et
3635 1892 3741 1945 pro
3764 1891 3817 1927 se
3844 1878 3888 1928 et

2212 1980 2316 2033 pro
2351 1965 2507 2017 omni
2541 1968 2753 2036 populo
2787 1967 2887 2019 Dei
2920 1970 3101 2030 orent,
3134 1965 3305 2018 corda
3348 1980 3574 2034 semper
3598 1965 3673 2017 ad
3704 1964 3885 2017 cceluni

2213 2051 2487 2106 habentes
2518 2060 2705 2107 erecta
2732 2071 2744 2119 ;
2779 2059 2834 2107 et
2861 2058 3205 2107 moneantur
3237 2059 3298 2105 ut
3347 2052 3677 2117 luminaria,
3710 2052 3886 2105 incen-

2213 2157 2363 2209 sum,
2404 2148 2459 2194 et
2518 2142 2817 2209 buccellas,
2854 2149 2909 2196 et
2960 2143 3247 2196 fructuum
3296 2142 3578 2211 primitias
3646 2140 3884 2203 afferant,

2212 2230 2358 2282 sicut
2407 2231 2682 2299 scriptum
2730 2237 2812 2285 est
2856 2248 2866 2284 :
2910 2234 3126 2284 Honora
3173 2230 3463 2283 Dominum
3513 2229 3579 2282 de
3639 2233 3733 2283 tua
3776 2229 3882 2282 sub-

2209 2321 2415 2371 stantia
2475 2319 2661 2388 (Prov.
2714 2336 2794 2384 ιιι,
2843 2322 2915 2388 9).
2954 2320 3020 2372 Et
3066 2320 3127 2372 in
3178 2319 3392 2373 eisdem
3424 2318 3637 2371 sanctis
3688 2319 3883 2381 diebus,

2209 2421 2315 2459 nec
2367 2407 2425 2459 in
2458 2408 2681 2477 plateis,
2744 2424 2846 2461 nec
2872 2408 2933 2462 in
2969 2408 3256 2473 domibus,
3319 2406 3537 2461 cantica
3580 2407 3772 2476 turpia
3814 2407 3884 2458 vel

2212 2495 2516 2561 luxuriosa,
2551 2497 2895 2564 saltationes,
2930 2498 3017 2550 vel
3046 2498 3169 2550 lusa
3198 2497 3407 2550 faciant
3452 2496 3775 2561 diabolica;
3803 2496 3887 2548 sed

2208 2584 2462 2654 aliquem
2507 2586 2824 2655 sapientem
2860 2592 2915 2639 et
2943 2586 3161 2639 bonum
3208 2586 3499 2640 hominem
3537 2586 3883 2648 conveniant,

2208 2678 2264 2725 et
2295 2673 2367 2725 ibi
2405 2673 2566 2727 bonis
2598 2674 2955 2739 lectionibus,
2989 2691 3117 2744 quae
3159 2674 3227 2728 ad
3258 2675 3466 2727 animo:
3500 2674 3745 2725 salutem
3776 2688 3885 2743 per-

2208 2761 2415 2825 tinent,
2469 2763 2787 2818 intendant.
2846 2764 3211 2816 Be-ertentes
3244 2762 3313 2816 de
3361 2761 3595 2815 ecclesia
3646 2761 3888 2814 similiter

2206 2855 2455 2913 cantent,
2497 2856 2553 2904 et
2581 2867 2780 2905 eorum
2829 2857 3080 2921 pastores
3130 2856 3399 2905 exeuntes
3448 2852 3537 2902 vel
3597 2850 3886 2903 redeuntes

2208 2939 2278 2991 ad
2311 2954 2561 3009 campos,
2598 2945 2661 2992 ut
2706 2954 2836 2992 vera
2875 2940 3260 2993 christianitas
3309 2939 3366 2991 in
3400 2939 3480 2991 eis
3530 2945 3881 3008 agnoscatur.

402 3043 507 3081 nec
536 3027 738 3081 altaria
778 3028 1174 3093 submoveant,
1207 3029 1296 3082 vel
1339 3033 1542 3082 caetera
1582 3029 1870 3099 prohibita
1902 3036 2093 3100 agant.
2138 3058 2177 3111 Ο
2279 3028 2420 3081 CXV.
2489 3029 2674 3097 (Ibid.,
2728 3029 2874 3098 347.)
2924 3030 3263 3082 Moneantur
3310 3044 3509 3081 omnes
3569 3028 3767 3080 ﬁdeles
3827 3026 3882 3079 de

407 3118 473 3171 Et
501 3121 566 3170 ut
596 3116 849 3171 ecclesia
898 3117 1211 3170 luminibus
1258 3118 1589 3188 cmterisque
1631 3119 1973 3173 decorentur
2002 3135 2093 3172 or-

400 3207 651 3260 natibus.
688 3208 754 3260 Et
786 3211 845 3260 ut
876 3206 1195 3276 presbyteri
1239 3207 1440 3260 missas
1473 3223 1603 3260 cum
1637 3208 1904 3261 sandaliis
1949 3209 2094 3261 cele-

401 3293 586 3347 brent.

472 3380 603 3434 CVI.
660 3380 735 3450 (v,
788 3384 927 3447 396;
962 3397 1035 3445 vr,
1096 3382 1219 3446 206,
1281 3382 1401 3445 313,
1454 3383 1592 3446 381;
1626 3397 1723 3449 vn,
1776 3383 1899 3447 379,
1950 3383 2093 3449 436;

398 3485 475 3537 vr,
526 3471 669 3536 402;
724 3486 819 3533 vn,
863 3470 1013 3533 331.)
1070 3470 1138 3521 Ut
1186 3469 1511 3521 sacerdotes
1541 3469 1609 3521 de
1634 3470 1939 3539 incognitis
1988 3470 2095 3522 sibi

398 3558 569 3611 rebus
607 3557 752 3609 nihil
803 3556 1063 3625 judicare
1111 3563 1466 3625 praesumant
1509 3557 1842 3627 priusquam
1893 3562 2097 3611 cuncta

400 3661 531 3715 quae
563 3650 720 3714 gesta
748 3650 883 3697 sunt
916 3644 1190 3698 veraciter
1218 3647 1474 3713 audiant,
1508 3652 1564 3699 et
1599 3648 1889 3699 neminem
1924 3648 2097 3699 liede-

399 3750 461 3787 re
487 3734 574 3787 vel
620 3733 959 3799 detrahere;
994 3750 1099 3788 nec
1139 3750 1490 3805 quemquam
1535 3740 1666 3788 ante
1692 3735 1911 3805 justum
1945 3736 2096 3803 judi-

399 3821 551 3875 cium
597 3822 891 3887 damnent,
942 3837 1045 3875 nec
1075 3822 1310 3893 proprio
1352 3823 1587 3876 arbitrio
1618 3823 1897 3892 judicent.
1932 3824 2095 3877 Prius

398 3910 662 3979 probent,
717 3914 773 3963 et
806 3908 884 3961 sic
917 3908 1210 3978 judicent;
1270 3925 1385 3962 non
1435 3909 1590 3962 enim
1636 3910 1734 3979 qui
1776 3916 2089 3976 accusatur,

399 3998 495 4053 sed
527 3998 627 4069 qui
674 3998 1053 4064 convincitur,
1114 4013 1249 4051 reus
1280 4004 1385 4051 est.
1432 3998 1497 4050 Et
1544 3998 1835 4051 neminem
1885 3999 2093 4053 laedere

397 4087 485 4139 vel
514 4087 816 4140 detrahere
848 4086 971 4139 sine
1002 4101 1170 4138 causa
1214 4086 1547 4151 concedant,
1584 4088 1847 4155 exemplo
1879 4087 2088 4151 Mariae,

399 4191 530 4246 qua:
560 4175 732 4245 Moysi
778 4179 1016 4243 propter
1063 4173 1469 4242 Aithiopissam
1515 4173 1781 4239 detrahit,
1815 4179 1872 4228 et
1922 4175 2092 4244 lepra:

400 4261 772 4316 immunditia
819 4262 1063 4314 multata
1093 4266 1197 4314 est.
1240 4261 1303 4313 Et
1353 4260 1522 4315 David
1560 4262 1618 4314 in
1651 4262 1785 4315 Saul
1834 4268 2091 4332 unctum,

2205 3115 2479 3168 charitate
2528 3123 2582 3169 et
2631 3117 3038 3186 hospitalitate,
3070 3123 3137 3170 ut
3177 3116 3439 3169 noverint
3485 3118 3624 3185 quia
3658 3132 3785 3168 vera
3812 3119 3883 3167 est

2204 3205 2450 3257 charitas
2506 3207 2682 3258 Deum
2714 3206 2952 3274 diligere
3002 3206 3303 3275 plusquam
3340 3221 3418 3270 se,
3473 3212 3530 3257 et
3571 3206 3881 3275 proximum

2204 3298 2478 3363 tanquam
2527 3310 2605 3358 se,
2653 3300 2708 3346 et
2740 3294 2839 3363 qui
2873 3294 3014 3347 nihil
3049 3296 3169 3347 vult
3207 3295 3391 3347 facere
3434 3294 3562 3346 aliis
3608 3294 3761 3364 quod
3791 3292 3881 3345 sibi

2204 3397 2321 3433 non
2356 3381 2476 3434 vult
2520 3382 2662 3435 lieri.
2700 3382 2805 3445 Qui
2857 3381 3010 3435 enim
3046 3383 3104 3434 in
3152 3382 3278 3435 cibo
3327 3386 3382 3434 et
3415 3388 3577 3452 potu,
3614 3382 3809 3436 dandis
3836 3386 3881 3432 et

2204 3470 2552 3539 accipiendis
2600 3471 2789 3536 rebus,
2844 3470 3179 3525 charitatem
3221 3475 3403 3540 putet,
3463 3476 3636 3534 errat,
3680 3471 3881 3523 dicente

2202 3558 2475 3628 Apostolo
2512 3560 2797 3626 :Regnum
2865 3560 2969 3612 Dei
3004 3576 3108 3613 non
3159 3565 3237 3612 est
3280 3574 3398 3612 esca
3437 3566 3487 3612 et
3531 3562 3738 3635 potius,
3802 3558 3882 3612 sed

2196 3650 2423 3717 Justitia
2453 3652 2503 3701 et
2556 3664 2674 3716 pace
2704 3648 2880 3715 (Rom.
2931 3664 3040 3713 xiv,
3086 3652 3185 3711 l7).
3238 3648 3345 3701 Sed
3393 3652 3447 3699 et
3512 3649 3560 3700 si
3595 3649 3718 3716 ipsa
3768 3661 3880 3699 cum

2204 3736 2392 3789 studio
2442 3736 2735 3790 charitatis
2782 3738 2941 3799 ﬁant,
2993 3736 3145 3790 bona
3188 3742 3341 3803 sunt,
3375 3741 3425 3788 et
3476 3735 3631 3789 inter
3667 3735 3881 3789 virtutes

2204 3826 2606 3894 computanda.
2641 3825 2840 3891 Aliter,
2875 3825 3065 3879 saeculi
3098 3830 3256 3878 actus
3282 3829 3432 3877 sunt.

2276 3912 2452 3966 CXVI.
2499 3916 2612 3982 (vn,
2677 3912 2830 3983 407.)
2890 3915 2966 3967 De
3013 3912 3370 3966 orationibus
3431 3917 3489 3964 et
3521 3910 3880 3980 eleemosynis

2203 4004 2258 4052 et
2292 4000 2595 4054 missarum
2646 4001 3128 4055 celebrationibus
3168 4016 3271 4070 pro
3302 4000 3573 4053 ﬁdelibus
3618 3999 3879 4053 defunctis

2202 4088 2467 4158 agendis,
2513 4089 2721 4160 quibus
2754 4090 2916 4161 impii
2961 4106 3152 4144 carere
3197 4089 3444 4153 debent;
3484 4090 3761 4159 quoniam
3792 4102 3880 4141 nec

2202 4192 2400 4230 eorum
2445 4178 2809 4248 eleemosyua
2838 4196 2870 4232 a
2921 4178 3305 4232 sacerdotibus
3345 4180 3433 4230 vel
3466 4178 3706 4247 reliquis
3754 4176 3875 4229 ﬁde-

2203 4264 2351 4317 libus
2413 4267 2747 4337 accipienda
2803 4273 2908 4333 est,
2978 4284 3081 4321 nec
3146 4267 3438 4337 sepultura
3501 4266 3759 4321 ﬁdelium
3797 4264 3876 4318 tri-

398 4351 532 4403 licet
560 4353 754 4402 nosset
784 4365 815 4400 a
858 4349 973 4401 Deo
1009 4347 1292 4416 abjectum
1324 4352 1380 4403 et
1408 4350 1801 4419 reprobatum,
1851 4367 2087 4407 manum
2128 4356 2171 4410 D
2200 4353 2445 4409 buenda.

398 4439 624 4492 mittere
669 4436 879 4491 timuit.
934 4436 1209 4490 Similiter
1239 4442 1294 4491 et
1342 4454 1447 4491 nos
1479 4437 1914 4508 vituperationis
1973 4458 2091 4496 ma-

399 4542 538 4582 num
572 4526 641 4579 ab
673 4525 939 4579 omnibus
998 4525 1259 4579 ﬁdelibus
1290 4527 1709 4582 subtrahamns.

470 4616 631 4670 CVII.
694 4616 806 4683 (vn,
859 4617 947 4679 63,
1013 4616 1153 4679 452.)
1208 4617 1276 4669 Ut
1334 4616 1649 4687 presbyteri
1694 4618 1838 4672 sicut
1892 4621 2093 4673 ordine

400 4704 731 4770 sanctiores,
785 4703 863 4756 ita
894 4704 1086 4770 verbo,
1119 4705 1365 4770 incessu,
1414 4711 1469 4759 et
1498 4712 1627 4759 actu
1675 4708 1788 4761 sint
1820 4724 2091 4762 reveren-

401 4795 596 4860 tiores,
658 4794 793 4863 quia
840 4793 1114 4850 celsitudo
1165 4795 1448 4864 graduum
1503 4796 1819 4865 graviorem
1877 4797 2093 4868 peccati

400 4882 536 4937 facit
564 4881 883 4934 cumulum.

472 4971 657 5025 CVIII.
705 4968 884 5037 (Add.
938 4986 1017 5033 ιιι,
1052 4971 1112 5023 41
1146 4986 1159 5037 ;
1213 4970 1365 5026 Αάά.
1406 4986 1479 5035 iv,
1513 4974 1600 5035 90,
1640 4972 1783 5039 152.)
1822 4973 1889 5026 Ut
1935 4990 2093 5043 pres-

399 5059 585 5130 byteri
619 5064 675 5111 et
702 5058 891 5111 clerici
924 5065 1055 5111 ante
1086 5073 1144 5111 se
1166 5058 1294 5127 joca
1324 5059 1515 5127 turpia
1551 5059 1674 5112 ﬁeri
1717 5077 1832 5113 non
1862 5063 2097 5131 permit-

400 5153 559 5213 tant;
611 5148 708 5201 sed
744 5162 1022 5216 pauperes
1053 5151 1107 5199 et
1150 5146 1476 5215 indigentes
1508 5147 1579 5201 ad
1628 5163 1851 5202 mensas
1901 5167 2093 5204 secum

399 5237 665 5304 habeant,
702 5242 759 5289 et
789 5237 1016 5305 legatur
1046 5236 1126 5289 eis
1158 5236 1346 5290 lectio.

472 5327 599 5381 CIX.
650 5327 727 5396 (γ,
759 5329 879 5381 156.
931 5325 1082 5379 Add.
1116 5342 1197 5387 in,
1246 5325 1353 5394 32.)
1385 5325 1444 5378 Ιη
1478 5326 1729 5380 ecclesiis
1766 5327 1853 5381 vel
1886 5327 1941 5381 in
1995 5328 2094 5382 do-

400 5414 591 5467 mibus
644 5430 959 5486 earumque
1015 5415 1173 5468 atriis
1232 5415 1439 5485 placita
1501 5416 1795 5470 saecularia
1856 5418 2095 5472 minime

401 5501 565 5558 ﬁant.

469 5588 574 5643 CX.
628 5588 746 5655 (vn,
807 5590 953 5658 395.)
1015 5588 1121 5653 Qui
1185 5590 1419 5659 rapiunt
1481 5590 1742 5656 feminas,
1806 5590 2092 5658 furantur,

2274 4443 2469 4496 CXVII.
2526 4443 2709 4510 (Ibid,
2765 4445 2912 4506 346.)
2945 4443 3103 4507 Quod
3152 4458 3267 4496 non
3317 4444 3541 4495 valeant
3592 4441 3875 4512 Scriptura!

2202 4536 2397 4584 contra
2426 4532 2652 4585 decreta
2681 4549 2964 4585 canonum
2996 4532 3082 4585 vel
3115 4532 3326 4584 sancita
3357 4530 3717 4599 pontiﬁcum.

2275 4619 2500 4673 CXVIII.
2552 4620 2654 4689 (vi,
2704 4622 2827 4687 312,
2872 4637 2966 4686 vn,
3026 4621 3290 4687 71,247.)
3355 4620 3421 4672 Ut
3476 4618 3604 4672 lites
3661 4624 3713 4671 et
3759 4632 3876 4669 cons

2203 4708 2504 4772 tentiones,
2554 4708 2689 4761 rixae
2746 4713 2801 4762 et
2842 4709 3035 4780 jurgia
3065 4749 3079 4772 ,
3120 4708 3265 4760 sicut
3311 4707 3609 4760 discordiae,
3660 4711 3712 4759 et
3743 4704 3873 4765 odia,

2201 4796 2638 4866 prohibeantur,
2672 4803 2727 4850 et
2754 4814 2858 4868 pax
2888 4803 2943 4850 et
2969 4796 3267 4851 concordia
3300 4796 3664 4865 praedicetur.

2276 4886 2448 4938 CXIX.
2508 4887 2606 4952 (ιιι,
2668 4888 2772 4951 31;
2832 4903 2881 4952 ν,
2935 4888 3072 4951 183;
3123 4901 3219 4947 vn,
3285 4887 3404 4946 163,
3454 4886 3580 4947 291,
3634 4879 3876 4948 450.)Π1

2206 4972 2451 5026 diftinita
2482 4974 2721 5027 crimina
2750 4976 2943 5027 nullus
2977 4974 3242 5027 refricare
3272 4973 3501 5026 audeat.

2275 5062 2417 5115 CXX.
2452 5067 2571 5127 (vn,
2617 5064 2744 5127 242,
2801 5063 2948 5132 243.)
2991 5062 3151 5125 Quod
3195 5062 3535 5132 poenitentes
3564 5078 3594 5113 a
3624 5056 3874 5113 conviviis

2204 5153 2260 5203 et
2291 5152 2645 5205 ornamentis
2700 5156 2872 5223 atque
2918 5151 3047 5204 alba
3090 5157 3239 5204 veste
3294 5150 3575 5203 abstinere
3610 5150 3870 5207 debeant;

2204 5244 2261 5293 et
2289 5240 2574 5293 discordes
2630 5242 2920 5311 pellantur
2967 5241 3037 5294 ab
3073 5239 3307 5294 ecclesia
3367 5238 3547 5291 donec
3580 5237 3650 5291 ad
3696 5248 3872 5306 pacem

2202 5328 2458 5382 redeant.

2276 5417 2458 5471 CXXI.
2514 5416 2577 5487 (ι,
2612 5422 2681 5483 7;
2732 5433 2785 5484 v,
2820 5418 2909 5483 25,
2945 5420 3015 5483 6;
3062 5433 3178 5483 vni,
3217 5420 3298 5483 10,
3348 5418 3473 5480 295,
3518 5414 3663 5483 474.)
3698 5415 3771 5466 De
3798 5409 3873 5465 bis

2206 5521 2348 5575 quos
2380 5507 2677 5576 presbyter
2710 5506 3311 5573 cxcommunicaverit,
3361 5509 3423 5558 ut
3458 5504 3601 5558 alius
3629 5517 3726 5557 eos
3772 5512 3871 5552 non

2205 5593 2461 5663 recipiat.
