4038 6174
140 340 241 390 771

1306 337 1439 392 COM
1454 337 1884 394 MONITORIUM
1930 340 2022 394 AD
2060 340 2486 395 VENILONEM.

3446 328 3465 345 ⁴
3542 351 3644 403 774

209 468 408 523 CXXII.
463 468 524 535 (ι,
572 470 673 534 62;
730 485 802 533 γι,
854 466 975 535 374,
1024 466 1174 521 Add.
1223 482 1300 532 in,
1349 468 1468 537 94.)
1524 469 1594 522 Ut
1638 468 1832 523 Chris-
1872 473 1909 525 Α

2016 472 2159 525 dum
2187 472 2654 542 imprastermisso
2695 478 3026 542 occurrant;
3065 473 3149 528 sin
3178 477 3336 545 alias,
3370 478 3641 533 condem-

138 557 282 610 tiani
340 558 413 611 ab
459 557 640 610 otioso
686 572 951 610 sermone
986 561 1043 610 et
1078 556 1425 626 juramentis
1481 574 1538 610 se
1577 564 1831 624 caveant,

209 646 554 715 CXXIII.(\'i,
612 650 743 712 303;
796 663 886 711 vii,
934 647 1054 711 149,
1104 646 1226 700 457.
1271 646 1423 699 Add.
1480 664 1550 712 IV,
1597 648 1704 709 60.)
1729 647 1835 711 Qui

136 743 338 789 contra
383 740 595 788 statuta
624 734 895 788 canonica
930 734 1143 800 fecerit,
1184 736 1354 787 laicus
1409 737 1831 794 communione.

136 825 377 878 clericus
408 825 665 894 privetur
697 824 936 877 honore.

206 914 451 968 CXXIV.
488 913 657 982 (Add.
704 930 782 978 iu,
815 912 928 982 2t.)
984 914 1049 968 Ut
1080 914 1279 967 ﬁdeles
1336 930 1393 966 se
1428 913 1749 968 abstineant
1805 932 1838 969 a

135 1003 296 1057 coitu
354 1004 775 1073 praegnantium
816 1019 1082 1067 uxorum,
1116 1008 1172 1055 et
1204 1009 1500 1056 menstruo
1551 1008 1833 1073 tempore.

207 1091 416 1146 CXXV.
451 1094 510 1161 (ι,
544 1093 631 1153 68,
668 1092 819 1145 Add.
855 1108 895 1156 ι,
928 1094 995 1157 5;
1037 1108 1112 1157 v1,
1162 1093 1285 1144 259.
1320 1098 1337 1160 )
1398 1093 1466 1145 Ut
1518 1091 1838 1161 presbyteri

137 1185 480 1250 computum
513 1180 749 1233 discant.

211 1268 435 1322 CXXVI.
468 1270 586 1337 (vn,
609 1271 730 1332 203,
767 1271 933 1334 237.)
968 1268 1037 1321 Ut
1067 1268 1299 1336 superbi
1351 1268 1543 1321 clerici
1594 1272 1651 1321 et
1709 1267 1839 1321 laici

138 1358 731 1411 excommuniceutur.
771 1359 828 1410 Et
862 1362 923 1410 ut
964 1356 1238 1427 patientia
1269 1363 1326 1411 et
1375 1358 1689 1425 humilitas,
1730 1372 1840 1410 cas-

141 1448 274 1500 titas
308 1452 365 1499 et
386 1446 711 1499 humanitas
741 1445 811 1498 ab
841 1444 1110 1499 omnibus
1146 1447 1506 1514 praedicetur.

214 1536 461 1591 CXXVII.
508 1534 780 1603 (Add.1v,
975 1534 1032 1587 Si
1080 1535 1207 1604 quis
1250 1540 1550 1604 potentum
1588 1534 1839 1604 quemli-

138 1625 237 1677 bet
277 1624 679 1693 exspoliaverit
724 1624 807 1676 vel
846 1623 1215 1692 oppresserit,
1245 1638 1349 1693 per
1369 1623 1838 1693 prmdicationem

136 1713 503 1766 sacerdotum
540 1711 790 1764 revocari
821 1711 1009 1765 debet.

1946 565 2177 614 nentur.

2016 650 2282 704 CXXXIV.
2326 650 2499 719 (Add.
2549 667 2617 713 1v,
2652 652 2765 717 81.)
2805 652 2878 703 De
2922 651 3029 717 his,
3080 652 3178 723 qui
3230 654 3337 707 sibi
3390 671 3642 725 quacun-

1946 755 2055 809 que
2096 741 2447 809 negligentia
2497 747 2740 793 mortem
2772 740 3045 806 inferunt,
3094 748 3192 795 aut
3224 760 3327 812 pro
3361 745 3478 796 suis
3519 761 3639 798 sce-

1946 828 2154 882 leribus
2186 829 2524 899 puniuntur,
2561 830 2714 882 nulla
2746 846 2847 898 pro
2878 830 2959 883 eis
2993 831 3090 884 Iiat
3120 831 3356 893 oblatio,
3382 849 3485 885 nec
3508 849 3636 887 cum

1946 918 2181 987 psalmis
2203 919 2272 972 ad
2306 919 2625 988 sepulturas
2650 918 2949 972 ducantur.

2019 1007 2264 1061 CXXXV.
2300 1006 2361 1075 (I,
2418 1010 2546 1071 l57;
2580 1022 2632 1071 v,
2684 1008 2806 1059 276.
2855 1008 3004 1061 Add.
3066 1024 3137 1074 iv,
3176 1010 3297 1077 100,
3356 1009 3497 1077 166.)
3562 1010 3638 1063 De

1947 1096 2055 1161 his,
2089 1097 2190 1165 qui
2212 1096 2459 1149 decimas
2500 1096 2837 1149 abstrahunt
2866 1096 3138 1161 ecclesiae,
3189 1098 3258 1151 ad
3294 1114 3462 1167 quam
3514 1115 3637 1168 per-

1948 1184 2153 1247 tinent,
2183 1189 2239 1236 et
2293 1191 2531 1253 propter
2562 1200 2799 1236 munera
2841 1187 2927 1237 vel
2976 1186 3228 1256 aliquam
3277 1187 3637 1240 occasionem

1949 1273 2112 1325 altari
2151 1272 2306 1336 dant,
2357 1273 2535 1325 donec
2584 1273 2905 1339 restituant,
2957 1274 3027 1326 ab
3078 1274 3327 1327 ecclesias
3369 1275 3639 1329 societate

1948 1359 2254 1431 pellantur.

2017 1449 2287 1505 CXXXVI.
2319 1448 2394 1515 (ν,
2454 1450 2598 1517 H2.)
2652 1448 2846 1503 Laicus
2896 1466 3012 1503 non
3069 1451 3241 1505 debet
3299 1451 3360 1505 in
3402 1452 3639 1507 ecclesia

1948 1536 2173 1605 publice
2206 1536 2507 1590 lectionem
2540 1541 2796 1600 recitare,
2833 1554 2936 1591 nec
2965 1539 3215 1605 alleluia,
3260 1540 3359 1594 sed
3390 1542 3640 1610 psalmos

1949 1628 2006 1676 et
2041 1625 2416 1693 responsoria.

2022 1714 2313 1767 CXXXVII.
2385 1716 2502 1783 (vn,
2568 1717 2714 1780 383.)
2792 1717 2859 1768 Ut
2916 1716 2985 1769 ad
3041 1716 3508 1785 praedicationem
3586 1721 3644 1771 et

208 1801 480 1855 CXXVIII.
520 1802 574 1867 {1,
602 1800 698 1865 24;
742 1816 794 1863 v,
841 1802 942 1865 28;
987 1817 1080 1860 νυ,
1152 1800 1253 1866 13.)
1310 1801 1378 1853 Ut
1436 1801 1833 1871 unusquisque
1876 1803 1916 1855 II
1947 1802 2441 1855 conﬁrmationem
2473 1804 2723 1873 episcopi
2766 1820 2964 1857 omnes
3018 1805 3218 1858 devote
3269 1806 3635 1869 conveniant,

132 1891 194 1943 in
230 1906 297 1943 eo
321 1891 468 1953 loco,
499 1890 556 1940 in
589 1906 701 1959 quo
724 1888 1067 1942 constitutus
1102 1894 1203 1955 est,
1238 1889 1318 1943 ibi
1348 1896 1594 1953 maneat,
1623 1905 1727 1942 nec
1760 1889 1834 1944 ad

131 1980 243 2031 alia
281 1983 549 2031 transeat.

128 2069 164 2138 ξ
206 2069 426 2123 CXXIX.
477 2067 552 2128 Iv,
707 2068 857 2121 Add.
913 2084 990 2131 III,
1044 2068 1155 2137 30.)
1191 2069 1267 2121 De
1306 2067 1416 2120 reis
1462 2068 1529 2121 ad
1572 2068 1834 2120 ecclesias

132 2158 215 2211 vel
250 2158 325 2211 ad
350 2174 547 2211 earum
576 2157 719 2210 atria
766 2157 1252 2227 confugientibus,
1289 2163 1351 2211 ut
1382 2157 1515 2211 inde
1549 2173 1662 2210 non
1705 2158 1833 2210 abs-

132 2247 462 2299 trahantur.

201 2334 403 2388 CXXX.
436 2334 515 2403 _(I,
560 2336 686 2399 100;
739 2352 788 2401 v,
837 2337 969 2399 226;
1022 2352 1098 2401 νι,
1155 2338 1285 2400 133;
1342 2352 1434 2398 vu,
1497 2339 1615 2389 I79.
1680 2335 1828 2391 Add.

134 2440 205 2489 iv,
249 2425 352 2476 188
379 2423 489 2488 )Ut
512 2424 703 2476 nullus
742 2424 961 2477 occulte
994 2424 1222 2493 nuptias
1276 2424 1466 2492 faciat,
1511 2439 1617 2477 nec
1656 2423 1832 2492 virgi-

133 2528 267 2563 nem
301 2512 389 2563 vel
417 2510 645 2564 viduam
678 2516 955 2564 sacratam
989 2511 1177 2565 ducat.

200 2600 403 2655 CXXXI
493 2604 613 2667 (vn,
652 2604 767 2655 ‘23?
821 2602 969 2667 311.)
1024 2600 1223 2655 Clerici
1270 2599 1418 2659 tardi
1449 2600 1520 2653 ad
1576 2598 1832 2652 oflicium

129 2693 228 2741 aut
262 2689 633 2757 ﬂagellentur
664 2696 760 2742 aut
780 2689 1367 2742 excommunicentur.

199 2778 449 2832 CXXXII.
496 2782 587 2845 (vi,
640 2780 755 2831 l92.
793 2778 948 2831 Add.
995 2794 1068 2843 1v,
1126 2778 1268 2847 155.)
1322 2778 1522 2831 Nullus
1567 2776 1833 2830 sacerdo-

130 2870 251 2919 tum
288 2866 542 2919 decimas
573 2882 703 2919 cum
734 2867 831 2918 lite
872 2872 927 2919 et
951 2866 1149 2936 jurgio
1198 2866 1491 2935 suscipiat,
1535 2866 1631 2919 sed
1683 2880 1833 2935 prae-

127 2954 418 3007 dicatione
449 2961 505 3007 et
527 2956 942 3009 admonitione.

196 3043 468 3097 CXXXIII.
524 3046 600 3113 (v,
654 3047 754 3111 60;
812 3060 910 3111 vn,
947 3045 1037 3112 34,
1090 3044 1258 3115 460.)
1300 3045 1369 3097 Ut
1409 3043 1589 3097 vocati
1640 3042 1709 3096 ad
1739 3059 1829 3112 sy-

1944 1891 2111 1959 eique
2135 1890 2381 1943 ﬁdeliter
2412 1891 2738 1945 ministrent
2770 1898 2827 1944 et
2857 1892 3147 1945 obediant.

2015 1980 2325 2034 CXXXVIII.
2388 1981 2573 2049 αὐτώ,
2619 1982 2762 2046 271.)
2807 1982 2880 2034 De
2928 1981 3015 2033 his
3066 1982 3165 2049 qui
3218 1982 3470 2035 ecclesiis
3522 1983 3637 2036 vim

1942 2068 2217 2132 inferunt,
2249 2075 2342 2123 aut
2374 2070 2607 2123 clericos
2646 2070 2922 2140 injuriare
2956 2078 3332 2140 praesumunt,
3388 2076 3448 2124 ut
3497 2088 3633 2126 ana-

1942 2157 2094 2210 them
2104 2158 2401 2211 atizentur.

2012 2246 2269 2301 CXXXIX.
2322 2248 2388 2299 Ut
2434 2246 2534 2316 qui
2592 2247 2770 2300 alium
2832 2247 2886 2300 in
2951 2248 3119 2317 culpa
3175 2265 3276 2302 sua
3330 2248 3637 2303 defendere

1940 2336 2026 2388 vel
2060 2352 2324 2389 excusare
2343 2337 2564 2403 nititur,
2591 2336 3135 2391 excommunicetur.

2012 2425 2157 2478 CXL.
2226 2425 2292 2478 Ut
2351 2426 2542 2478 nullus
2592 2424 2950 2478 sacerdotum
3009 2425 3235 2494 ignoret
3278 2426 3418 2497 quid
3461 2426 3533 2480 sit
3574 2425 3636 2478 in

1941 2513 2156 2582 synodo
2197 2513 2586 2578 constitutum,
2641 2514 2733 2566 sed
2788 2512 3056 2566 omnibus
3086 2513 3330 2583 cognitis
3374 2514 3635 2569 certatim

1942 2602 2363 2671 obtemperent.

2016 2691 2141 2743 Hinc
2186 2706 2316 2742 vero
2377 2689 2668 2742 brevitatis
2717 2689 2929 2753 studio,
2989 2692 3047 2741 ut
3114 2689 3556 2759 prmlibavimus,
3604 2707 3637 2744 a

1943 2779 2103 2831 nobis
2130 2778 2363 2832 collecta
2412 2778 2679 2832 omnibus
2726 2778 2929 2831 nostris
2974 2779 3362 2832 sacerdotibus
3420 2779 3637 2832 haben-

1940 2868 2010 2921 da
2040 2866 2668 2937 statuimus;quouiam
2704 2866 2841 2936 ipsis
2873 2872 2929 2919 et
2959 2867 3227 2936 subjectis
3267 2868 3465 2921 ovibus
3514 2869 3635 2920 haec

1941 2955 2141 3007 eadem
2182 2954 2326 3007 bene
2359 2954 2553 3007 habita
2580 2962 2635 3006 et
2658 2954 2943 3007 intellecta
2974 2954 3243 3008 omnibus
3295 2954 3476 3008 modis
3507 2970 3637 3025 pro-

1941 3042 2134 3095 futura
2151 3042 2568 3111 cognoscimus.

649 3314 2195 3426 COMMONITORIUM
2327 3313 3129 3421 HERARDI

1436 3523 1905 3569 ARCHIEPISCOPI
1952 3522 2346 3567 TURONENSIS

1107 3651 1199 3704 AD
1242 3650 1637 3705 VENILONEM
1679 3649 2005 3703 SENONUM
2043 3647 2665 3703 ARCHIEPISCOPUM.

1363 3778 1535 3841 (Apud
1562 3777 1742 3837 Labb.,
1775 3776 1934 3825 Cone.
1962 3780 1997 3825 t.
2026 3776 2159 3836 VIII,
2193 3790 2251 3838 p.
2279 3776 2412 3837 694.)

194 4027 525 4081 Venerabili
568 4025 848 4089 Veniloni,
881 4025 1172 4078 Senonum
1221 4023 1669 4093 archiepiscopo,
1720 4024 1826 4076 ΗΕ·
1866 4033 1905 4077 L.
1936 4020 2278 4076 industriam
2310 4020 2381 4074 ad
2419 4036 2517 4074 vos
2547 4018 2779 4091 exsequi
2810 4020 3160 4091 procurabit.
3194 4022 3261 4076 Et
3294 4022 3401 4075 hoc
3448 4022 3634 4092 ipsum

125 4131 338 4170 manus
373 4115 560 4186 gratia
589 4114 798 4167 divina:
830 4112 1058 4183 pietatis
1086 4112 1431 4166 Turonensis
1469 4110 1823 4182 metropolis,

124 4205 421 4259 immerito
472 4205 625 4268 licet,
678 4202 999 4272 episcopus,
1047 4202 1289 4255 salutem
1337 4201 1396 4255 in
1460 4200 1723 4266 Domino,
1774 4208 1830 4254 et

126 4305 477 4362 perpetuam
508 4307 731 4361 pacem.

198 4382 437 4435 Certum
486 4381 693 4433 habeat
739 4381 938 4432 vestras
983 4377 1307 4448 sagacitatis
1370 4376 1621 4441 dilectio,
1658 4377 1827 4447 tlega-

126 4470 346 4523 tionem
395 4468 570 4522 totius
606 4467 827 4538 synodi,
862 4483 991 4536 qua:
1042 4466 1096 4519 in
1140 4466 1342 4519 vicinia
1382 4466 1654 4520 conﬂuxit
1695 4466 1829 4519 Tul—

128 4560 404 4623 Iensium,
434 4564 660 4611 nosmet
701 4558 768 4609 ad
799 4564 1045 4609 vestram
1084 4557 1487 4626 paternitatem
1534 4555 1831 4608 communi

128 4650 363 4702 decreto
397 4648 730 4715 suscepisse.
782 4647 1021 4699 Litteras
1073 4647 1243 4698 etiam
1299 4661 1362 4697 ex
1412 4643 1681 4713 synodica
1724 4659 1830 4697 vo-

129 4738 355 4790 catione
389 4737 546 4788 vobis
581 4736 950 4804 perferendas
999 4750 1154 4786 more
1186 4734 1560 4787 ecclesiastico
1615 4732 1685 4786 ab
1735 4748 1829 4786 ea-

128 4826 261 4879 dem
290 4825 506 4896 synodo
539 4841 643 4877 nos
679 4823 1018 4894 percepisse.
1073 4823 1348 4892 Deinceps
1401 4838 1531 4875 vero
1575 4827 1829 4875 nostram

126 4917 475 4984 parvitatem
526 4914 684 4983 gravi
739 4913 936 4966 scitote
990 4918 1283 4982 gravatam
1332 4910 1715 4965 incommodo.
1764 4912 1831 4965 Et

126 5005 408 5076 quoniam
463 5004 714 5073 praefata:
748 5002 949 5071 synodi
998 5001 1273 5054 institutis
1312 5016 1416 5070 pro
1450 5006 1579 5053 voto
1628 5016 1829 5069 parere

126 5111 241 5148 non
276 5110 440 5163 posse
472 5109 625 5146 nunc
657 5096 907 5144 nostram
939 5094 1160 5143 constat
1184 5089 1470 5151 inertiam,
1507 5089 1741 5142 fratrem
1775 5093 1832 5143 et

124 5183 595 5236 consacerdotem
639 5186 917 5242 nostrum,
971 5184 1179 5232 nostrae
1228 5178 1349 5232 sedi
1394 5178 1565 5231 ofticii
1614 5178 1829 5231 honore

124 5272 439 5340 attiguum,
518 5270 882 5332 Rotbertum,
948 5268 1403 5322 Cenomanorum
1470 5266 1826 5337 episcopum,

129 5366 329 5414 nostra
355 5360 473 5413 vice
506 5376 681 5428 super
723 5359 979 5428 injuncta
1032 5356 1196 5410 nobis
1244 5356 1529 5425 legatione
1576 5355 1829 5409 fraterno

129 5464 294 5502 more
332 5447 793 5502 remandavimus
835 5446 1049 5517 pariter
1081 5451 1137 5499 et
1187 5444 1600 5515 postulavimus
1627 5448 1698 5499 ad
1731 5462 1833 5499 vos

132 5552 414 5607 pergere:
470 5536 567 5606 qui
604 5534 801 5589 omnia
846 5535 1010 5589 nobis
1054 5540 1248 5588 sancta
1305 5534 1521 5604 synodo
1564 5551 1832 5588 reveren-

134 5630 221 5674 ter
260 5621 522 5690 injuncta
570 5621 855 5690 intrepide
881 5621 1042 5691 juxta
1091 5620 1365 5675 divinitus
1418 5621 1526 5675 sibi
1570 5621 1832 5675 collatam

1937 4110 2088 4179 apud
2111 4114 2486 4163 memoratam
2520 4108 2743 4163 obtinui
2772 4110 3077 4179 synodum,
3106 4111 3234 4163 utsi
3266 4110 3546 4181 quolibet,
3576 4117 3639 4164 ut

1939 4215 1997 4252 se
2023 4199 2277 4252 humana
2314 4197 2592 4267 fragilitas
2636 4197 2829 4266 habet,
2864 4199 3160 4268 languore,
3189 4200 3335 4253 sicut
3381 4206 3437 4252 et
3485 4198 3633 4252 acci-

1939 4289 2043 4354 dit,
2076 4288 2384 4355 detinerer,
2410 4288 2677 4340 eumdem
2729 4293 2924 4341 nostra
2964 4288 3101 4354 vice,
3148 4291 3378 4359 accepta
3421 4288 3505 4360 ab,
3536 4304 3636 4341 ea-

1937 4377 2067 4431 dem
2099 4378 2316 4447 synodo
2344 4377 2683 4430 auctoritate
2733 4377 2996 4431 omnium
3045 4382 3100 4431 et
3141 4378 3421 4447 jussione,
3474 4378 3633 4431 vobis

1939 4466 2270 4536 dirigerem.
2308 4466 2597 4533 Rogamus
2624 4482 2780 4535 ergo,
2809 4471 2865 4519 et
2898 4471 2958 4519 ut
2978 4474 3202 4536 patrem
3234 4468 3633 4522 charissimum

1938 4556 2287 4623 fratremque
2318 4553 2827 4607 familiarissimum
2862 4571 3093 4608 monere
3116 4557 3541 4623 prtesumimus,
3577 4562 3638 4610 ut

1939 4642 2203 4711 diligenti
2235 4648 2513 4713 cautaque
2565 4642 2969 4699 sollicitudine.
3010 4644 3229 4695 cunctis
3262 4661 3389 4713 quae
3419 4646 3487 4698 ad
3537 4662 3636 4698 vos

1939 4731 2276 4784 deferuntur
2307 4730 2636 4801 perspectis,
2683 4729 2841 4783 vobis
2890 4729 2998 4799 ipsi
3039 4732 3334 4784 consulere
3384 4748 3499 4785 non
3549 4733 3637 4785 de-

1939 4821 2208 4874 trectetis.
2257 4821 2405 4875 Sano
2452 4836 2684 4890 quoque
2714 4822 2772 4873 et
2820 4819 3063 4889 sapienti
3089 4820 3326 4874 consilio
3373 4836 3638 4889 procure-

1938 4910 2032 4973 tis,
2067 4925 2136 4962 ne
2166 4908 2346 4974 vobis,
2372 4914 2428 4963 et
2457 4909 2613 4963 omni
2647 4914 2838 4963 nostro
2869 4909 3079 4975 ordini,
3130 4909 3387 4963 infantius
3438 4913 3633 4963 notam

1938 4998 2322 5067 praetendatis.
2370 4999 2434 5050 Et
2457 4997 2505 5050 si
2535 4997 2672 5068 quid
2704 4998 2763 5050 in
2794 4997 2881 5051 his
2910 5014 3038 5069 quae
3070 4997 3230 5051 vobis
3261 4997 3632 5067 objiciuntur,

1939 5086 2282 5139 conscientia
2314 5090 2455 5140 teste
2484 5087 2955 5156 reprehensibile,
2988 5093 3088 5140 aut
3125 5088 3267 5140 forte
3311 5085 3635 5140 damnabile

1934 5177 2243 5246 judicatur,
2277 5178 2598 5248 praevenire
2649 5178 2830 5233 modis
2877 5178 3165 5241 omnibus,
3199 5183 3254 5232 et
3312 5182 3635 5248 opportune

1940 5267 2235 5337 detergere
2267 5267 2561 5321 studeatis.
2599 5268 2663 5320 Et
2703 5267 2977 5337 quoniam
3023 5268 3212 5321 omnis
3242 5267 3451 5336 gradus
3498 5282 3637 5337 pon-

1939 5356 2162 5409 tiﬁcalis
2193 5355 2431 5425 ordinis,
2472 5355 2645 5409 totius
2687 5372 2859 5427 quam
2890 5356 3276 5426 praemisimus
3306 5356 3523 5425 synodi,
3568 5372 3637 5410 ex

1941 5444 2188 5515 impacta
2234 5445 2392 5498 vobis
2446 5445 2777 5515 hujusmodi
2834 5444 3121 5498 calumnia
3198 5444 3634 5512 scandalizatur,

1941 5534 2309 5603 compalitur,
2370 5535 2643 5600 tristatur,
2699 5540 2754 5588 et
2808 5533 3181 5604 congemiscit
3224 5550 3237 5587 :
3288 5551 3410 5602 vos,
3462 5551 3635 5605 quem

1942 5638 2172 5676 causam
2204 5623 2438 5693 hujusce
2478 5623 2730 5677 Iasionis
2756 5639 2878 5677 esse
2927 5624 3331 5692 comperimus,
3363 5629 3420 5678 et
3463 5639 3636 5694 quem
