4078 6180
460 294 563 345 7Ἱὸ

1741 284 1779 337 Η
1794 284 1919 338 EBA
1933 282 2045 337 RD]
2088 282 2342 338 TURON.
2386 280 2697 337 ARCHIEP.
3822 290 3900 339 776

460 430 812 498 oportuerat,
860 422 1171 477 secundum
1210 420 1569 491 Apostolum,
1618 419 2009 474 testimonium
2048 418 2147 471 ha-
2189 420 2236 473 A
2266 406 2495 488 quirere
2522 417 2839 487 procuratis
2871 416 3077 471 obnixe
3108 416 3452 487 ﬂagitamus,
3504 422 3561 472 et
3592 418 3649 472 in
3675 420 3902 475 charitate

460 517 595 570 bere
629 515 810 569 abhis
838 513 1007 566 etiam
1048 510 1146 582 qui
1198 510 1336 564 foris
1399 517 1546 569 sunt,
1593 510 1910 573 hortamur,
1962 507 2151 561 lideli-

460 610 660 675 terque
690 602 1069 673 suggerimus,
1097 605 1159 653 ut
1181 604 1275 652 aut
1308 599 1407 652 uni
1436 598 1701 668 episcopo
1723 614 1827 667 pro
1860 597 2147 663 omnibus,

460 697 557 744 aut
590 690 849 761 pluribus
883 704 982 759 pro
1007 687 1243 752 cunctis,
1276 686 1598 740 satisfacere
1622 702 1726 755 pro
1757 690 2015 754 tempore
2040 700 2152 737 non

457 779 774 850 gravemini
834 778 1035 831 vestris
1094 775 1350 846 apicibus
1406 775 1578 828 sacris
1634 792 1645 828 :
1695 774 1983 844 simulque
2038 789 2152 843 quo

456 868 677 938 regiam
719 866 1113 935 dignationem
1142 863 1300 915 vobis
1332 861 1760 931 acceptabilem,
1802 860 1951 914 sicut
2000 862 2152 912 Vt'lliS

392 986 397 993 ~
457 956 688 1009 etomni
720 960 904 1008 vestro
936 951 1163 1021 expedit
1211 951 1393 1022 gregi,
1442 950 1864 1018 satisfaciendo,
1916 949 2150 1003 humili-

458 1048 657 1115 terque
690 1043 865 1114 ipsius
898 1040 1203 1096 hilaritatis
1229 1039 1592 1094 clementiam
1646 1038 2011 1108 impetrando
2062 1052 2152 1091 ac-

2263 506 2485 560 sincera
2516 507 2920 576 compatiendo
2946 523 3267 577 precamur.
3319 509 3515 562 Valere
3558 512 3779 562 vestram
3822 526 3903 579 pa-

2260 595 2589 649 ternitatem
2624 596 2763 648 votis
2791 596 3054 649 omnibus
3086 596 3461 665 postulamus,
3498 600 3553 649 et
3599 601 3657 649 ut
3696 603 3905 651 nostram

2261 684 2599 754 petitionem
2633 684 2936 738 efficaciter
2979 684 3298 755 suscipiatis
3338 701 3597 750 oramus;
3642 689 3795 755 utque
3824 703 3903 739 no-

2262 779 2437 827 stram
2478 772 2921 826 unanimitatem
2972 789 3038 826 ex
3087 772 3257 826 vestri
3291 789 3462 826 causa
3516 774 3586 827 ad
3632 774 3907 844 aliquantu-

2261 861 2375 915 lam
2432 861 2574 932 quiu
2634 862 2827 931 potius
2888 860 2955 914 ad
3024 862 3332 930 integram,
3391 862 3701 931 perducere
3763 868 3905 914 certe-

2261 949 2332 1003 tis
2365 950 2644 1019 lietitiam,
2699 950 2941 1020 supplici
2988 950 3371 1020 postulatione
3428 966 3741 1015 monemus,
3784 956 3910 1019 pater

2264 1038 2609 1093 beatissime.

1290 1362 1327 1403 θ
1385 1369 1565 1475 ΑΝ
1591 1366 2392 1477 NUNTIATIO
2484 1367 2580 1474 H
2607 1366 3130 1473 ERARDI

1756 1572 2227 1617 ARCHIEPISCOPI
2274 1572 2665 1619 TURONENSIS

1155 1696 1336 1773 Regis
1368 1694 1610 1767 (Caroli
1639 1692 1838 1772 Calva)
1868 1713 1940 1753 ac
1967 1692 2189 1773 synodi
2208 1693 2672 1769 (Suessionenszls
2704 1692 2819 1771 In),
2837 1692 3022 1771 jussu
3050 1691 3243 1769 facta,

540 1831 633 1891 Ne
666 1831 897 1891 mirum
929 1830 1012 1889 sit
1041 1830 1213 1905 quod
1247 1848 1439 1889 causa
1464 1832 1602 1906 jam
1635 1833 1778 1888 ante
1810 1828 2073 1887 deﬁnita
2117 1827 2344 1887 iterum
2378 1827 2439 1886 in
2472 1827 2589 1887 hac
2622 1828 2867 1907 synodo
2901 1832 3280 1887 retractetur
3314 1847 3325 1887 ε
3363 1834 3423 1887 et
3454 1847 3568 1888 cur
3598 1829 3857 1905 reginam

936 1928 1199 1970 uxorem
1232 1927 1414 1969 suam
1448 1928 1554 1967 rex
1586 1914 1714 1968 tam
1748 1927 1890 1967 sero
1922 1926 2089 1967 nunc
2122 1908 2379 1966 tandem
2412 1908 2490 1967 ab
2522 1908 2842 1986 episcopis
2873 1907 3164 1968 benedici
3193 1909 3495 1985 postulet.

2061 2046 2351 2056 ——_—

527 2160 846 2213 Auctoritas
878 2174 1054 2224 sacra,
1104 2162 1158 2210 et
1212 2158 1444 2226 specula
1486 2156 1808 2221 ministerii,
1860 2157 2011 2209 unde
2059 2173 2151 2210 vo-
2187 2157 2227 2210 C
2258 2172 2419 2225 super
2450 2162 2651 2210 terram
2678 2156 2743 2210 de
2792 2160 2937 2212 omni
2978 2174 3054 2224 re,
3084 2160 3176 2225 ﬁet
3231 2158 3340 2212 illis
3392 2159 3616 2227 (Matth.
3667 2162 3833 2221 xvni).
3875 2159 3920 2210 Et

454 2249 542 2303 bis
562 2254 804 2301 vestram
837 2248 1077 2300 salutem
1113 2247 1397 2299 mentiare
1440 2246 1739 2313 debemus,
1774 2245 1994 2308 fratres,
2049 2262 2154 2299 nos

455 2341 845 2399 commonent,
883 2340 941 2386 ut
968 2350 1195 2403 semper
1242 2334 1421 2387 simus
1470 2335 1655 2403 parati
1704 2334 1772 2387 ad
1816 2334 2150 2387 satisfactio-

456 2444 587 2481 nem
634 2428 792 2480 omni
840 2426 1094 2496 poscenti
1134 2442 1239 2478 nos
1288 2425 1571 2478 rationem
1604 2425 1672 2478 de
1702 2442 1766 2477 ea
1799 2442 1926 2496 quae
1962 2426 2017 2478 in
2051 2441 2151 2478 no-

456 2517 543 2571 bis
586 2523 668 2569 est
699 2532 797 2585 spe
831 2519 888 2568 et
916 2516 1028 2569 tide
1053 2516 1097 2577 (Ι
1134 2517 1276 2567 Petr.
1306 2520 1412 2579 in),
1470 2520 1531 2567 ut
1570 2515 1667 2566 illa
1712 2530 1841 2584 qua:
1900 2514 2149 2584 agimus,

457 2620 571 2675 qua
629 2603 949 2657 intentione
1003 2620 1064 2656 ac
1093 2603 1205 2655 fide
1244 2618 1503 2671 agamus,
1538 2607 1593 2654 et
1637 2619 1751 2671 qua
1802 2618 1899 2671 spe
1932 2602 2151 2654 nobisa

458 2694 569 2747 Deo
598 2692 955 2745 remunerari
992 2691 1293 2743 credamus
1337 2706 1404 2743 ea
1457 2706 1585 2760 quae
1631 2696 1779 2743 recta
1832 2689 2149 2745 intentione

457 2781 698 2851 agimus,
729 2780 1045 2833 ministerio
1075 2786 1267 2831 nostro
1319 2778 1658 2844 commissis,
1708 2780 1825 2831 sive
1874 2778 2147 2847 simplici-

457 2875 563 2936 ter,
600 2870 713 2921 sive
738 2884 850 2920 nou
888 2866 1225 2937 simpliciter
1254 2866 1663 2936 quaerentibus,
1696 2866 1783 2918 vel
1835 2881 1949 2918 non
1990 2882 2147 2935 quae-

456 2958 714 3011 rentibus
764 2956 1122 3018 intimemus,
1182 2956 1261 3008 ne
1315 2961 1415 3008 aut
1460 2955 1746 3024 simplices
1821 2954 2147 3023 suspicione

457 3047 687 3100 sinistra
717 3046 776 3099 in
804 3046 1022 3099 actibus
1067 3044 1277 3097 nostris
1305 3044 1620 3109 oii‘endant,
1672 3048 1771 3095 aut
1807 3043 2021 3113 impuri
2070 3044 2149 3096 lo-

456 3151 585 3189 cum
646 3134 985 3188 detrahendi
1041 3150 1144 3186 nos
1198 3133 1555 3185 invenientes
1603 3132 1961 3201 delinquant.
2032 3133 2148 3186 Hoc

456 3226 609 3277 enim
656 3226 1079 3293 speculatorum
1123 3221 1377 3275 otiicium
1418 3226 1524 3288 est,
1587 3237 1699 3290 quo
1759 3222 1990 3273 nomine
2044 3237 2146 3274 nos

454 3312 704 3383 episcopi
736 3327 851 3364 non
904 3310 1107 3364 merito
1156 3310 1250 3363 sed
1301 3309 1482 3379 gratia
1532 3308 1902 3362 nominamur
1958 3327 1988 3362 a
2034 3310 2145 3362 Do-

455 3403 636 3466 mino,
695 3406 759 3453 ut
818 3400 1180 3452 imminentia
1241 3397 1659 3467 prospicientes
1714 3398 1988 3466 pericula,
2059 3396 2146 3449 his

457 3504 705 3560 quorum
787 3490 1030 3540 salutem
1088 3502 1389 3555 suscepere
1446 3486 1715 3538 tuendam
1779 3486 2142 3539 anuuntient.

457 3570 837 3645 Quapropter,
918 3575 1138 3638 fratres,
1211 3574 1595 3644 quorumdam
1678 3573 2145 3643 cogitationibus,

457 3664 841 3734 quorumdam
866 3677 1001 3715 vero
1035 3662 1222 3715 verbis
1252 3662 1576 3715 satisfacere
1608 3663 1824 3715 bonum
1857 3663 2145 3729 duximus,

455 3752 556 3823 qui
585 3752 836 3821 cogitant
872 3751 1039 3816 forte,
1076 3767 1139 3804 ac
1170 3750 1388 3815 dicunt,
1427 3751 1700 3820 quoniam
1751 3757 1917 3804 antea
1953 3751 2009 3803 in
2042 3751 2147 3803 hoc

455 3841 657 3894 eodem
689 3842 809 3893 loco
834 3845 963 3893 ante
1014 3841 1236 3909 aliquot
1277 3856 1457 3892 annos
1502 3839 1733 3909 quidam
1770 3846 2050 3903 nostrum,
2093 3845 2148 3892 et

451 3929 835 4001 quorumdam
862 3932 1186 3981 nostrorum
1231 3927 1575 3992 decessores,
1635 3928 1916 3995 synodum
1960 3929 2144 3980 tenui-

456 4034 603 4083 mus,
637 4024 694 4071 et
730 4018 992 4072 eamdem
1044 4032 1293 4082 causam,
1341 4031 1513 4085 quam
1571 4020 1704 4069 tunc
1749 4015 2145 4080 difﬁnivimus,

452 4123 605 4160 nunc
655 4122 907 4176 quoque,
949 4106 1110 4175 quasi
1140 4121 1257 4157 non
1301 4105 1472 4157 fuerit
1513 4104 1657 4157 bene
1700 4104 1964 4163 difﬁnita,
2017 4118 2148 4156 cum

453 4196 624 4248 etiam
655 4201 710 4247 et
733 4210 766 4246 a
790 4193 933 4247 Sede
966 4193 1272 4262 apostolica
1294 4192 1365 4246 sit
1410 4192 1735 4259 terminata,
1780 4192 2144 4258 mutavimus,

453 4290 510 4337 et
538 4286 612 4337 ob
646 4284 702 4336 id
748 4288 937 4335 nostra
989 4282 1275 4335 sententia
1317 4282 1443 4334 vilis
1490 4282 1668 4351 possit
1715 4281 1933 4343 haberi,
1982 4281 2147 4350 quasi

452 4373 523 4426 ab
571 4371 944 4425 mobilitatem
982 4370 1251 4422 humana:
1304 4369 1503 4439 gratiae
1547 4374 1769 4422 nostras
1832 4369 2145 4422 sententias

451 4461 848 4527 immutemus,
878 4459 982 4520 vel,
1022 4458 1354 4511 utdicamus
1394 4458 1672 4527 apertius,
1707 4458 2140 4511 venuindemus.

453 4551 576 4603 Non
610 4550 688 4602 ita
720 4552 821 4612 est,
867 4548 1090 4613 fratres,
1139 4546 1417 4616 quoniam
1448 4546 1507 4598 in
1540 4545 1849 4615 episcopali
1880 4546 2144 4599 ministe-

452 4639 538 4690 rio
571 4654 683 4690 non
710 4642 793 4689 est
824 4637 914 4688 Est
948 4641 1004 4688 et
1034 4636 1182 4699 Non,
1233 4634 1331 4687 sed
1378 4649 1605 4703 semper
1644 4636 1755 4701 Est,
1813 4634 1867 4686 id
1909 4641 1993 4687 est
2029 4639 2142 4685 sta-

2261 2245 2397 2315 quia
2451 2247 2595 2298 Deus
2645 2261 2796 2315 saepe
2843 2262 3002 2298 suam
3063 2252 3241 2299 mutet
3287 2248 3656 2313 sententiam,
3702 2263 3919 2299 necessa-

2262 2335 2411 2386 rium
2446 2334 2689 2388 vidimus
2723 2341 2785 2388 ut
2811 2335 2879 2388 de
2913 2336 3110 2388 multis
3162 2351 3342 2388 unum
3401 2334 3789 2388 testimonium
3834 2352 3921 2388 no-

2259 2422 2347 2475 bis
2373 2423 2640 2476 omnibus
2675 2423 3141 2493 amplectendum
3189 2424 3465 2488 dicamus,
3502 2424 3582 2476 ait
3636 2424 3917 2477 Dominus:

2258 2512 2320 2565 Si
2347 2512 2537 2566 dimero
2575 2516 2743 2581 impio
2778 2528 2790 2565 :
2826 2515 2995 2566 Morte
3045 2516 3310 2579 morieris,
3354 2518 3403 2566 et
3448 2513 3542 2566 ille
3586 2516 3787 2581 impius
3831 2526 3924 2564 con-

2254 2615 2441 2653 versus
2462 2603 2632 2665 fuerit
2669 2617 2703 2653 a
2747 2603 2838 2653 via
2868 2617 2965 2654 sua
3015 2617 3211 2669 prava,
3261 2609 3311 2654 et
3354 2604 3542 2662 fecerit
3586 2602 3846 2668 judicium
3886 2605 3923 2650 et

2245 2687 2548 2757 justitiam,
2578 2692 2693 2742 vita
2721 2692 2862 2742 vivet
2892 2695 2941 2742 et
2964 2706 3067 2743 non
3098 2693 3393 2758 morietur;
3426 2705 3605 2743 omnes
3642 2693 3924 2757 iniquitates

2254 2776 2370 2846 ejus
2401 2793 2537 2846 quas
2589 2780 2718 2844 fecit
2772 2780 2831 2831 in
2863 2779 3126 2832 oblivione
3174 2784 3333 2831 erunt
3378 2795 3559 2832 coram
3608 2795 3691 2832 me
3736 2776 3923 2841 {Em-li.

2254 2873 2429 2923 xvm.)
2464 2867 2605 2921 Nam
2637 2874 2693 2919 et
2745 2874 2875 2935 post
2926 2868 3065 2937 legis
3105 2867 3377 2921 duritiam
3425 2883 3599 2937 quam
3652 2867 3803 2920 dedit
3846 2880 3925 2935 per

2254 2956 2485 3023 angelos
2514 2955 2572 3007 in
2601 2971 2773 3008 manu
2810 2956 3004 3025 Moysi,
3058 2955 3217 3008 dedit
3260 2957 3548 3024 Evangelii
3578 2956 3818 3025 gratiam
3847 2968 3927 3022 per

2256 3044 2537 3112 apostolos
2578 3049 2633 3097 et
2681 3060 2880 3097 eorum
2932 3060 3280 3096 successores
3323 3044 3587 3097 omnibus
3645 3042 3926 3113 praedican-

2253 3132 2403 3185 dam.
2430 3132 2571 3194 Quia
2621 3137 2679 3183 ut
2710 3138 2938 3185 sanctus
2970 3133 3098 3196 Leo,
3145 3133 3472 3201 apostolica:
3521 3133 3678 3185 Sedis
3717 3146 3925 3200 magnus

2255 3225 2509 3283 ornatus,
2561 3219 2697 3272 dicit
2743 3220 2952 3287 (Epist.
3005 3220 3078 3271 ad
3138 3222 3419 3274 Rusticum
3472 3220 3920 3274 Narbonensem):

2255 3326 2283 3355 ι)
2329 3307 2485 3359 Sicut
2540 3313 2674 3359 sunt
2715 3308 2975 3376 quaedam
3036 3323 3166 3377 quas
3216 3308 3375 3361 nulla
3433 3316 3679 3377 possunt
3731 3308 3924 3362 ratione

2256 3395 2527 3459 converti,
2562 3396 2641 3448 ita
2669 3398 2845 3448 multa
2876 3401 3030 3460 sunt,
3063 3413 3187 3465 quas
3213 3403 3310 3449 aut
3356 3414 3459 3465 pro
3492 3398 3922 3451 consideratione

2256 3488 2510 3550 rotatum,
2545 3489 2643 3536 aut
2671 3501 2774 3554 pro
2808 3486 3142 3537 necessitate
3176 3501 3367 3538 rerum
3419 3492 3688 3555 oporteat
3737 3494 3924 3552 tempe-

2254 3573 2368 3625 rari
2399 3590 2410 3626 :
2439 3573 2517 3625 sic
2547 3579 2760 3638 tamen,
2788 3578 2845 3626 ut
2875 3574 3030 3643 quod
3050 3574 3407 3643 sequendum
3428 3575 3605 3628 fuerit
3634 3576 3924 3632 inventum,

2257 3679 2360 3716 nec
2385 3664 2683 3733 prmceptis
2714 3664 3052 3733 evangelicis
3111 3665 3482 3730 contrarium,
3545 3682 3655 3719 nec
3720 3661 3931 3718 decretis

2256 3756 2584 3804 sanctorum
2637 3752 2962 3804 inveniatur
2992 3752 3313 3806 adversum.
3342 3772 3367 3802 ιι
3414 3753 3581 3816 Quod
3626 3761 3687 3807 et
3740 3754 3796 3805 in
3850 3752 3932 3803 hac

2256 3855 2425 3893 causa
2456 3856 2654 3893 sumus
2682 3841 2881 3905 secuti,
2938 3841 3085 3893 sicut
3134 3841 3191 3894 in
3248 3841 3457 3894 sanctis
3517 3841 3935 3895 auctoritatibus

2257 3928 2599 3994 invenimus,
2636 3930 2736 3998 qui
2782 3930 2838 3981 in
2874 3930 3092 3998 psalmo
3134 3930 3390 3982 canimus
3430 3946 3443 3982 :
3480 3930 3857 3983 Misericordia
3896 3931 3935 3978 et

2252 4019 2455 4070 veritas
2486 4018 2841 4071 obviaverunt
2881 4018 3008 4075 sibi,
3043 4019 3269 4085 justitiu
3306 4023 3357 4070 et
3389 4033 3504 4086 pax
3537 4021 3795 4071 osculata
3829 4018 3933 4069 sunt

2256 4105 2422 4174 (Psal.
2453 4108 2694 4174 Lxxxiv),
2727 4111 2781 4159 et
2801 4122 3026 4176 semper
3052 4123 3224 4176 super
3243 4107 3760 4175 exaltetjudicium
3806 4106 3938 4157 mise-

2256 4194 2523 4259 ricordia,
2586 4195 2809 4248 dicente
2883 4198 3154 4264 Apostolo
3215 4212 3227 4248 :
3287 4194 3483 4249 Adhuc
3536 4197 3936 4249 emceltentiorem

2253 4283 2403 4334 vium
2437 4282 2583 4336 vobis
2631 4282 3004 4337 demonstrabo
3049 4283 3096 4353 (Ι
3140 4284 3258 4337 Cor.
3315 4282 3434 4351 xu),
3479 4283 3537 4336 id
3580 4289 3673 4337 est
3719 4283 3935 4336 Charita-

2252 4376 2392 4434 tem,
2454 4387 2581 4440 quae
2630 4371 2897 4425 omnibus
2953 4371 3240 4425 desiderat
3285 4371 3571 4434 misereri,
3630 4379 3689 4425 et
3747 4368 3935 4424 cunctis

2255 4462 2374 4511 vult
2404 4460 2462 4511 in
2493 4476 2799 4513 commune
2841 4462 3137 4528 proﬁcere.
3190 4460 3440 4513 Perfecta
3488 4461 3653 4513 enim
3704 4466 3833 4513 sunt
3886 4472 3939 4509 ea

2253 4564 2381 4617 qum
2414 4548 2481 4600 ad
2513 4544 2928 4601 correctionem
2960 4548 3262 4601 hominum
3293 4553 3348 4601 et
3391 4549 3461 4600 ad
3492 4564 3801 4601 censuram
3857 4547 3935 4597 de-

2251 4636 2386 4688 bitas
2433 4637 2747 4689 severitatis
2798 4636 3109 4705 episcopali
3166 4637 3448 4689 sententia
3520 4638 3934 4706 proferuntur:

453 4727 643 4780 bilitas
671 4726 725 4779 in
760 4726 857 4779 illo
878 4730 961 4779 est
995 4741 1008 4777 :
1040 4724 1176 4794 quia
1200 4724 1261 4776 in
1290 4724 1511 4777 Christo
1559 4722 1662 4775 hoc
1710 4738 1932 4775 sacrum
1967 4722 2140 4775 mini-
2186 4740 2227 4792 [)
2254 4725 2347 4777 sed
2376 4725 2777 4778 excellentiora
2821 4731 2954 4778 sunt
2984 4725 3193 4795 quibus
3225 4724 3548 4778 dilectionis
3595 4725 3931 4793 benignitate

452 4816 691 4869 sterium
721 4814 1032 4867 radicatam
1069 4818 1173 4880 est,
1205 4813 1306 4882 qui
1352 4827 1647 4880 nunquam
1690 4811 2015 4875 consilium,
2050 4811 2148 4863 sed

453 4920 605 4975 saepe
641 4908 824 4957 mutat
861 4902 1228 4968 sententiam,
1274 4906 1391 4953 tam
1436 4915 1540 4969 per
1582 4900 1854 4968 seipsum,
1894 4915 2067 4969 quam
2095 4903 2150 4951 et

453 5010 555 5064 per
580 5009 711 5045 suos
740 4992 954 5057 ﬁdeles,
997 4990 1065 5043 de
1106 5005 1353 5059 quorum
1400 5004 1641 5042 numero
1690 5005 1789 5040 sua
1846 4988 2149 5042 clementia

455 5099 560 5135 nos
610 5086 1033 5151 computamur,
1080 5078 1289 5148 quibus
1339 5078 1586 5130 veridica
1636 5092 1770 5129 voce
1814 5077 2073 5145 promisit
2131 5092 2142 5129 :

458 5172 560 5224 Ubi
605 5174 731 5223 sunt
769 5169 874 5221 duo
920 5168 1009 5221 vel
1047 5172 1151 5221 tres
1197 5168 1510 5232 congregati
1554 5168 1613 5217 in
1650 5168 1863 5218 nomine
1914 5181 2025 5218 meo
2070 5165 2149 5217 ibi

453 5275 572 5313 sum
602 5262 660 5312 in
687 5257 862 5311 medio
887 5271 1095 5323 eorum;
1128 5260 1185 5309 et
1213 5271 1226 5309 :
1264 5256 1325 5310 Si
1366 5254 1472 5307 duo
1502 5269 1571 5308 em
1608 5254 1757 5307 vobis
1788 5255 2147 5307 consenserint

525 5415 547 5443 ο
575 5400 938 5453 Annuntiatio
984 5397 1234 5451 Herardi.
1280 5395 1442 5449 Prior
1473 5411 1602 5463 pars
1646 5394 1815 5463 hujus
1868 5394 2144 5448 orationis

456 5470 527 5525 ad
558 5469 801 5525 Wulfadi
835 5470 1233 5538 sociorumque
1273 5482 1499 5519 causam
1537 5471 1768 5538 spectat,
1815 5467 1975 5538 cujus
2015 5481 2143 5535 gra-

458 5541 536 5596 tia
567 5543 814 5610 synodus
846 5541 1030 5593 fuerat
1059 5536 1422 5608 congregata,
1456 5536 1738 5606 posterior
1767 5536 1835 5589 ad
1877 5536 2142 5589 Hermin-

2257 4813 2617 4865 subditorum
2647 4814 2834 4873 saluti.
2869 4819 2927 4866 et
2965 4814 3259 4867 communi
3306 4814 3693 4867 Eeclesiarurn
3729 4808 3936 4867 utilitati

2256 4917 2319 4953 ac
2362 4901 2645 4954 consultui
2677 4902 3065 4971 providemus.
3118 4901 3272 4955 Unde
3307 4903 3681 4955 manentibus
3739 4898 3937 4954 statutis

2255 4990 2561 5058 prioribus,
2635 5005 2763 5059 qua;
2821 4990 3136 5043 secundum
3186 4991 3589 5043 auctoritatem
3656 4992 3939 5044 constituta

2254 5083 2390 5130 sunt
2431 5093 2533 5147 per
2582 5078 2817 5147 justitim
2846 5078 3228 5144 severitatem,
3280 5079 3497 5130 licitum
3530 5085 3621 5131 est
3666 5078 3828 5132 nobis
3856 5087 3939 5143 per

2253 5166 2478 5218 easdem
2502 5166 2995 5235 supereminentes
3015 5167 3400 5231 auctoritates,
3436 5183 3566 5236 qua:
3610 5164 3940 5238 impendunt

2252 5254 2728 5319 misericordiam,
2779 5256 3087 5308 immutare
3140 5254 3399 5308 duriores
3452 5258 3777 5309 sententias
3828 5267 3939 5305 cor-

2249 5396 2435 5520 tirudiés
2468 5397 3126 5466 reginaecoronatiouem
3154 5398 3213 5451 in
3235 5397 3435 5451 eadem
3470 5399 3698 5468 synodo
3730 5399 3935 5454 factam.

2283 5482 2362 5520 ac.
2441 5483 2552 5520 nui.

2283 5482 2362 5521 ac.
2401 5482 2552 5520 313M.
