4038 6174
144 238 234 284 777
1075 229 1553 286 ANNUNTIATIO
1593 231 1664 286 IN
1703 230 1969 291 SYNODO
2009 231 2509 290 SUESSIONENSI
2548 232 2651 288 ΠΙ.

3513 234 3616 285 778

142 363 375 415 rectione
420 361 561 414 facta
606 375 711 429 per
745 358 1187 413 eminentiorem
1218 360 1390 425 viam,
1436 360 1649 414 scilicet
1677 361 1816 414 cha-
1853 365 1899 416 A
1930 366 1984 415 et
2016 361 2202 433 ipsum
2236 363 2389 416 Isaac
2418 377 2657 415 uxorem
2688 360 2941 414 sterilem
2989 359 3242 431 accipere
3271 361 3425 426 fecit,
3470 367 3534 416 ut
3564 367 3621 416 et

141 451 371 503 ritatem.
416 450 478 502 Et
522 449 668 501 sicut
719 449 788 502 de
826 447 1114 517 prioribus
1166 450 1388 502 statutis
1430 450 1623 503 sedem
1677 466 1813 519 apo-

141 539 377 591 stolicam
436 538 849 601 consuluimus,
932 540 1010 591 ita
1076 543 1132 590 et
1182 554 1240 589 ex
1301 538 1405 590 hac
1469 536 1815 590 diffinitione

142 633 318 679 nostra
346 626 599 695 ejusdem
647 628 846 678 matris
877 626 1132 679 omnium
1165 625 1539 678 Ecclesiarum
1574 640 1815 694 respon-

140 717 340 768 sionem
390 719 823 783 exspectamus;
883 719 1165 785 quatenus
1216 714 1261 765 si
1325 714 1402 766 ita
1442 718 1505 765 ut
1551 713 1816 783 praeduce

140 804 281 857 illius
302 804 768 869 commonitione,
797 820 910 872 qua
938 804 1004 855 ad
1031 803 1182 855 hunc
1212 802 1399 855 locum
1423 801 1814 868 convenimus,

139 893 217 945 his
246 908 369 962 quae
400 908 501 960 per
532 892 948 957 indulgentiam
985 891 1429 943 misericorditer
1467 890 1815 955 invenimus,

139 981 553 1034 concordaverit
597 986 767 1050 atque
804 980 1177 1045 consenserit,
1230 978 1493 1032 Ecclesia).
1541 978 1816 1031 consulti-

137 1069 233 1122 bus
273 1069 582 1121 faveamus.
616 1070 922 1134 Craterum,
970 1068 1195 1131 fratres,
1242 1068 1507 1119 volumus
1545 1083 1645 1119 vos
1674 1066 1817 1119 scire

140 1158 260 1226 quia
308 1158 551 1210 domnus
583 1161 639 1209 et
670 1157 865 1209 senior
902 1161 1097 1209 noster
1128 1155 1361 1209 Carolus
1392 1170 1485 1207 rex
1531 1154 1818 1223 gloriosus

142 1252 335 1298 nostra:
385 1245 727 1299 humilitatis
775 1245 918 1315 petit
965 1243 1330 1297 devotionem
1380 1247 1445 1294 ut
1483 1243 1817 1295 auctoritate

141 1334 427 1387 ministerii
477 1334 641 1387 nobis
684 1350 717 1386 a
752 1334 865 1386 Deo
918 1332 1129 1397 collati,
1181 1331 1325 1383 sicut
1363 1329 1484 1399 ipse
1516 1331 1574 1383 in
1622 1345 1819 1401 regem

141 1428 217 1475 est
280 1428 486 1475 unctus
546 1427 601 1475 et
668 1426 1032 1475 consecratus
1102 1419 1413 1489 episcopali
1482 1419 1819 1471 auctoritate

139 1511 389 1564 unctione
442 1527 600 1563 sacra
632 1516 687 1561 et
734 1508 1152 1573 benedictione,
1204 1506 1379 1560 veluti
1420 1506 1479 1559 in
1513 1507 1820 1576 Scripturis

141 1601 365 1668 legimus
396 1600 705 1652 Dominum
740 1598 1073 1667 praecepisse
1105 1602 1167 1649 ut
1194 1612 1354 1665 reges
1381 1602 1742 1664 ungerentur
1765 1600 1821 1648 et

139 1696 486 1741 sacrarentur
515 1687 573 1739 in
606 1688 827 1755 regiam
856 1691 1195 1756 potestatem
1232 1702 1244 1737 :
1282 1685 1359 1737 ita
1391 1699 1624 1737 uxorem
1657 1699 1817 1736 suam

140 1777 414 1830 dominam
470 1780 721 1828 nostram
768 1774 826 1827 in
860 1773 1092 1827 nomine
1135 1773 1351 1841 reginas
1396 1771 1819 1838 benedicamus,

142 1866 271 1917 sicut
299 1870 354 1918 et
384 1882 418 1917 a
466 1864 596 1917 sede
645 1864 955 1933 apostolica
1000 1867 1054 1914 et
1107 1878 1138 1914 a
1169 1862 1377 1914 nostris
1427 1861 1821 1914 decessorihus

142 1960 293 2007 antea
325 1954 395 2006 de
427 1953 556 2005 aliis
601 1952 810 2005 factum
857 1950 1262 2019 comperimus.
1299 1950 1361 2003 Et
1412 1955 1471 2002 ut
1504 1965 1617 2002 non
1664 1950 1822 2002 vobis

141 2043 203 2095 sit
231 2043 437 2095 mirum
472 2057 650 2111 quare
683 2041 790 2093 hoc
829 2044 1005 2109 petat,
1043 2038 1387 2091 fraternitati
1420 2044 1622 2091 vestrae
1652 2038 1827 2091 ratio-

143 2147 259 2184 nem
290 2131 527 2184 reddere
560 2137 937 2183 maturemus.
989 2127 1263 2181 Videlicet
1293 2127 1446 2197 quia,
1493 2127 1640 2179 sicut
1668 2127 1824 2180 mul-

143 2221 205 2273 tis
234 2228 307 2274 est
340 2221 658 2291 cognitum,
709 2221 855 2274 Deus
885 2218 1250 2287 omnipotens
1299 2232 1399 2268 sua
1443 2215 1627 2285 gratia
1671 2214 1825 2267 istud

141 2325 366 2379 regnum
397 2310 463 2362 in
510 2325 711 2362 manus
742 2324 976 2361 suorum
1008 2312 1436 2359 antecessorum
1485 2302 1828 2357 mirabiliter

143 2399 417 2463 adunavit,
467 2398 618 2468 quod
659 2397 767 2467 ipsi
820 2398 1144 2450 decessores
1185 2393 1273 2446 sui
1314 2392 1580 2446 nobiliter
1619 2392 1825 2461 guber-

142 2493 427 2555 naverunt,
483 2494 540 2540 et
584 2503 687 2557 per
734 2500 1080 2538 successores
1132 2500 1231 2535 sua
1281 2481 1587 2551 progenies
1640 2494 1825 2549 usque

144 2575 203 2627 ad
236 2576 350 2628 haec
399 2580 663 2645 tempora
710 2574 877 2626 rexit.
922 2573 988 2625 Et
1043 2571 1135 2624 isti
1176 2576 1371 2623 nostro
1421 2568 1631 2622 seniori
1680 2570 1827 2621 Deus

142 2663 291 2727 ﬁlios,
332 2664 481 2717 sicut
509 2662 670 2717 vobis
703 2668 902 2715 notum
936 2666 1038 2724 est,
1073 2659 1248 2713 dedit.
1284 2660 1343 2711 In
1373 2673 1617 2728 quorum
1664 2655 1824 2709 nobi-

142 2752 307 2818 litate,
347 2754 418 2807 ad
455 2758 709 2806 sanctam
758 2750 1081 2813 Ecclesiam,
1117 2754 1171 2801 et
1202 2763 1442 2816 regnum
1495 2745 1646 2815 quod
1680 2746 1827 2798 Deus

142 2840 218 2893 illi
245 2841 310 2895 ad
340 2843 661 2911 regendum
694 2838 1000 2904 commisit,
1032 2838 1231 2891 ﬁdeles
1263 2836 1418 2888 illius
1447 2850 1608 2905 spem
1644 2832 1825 2886 maxi-

1926 451 1985 504 in
2034 452 2162 517 hoc,
2205 452 2351 504 sicut
2402 451 2462 504 in
2511 450 2707 503 multis
2746 449 2891 502 solet
2945 449 3152 513 facere,
3209 451 3615 506 misericordia}

1926 556 2042 592 suae
2094 540 2412 609 largitatem
2473 538 2821 603 ostenderet,
2874 542 2930 591 et
2981 537 3112 591 inde
3162 538 3297 591 dicit
3331 540 3619 609 Scriptura

1927 628 2062 698 quia
2109 629 2425 696 deprecatus
2481 632 2559 681 est
2598 628 2752 680 Isaac
2809 628 3092 679 Dominum
3139 642 3242 697 pro
3288 644 3457 681 uxore
3496 644 3616 695 sua,

1926 733 1982 769 eo
2028 718 2171 786 quod
2200 722 2332 771 esset
2374 718 2596 782 sterilis,
2630 720 2679 768 et
2727 717 2965 784 concepit
2994 719 3137 779 (Gen.
3203 716 3374 785 xxm).
3410 718 3473 769 Et
3505 734 3619 771 non

1927 806 1996 858 sit
2029 805 2187 858 vobis
2218 805 2427 857 mirum
2461 820 2560 857 cur
2590 808 2757 856 antea
2802 803 2907 856 hoc
2940 820 3053 855 non
3088 803 3237 870 fecit,
3288 805 3441 875 quia,
3475 805 3621 858 sicut

1927 909 2084 946 sacra
2134 893 2426 963 Scriptura
2484 892 2641 957 dicit,
2700 892 2761 944 in
2821 892 3139 961 primordio
3193 894 3618 960 conjunctionis

1929 982 2163 1035 masculi
2195 986 2251 1035 et
2284 981 2531 1045 feminas,
2568 981 2713 1034 dixit
2746 980 3016 1034 Dominus
3057 981 3125 1033 ad
3157 980 3325 1033 Evam
3362 998 3373 1033 :
3409 982 3500 1035 Ad
3531 985 3623 1037 vi-

1925 1087 2047 1124 rum
2078 1076 2229 1125 tuum
2273 1074 2375 1123 erit
2403 1072 2674 1127 conversio
2720 1074 2833 1136 tua,
2885 1074 2933 1122 et
2962 1072 3077 1137 ipse
3122 1069 3494 1123 dominabitur
3542 1072 3623 1122 tui

1928 1160 2079 1226 (Gen.
2134 1159 2235 1227 ιιι).
2271 1160 2335 1212 Et
2381 1174 2512 1212 cum
2561 1159 2681 1228 jam
2725 1164 2910 1210 essent
2965 1158 3221 1210 moribus
3270 1157 3327 1209 in
3365 1157 3624 1226 legitima

1928 1249 2333 1318 conjunctione
2386 1246 2619 1312 maturi,
2672 1251 2729 1299 et
2775 1250 3055 1315 provectas.
3105 1245 3287 1298 artatis
3334 1245 3622 1298 Abraham

1930 1343 1987 1392 et
2023 1338 2180 1403 Sara,
2216 1341 2271 1390 et
2318 1341 2381 1389 ut
2423 1341 2648 1389 sanctus
2698 1336 2895 1387 Petrus
2928 1335 3109 1387 dicit:
3153 1335 3300 1389 Sara
3347 1333 3625 1386 obediebat

1929 1427 2228 1487 Abraham,
2288 1425 2565 1478 dominum
2613 1439 2731 1477 eum
2792 1438 2987 1476 vocans
3034 1421 3091 1491 (Ι
3140 1425 3279 1477 l’etr.
3327 1421 3429 1490 ιιι),
3484 1422 3627 1475 dixit

1933 1515 2209 1569 Dominus
2238 1514 2305 1567 ad
2340 1514 2647 1575 Abraham,
2681 1512 2835 1581 quod
2880 1517 3048 1563 antea
3083 1526 3185 1562 nec
3218 1510 3348 1579 ipsi,
3381 1527 3483 1563 nec
3513 1510 3624 1564 alio

1930 1604 2151 1658 homini
2204 1603 2447 1671 legimus
2496 1603 2658 1655 illum
2710 1601 2912 1653 dixisse
2962 1602 3206 1655 :Omnia
3252 1614 3371 1667 qua:
3417 1599 3626 1653 dixerit

1931 1694 2035 1747 tibi
2081 1693 2246 1757 Sara,
2280 1691 2416 1743 audi
2463 1705 2637 1743 vocem
2668 1691 2784 1756 ejus
2836 1690 2988 1755 (Gen.
3040 1689 3169 1755 XXI).
3211 1689 3333 1740 Jam
3370 1688 3521 1740 enim
3572 1692 3627 1740 et

1930 1782 2214 1836 Abraham
2249 1780 2544 1850 presbyter
2585 1779 2791 1831 merito
2832 1778 3152 1843 vocabatur,
3201 1781 3258 1829 et
3304 1776 3629 1829 defecerant

1932 1870 2253 1935 muliebria,
2304 1868 2358 1922 id
2408 1873 2492 1920 est
2540 1867 2726 1920 omnis
2784 1865 3117 1931 lascivietas,
3178 1864 3347 1917 Sara}.
3400 1865 3461 1916 Et
3492 1869 3628 1917 tunc

1931 1962 2277 2028 acceperunt
2326 1954 2787 2010 benedictionem
2841 1953 3076 2006 seminis
3125 1951 3405 2006 benedicti
3438 1969 3469 2004 a
3516 1953 3629 2005 Do-

1934 2048 2115 2111 mino,
2168 2045 2227 2098 in
2261 2061 2375 2114 quo
2428 2041 2852 2097 benedicuntur
2902 2056 3101 2093 omnes
3150 2044 3386 2108 gentes,
3440 2055 3627 2092 amen.

1935 2134 2029 2188 llis
2084 2149 2218 2203 ergo
2273 2131 2401 2185 fulti
2454 2128 2910 2196 auctoritatibus,
2968 2128 3037 2181 ad
3088 2126 3472 2196 dispensanda
3528 2126 3629 2180 Dei

1935 2224 2103 2287 dona,
2144 2222 2244 2292 qui
2276 2221 2344 2273 ab
2380 2220 2479 2273 illo
2522 2217 2771 2271 ministri
2802 2217 2924 2287 ejus
2955 2233 3154 2270 sumus
3184 2216 3252 2270 ad
3285 2217 3395 2269 hoc
3423 2215 3633 2269 consti-

1934 2312 2065 2379 tuti,
2095 2316 2161 2364 ut
2210 2312 2320 2364 Leo
2366 2309 2520 2372 dicit,
2574 2325 2688 2362 non
2718 2306 2993 2361 debemus
3044 2322 3163 2358 esse
3212 2304 3493 2370 difficiles,
3528 2319 3632 2357 nec

1934 2401 2272 2454 devotorum
2332 2397 2635 2468 petitiones
2679 2396 2970 2465 negligere
3017 2411 3030 2447 :
3077 2393 3327 2447 maxime
3383 2392 3429 2445 si
3478 2392 3632 2462 ipsas

1935 2489 2240 2559 petitiones
2292 2486 2648 2540 evidentibus
2678 2484 2906 2555 judiciis
2951 2499 3017 2535 ex
3048 2483 3146 2535 Dei
3179 2480 3489 2534 viderimus
3538 2480 3633 2533 in-

1935 2576 2249 2648 spiratione
2308 2578 2628 2644 conceptas.
2681 2572 2826 2636 Quia
2877 2571 3173 2640 multiplex
3237 2568 3632 2621 misericordia

1939 2664 2037 2719 Dei
2082 2665 2161 2718 ita
2205 2663 2374 2717 saluti
2436 2663 2703 2715 humanae
2746 2658 3045 2713 subvenire
3076 2656 3345 2720 decrevit,
3398 2659 3462 2708 ut
3491 2670 3631 2725 prae-

1935 2755 2100 2825 cipue
2146 2754 2502 2807 sacerdotum
2536 2748 3050 2821 supplicationibus
3098 2747 3221 2815 ipsa
3251 2746 3399 2798 salus
3431 2744 3635 2798 debeat

1937 2842 2208 2897 obtineri.
2266 2842 2369 2896 Cui
2420 2841 2600 2911 operi,
2653 2844 2715 2892 ut
2765 2838 2822 2891 in
2873 2836 3045 2889 sacris
3112 2834 3317 2888 litteris
3364 2832 3630 2901 legimus,

146 2945 283 2983 mam
309 2946 367 2983 δε
398 2931 614 2984 habere
640 2935 771 2981 sum
796 2926 1085 2997 ΒΓῖιίυῙδίί·
1118 2926 1196 2978 De
1218 2924 1427 2994 qnibus
1458 2922 1579 2993 ipse
1602 2921 1828 2991 aliquos
1867 2942 1907 2997 C
1935 2932 2055 3002 ipse
2102 2931 2359 2984 Salvator
2407 2927 2735 3005 intervenit,
2788 2942 2891 2979 nec
2932 2939 3187 2993 unquam
3241 2922 3312 2975 ab
3358 2921 3446 2974 his
3477 2920 3637 2974 abest.

146 3017 249 3070 Deo
279 3018 501 3082 obtulit,
536 3022 596 3069 ut
616 3017 787 3070 etiam
820 3016 889 3069 de
912 3014 1100 3067 fructu
1129 3012 1344 3064 ventris
1366 3010 1454 3063 sui
1477 3009 1824 3062 oblationem

148 3107 250 3158 Deo
278 3107 541 3171 offerret;
566 3106 788 3175 aliquos
814 3106 958 3157 Deus
980 3102 1166 3155 adhuc
1196 3105 1360 3153 aetate
1394 3098 1703 3151 immatura
1725 3112 1827 3149 sua

145 3196 314 3262 gratia
339 3196 410 3249 de
440 3195 548 3248 hoc
578 3195 785 3248 saaculo
815 3193 1023 3262 rapuit,
1050 3206 1134 3256 ne,
1163 3196 1226 3243 ut
1257 3188 1534 3257 scriptum
1562 3191 1667 3249 est,
1701 3200 1825 3237 ma-

145 3285 256 3336 litia
283 3288 521 3338 mutaret
554 3283 717 3337 corda
745 3296 926 3334 eorum
958 3281 1109 3347 (Sap.
1146 3276 1255 3347 1v);
1289 3275 1577 3345 aliquibus
1607 3279 1825 3339 autem,

146 3373 289 3441 quod
334 3389 435 3427 vos
487 3387 603 3426 non
652 3372 805 3435 latet,
859 3385 961 3421 suo
1006 3366 1224 3436 judicio
1283 3365 1457 3418 talem
1500 3364 1827 3434 passionem

145 3463 395 3530 permisit
447 3462 760 3522 incurrere,
812 3459 957 3512 sicut
1004 3457 1199 3511 tideles
1241 3454 1394 3508 illius
1442 3456 1831 3523 agnoscuntur

146 3552 345 3606 dolere.
397 3553 709 3621 Propterea
757 3548 901 3620 petit
936 3545 1401 3601 benedictionem
1446 3541 1828 3613 episcopalem

146 3656 306 3711 super
365 3656 607 3695 uxorem
660 3654 822 3693 suam
875 3636 1090 3700 venire,
1137 3640 1203 3687 ut
1248 3634 1424 3686 talem
1476 3631 1731 3685 sobolem
1778 3629 1830 3681 ei

146 3729 408 3784 Dominus
445 3729 513 3784 de
545 3729 642 3782 illa
665 3728 934 3796 dignetur
964 3725 1199 3790 donare,
1236 3722 1384 3775 unde
1417 3725 1611 3773 sancta
1640 3718 1830 3771 Eccle-

146 3819 220 3871 sia
258 3819 554 3887 solatium,
595 3824 652 3870 et
698 3830 941 3886 regnum
991 3813 1366 3867 necessariam
1413 3808 1829 3871 defensionem,

148 3914 197 3960 et
250 3908 452 3963 ﬁdeles
508 3908 664 3961 illius
720 3904 1098 3959 desiderabile
1160 3899 1536 3969 adjutorium,
1604 3901 1660 3951 et
1724 3896 1834 3949 ista

148 3996 531 4052 Christianitas
586 3994 937 4065 operabilem
989 3990 1486 4061 tranquillitatem,
1534 3991 1591 4039 et
1644 3986 1831 4054 legem

151 4092 310 4158 atque
365 4086 680 4157 justitiam,
727 4100 857 4137 cum
905 4082 1018 4135 illis
1073 4095 1220 4151 quos
1268 4077 1453 4131 adhuc
1505 4074 1698 4137 habet,
1738 4088 1834 4125 an-

151 4183 351 4231 nuente
402 4181 461 4229 et
489 4178 829 4245 cooperante
865 4170 1130 4237 Domino,
1182 4167 1360 4239 possit
1406 4165 1635 4220 habere.
1670 4163 1738 4215 Et
1766 4161 1834 4214 de

152 4264 248 4318 hoc
296 4267 359 4319 in
418 4265 628 4318 sanctis
694 4260 1001 4331 Scripturis
1050 4258 1330 4312 habemus
1396 4252 1834 4316 auctoritatem,

153 4355 277 4424 quia
303 4356 450 4408 sicut
487 4352 759 4408 Dominus
789 4351 857 4403 ad
891 4348 1180 4402 Abraham
1213 4344 1354 4399 dixit
1386 4360 1398 4396 :
1433 4345 1494 4397 In
1524 4342 1720 4395 semine
1749 4344 1839 4393 tuo

154 4443 521 4497 benedicentur
567 4456 744 4495 omnes
788 4444 974 4506 gentes
1023 4436 1176 4503 (Gen.
1219 4432 1371 4500 χχιι),
1420 4431 1513 4483 cui
1553 4430 1672 4499 jam
1708 4444 1841 4481 cen-

152 4535 361 4589 tenario
396 4535 466 4587 de
496 4530 884 4602 nonagenaria
914 4541 1088 4582 uxore
1119 4526 1272 4578 Isaac
1317 4522 1501 4574 ﬁlium
1534 4518 1726 4580 dedit;
1761 4517 1841 4569 ita

525 5545 795 5608 Parnon.
851 5539 1030 5604 CXXI
1047 5588 1060 5601 .

1938 3035 2067 3091 qum
2124 3018 2405 3072 ministris
2462 3016 2577 3069 suis
2631 3013 2993 3083 exsequenda
3042 3010 3331 3063 commisit
3392 3008 3630 3061 dicens:

1937 3109 2079 3161 Ecce
2160 3120 2254 3174 ego
2318 3105 2590 3157 vobiscum
2668 3116 2786 3155 sum
2845 3098 3088 3153 omnibus
3162 3096 3351 3149 diebus
3412 3095 3632 3159 (Matth.

1936 3196 2149 3264 xxvul).
2188 3195 2251 3247 Et
2285 3193 2331 3245 si
2380 3190 2520 3262 quid
2551 3206 2653 3259 per
2704 3188 3034 3242 servitutem
3064 3188 3316 3238 nostram
3360 3183 3510 3237 bono
3541 3198 3633 3235 or—

1938 3284 2069 3338 dine
2098 3288 2153 3335 et
2201 3280 2542 3353 gratulando
2590 3278 2899 3349 implemus
2952 3275 3176 3339 affectu,
3210 3276 3274 3326 ut
3308 3272 3415 3325 Leo
3474 3270 3630 3339 dicit,

1939 3388 2052 3427 non
2096 3372 2456 3441 ambigamus
2502 3385 2606 3440 per
2634 3366 2909 3437 Spiritum
2962 3368 3222 3417 sanctum
3265 3360 3428 3414 nobis
3458 3358 3635 3413 fuisse

1938 3465 2236 3519 donatum.
2287 3462 2354 3514 Et
2384 3460 2535 3524 ideo,
2586 3458 2809 3521 fratres,
2860 3455 3132 3526 quoniam
3179 3453 3259 3506 ita
3306 3455 3409 3517 est,
3444 3453 3499 3503 et
3530 3465 3634 3503 no-

1941 3558 2055 3606 stra
2095 3567 2199 3621 pro
2231 3548 2389 3603 vobis
2418 3545 2766 3600 ministratio
2812 3548 2867 3596 et
2895 3548 3077 3595 vestra
3109 3555 3245 3609 erga
3273 3543 3470 3593 nostra
3494 3553 3636 3590 con-

1934 3641 2135 3711 juncta
2176 3638 2418 3702 devotio,
2455 3640 2522 3689 ut
2549 3650 2665 3688 una
2694 3633 2795 3686 ﬁat
2833 3631 2983 3701 apud
3017 3629 3321 3683 Dominum
3349 3625 3637 3697 supplica-

1939 3729 2022 3782 tio
2055 3727 2201 3780 sicut
2232 3725 2496 3795 legimus,
2542 3722 2676 3793 quia
2707 3720 2777 3774 ad
2811 3720 2919 3772 hoc
2945 3717 3241 3771 constituti
3276 3720 3410 3769 sunt
3449 3729 3640 3768 sacer-

1941 3817 2121 3883 dotes,
2172 3820 2232 3869 ut
2281 3814 2440 3885 prius
2488 3828 2590 3883 pro
2626 3811 2765 3875 suis,
2809 3808 3013 3862 deinde
3072 3823 3176 3876 pro
3222 3805 3424 3876 populi
3474 3807 3644 3857 orent

1943 3906 2209 3978 peccatis,
2239 3907 2295 3957 et
2324 3903 2507 3956 oratio
2535 3900 2706 3953 ﬁebat
2736 3899 2857 3951 sine
2900 3894 3325 3950 intermissione
3354 3893 3424 3947 ad
3457 3893 3641 3946 Deum

1944 4014 2050 4067 pro
2082 3998 2249 4050 Petro
2305 3994 2459 4061 (Act.
2494 3990 2615 4058 xu),
2650 3988 2707 4042 id
2766 3992 2853 4040 est
2901 4002 3003 4057 pro
3031 3984 3190 4038 omni
3239 3983 3639 4053 episcoporum

1946 4086 2142 4149 choro,
2184 4081 2481 4137 orantibus
2539 4077 2704 4132 nobis
2746 4093 2849 4147 pro
2888 4072 3183 4128 communi
3248 4076 3462 4136 nostra,
3527 4069 3643 4123 imo

1950 4191 2055 4245 pro
2086 4173 2265 4227 totius
2313 4168 2571 4224 Ecclesia:
2621 4183 2683 4221 ac
2725 4164 2929 4236 populi
2978 4160 3315 4217 necessitate
3345 4164 3515 4230 atque
3557 4174 3644 4211 sa-

1952 4266 2091 4329 lute,
2127 4274 2432 4315 commune
2478 4262 2671 4311 votum
2704 4256 2875 4309 etiam
2910 4256 3095 4306 vestra
3137 4248 3463 4305 communis
3510 4262 3646 4317 pro-

1949 4357 2222 4424 sequatur
2265 4348 2445 4402 oratio
2489 4345 2641 4417 apud
2676 4361 2807 4398 eum
2849 4342 2948 4414 qui
2992 4340 3123 4395 facit
3152 4340 3454 4394 unanimes
3482 4334 3648 4390 habi-

1949 4448 2069 4495 tare
2102 4441 2160 4493 in
2189 4439 2383 4502 domo,
2416 4440 2471 4490 et
2500 4435 2635 4488 vivit
2664 4438 2718 4488 et
2742 4434 2943 4503 regnat
2974 4430 3033 4483 in
3057 4430 3263 4483 saecula
3283 4426 3643 4482 saeculorum.

1950 4517 2153 4566 Amen.

3265 5518 3298 5553 ε)

3267 5559 3296 5573 υ

3311 5513 3345 5570 ὅ
