4038 6174
432 265 537 318 779

1624 261 1848 317 ISONIS
1886 259 2410 318 SANGALLENSIS
2448 259 2753 314 MONACHI
2857 269 2866 274 ‘
3803 267 3884 317 780

1780 535 1948 579 ANNO
1995 534 2223 580 DOMINI
2273 535 2543 579 DCCLXXI
2556 565 2568 578 .

924 709 1171 851 ISO
1291 709 2436 852 SANGALLENSIS
2528 707 3432 851 MONACHUS.

1446 1050 2039 1157 NOTITIA
2117 1049 2912 1155 HISTORICA.

1293 1243 1462 1307 (Apud
1500 1244 1816 1302 Fabricium,
1852 1243 2175 1294 Bibliotheca
2208 1243 2396 1293 media:
2430 1246 2482 1292 et
2515 1241 2710 1290 intima;
2747 1240 3085 1303 Latinitatis.)

514 1504 599 1558 lso
631 1503 918 1573 magister,
973 1503 1288 1557 monachus
1320 1502 1376 1556 S.
1427 1502 1590 1568 Galli,
1626 1506 1681 1556 et
1719 1502 1916 1556 doctor
1944 1502 2134 1556 nomi-
2170 1507 2217 1558 Α
2247 1501 2558 1563 Benedicti,
2630 1505 2788 1570 parte
2839 1516 2900 1565 ιι,
2943 1515 3076 1573 pag.
3138 1501 3287 1573 l62._
3319 1501 3581 1554 Famulae
3629 1499 3899 1573 chartarum

441 1575 794 1640 natissimus,
826 1575 1124 1628 defunctus
1157 1589 1249 1627 an.
1303 1576 1426 1633 871.
1460 1573 1646 1642 pridie
1696 1575 1772 1626 ld.
1813 1575 1958 1640 Maii,
1993 1579 2134 1627 teste

441 1647 766 1699 Hermanno
837 1645 1135 1698 Contracto
1192 1645 1252 1697 in
1292 1646 1528 1708 Cbrou.,
1571 1650 1628 1696 et
1690 1644 2025 1713 Hepidanno
2074 1646 2134 1697 in

437 1717 753 1769 Annalibus
788 1716 936 1785 apud
973 1716 1304 1769 Goldastum
1337 1723 1476 1768 tom.
1513 1717 1534 1768 Ι
1570 1716 1780 1768 Rerum
1806 1717 2135 1768 Alemanni-

439 1803 657 1852 carum,
721 1787 779 1838 in
831 1803 946 1856 quo
989 1786 1280 1840 volumine
1331 1786 1750 1856 obviusetiam
1813 1786 2134 1839 Radbertus

439 1860 790 1920 monachus;
837 1855 895 1910 in
927 1859 1090 1926 cujus
1121 1857 1266 1909 libro
1298 1857 1366 1909 de
1398 1855 1631 1925 Origine
1663 1863 1718 1910 et
1748 1856 1986 1910 Casibus
2017 1873 2136 1910 mo-

441 1929 677 1980 nasterii
726 1927 780 1981 S.
831 1927 1000 1994 Galli,
1049 1930 1225 1980 multa
1262 1929 1319 1979 in
1374 1929 1603 1980 laudem
1636 1929 1812 1980 Isonis
1862 1928 2135 1996 leguntur

437 2015 570 2068 pag.
605 2001 690 2063 l2,
732 2004 904 2067 atque
937 1998 1222 2066 imprimis
1254 2014 1382 2067 pag.
1417 2001 1506 2060 22,
1539 2013 1658 2068 seq.
1694 2005 1751 2051 et
1777 2003 1865 2062 77,
1891 1999 1992 2051 ubi
2017 1999 2135 2050 lau-

443 2072 654 2122 dantur
692 2085 762 2122 ex
793 2069 916 2138 ejus
961 2068 1276 2138 discipulis,
1310 2070 1627 2131 Marcellus,
1683 2068 1962 2122 Notkerus
2008 2069 2132 2121 Bal-

436 2139 622 2205 bulus,
657 2140 934 2193 Notkerus
986 2147 1257 2209 magister
1288 2141 1425 2191 artis
1474 2139 1768 2204 tlieoricaz,
1803 2139 2129 2202 Hatbertus,

435 2209 642 2274 Tutilo,
698 2211 1104 2274 Hartmannus,
1139 2215 1244 2262 etc.
1281 2209 1541 2277 Ejusdem
1573 2210 1752 2264 Isonis
1783 2209 1911 2262 libri
1936 2210 2046 2262 duo
2069 2209 2134 2262 de

436 2282 719 2334 Miracuh‘s
764 2282 824 2336 S.
895 2281 1145 2336 0thmari
1191 2280 1411 2333 abbatis
1473 2281 1528 2334 S.
1596 2281 1739 2334 Galli
1787 2285 2007 2333 exstant
2071 2279 2132 2332 in

436 2353 636 2406 eodem
688 2357 848 2404 tomo
900 2352 1090 2421 primo
1145 2353 1356 2405 Rerum
1409 2351 1930 2418 Alemannicarum,
1998 2367 2128 2421 pag.

441 2424 715 2488 l80-l89,
774 2426 830 2475 et
879 2419 1032 2491 apud
1089 2421 1491 2476 Mabillonium‘
1555 2421 1692 2476 Sasc.
1759 2437 1816 2475 ιιι
1881 2419 2014 2475 ονάξ
2074 2419 2130 2476 S.

509 2595 590 2665 (a)
622 2595 1119 2666 Supervacaneum
1140 2597 1288 2650 foret
1314 2598 1439 2650 illas
1461 2597 1643 2650 Isonis
1668 2597 1727 2650 in
1757 2597 2129 2651 Prudentium

439 2667 654 2722 Glossas
697 2668 990 2732 recudere,
1042 2672 1169 2738 post
1205 2674 1478 2738 nostram
1529 2669 1920 2722 doctissimam
1973 2669 2134 2738 juxta

435 2738 662 2791 Arevali
715 2737 1364 2792 editionem’Prudentii
1397 2745 1743 2809 poematum.
1797 2741 1854 2793 In
1893 2739 1938 2792 is
1967 2737 2131 2792 scho-

2244 1574 2303 1625 in
2335 1573 2593 1625 centuria
2639 1574 2788 1640 apud
2839 1571 3106 1624 eumdem
3151 1570 3506 1634 Goldastum,
3557 1577 3696 1624 tom.
3731 1572 3771 1623 ll
3801 1574 3897 1623 Ale-

2244 1644 2522 1706 mannic.,
2571 1659 2701 1711 pag.
2744 1645 2832 1707 28,
2885 1645 2973 1703 30,
3024 1644 3110 1706 33,
3155 1643 3243 1704 36,
3279 1643 3368 1705 48,
3417 1648 3470 1694 et
3504 1643 3590 1704 54,
3644 1657 3779 1710 seq.,
3810 1644 3898 1695 Gri-

2244 1715 2438 1766 maldo
2473 1713 2698 1775 abbate,
2732 1716 2990 1782 adeoque
3017 1719 3147 1765 ante
3176 1729 3268 1764 an.
3301 1714 3424 1776 872,
3456 1727 3570 1764 non
3599 1727 3691 1764 an.
3721 1714 3827 1782 9l3,
3851 1718 3894 1763 ut

2243 1785 2545 1837 Goldastus
2573 1799 2704 1852 pag.
2741 1785 2790 1836 ὅ.
2827 1780 2912 1852 (α)’
2934 1783 3172 1836 Glossar.
3211 1784 3268 1834 in
3303 1783 3661 1836 Prudentium
3691 1780 3894 1852 poetam,

2243 1871 2308 1907 ex
2361 1854 2574 1922 duplici
2620 1853 2810 1907 codice
2852 1855 3038 1907 Caroli
3091 1853 3416 1918 Widmanni
3459 1859 3513 1906 et
3569 1853 3757 1907 Jacobi
3787 1855 3896 1905 Bon-

2242 1925 2416 1994 garsii
2483 1926 2735 1992 vulgavit
2794 1924 2864 1976 ad
2916 1925 3127 1976 calcem
3190 1924 3490 1977 Prndentii
3540 1926 3628 1976 sui
3693 1927 3897 1994 Joannes

2245 1993 2530 2061 Weitzius,
2599 2011 2728 2064 pag.
2771 1996 3025 2059 771-904,
3080 1995 3294 2048 Hanov.
3349 1996 3506 2059 l6l3,
3558 1995 3619 2047 in
3661 1993 3737 2048 8°.
3769 1996 3892 2048 Lexi-

2242 2082 2337 2120 con
2383 2067 2640 2118 Latinum
2693 2080 2754 2117 ex
2808 2067 3080 2118 omnibus
3141 2072 3397 2117 veterum
3463 2066 3754 2134 glossariis
3803 2068 3894 2117 col-

2244 2138 2449 2190 lectum
2482 2137 2588 2189 sub
2619 2137 2851 2189 nomine
2882 2136 3204 2190 Salomonis
3231 2135 3505 2206 episcOpi,
3549 2137 3701 2206 quod
3733 2137 3784 2188 in
3809 2152 3897 2188 mo-

2241 2207 2489 2259 nasterio
2548 2207 2602 2259 S.
2639 2207 2781 2260 Galli
2846 2213 2901 2259 et
2947 2205 3292 2261 Constanlice
3360 2206 3418 2258 in
3453 2205 3578 2259 bib.’
3625 2206 3895 2260 cathedrali

2243 2277 2521 2330 asservari
2551 2278 2867 2343 Goldastus,
2914 2293 3045 2347 pag.
3079 2277 3198 2342 144,
3236 2283 3502 2344 testatur,
3549 2292 3720 2330 nemo
3752 2277 3898 2330 adhuc

2241 2349 2299 2401 in
2327 2349 2510 2401 lucem
2558 2350 2819 2418 protulit.
2861 2349 3060 2402 Fertur
3088 2355 3144 2401 et
3172 2349 3428 2400 carmina
3473 2349 3741 2417 quadam
3769 2363 3897 2400 com-

2239 2419 2519 2490 posuisse,
2551 2419 2724 2473 etiam
2757 2419 2879 2489 ipsa
2910 2420 3151 2473 necdum
3182 2419 3408 2489 publice
3439 2419 3579 2472 visa.

2242 2598 2335 2652 liis
2374 2599 2452 2652 nil
2480 2599 2635 2652 aliud
2701 2598 2973 2668 reperiret
3049 2599 3244 2661 lector,
3316 2597 3426 2651 nisi
3488 2598 3644 2668 quod
3709 2595 3896 2668 Arevali

2243 2669 2668 2723 commentariis
2720 2666 2903 2723 fusius
2961 2669 3242 2724 abundat.
3309 2666 3596 2724 Ceterum
3663 2668 3729 2722 ad
3789 2666 3897 2737 quid

2244 2740 2586 2811 proﬁcerent
2642 2741 2854 2794 Glossm
2915 2739 3035 2794 sine
3090 2747 3245 2794 textu
3293 2740 3725 2793 commentata?
3780 2740 3895 2792 Eon.

995 3171 1183 3274 DE
1266 3169 2043 3276 MIRACULIS
2133 3169 2631 3274 SANCTI
2711 3168 3376 3275 OTHMARI

1858 3350 2162 3429 LIBRI
2245 3349 2500 3430 DUO.

1209 3580 1383 3644 (Apud
1409 3581 1794 3638 Mabillonium,
1823 3583 1951 3632 Acta
1981 3582 2295 3634 Sanctorum
2319 3583 2523 3634 ordinis
2552 3583 2605 3634 S.
2638 3585 2850 3645 Bened.,
2884 3590 3012 3635 tom.
3043 3586 3153 3647 Ill.)

1578 3801 2148 3876 PBEFATIO
2229 3804 2796 3878 AUCTOBIS.

503 3989 808 4062 llucusque
875 3989 1112 4043 virtutes
1179 3993 1233 4042 et
1297 3988 1571 4043 miracula
1636 3989 1708 4043 ob
1767 3992 2126 4045 sanctitatem
2167 3997 2208 4050 Β
2235 3992 2560 4064 gnovimus,
2592 3993 2785 4064 aliqua
2817 4009 2881 4047 ex
2912 3993 3001 4048 bis
3033 3993 3103 4047 ad
3126 3993 3355 4048 laudem
3387 3999 3445 4048 et
3473 3994 3714 4064 gloriam
3741 3990 3886 4048 omni-

431 4078 582 4133 beati
614 4079 868 4134 Othmari
915 4077 1134 4131 abbatis
1179 4077 1400 4132 caelitus
1452 4078 1732 4132 declarata
1780 4080 2122 4135 Walafridus

434 4167 605 4222 abbas
635 4167 721 4220 vir
752 4167 948 4221 όυςῑιιε
987 4172 1044 4219 et
1073 4167 1319 4237 sapiens,
1353 4166 1450 4236 qui
1481 4168 1539 4220 in
1583 4168 1903 4222 litterarum
1935 4171 2123 4224 scien-

431 4255 511 4309 tia
561 4257 712 4326 apud
772 4262 1053 4309 nostrates
1100 4256 1337 4308 illustris
1395 4261 1524 4309 ante
1591 4255 1732 4308 alios
1785 4256 2119 4324 habebatur,

430 4343 719 4396 seniorum
773 4343 832 4396 in
880 4343 1140 4397 coenobio
1180 4346 1233 4398 S.
1277 4344 1421 4398 Galli
1469 4345 1927 4399 conversantium
1977 4346 2120 4399 rela-

427 4431 680 4485 tionibus
725 4449 823 4485 seu
857 4433 1027 4487 etiam
1077 4434 1301 4503 scriptis
1332 4433 1584 4487 veritatis
1629 4434 1852 4487 ratione
1901 4434 2122 4504 plenis-

427 4520 588 4574 simis
638 4520 812 4575 fidem
848 4524 1310 4588 accommodans,
1353 4524 1640 4576 luculento
1681 4524 1814 4576 satis
1853 4539 2120 4576 sermone

426 4615 483 4663 et
516 4610 702 4663 veraci
731 4612 1044 4665 assertione
1068 4613 1421 4682 conscripsit.
1456 4613 1564 4666 Sed
1593 4613 1727 4682 quia
1763 4629 1864 4666 nos
1892 4613 2116 4678 fratres,

423 4697 484 4752 in
514 4697 716 4753 eodem
744 4699 999 4754 cmnobio
1031 4702 1145 4755 Deo
1180 4701 1507 4766 militantes,
1536 4706 1666 4771 post
1690 4701 1894 4755 harum
1917 4701 2120 4754 descri-

421 4785 680 4855 ptionem
711 4785 987 4839 virtutum
1021 4787 1202 4839 multa
1251 4785 1657 4840 miraculorum
1689 4786 1940 4857 insignia
1970 4787 2120 4841 circa

421 4890 626 4944 corpus
673 4874 930 4944 ejusdem
977 4873 1082 4926 viri
1137 4873 1407 4928 divinitus
1447 4875 1809 4929 manifestata
1862 4878 1983 4930 esse
2022 4893 2118 4930 co-

2235 4079 2482 4149 potentis
2517 4079 2615 4134 Dei
2647 4080 2776 4151 styli
2807 4081 2994 4134 ofticio
3018 4082 3309 4136 memoriae
3342 4084 3734 4137 commendare
3759 4095 3886 4134 cura-

2234 4168 2418 4221 vimus
2453 4185 2464 4222 :
2498 4173 2780 4239 quatenus
2828 4169 2960 4224 hinc
3017 4169 3237 4240 liquido
3285 4169 3353 4224 ab
3404 4172 3672 4225 omnibus
3715 4183 3883 4223 sanum

2232 4257 2588 4327 sapientibus
2645 4258 2980 4328 colligatur,
3033 4275 3205 4328 quam
3259 4260 3429 4329 digne
3490 4260 3562 4313 ab
3600 4259 3882 4314 hominibus

2233 4346 2642 4400 honorificetur
2683 4346 2743 4400 in
2777 4347 2960 4412 terris,
2993 4347 3093 4418 qui
3137 4352 3252 4400 tam
3289 4334 3589 4401 manifesta
3625 4348 3880 4418 signorum

2232 4435 2590 4489 attestatione
2617 4435 2874 4506 quotidie
2909 4435 3260 4506 gloriﬁcatur
3282 4437 3340 4490 in
3371 4437 3545 4492 cmlis.
3583 4437 3701 4491 Non
3724 4440 3882 4488 tamen

2232 4525 2355 4594 ejus
2384 4540 2580 4578 amore
2645 4523 2801 4578 ducti
2853 4525 3046 4596 aliqua
3104 4525 3160 4578 in
3221 4525 3461 4578 dubium
3511 4524 3781 4579 venientia
3814 4522 3878 4573 vel

2231 4614 2403 4668 etiam
2437 4612 2669 4666 falsitati
2712 4613 2996 4679 obnoxia;
3044 4613 3140 4667 sed
3180 4630 3245 4666 ea
3276 4619 3501 4667 tantum
3551 4615 3741 4668 litteris
3766 4612 3877 4664 titu-

2229 4703 2347 4757 lare
2379 4701 2790 4771 disposuimus,
2841 4719 2970 4773 qua:
3003 4707 3058 4756 et
3090 4703 3210 4755 luce
3243 4703 3452 4755 clarius
3494 4707 3746 4757 constant
3767 4698 3877 4754 acti—

2229 4791 2363 4855 tata,
2398 4791 2455 4842 et
2485 4788 2796 4841 multorum
2846 4787 3274 4841 narrationibus
3304 4787 3584 4842 veraciter
3612 4791 3879 4842 noscuntur

2229 4892 2351 4931 esse
2382 4875 2638 4946 probata.

1699 5171 2645 5214 W—
