4038 6174
176 277 257 328 781
1235 280 1325 335 DE
1367 281 1741 340 MIRACULIS
1779 286 1835 339 S.
1876 287 2211 343 OTﬂMARI.
2240 319 2306 326 —
2335 288 2465 342 LIB.
2508 289 2557 345 Ι.

184 412 1757 434 ______—._—___—_—_

3550 304 3655 356 782

1484 507 1803 581 LIBER
1889 511 2298 585 PRIMUS

1752 669 2052 681 ——_

722 763 951 817 CAPUT
992 765 1279 819 PRIMUM.

163 870 357 934 Quibus
415 870 696 921 miraculis
760 870 817 921 Β.
871 870 1122 924 0thmari
1178 877 1441 928 sanctitas
1497 877 1554 927 in
1609 877 1838 932 basilica

711 942 767 994 S.
811 942 960 993 Petri
992 944 1269 996 claruerit.
1442 966 1447 971 ·

225 1065 356 1119 Cum
388 1063 538 1116 beati
570 1063 676 1116 viri
703 1066 1123 1133 corpusculum,
1170 1067 1240 1121 ab
1287 1084 1514 1122 accessu
1546 1073 1837 1141 popularis

160 1155 327 1208 turbae
359 1158 665 1215 remotum,
727 1152 786 1205 in
836 1155 1089 1208 oratorio
1122 1157 1398 1227 principis
1442 1162 1830 1229 apostolorum

157 1259 250 1313 per
279 1242 457 1294 multa
506 1257 787 1294 annorum
824 1242 1010 1311 spatia
1059 1243 1397 1313 quiesceret,
1454 1248 1715 1316 plurimis
1756 1250 1832 1301 si-

155 1346 383 1400 gnorum
431 1329 849 1383 ostensionibus
898 1331 1200 1385 manifesta
1234 1335 1548 1387 sanctitatis
1577 1337 1698 1405 ejus
1748 1338 1833 1390 in-

156 1420 288 1474 dicia
312 1419 460 1473 circa
496 1420 617 1488 ejus
674 1419 962 1472 tumulum
1011 1420 1340 1491 frequenter
1387 1428 1615 1477 ostensa
1656 1442 1831 1495 appa-

156 1517 398 1564 ruerunt.
439 1510 577 1562 Nam
631 1510 794 1563 multi
826 1526 887 1562 ex
936 1516 1145 1563 nostrae
1189 1514 1651 1583 congregationis
1712 1518 1831 1570 fra-

154 1600 338 1659 tribus.
371 1600 469 1669 qui
494 1604 787 1652 nocturnas
834 1599 1231 1653 celebrationis
1263 1602 1486 1670 vigilias
1520 1606 1831 1673 praevenire

154 1690 415 1752 solebant,
467 1703 632 1741 causa
677 1687 948 1740 orationis
998 1688 1147 1741 idem
1217 1691 1529 1744 oratorium
1590 1693 1831 1762 ingressi
1904 1738 1918 1751 .

153 1793 326 1830 cereos
356 1776 620 1829 ardentes
669 1776 990 1846 vitreasque
1038 1778 1295 1832 lucernas
1336 1786 1536 1849 sponte
1593 1799 1693 1834 sua
1737 1782 1828 1835 in-

152 1881 330 1919 censas
375 1865 705 1935 frequenter
745 1881 800 1916 se
850 1865 1058 1918 ibidem
1109 1868 1393 1921 invenisse
1444 1869 1825 1926 afﬁrmabant.

151 1955 484 2024 Angelorum
517 1953 686 2006 etiam
722 1953 869 2005 inter
906 1970 963 2005 se
995 1954 1195 2007 choros
1236 1956 1569 2012 ducentium
1619 1960 1829 2013 suavis-

151 2047 311 2099 simus
353 2046 436 2099 ibi
488 2049 797 2097 concentus
845 2045 1231 2100 audiebatur:
1284 2064 1533 2119 quorum
1583 2067 1828 2120 praesen-

148 2135 271 2189 tiam
302 2140 460 2188 tanta
491 2133 723 2186 luminis
761 2133 987 2187 claritas
1032 2142 1330 2204 prosecuta
1393 2144 1495 2197 est,
1554 2144 1614 2193 ut
1670 2141 1827 2194 fene-

147 2228 264 2276 strae
294 2223 472 2293 ipsius
503 2222 749 2274 ecclesia:
785 2221 1029 2274 maxima
1078 2224 1400 2293 splendoris
1449 2226 1827 2282 illustratioue

146 2314 526 2373 clarescerent,
578 2310 816 2379 locaque
864 2309 922 2361 in
972 2310 1158 2364 vicino
1209 2312 1394 2381 posita
1445 2314 1684 2384 fulgoris
1737 2317 1827 2369 sui

147 2401 515 2454 immensitate
548 2398 975 2468 perfunderent.
1011 2400 1345 2454 Dulcissima
1364 2418 1594 2473 quoque
1633 2404 1826 2458 odoris

144 2488 445 2560 fragrantia
475 2487 682 2556 saepius
719 2487 797 2540 ibi
845 2492 1113 2540 narratur
1141 2504 1389 2557 aspersa,
1446 2505 1574 2558 quae
1623 2493 1679 2541 et
1726 2504 1826 2540 na-

144 2579 288 2632 ribus
312 2577 682 2631 odorantium
730 2576 1041 2645 incognita,
1077 2580 1133 2627 et
1166 2577 1254 2629 sui
1286 2577 1648 2645 jucunditate
1692 2576 1827 2628 satis

146 2667 417 2721 odorifera
448 2665 780 2718 habebatur.
816 2664 1031 2727 Quibus
1064 2664 1317 2734 profecto
1364 2665 1630 2717 omnibus
1674 2670 1829 2735 patet

148 2758 222 2808 vir
256 2756 358 2809 iste
416 2753 622 2825 quanti
668 2753 816 2822 apud
873 2755 1043 2807 Deum
1086 2754 1156 2806 sit
1199 2753 1412 2815 meriti,
1457 2754 1618 2823 juxta
1665 2753 1827 2823 cujus

144 2846 461 2914 sepulcrum
513 2841 691 2895 cereis
738 2848 909 2912 atque
956 2842 1205 2895 lucernis
1267 2849 1468 2912 sponte
1532 2857 1636 2895 sua
1684 2842 1825 2894 irra-

148 2934 301 2987 diatis
343 2932 621 3002 angelicae
673 2930 1080 2983 modulationis
1135 2930 1495 2984 dulcedinem
1548 2931 1826 2983 immensa

143 3022 363 3076 luminis
387 3021 727 3090 magnitudo
758 3019 1147 3089 consequitur,
1191 3025 1247 3072 et
1291 3020 1582 3089 incognita
1628 3019 1820 3073 odoris

143 3112 443 3180 fragrantia
487 3108 812 3163 mortalium
854 3108 1062 3162 olfactu
1095 3108 1357 3161 sentitur.

807 3233 1032 3287 CAPUT
1073 3232 1141 3285 Il.
1470 3270 1499 3293 ρ

142 3342 395 3406 Quomodo
479 3342 729 3396 Salomon
786 3341 1065 3408 episcopus
1124 3338 1240 3408 ejus
1294 3342 1711 3393 sanctimoniam
1766 3342 1837 3392 in
1865 3331 1906 3386 C

199 3415 396 3480 synodo
470 3415 842 3481 perstringens
917 3411 1234 3463 triduanum
1301 3412 1578 3478 jejunium
1652 3410 1822 3464 indu-

202 3488 362 3537 merit.

199 3608 422 3661 Talibus
460 3607 637 3676 igitur
666 3605 1074 3658 miraculorum
1118 3603 1344 3657 indiciis
1374 3604 1462 3657 vir
1520 3604 1617 3658 Dei
1677 3605 1825 3659 Oth-

137 3710 315 3749 marus
339 3702 475 3765 post
521 3694 789 3747 altarium
837 3692 893 3747 S.
954 3693 1107 3745 Petri
1168 3692 1483 3746 honoriﬁce
1544 3694 1820 3762 sepultus,

136 3785 288 3838 annis
323 3785 559 3854 triginta
589 3792 613 3816 δ
642 3788 891 3853 quatuor
934 3788 991 3834 et
1038 3786 1268 3834 centum
1317 3782 1631 3851 nonaginta
1679 3797 1824 3850 qua-

136 3878 256 3926 tuor
285 3874 489 3928 diebus
518 3873 577 3925 in
612 3888 751 3942 pace
784 3870 1019 3941 quievit.
1074 3870 1182 3923 Sed
1217 3886 1346 3922 cum
1386 3871 1507 3939 jam
1559 3870 1813 3939 omnipo-

138 3964 249 4015 tens
289 3964 439 4016 Deus
465 3962 759 4014 lucernam
790 3959 933 4012 lucis
976 3958 1246 4028 operibus
1289 3974 1580 4011 assensam
1634 3958 1825 4010 homi-

138 4066 382 4121 numque
417 4048 767 4118 negligentia
794 4048 892 4100 diu
920 4047 977 4099 in
1009 4047 1229 4099 occulto
1260 4048 1506 4116 positam
1529 4046 1595 4099 ad
1628 4062 1825 4099 exem—

139 4141 286 4209 plum
326 4146 504 4208 atque
552 4137 990 4191 illustrationem
1052 4136 1307 4189 ﬁdelium
1358 4152 1528 4205 super
1571 4135 1826 4189 candela-

139 4229 295 4283 brum
336 4244 574 4301 ponere,
601 4244 664 4279 ac
692 4226 991 4297 splendore
1032 4225 1345 4277 sanctitatis
1391 4226 1512 4293 ejus
1560 4225 1827 4278 omnibus

141 4318 194 4370 in
217 4319 382 4371 domo
424 4317 519 4371 Dei
552 4316 912 4370 manentibus
950 4314 1183 4367 luminis
1234 4315 1319 4366 sui
1364 4314 1607 4384 gratiam
1656 4315 1827 4367 vellet

141 4407 563 4476 administrare;
615 4410 794 4457 coetus
841 4404 1084 4475 fratrum
1133 4404 1193 4455 in
1248 4403 1506 4456 coenobio
1569 4403 1621 4455 S.
1685 4403 1828 4455 Galli

140 4497 238 4550 sub
274 4494 529 4566 regulari
585 4509 825 4546 censura
874 4492 1095 4546 Christo
1142 4492 1339 4544 devote
1398 4491 1822 4551 famulantium,

140 4586 386 4639 assiduas
435 4582 856 4652 colloquiorum
900 4580 1406 4633 sermocinationes
1458 4579 1525 4631 de
1587 4579 1826 4631 merito-

141 4688 257 4726 rum
292 4673 418 4743 ejus
460 4670 793 4724 excellentia
814 4668 999 4721 facere
1033 4666 1222 4736 etrapit.
1266 4665 1672 4734 Hujuscemodi
1699 4680 1826 4717 vero

141 4761 432 4832 colloquiis
480 4759 654 4812 iidem
713 4756 916 4810 fratres
977 4770 1098 4808 sese
1147 4754 1393 4807 invicem
1442 4754 1826 4818 cohortantes,

142 4849 347 4918 divino,
374 4854 443 4903 ut
471 4847 780 4910 credimus,
811 4848 955 4898 nutu
990 4842 1203 4915 pariter
1250 4858 1450 4895 omnes
1508 4841 1830 4894 desiderare

207 5032 477 5100 “Nempe
525 5045 557 5082 a
604 5025 979 5082 translatione
1028 5040 1179 5100 anno
1229 5024 1332 5076 830
1378 5022 1629 5100 facta_in
1683 5018 1832 5100 basi-

142 5101 303 5156 licam
334 5092 601 5166 SfPetri,
633 5113 808 5167 supra
851 5113 977 5167 cap.
1039 5098 1130 5161 l6;
1182 5109 1521 5167 namqquai
1547 5093 1655 5167 hoc
1710 5092 1834 5144 loco

144 5175 405 5237 refertur,
444 5163 594 5225 anno
627 5163 729 5224 864
755 5163 1046 5233 facta'est,
1097 5165 1437 5219 testantibus
1478 5163 1835 5232 Hepidanno.

149 5245 470 5297 Hermanno
501 5250 558 5295 et
587 5243 731 5294 aliis.

210 5317 235 5357 δ
266 5316 342 5368 De
375 5330 538 5367 novae
587 5312 833 5365 basilicae
867 5309 920 5363 S.
964 5307 1109 5363 Galli
1144 5305 1507 5360 dedicatione
1556 5309 1687 5357 ante
1734 5319 1835 5357 an-

146 5400 280 5438 num
306 5387 415 5439 860
464 5383 613 5437 facta
662 5382 938 5452 legendus
982 5378 1266 5432 Notkerus
1294 5378 1353 5429 in
1408 5376 1833 5452 Martyrologio,

148 5471 228 5507 xvr
260 5456 384 5510 Kal.
426 5455 587 5519 Nov,,
615 5459 670 5507 et
698 5446 1004 5506 Ratbertus
1029 5466 1154 5519 cap.
1191 5452 1241 5511 6,
1269 5465 1301 5500 a
1329 5463 1442 5517 quo
1476 5446 1743 5499 nonnihil
1767 5446 1835 5498 de

149 5542 293 5580 anno
320 5526 560 5581 dissidet
587 5524 969 5593 Heptdaunus.

1888 778 1934 829 A
1958 783 2268 847 cceperunt,
2299 784 2361 832 ut
2389 782 2568 835 sancti
2612 783 2714 836 viri
2762 789 3162 854 corpusculum
3214 792 3284 845 ad
3336 793 3487 847 beati
3520 796 3647 851 Gal-

1950 864 2046 916 lib
2086 868 2402 931 ecclesiam,
2457 886 2585 940 quae
2619 873 2759 940 jam,
2816 875 2931 927 Deo
2983 876 3320 945 opitulante,
3381 882 3649 939 decenter

1949 953 2224 1007 adornata
2253 956 2497 1021 refulsit,
2544 958 2748 1013 iterato
2797 962 3182 1018 reduceretur.
3236 967 3490 1024 Dictante
3536 988 3644 1025 au-

1948 1048 2063 1094 tem
2089 1043 2375 1112 mquitatis
2404 1048 2643 1107 ratione,
2679 1065 2807 1102 cum
2846 1051 2951 1103 hoc
2984 1069 3083 1104 suo
3124 1059 3347 1109 tantum
3402 1062 3642 1114 consilio

1947 1129 2129 1182 facere
2181 1147 2293 1184 non
2326 1141 2345 1165 ε
2396 1143 2829 1203 praesumerent,
2876 1140 3003 1193 vitae
3064 1141 3189 1210 ejus
3233 1143 3490 1199 libellum
3539 1149 3643 1218 qui

1948 1225 2277 1273 nostrorum
2308 1222 2536 1277 solertia
2585 1231 3010 1281 antecessorum
3058 1232 3363 1301 multiplici
3411 1236 3642 1289 testium

1946 1308 2315 1362 adnotatione
2368 1312 2501 1365 olim
2566 1314 2918 1383 conscriptus
2980 1320 3049 1370 ad
3109 1334 3210 1371 n0s
3281 1329 3640 1390 pervenerat,

1944 1398 2255 1452 venerabili
2300 1400 2566 1470 episcopo
2605 1402 2891 1457 Salomoni
2932 1406 3242 1474 legendum
3275 1412 3641 1479 contradunt,

1943 1502 2175 1555 suaeque
2207 1489 2515 1542 voluntatis
2534 1490 2821 1557 allectum,
2856 1510 2969 1562 quo
3013 1497 3200 1548 omnis
3233 1498 3489 1567 ejusdem
3533 1501 3641 1555 loci

1943 1578 2309 1644 congregatio
2344 1578 2615 1641 fervebat,
2661 1581 2945 1647 aperiunt,
2992 1583 3113 1650 ejus
3165 1601 3267 1653 per
3315 1590 3509 1641 omnia
3539 1589 3642 1657 ju-

1944 1663 2106 1715 diciis
2157 1665 2392 1734 ejusque
2450 1665 2682 1719 obedire
2751 1670 2933 1735 parati
3007 1672 3278 1724 consiliis.
3339 1675 3639 1728 Benivolus

1943 1757 2134 1805 autem
2171 1754 2443 1820 pontifex,
2479 1756 2787 1823 perspectis
2819 1757 2946 1808 vitae
2977 1758 3100 1826 ejus
3124 1761 3415 1829 exemplis,
3444 1764 3634 1815 multi-

1942 1841 2142 1893 modas
2175 1841 2491 1910 gratiarum
2523 1844 2774 1895 actiones
2804 1843 3088 1898 bonorum
3123 1848 3383 1901 omnium
3418 1851 3635 1904 auctori

1943 1931 2232 1998 persolvit,
2282 1931 2432 2000 quod
2463 1930 2798 1984 bellatorem
2857 1950 3024 1986 suum
3075 1951 3176 2005 pro
3224 1937 3344 1989 zelo
3395 1939 3635 2008 justitiw

1940 2017 2165 2070 fortiter
2191 2018 2558 2071 dimicantem
2591 2025 2707 2073 tam
2737 2021 2948 2091 apertis
2981 2022 3388 2078 miraculorum
3437 2033 3599 2081 osten
3619 2059 3637 2066 -

1939 2107 2199 2159 sionibus
2241 2106 2567 2161 declaravit.
2611 2109 2851 2163 Remoto
2901 2112 3071 2164 etiam
3115 2112 3420 2166 dubietatis
3472 2132 3636 2169 scru—

1937 2195 2092 2263 pulo,
2121 2195 2189 2247 de
2220 2197 2513 2250 sanctitate
2554 2196 2731 2261 illius,
2785 2199 3047 2267 quamvis
3100 2206 3288 2255 certus
3333 2204 3633 2271 exstiterit,

1936 2283 2080 2335 nihil
2123 2289 2317 2337 tamen
2365 2289 2580 2337 temere
2622 2284 2881 2355 nihilque
2938 2288 3006 2339 de
3067 2290 3251 2359 seipso
3310 2290 3634 2346 inordinate

1936 2388 2038 2425 sua
2098 2374 2218 2426 sola
2247 2374 2579 2426 auctoritate
2614 2374 2791 2427 voluit
2830 2375 3077 2430 difﬁnire
3112 2394 3124 2430 :
3174 2378 3269 2432 sed
3324 2395 3481 2434 more
3530 2398 3633 2435 suo

1933 2462 2200 2530 prudenti
2253 2478 2385 2514 usus
2433 2462 2696 2529 consilio,
2744 2479 2911 2516 causa
2962 2466 3476 2522 ecclesiasticorum
3529 2470 3633 2522 do-

1934 2556 2194 2619 gmatum
2253 2550 2563 2602 annualem
2611 2550 2889 2620 synodum
2936 2553 3275 2607 solemuiter
3313 2556 3535 2620 indicit,
3582 2564 3635 2610 et

1935 2638 2299 2707 presbyteros
2342 2653 2404 2689 ac
2456 2637 2725 2691 diaconos
2762 2638 3087 2710 diversique
3129 2642 3345 2696 ordinis
3398 2645 3635 2699 clericos

1936 2726 2089 2795 apud
2155 2725 2586 2778 Constantieuse
2643 2726 2922 2796 oppidum
2987 2732 3292 2784 convenire
3356 2733 3631 2804 praecipit.

1937 2814 2151 2878 Quibus
2184 2816 2242 2866 in
2293 2830 2470 2867 unum
2515 2814 2785 2879 collectis,
2846 2818 3201 2871 venerandus
3262 2821 3514 2888 pontifex
3575 2821 3634 2874 in

1936 2902 2190 2956 medium
2223 2902 2426 2970 surgit,
2469 2903 2734 2972 factoque
2758 2904 3004 2969 silentio,
3038 2905 3166 2959 vita:
3210 2906 3389 2976 ipsius
3432 2908 3633 2961 sancti-

1937 2990 2213 3054 moniam,
2279 3006 2406 3059 quae
2449 2990 2571 3059 jam
2616 2992 2824 3042 multos
2854 2991 3067 3044 ibidem
3116 2992 3434 3047 residentes
3480 2996 3631 3049 dulci

1935 3095 2165 3132 rumore
2194 3079 2610 3147 aliquantulum
2640 3079 3034 3147 permnlserat,
3072 3083 3311 3150 sparsim
3344 3099 3449 3151 pro
3478 3088 3629 3137 tem-

1936 3184 2073 3238 pore
2104 3184 2295 3219 coram
2329 3167 2595 3219 omnibus
2643 3166 2920 3218 recitavit.
2962 3166 3085 3230 Quo
3132 3169 3277 3221 facto
3327 3185 3458 3223 cum
3504 3187 3625 3224 ma-

1936 3257 2092 3309 xima
2128 3255 2467 3308 clericorum
2513 3254 2676 3324 copia
2722 3255 2781 3308 in
2828 3256 2934 3308 viri
2990 3255 3087 3308 Dei
3140 3256 3406 3309 laudibus
3444 3259 3628 3310 accla-

1934 3350 2138 3409 maret,
2162 3344 2349 3413 primo
2380 3343 2686 3412 Augiensis
2716 3343 2964 3396 ccenobii
2996 3344 3282 3410 abbatem,
3327 3344 3425 3415 qui
3457 3344 3630 3399 etiam

1933 3437 2070 3486 tunc
2092 3431 2367 3501 temporis
2398 3447 2529 3485 cum
2570 3431 2914 3501 quibusdam
2963 3431 3232 3484 fratribus
3268 3432 3430 3485 nobis
3470 3433 3629 3486 valde

1934 3519 2280 3574 charissimis
2303 3520 2400 3572 illo
2432 3520 2803 3587 conﬂuxerat,
2837 3535 2901 3571 ac
2948 3519 3152 3573 deinde
3196 3536 3427 3573 omnem
3476 3520 3630 3574 illius

1933 3610 2156 3663 consilii
2216 3610 2432 3662 clerum
2492 3608 2793 3678 episcOpus
2838 3610 3214 3675 commonuit,
3270 3614 3329 3662 ut
3379 3609 3631 3662 triduani

1926 3698 2132 3768 jejunii
2163 3698 2565 3751 abstinentiam
2596 3697 2885 3761 facientes,
2918 3697 3092 3749 totius
3134 3697 3270 3749 boni
3317 3697 3537 3750 fontem
3569 3698 3628 3751 in

1933 3802 2237 3839 commune
2266 3790 2657 3855 precarentur,
2704 3791 2986 3855 quatenus
3037 3785 3264 3854 pietatis
3315 3802 3432 3838 suae
3482 3787 3631 3853 {mu-

1932 3892 2068 3929 nere
2101 3875 2187 3927 his
2221 3875 2279 3927 in
2329 3874 2497 3927 rebus
2544 3889 2658 3925 suae
2697 3873 3005 3925 voluntatis
3054 3873 3494 3941 dispositionem
3535 3873 3631 3926 di-

1933 3971 2205 4033 gnaretur
2227 3962 2517 4031 perlicere.
2551 3961 2765 4023 Quibus
2799 3959 2962 4017 dictis
2994 3959 3246 4029 episcopi
3275 3959 3627 4029 [sententiam
3694 3944 3703 3951 ’

1934 4050 2183 4118 synodus
2206 4049 2512 4118 collaudat,
2545 4064 2719 4117 seque
2766 4048 3009 4101 libenter
3056 4046 3135 4100 ita
3184 4047 3463 4101 facturam
3507 4064 3628 4101 esse

1934 4140 2269 4193 conclamat.

2600 4276 2823 4331 CAPUT
2865 4276 2956 4330 ΙΙΙ.

1936 4386 2177 4451 Qualiter
2233 4383 2375 4436 idem
2421 4384 2699 4451 episcopus
2751 4387 2998 4435 sanctum
3046 4397 3238 4451 corpus
3281 4381 3345 4436 de
3386 4384 3629 4452 sepulcro

2130 4455 2435 4519 sustulerit,
2478 4459 2528 4505 ct
2556 4454 2764 4505 oblatas
2798 4454 2876 4505 ibi
2908 4453 3111 4507 itlwsas
3153 4455 3434 4522 repererit.

2007 4580 2152 4634 Inito
2187 4578 2379 4647 itaque
2400 4576 2571 4645 hujus
2600 4575 2803 4644 synodi
2827 4575 3067 4629 consilio
3097 4592 3161 4629 ac
3190 4581 3420 4647 peracto
3454 4578 3631 4631 trium

1868 4675 1910 4728 D
1940 4668 2161 4723 dierum
2185 4665 2430 4736 jejunio,
2476 4662 2812 4717 venerabilis
2860 4663 3069 4733 praesul
3110 4665 3181 4717 ad
3226 4664 3380 4718 idem
3423 4680 3632 4718 mona-

1940 4755 2177 4809 sterium
2234 4769 2363 4806 cum
2422 4751 2537 4805 suis
2598 4749 2957 4820 perveniens,
3030 4750 3315 4804 seniorem
3368 4758 3629 4805 nostrum

1941 4843 2289 4896 Grimaldum
2317 4841 2343 4882 εἰ
2376 4843 2651 4894 rectorem
2686 4826 2863 4909 ipsius
2895 4838 3225 4893 monasterii
3257 4855 3321 4892 ac
3368 4838 3635 4892 Ludovici

2012 5018 2279 5086 cNempe
2337 5014 2645 5069 concilium
2702 5015 3099 5085 Maguntinum
3164 5030 3317 5067 anno
3366 5016 3468 5067 8l3
3522 5018 3636 5086 sta-

1944 5093 2129 5142 tuerat
2180 5084 2304 5157 cap.
2358 5090 2443 5153 50,
2500 5091 2559 5139 ut
2615 5084 2863 5154 deinceps
2920 5102 3146 5155 corpora
3202 5089 3518 5139 sanctorum
3574 5084 3639 5138 de

1946 5161 2055 5213 loco
2080 5159 2153 5212 ad
2201 5161 2371 5212 locum
2418 5160 2599 5211 nullus
2647 5163 2943 5226 praesumat
3002 5158 3301 5221 transferre
3348 5158 3463 5209 sine
3508 5170 3639 5209 con-

1945 5231 2069 5285 sitio
2099 5232 2371 5298 principis
2397 5231 2478 5283 vel
2511 5230 2591 5299 (id
2624 5236 2711 5282 est
2735 5232 2804 5293 et)
2840 5231 3213 5296 episcoporum
3236 5232 3286 5279 et
3313 5232 3513 5299 sanctae
3549 5241 3639 5299 sy-

1945 5302 2076 5355 nodi
2100 5297 2354 5355 licentia.
2405 5297 2719 5369 Utrumque
2766 5298 3035 5367 prrestitit
3083 5297 3403 5369 Yulcandus
3444 5297 3639 5351 Leodi-

1946 5372 2129 5426 censis
2155 5372 2456 5441 episcopus
2490 5371 2551 5423 in
2581 5368 2640 5424 Si
2667 5369 2933 5423 Hucberti
2958 5368 3349 5421 translatione.

2012 5456 2038 5495 «ι
2070 5438 2304 5496 Prae—fuit
2345 5438 2413 5495 ab
2461 5458 2611 5495 anno
2658 5456 2874 5493 ncccxu
2923 5454 3025 5508 per
3077 5454 3257 5491 annos
3301 5438 3543 5508 triginta
3590 5440 3647 5490 et

1948 5532 2126 5567 unum
2158 5514 2481 5567 Griiualdus
2515 5513 2688 5565 abbas
2721 5510 3030 5575 saecularis,
3065 5510 3170 5563 sub
3198 5526 3311 5579 quo
3338 5511 3648 5563 llarmolns
