4038 6174
396 266 499 319 783

1590 260 1818 317 ISONIS
1857 260 2362 316 SANGALLENSIS
2404 260 2712 316 MONACHI
3795 263 3886 315 784

397 402 548 470 regis
574 398 1087 469 archicapellanum
1144 396 1212 449 de
1255 396 1360 449 hac
1406 412 1464 449 re
1505 401 1844 450 tractaturus
1883 412 2085 467 aggre-
2124 398 2171 447 Α
2200 397 2416 451 honore
2440 402 2694 451 sanctum
2716 397 2898 450 virum
2919 413 2986 451 ex
3008 397 3211 451 eodem
3234 398 3484 452 oratorio
3509 398 3670 467 jubet
3704 404 3886 451 trans-

398 488 570 542 ditur.
598 489 729 541 Post
759 488 956 539 amicae
988 501 1121 538 vero
1148 486 1505 538 salutationis
1544 485 1730 538 oflicia
1781 502 1911 538 cum
1962 502 2088 538 mu-

398 577 509 630 tuis
551 576 701 629 inter
749 590 807 628 se
859 574 1160 643 colloquiis
1215 574 1342 626 vitm
1395 573 1642 643 rigorem
1689 590 1751 626 ac
1818 573 2093 627 miracula

395 666 464 718 ob
493 664 763 717 indicium
798 662 1112 714 sanctitatis
1144 661 1266 731 ejus
1304 660 1634 731 frequenter
1680 667 1904 714 ostensa
1939 676 2090 714 com-

395 755 797 809 memOrarent,
833 750 1142 802 monachos
1190 748 1449 816 ejusdem
1497 748 1743 801 coenobii
1802 748 1861 800 in
1912 764 2091 800 unum

392 839 696 893 convenire
728 836 1070 908 pra’cipiuut
1107 853 1118 889 :
1154 836 1439 905 simulque
1482 852 1610 888 cum
1644 836 1723 887 eis
1756 835 2090 900 residentes,

393 932 651 980 sanctum
705 942 909 996 corpus
935 925 1002 978 de
1048 925 1290 990 tumulo,
1338 925 1392 976 in
1426 939 1538 993 quo
1568 929 1801 976 eatenus
1846 924 2087 993 jacebat.

393 1014 770 1068 auferendum
808 1020 978 1083 atque
1006 1013 1067 1065 in
1102 1013 1280 1065 sancti
1329 1012 1471 1065 Galli
1524 1013 1759 1064 ecclesia
1807 1012 2094 1064 collocan-

395 1104 532 1157 dum
558 1102 683 1173 pari
724 1107 853 1155 voto
897 1117 959 1154 ac
1005 1101 1296 1155 communi
1350 1101 1586 1154 consilio
1638 1116 1841 1153 omnes
1888 1098 2093 1152 unani—

395 1192 565 1244 miter
592 1191 924 1244 decernunt.
956 1189 1309 1243 Venerabilis
1343 1190 1512 1241 etiam
1547 1189 1717 1242 abbas
1750 1189 2091 1253 Grimaldus,

393 1278 779 1350 quorumdam
809 1278 1031 1330 animos
1064 1284 1217 1331 metu
1259 1294 1321 1331 ac
1353 1277 1659 1331 formidine
1690 1278 1942 1329 sentiens
1970 1293 2091 1330 esse

397 1372 710 1438 permotos,
743 1366 1120 1420 confidentior
1142 1366 1361 1419 caeteris
1385 1366 1638 1433 effectus,
1674 1365 2092 1419 infirmantium

398 1462 616 1510 mentes
669 1454 1016 1509 consolando
1066 1455 1315 1519 roborat,
1368 1459 1422 1507 et
1466 1460 1713 1525 paternae
1778 1453 2095 1507 affectionis

397 1545 584 1598 studio
619 1543 1027 1613 trepidantium
1058 1543 1227 1596 corda
1260 1543 1551 1606 informat,
1600 1550 1860 1596 astruens
1894 1558 1959 1595 ex
2008 1542 2091 1595 di-

395 1634 542 1686 vinae
587 1631 896 1685 voluntatis
944 1631 1319 1701 dispositione
1369 1631 1695 1701 procedere,
1760 1631 1910 1701 quod
1976 1635 2091 1682 tam

400 1720 565 1775 multi
620 1720 687 1774 de
738 1721 934 1774 eodem
997 1720 1221 1773 tumulo
1280 1720 1460 1773 sancti
1515 1721 1619 1772 viri
1695 1720 2115 1790 corpusculum.

397 1810 786 1863 desiderarent
836 1808 1076 1861 auferre.
1128 1810 1338 1862 Praesul
1380 1813 1567 1861 autem
1615 1810 1922 1878 prazclarus
1969 1825 2097 1861 cum

398 1898 658 1951 abbatem
682 1902 797 1950 tam
838 1897 1176 1950 ﬁducialiter
1215 1899 1271 1949 in
1305 1898 1391 1949 his
1423 1898 1593 1950 rebus
1634 1914 1831 1967 gerere
1872 1897 2099 1966 conspi-

395 1992 563 2053 ceret,
600 1988 931 2040 Harmotum
991 1984 1113 2056 [al.,
1166 1983 1536 2056 Harmodum]
1589 1987 1864 2039 decanum
1918 1994 1942 2019 ⁸
1984 2001 2101 2037 una

396 2092 524 2129 cum
547 2075 767 2128 caeteris
797 2074 1068 2127 fratribus
1104 2090 1295 2127 secum
1341 2074 1647 2144 assumpsit
1683 2090 1693 2129 :
1729 2080 1784 2127 et
1814 2074 1885 2127 ad
1918 2074 2102 2143 sepul-

395 2180 553 2217 crum
591 2163 906 2234 |accedens,
978 2161 1226 2231 lapidem
1296 2163 1719 2232 superpositum
1784 2178 2096 2225 removere,

393 2254 699 2321 ipsumque
762 2250 1179 2320 sarcophagum
1230 2250 1287 2302 in
1342 2267 1454 2320 quo
1505 2253 1808 2303 thesaurus
1865 2249 2099 2320 pretiosi

396 2340 650 2411 corporis
678 2340 925 2409 jacebat,
976 2339 1247 2409 prmcepit
1279 2339 1525 2409 aperire.
1574 2340 1696 2403 Quo
1726 2339 1870 2393 facto
1907 2354 2096 2392 mem-

394 2430 497 2483 bra
543 2429 837 2481 sanctitate
884 2430 1056 2496 plena
1104 2428 1433 2498 inspiciens,
1484 2429 1793 2482 monachos
1838 2427 2096 2481 litaniam

399 2523 648 2583 cantare,
705 2516 1085 2586 precibusque
1164 2516 1381 2569 devotis
1458 2518 1720 2570 hortatur
1805 2516 2089 2569 insistere.

400 2606 615 2660 Deinde
664 2605 1013 2658 venerandas
1066 2604 1243 2656 sancti
1296 2605 1479 2657 Patris
1524 2605 1753 2657 exuvias
1801 2603 2101 2657 humiliter

399 2696 757 2761 deosculans,
786 2709 914 2745 cum
948 2692 1108 2745 omni
1154 2694 1473 2745 reverentia
1509 2694 1576 2746 de
1631 2694 1852 2745 tumulo
1914 2692 2099 2745 suble-

397 2784 567 2846 vavit,
601 2787 658 2835 et
686 2782 743 2833 in
776 2781 990 2846 lectica,
1021 2797 1149 2851 quae
1184 2781 1409 2833 illarum
1457 2782 1710 2851 receptui
1759 2784 1928 2852 paulo
1964 2787 2095 2835 ante

398 2874 695 2940 compacta
716 2870 923 2933 fuerat,
956 2869 1230 2938 reposuit.
1266 2870 1382 2923 Sub
1412 2870 1595 2940 capite
1631 2874 1819 2924 autem
1855 2875 1911 2923 et
1950 2869 2098 2923 circa

397 2964 596 3028 pectus
626 2957 730 3010 viri
786 2957 883 3010 Dei
939 2957 1199 3027 quaedam
1251 2958 1417 3027 panis
1474 2959 1695 3023 rotulee,
1746 2974 1872 3027 qua:
1928 2958 2096 3027 vulgo

398 3048 605 3101 oblatas
630 3049 654 3090 b
686 3047 975 3113 dicuntur,
1011 3046 1091 3099 ita
1132 3046 1325 3099 illaesa!
1361 3051 1531 3117 atque
1572 3047 1642 3100 ab
1692 3046 1849 3100 omni
1900 3063 2092 3100 corru-

399 3137 598 3206 ptione
634 3141 916 3189 extraneae
961 3136 1028 3188 ab
1073 3135 1275 3189 eodem
1320 3136 1585 3205 episcopo
1634 3134 2093 3202 inveniebantur,

400 3224 546 3278 utin
604 3226 764 3278 nulla
796 3224 1035 3278 omnino
1072 3228 1234 3293 parte
1275 3225 1523 3277 colorem
1578 3224 1663 3277 vel
1715 3224 1960 3293 speciem
2010 3224 2097 3276 sui

400 3314 743 3372 amittentes,
778 3312 1179 3381 aspicientium
1213 3312 1393 3364 oculis
1426 3312 1575 3365 infra
1620 3314 1866 3381 spatium
1888 3354 1893 3357 μ
1918 3312 2097 3383 ipsius

401 3402 776 3456 hebdomade
815 3400 1147 3453 viderentur
1187 3416 1305 3453 esse
1347 3401 1633 3454 confectze.
1665 3400 1787 3464 Quo
1836 3417 1967 3454 vero
2002 3419 2094 3454 or-

402 3490 534 3543 diue
569 3506 753 3559 quove
812 3490 870 3541 in
907 3494 1164 3558 tempore
1225 3504 1291 3540 eo
1341 3488 1447 3540 loci
1493 3489 1877 3557 pervenerint,
1932 3488 2098 3540 nobis

401 3579 633 3649 quidem
668 3576 1049 3647 incognitum,
1084 3577 1200 3629 Deo
1226 3582 1416 3629 autem
1450 3576 1716 3640 novimus
1748 3592 1867 3629 esse
1904 3575 2096 3629 mani-

399 3670 626 3722 festum.
665 3668 777 3720 Hoc
826 3672 1020 3719 tamen
1064 3681 1262 3718 omnes
1317 3681 1420 3734 pro
1476 3669 1627 3717 certo
1668 3664 1897 3730 scimus,
1942 3664 2098 3735 quod

399 3773 503 3827 per
546 3756 775 3826 triginta
828 3756 1081 3825 quinque
1128 3770 1307 3806 annos
1359 3754 1547 3807 nullus
1594 3754 1922 3806 mortalium
1976 3754 2097 3823 ejus

398 3846 723 3916 sepulcrum
748 3844 993 3913 aperuit,
1031 3848 1338 3913 antequam
1366 3859 1618 3914 praesens
1652 3843 1953 3913 episcopus
1988 3843 2096 3895 mi-

328 3966 331 3969 -
398 3934 620 3988 nisterii
650 3932 737 3986 sui
760 3933 935 3985 frctus
967 3932 1321 3998 auctoritate,
1358 3932 1614 4002 ejusdem
1638 3931 2099 4001 congregationis

398 4021 668 4075 fratribus
699 4020 805 4073 hoc
840 4020 1159 4073 faciendum
1210 4020 1479 4089 injunxit.
1530 4020 1680 4073 Idem
1732 4025 1921 4072 tamen
1974 4019 2095 4088 epi-

400 4126 606 4179 scopus
630 4109 1030 4162 venerabiliter
1059 4125 1151 4159 eas
1184 4124 1478 4160 assumens
1530 4124 1689 4161 sacro
1740 4108 1963 4177 corpori
1996 4125 2093 4177 ap-

400 4199 611 4267 posuit,
646 4198 951 4265 ipsumque
993 4212 1200 4264 corpus
1241 4212 1368 4247 cum
1404 4212 1630 4248 summa
1659 4198 1879 4248 cautela
1928 4196 2097 4250 obvo-

2199 485 2337 539 ferri
2374 525 2387 539 .
2421 487 2575 539 Tunc
2606 503 2737 539 vero
2761 486 2946 539 omnis
2974 487 3069 539 illa
3089 487 3502 540 monachorum
3537 489 3889 557 congregatio

2201 574 2343 627 albis
2391 574 2662 627 continuo
2710 575 2956 627 vestibus
3010 574 3229 640 induta,
3282 574 3433 627 dulci
3513 576 3893 629 modulatione

2202 661 2259 714 in
2295 663 2391 715 Dei
2424 663 2686 715 laudibus
2715 678 3157 732 proprumpeus,
3182 663 3331 716 beati
3363 664 3469 716 viri
3498 680 3706 733 corpus
3743 665 3891 716 laeta-

2199 750 2395 803 bunda
2425 752 2807 821 prosequitur.
2867 750 3070 820 Sicque
3103 766 3207 818 per
3250 766 3573 803 numerosa!
3639 750 3891 803 multitu-

2201 840 2348 893 dinis
2376 842 2615 909 populos
2655 856 2799 909 quos
2829 856 2990 892 amor
3037 840 3425 892 translationis
3474 842 3599 909 ejus
3650 846 3890 891 attraxe-

2200 934 2307 993 rat,
2345 944 2551 997 magno
2584 944 2712 980 cum
2745 928 2964 980 honore
2998 928 3272 980 deductus
3312 928 3609 980 ecclesiam
3644 928 3701 981 S.
3758 927 3888 979 Galli

2202 1016 2545 1085 ingreditur,
2579 1032 2640 1067 ac
2665 1016 2831 1083 juxta
2862 1015 2986 1083 ejus
3015 1016 3194 1067 altare
3244 1015 3300 1067 in
3354 1014 3551 1067 dextra
3604 1021 3765 1083 parte
3805 1015 3893 1065 de-

2202 1105 2449 1174 ponitur.
2498 1104 2803 1173 Episcopus
2863 1107 3056 1156 autem
3115 1103 3579 1157 animadvertens
3629 1104 3889 1172 frequen-

2201 1193 2339 1245 tiam
2367 1194 2732 1262 populorum,
2772 1194 2867 1261 qui
2901 1191 3138 1243 diversis
3162 1208 3226 1242 ex
3261 1190 3520 1260 partibus
3548 1190 3644 1242 illo
3699 1204 3889 1241 conve-

2204 1286 2425 1343 nerant,
2460 1280 2675 1349 aliquid
2716 1279 2784 1332 de
2816 1280 3114 1331 sanctitate
3148 1279 3271 1347 ejus
3314 1278 3458 1330 velle
3499 1278 3721 1341 audire,
3774 1293 3890 1329 cum

2200 1375 2440 1438 propter
2506 1368 2736 1437 frigoris
2806 1367 3239 1437 subreptionem
3293 1366 3545 1419 faucium
3600 1366 3889 1418 raucedine

2200 1456 2511 1527 impeditus
2559 1456 2679 1524 ipse
2711 1456 2777 1509 ad
2810 1471 2907 1509 eos
2942 1454 3094 1525 loqui
3128 1471 3239 1507 non
3281 1454 3565 1524 potuisset
3598 1454 3888 1524 quemdam

2203 1544 2758 1614 archipresbyterum
2808 1544 3108 1597 ambonem
3152 1553 3171 1577 ε
3215 1544 3619 1607 conscendere,
3671 1559 3734 1595 ac
3784 1544 3887 1595 vice

2205 1634 2291 1686 sui
2324 1649 2645 1686 sermonem
2678 1634 2745 1685 ad
2772 1635 3046 1703 populum
3073 1634 3254 1686 facere
3280 1633 3451 1702 jussit
3486 1649 3498 1685 :
3531 1633 3610 1685 ita
3644 1632 3891 1684 videlicet

2205 1727 2267 1775 ut
2291 1722 2586 1792 presbyter
2610 1722 2730 1790 ipse
2762 1721 2948 1775 altiori
2978 1722 3277 1792 paululum
3323 1721 3445 1774 loco
3486 1720 3795 1774 consistens
3834 1736 3889 1772 ea

2205 1815 2427 1864 tantum
2459 1811 2759 1881 proferret,
2795 1827 2921 1880 qua).
2964 1811 3070 1863 sibi
3114 1810 3417 1879 episcopus
3464 1811 3523 1863 in
3562 1809 3747 1862 vicino
3794 1825 3885 1878 po-

2207 1900 2346 1953 situs
2395 1900 2633 1954 dicenda
2684 1900 3019 1953 insinuaret.
3067 1899 3390 1969 Aliquantis
3419 1915 3556 1967 ergo
3601 1899 3731 1951 vita!
3780 1898 3886 1967 ejus

2208 1990 2481 2059 exemplis
2521 2005 2585 2041 ac
2616 1989 2919 2041 virtutibus
2970 2004 3160 2040 coram
3202 1988 3418 2057 populo
3467 1987 3717 2040 breviter
3761 1986 3888 2039 reci-

2207 2076 2357 2142 tatis,
2413 2076 2717 2130 missarum
2769 2076 3045 2129 solemnia
3097 2080 3475 2145 peraguntur,
3544 2075 3890 2145 populusque

2207 2166 2273 2218 ad
2298 2181 2399 2217 sua
2427 2181 2557 2217 cum
2598 2166 2807 2234 gaudio
2855 2165 3164 2218 revertitur
3195 2180 3210 2232 ;
3265 2164 3569 2233 episcopus
3607 2179 3743 2216 vero
3779 2164 3887 2232 ipsa

2207 2259 2369 2307 nocte
2400 2253 2602 2307 mansit
2638 2254 2695 2306 in
2747 2253 3115 2306 monasterio.
3166 2254 3323 2306 Mane
3360 2257 3552 2305 autem
3590 2251 3757 2315 facto,
3792 2253 3886 2304 fra-

2206 2347 2321 2395 tres
2345 2342 2401 2394 in
2434 2358 2612 2394 unum
2646 2342 2880 2411 colligit,
2912 2347 3084 2412 atque
3112 2342 3260 2394 inter
3293 2342 3401 2393 alia
3448 2356 3625 2393 sacra:
3672 2341 3890 2393 institu-

2206 2431 2379 2484 tionis
2458 2432 2800 2485 documenta
2879 2431 2949 2483 de
3022 2431 3203 2483 sancti
3260 2430 3367 2481 viri
3438 2429 3663 2481 meritis
3719 2434 3891 2481 certus

2206 2521 2473 2584 existens,
2506 2518 2859 2571 confidenter
2900 2519 3180 2589 prmcipit,
3220 2522 3281 2570 ut
3320 2519 3763 2588 superveniente
3809 2519 3887 2570 de-

2204 2609 2505 2679 positionis
2538 2608 2661 2676 ejus
2693 2608 2784 2660 die
2816 2606 3038 2676 vigilias
3060 2623 3123 2660 ac
3148 2607 3449 2660 missarum
3483 2607 3765 2660 solemnia
3795 2608 3886 2659 ho-

2204 2697 2440 2750 norifice
2487 2696 2807 2764 perficiant,
2863 2696 3129 2765 diemque
3187 2695 3351 2748 illum
3417 2700 3535 2748 tam
3589 2696 3696 2765 ipsi
3727 2711 3882 2765 quam

2206 2786 2395 2838 omnis
2419 2785 2635 2837 familia
2669 2784 2817 2836 infra
2848 2783 3259 2837 monasterium
3292 2783 3555 2836 instituta
3588 2784 3647 2836 in
3680 2784 3880 2836 honore

2210 2875 2263 2926 Β.
2318 2873 2576 2927 0thmari
2619 2873 2875 2926 feriando
2923 2888 3052 2925 cum
3104 2872 3315 2937 gaudio
3366 2872 3642 2941 spiritalis
3690 2872 3880 2925 laetitia»

2203 2962 2465 3015 festivum
2502 2962 2855 3031 possideant.
2892 2962 2985 3014 His
3019 2961 3285 3014 omnibus
3330 2961 3430 3023 ita,
3479 2965 3547 3013 ut
3577 2960 3880 3023 retulimus,

2206 3052 2465 3121 peractis,
2508 3052 2713 3120 praesul
2769 3050 3053 3119 benignus
3114 3049 3470 3103 orationibus
3516 3050 3775 3111 fratrum,
3824 3064 3875 3100 ac

2202 3139 2597 3193 benedictione
2630 3138 2904 3202 munitus,
2940 3138 3347 3192 monasterium
3389 3137 3553 3191 laetus
3585 3138 3876 3208 egreditur.

2890 3280 3112 3333 CAPUT
3153 3279 3218 3335 V.

2204 3388 2562 3441 Abbreviatio
2602 3392 2909 3510 temperan;
2942 3390 2998 3439 in
3043 3387 3238 3454 quibus
3287 3391 3707 3441 commemoratz
3745 3400 3874 3453 gere-

2914 3463 3081 3510 antur
3118 3472 3223 3510 res.

2914 3463 3081 3511 antur
3118 3472 3223 3511 res.

2276 3582 2397 3645 Quo
2419 3596 2553 3633 vero
2584 3586 2914 3650 temporum
2969 3583 3140 3644 statu,
3197 3580 3282 3633 vel
3331 3578 3434 3633 sub
3483 3580 3691 3649 quibus
3734 3578 3877 3649 regni

2206 3669 2563 3740 principibus
2594 3669 2714 3721 haec
2746 3674 2903 3738 gesta
2927 3668 3161 3735 fuerint,
3209 3668 3255 3721 si
3284 3668 3414 3739 quis
3448 3668 3540 3739 pie
3592 3668 3875 3739 quasrendo

2203 3774 2544 3827 cognoscere
2588 3759 2759 3827 cupit,
2800 3757 2859 3810 in
2890 3757 2995 3810 hac
3030 3762 3236 3810 nostras
3270 3757 3707 3826 conscriptionis
3753 3758 3875 3808 serie

2204 3846 2365 3901 facile
2398 3846 2606 3917 poterit
2634 3846 2889 3899 invenire
2934 3846 3084 3915 quod
3129 3845 3355 3916 quaarit.
3392 3846 3519 3914 Ipsa
3563 3846 3715 3898 enim
3758 3851 3877 3895 tem-

2205 3952 2409 4007 porum
2441 3940 2651 3989 statuta
2682 3934 2787 3987 hoc
2839 3935 2894 3987 in
2922 3934 3043 3988 loco
3073 3933 3202 3987 ideo
3236 3933 3697 4003 conscripsimus,
3744 3937 3801 3984 ut
3829 3934 3875 3982 et

2204 4024 2517 4094 legentium
2570 4024 2742 4077 fidem
2795 4022 3139 4089 custodiant,
3194 4022 3471 4091 majorem
3515 4022 3664 4092 apud
3710 4024 3876 4089 poste-

2202 4129 2297 4166 ros
2354 4112 2607 4181 vigorem
2670 4111 2757 4165 sui
2826 4111 3194 4165 adnotatione
3266 4111 3493 4180 scriptis
3571 4109 3869 4162 exhibeant.

2205 4199 2388 4268 Igitur
2429 4197 2627 4251 beatus
2680 4199 3007 4263 0thmarus,
3060 4197 3263 4267 primis
3314 4197 3670 4265 temporibus
3715 4192 3875 4250 Caroli

401 4287 584 4337 lutum
616 4284 674 4335 in
708 4285 901 4335 lectica
955 4284 1218 4351 superius
1260 4283 1407 4336 dicta
1457 4283 1770 4336 honoriﬁce
1809 4299 2095 4337 commen-
2132 4316 2176 4370 υ
2205 4286 2384 4357 patris
2413 4286 2776 4340 Carlomanni
2802 4292 2856 4339 et
2886 4286 3115 4357 Pippini
3148 4302 3178 4338 a
3230 4286 3580 4338 Waltramno
3618 4283 3788 4338 nobili
3824 4296 3874 4333 ac

402 4372 573 4427 davit.

1074 4513 1298 4567 CAPUT
1332 4515 1419 4568 ιν.

399 4623 554 4677 Beati
597 4620 849 4677 0thmari
897 4621 1227 4745 translatio},
1258 4623 1670 4747 ettfcstivitatis
1715 4621 1831 4691 ejus
1882 4622 2093 4677 indicta

1091 4708 1145 4746 ce
1168 4709 1193 4745 ε
1231 4709 1292 4745 ra
1323 4709 1392 4746 ιο.

1091 4708 1392 4746 celebratio.

468 4817 601 4870 Post
628 4814 751 4869 haec
781 4814 955 4883 igitur
985 4814 1130 4867 facto
1155 4814 1457 4867 intervallo
1497 4814 1661 4885 quasi
1692 4815 1850 4868 horas
1899 4816 2089 4883 unius,

395 4906 605 4977 praesul
629 4904 865 4958 devotus
894 4904 1128 4957 hortatu
1165 4904 1437 4957 Grimaldi
1479 4904 1699 4957 abbatis
1723 4904 1917 4959 debito
1962 4921 2091 4965 cum

397 5044 713 5098 monachus
750 5041 1086 5116 proabbatis
1126 5043 1300 5111 gessit
1333 5044 1608 5112 officium,
1635 5061 1921 5100 successor
1954 5062 2091 5116 pos-

396 5121 485 5169 tea
519 5117 713 5168 factus.
744 5113 1276 5187 LegeRatbertum,
1308 5130 1432 5182 cap.
1467 5118 1497 5168 8
1524 5122 1580 5169 et
1611 5133 1768 5187 seqq.

465 5194 489 5219 ⁸
524 5188 571 5239 Is
600 5191 796 5256 postea
822 5184 1150 5256 Grimoaldo
1190 5186 1382 5239 abbati
1435 5184 1917 5246 successitfanno
1964 5190 2089 5253 872,

397 5255 689 5311 laudatum
711 5256 860 5325 apud
890 5255 1219 5309 Ratbertum
1251 5257 1594 5309 monachum
1615 5258 1671 5310 in
1695 5260 1840 5311 libro
1861 5260 1929 5313 de
1944 5259 2091 5313 Casi-

401 5327 507 5379 bus
532 5328 787 5397 ejusdem
821 5327 1154 5379 monasterii
1181 5342 1303 5396 cap.
1336 5329 1367 5378 9
1396 5333 1453 5380 et
1480 5331 1561 5391 l0,
1600 5335 1791 5397 postea
1814 5330 2086 5396 inclusus,

398 5401 537 5450 teste
570 5400 869 5467 Anonymo
910 5398 1097 5452 Sancti
1140 5398 1388 5452 Gallensi
1426 5398 1484 5451 in
1518 5400 1616 5451 lib.
1654 5414 1691 5451 ιι
1736 5400 1805 5453 de
1836 5402 1958 5454 Vita
1985 5401 2088 5455 Ca-

401 5467 509 5518 roli
538 5468 743 5537 Magni,
776 5485 900 5537 cap.
952 5472 1029 5522 t5.

469 5538 494 5578 ι’
525 5538 600 5591 De
632 5539 836 5591 oblatis
866 5554 965 5592 seu
997 5539 1382 5593 oblationibus
1413 5556 1555 5610 quas
1604 5539 1816 5593 hostias
1864 5546 2085 5607 vocant,

2205 4380 2438 4446 potente
2472 4376 2590 4428 viro
2618 4376 2687 4428 ad
2720 4375 2974 4445 ejusdem
3001 4375 3187 4429 Caroli
3211 4374 3579 4444 praesentiam
3605 4374 3874 4431 adductus,

2204 4465 2468 4519 cellulam
2509 4465 2564 4519 S.
2596 4464 2736 4519 Galli
2778 4464 3207 4533 gubernandam
3244 4463 3310 4517 ab
3342 4464 3440 4516 illo
3463 4464 3725 4533 suscepit,
3754 4462 3876 4529 ejus-

2204 4570 2315 4624 que
2348 4553 2730 4623 possessiones
2773 4569 2877 4622 per
2923 4554 3103 4606 multa
3155 4568 3433 4604 annorum
3483 4551 3665 4621 spatia
3709 4551 3761 4602 in
3803 4547 3877 4600 di-

2201 4642 2375 4695 versis
2406 4642 2574 4695 rebus
2606 4641 2877 4694 nobiliter
2902 4642 3327 4710 augmentando
3377 4640 3651 4693 dilatavit.
3696 4637 3875 4692 Defun-

2202 4734 2290 4782 cto
2322 4733 2511 4782 autem
2545 4729 2769 4793 Carolo,
2799 4744 2914 4781 non
2954 4733 3084 4796 post
3115 4729 3319 4780 multos
3366 4743 3551 4780 annos
3599 4726 3740 4780 filius
3768 4725 3874 4792 ejus

2203 4818 2614 4871 Carlomannus
2648 4817 2838 4871 divino
2878 4817 2963 4887 (ut
2990 4820 3243 4886 putatur)
3277 4832 3471 4868 amore
3522 4815 3738 4868 omissis
3781 4828 3874 4864 sar-

2201 4907 2406 4960 cularis
2437 4923 2665 4977 pompa:
2693 4905 2930 4971 deliciis,
2982 4921 3255 4976 germano
3296 4921 3398 4957 suo
3451 4904 3689 4974 Pippino
3734 4900 3870 4969 regni

2202 5052 2388 5101 actum
2426 5047 2484 5101 in
2516 5048 2848 5102 Praefatione
2871 5047 2941 5101 ad
2968 5047 3133 5101 istius
3163 5046 3353 5101 saeculi
3375 5051 3595 5100 tomum
3619 5045 3865 5116 primum.

2270 5146 2291 5171 c
2346 5120 2549 5172 Balbus
2614 5120 2674 5172 in
2732 5118 3067 5173 Catholica:
3122 5119 3294 5171 Ambo
3348 5120 3642 5187 pulpitum,
3677 5117 3761 5169 ubi
3808 5127 3867 5165 ex

2200 5190 2459 5243 ambabus
2490 5191 2739 5259 partibus
2783 5194 2909 5243 sunt
2959 5189 3187 5255 gradus,
3233 5196 3283 5259 et
3314 5190 3455 5259 idem
3483 5188 3687 5241 dicitur
3728 5188 3865 5244 Amo,

2198 5262 2442 5326 Amom's,
2475 5262 2652 5326 male;
2700 5261 2909 5314 rectius
2949 5259 3051 5310 ἀπὸ
3082 5264 3173 5312 τοῦ
3226 5258 3516 5331 ἀμϐαίνειν,
3565 5260 3864 5331 ascendere.

2202 5333 2447 5386 Historia
2505 5332 2814 5401 Tripartita
2872 5333 2929 5384 in
2988 5332 3087 5385 lib.
3117 5346 3169 5397 x,
3204 5346 3325 5400 cap.
3359 5332 3413 5395 4,
3449 5330 3684 5383 residens
3723 5338 3867 5393 super

2198 5403 2491 5468 umbonem,
2543 5403 2637 5455 ubi
2683 5404 2885 5457 solebat
2936 5406 3093 5470 prius
3145 5405 3387 5456 consuete
3440 5404 3621 5466 facere
3681 5409 3860 5452 sermo-

2196 5488 2336 5537 nem,
2366 5478 2473 5526 etc.
