4078 6180
188 329 283 377 785
686 350 697 359 ο
1275 323 1361 376 DE
1401 322 1775 376 MIRACUIJS
1815 324 1869 376 S.
1911 320 2247 376 OTHMARI.
2278 354 2343 360 —
2378 322 2504 375 LIB.
2551 324 2590 375 l.

3582 330 3681 379 786

185 454 571 522 gubernacula
602 452 852 522 reliquit,
887 457 943 505 et
975 452 1160 522 primo
1196 453 1407 519 Romaz,
1448 452 1506 505 in
1540 456 1731 504 monte
1770 452 1871 505 So-
1912 453 1956 503 Α
1982 452 2254 505 continuo
2286 452 2343 505 in
2366 451 2488 521 ipsa
2526 458 2685 506 nocte
2719 454 2988 525 episcOpo
3047 457 3231 511 adhuc
3276 457 3423 511 infra
3476 474 3673 512 mona-

180 548 350 608 racte,
386 543 539 611 apud
570 542 868 595 ecclesiam
899 540 1077 594 sancti
1108 540 1363 594 Silvestri
1394 546 1716 594 constructo
1765 556 1882 593 mo-

183 632 428 684 nasterio
474 630 749 698 regularis
812 631 940 682 vitm
994 629 1272 682 institutis
1324 629 1501 682 libera
1549 630 1693 682 colla
1742 629 1881 682 sub-

181 717 343 779 didit,
376 734 439 770 ac
466 718 674 771 deinde
722 718 782 770 in
827 717 1118 771 Samnium
1176 717 1527 786 provinciam
1580 718 1649 771 ob
1698 733 1881 769 secre-

180 807 337 859 tioris
371 808 499 861 vitae
551 822 809 859 amorem
859 806 1149 871 secedens,
1185 806 1243 858 in
1297 806 1641 859 monasterio
1704 805 1883 858 sancti

180 894 492 959 Benedicti,
527 895 681 964 quod
701 899 785 946 est
818 894 991 947 situm
1015 894 1071 946 in
1099 899 1283 946 castro
1303 893 1548 961 ICasino,
1592 893 1883 963 reliquum

180 983 306 1035 vitae
354 988 582 1051 tempus
634 982 899 1051 religiose
950 982 1339 1035 conversando
1368 982 1675 1051 complevit
1716 992 1760 1035 ⁸.
1812 986 1884 1034 At

180 1087 314 1123 vero
347 1071 618 1140 Pippinus
649 1076 810 1141 pater
842 1070 1028 1123 Caroli
1059 1069 1421 1139 imperatoris
1476 1086 1579 1138 per
1635 1070 1881 1123 auctori-

179 1162 355 1211 tatem
406 1158 681 1228 Stephani
712 1158 952 1211 Bomaui
1002 1158 1290 1227 pontiﬁcis
1341 1158 1599 1228 deposito
1664 1174 1725 1211 ac
1784 1158 1881 1210 de-

176 1252 346 1299 tonso
384 1248 410 1288 b
445 1263 576 1315 rege
606 1247 875 1314 llildrico,
908 1262 1057 1299 anno
1086 1246 1156 1299 ab
1201 1246 1603 1301 Incarnatione
1659 1245 1884 1299 Domini

178 1333 691 1404 septingentesimo
749 1334 1231 1404 quinquagesimo
1282 1339 1509 1405 quarto,
1568 1334 1882 1388 indictione

176 1424 445 1491 septima,
500 1439 569 1475 ex
602 1422 870 1491 praefecto
914 1421 1111 1491 palatii
1162 1438 1259 1476 rex
1311 1424 1676 1488 constitutus,
1730 1423 1883 1475 solus

176 1512 408 1565 Francis
456 1511 741 1580 imperare
771 1512 961 1580 coepit.
1000 1511 1092 1564 llis
1133 1510 1211 1564 ita
1242 1513 1433 1581 gestis,
1484 1512 1753 1580 praefatus
1798 1511 1884 1565 vir

177 1600 587 1665 Waltramnus,
633 1599 703 1652 ad
753 1601 914 1667 cujus
963 1600 1379 1668 possessionem
1431 1601 1637 1653 cellula
1703 1601 1884 1654 sancti

173 1688 321 1741 Galli
379 1687 544 1757 quasi
591 1687 954 1740 brereditario
1002 1688 1132 1757 jure
1200 1688 1493 1757 pertinere
1561 1688 1880 1755 videbatur,

173 1780 475 1845 comperto
508 1776 660 1845 quod
690 1776 962 1845 Pippinus
997 1792 1063 1829 ex
1098 1777 1446 1830 Francorum
1497 1793 1776 1831 consensu
1822 1779 1881 1831 in

174 1864 342 1932 regni
373 1865 503 1917 sede
536 1864 710 1916 fuerit
742 1864 1071 1931 collocatus,
1122 1865 1309 1919 virum
1366 1866 1465 1920 Dei
1516 1867 1881 1933 Otliniarum,

172 1952 319 2005 sicut
354 1953 482 2005 vitae
516 1953 639 2021 ejus
670 1952 930 2023 superior
958 1952 1181 2005 libellus
1219 1955 1364 2023 (cap.
1419 1955 1473 2022 l)
1508 1954 1725 2020 edocet,
1778 1954 1879 2007 ite-

174 2046 298 2094 rato
336 2057 630 2094 assumens
662 2041 728 2093 ad
766 2041 1042 2110 palatium
1066 2041 1368 2111 lperduxit,
1408 2049 1576 2113 atque
1626 2043 1882 2113 ejusdem

173 2131 283 2183 loci
316 2130 555 2182 titulum
584 2129 693 2199 ipsi
720 2130 994 2185 Othmaro
1025 2147 1057 2183 a
1084 2145 1216 2199 rege
1248 2130 1640 2183 commendari
1694 2135 1883 2199 postu-

172 2219 332 2272 lavit.
367 2219 487 2281 Quo
514 2218 657 2271 facto
710 2223 938 2271 sanctus
968 2218 1070 2283 vir,
1119 2217 1315 2271 multis
1365 2218 1537 2286 regiae
1600 2218 1880 2287 largitatis

176 2307 525 2360 muneribus
556 2323 660 2376 pro
696 2306 955 2375 ejusdem
1000 2306 1107 2359 loci
1158 2306 1535 2359 instructione
1582 2304 1879 2375 susceptis,

172 2394 433 2464 gaudens
473 2400 529 2447 et
556 2393 879 2464 tripudians
918 2394 988 2447 ad
1023 2394 1433 2447 monasterium
1466 2393 1653 2448 rediit.
1698 2393 1880 2462 Septi-

170 2498 269 2536 mo
295 2489 491 2535 autem
514 2499 665 2535 anno
712 2488 982 2552 regnante
1014 2481 1277 2552 Pippino,
1331 2483 1545 2535 Warini
1593 2487 1647 2534 et
1692 2481 1879 2535 Ruad-

171 2572 342 2625 hardi
367 2572 623 2641 potentia
651 2571 863 2641 injuste
897 2587 1222 2640 oppressus,
1244 2572 1449 2640 plenus
1483 2572 1726 2633 dierum,
1761 2570 1882 2639 ple-

178 2677 286 2713 nus
314 2661 492 2713 etiam
539 2660 834 2713 sanctitate
881 2660 1222 2713 meritorum
1266 2661 1335 2713 de
1386 2659 1664 2728 angustiis
1715 2659 1884 2729 hujus

176 2750 308 2803 vitae,
360 2749 621 2817 eripitur,
679 2752 735 2802 et
781 2765 885 2818 pro
938 2749 1217 2801 bonorum
1268 2748 1468 2801 studiis
1528 2764 1766 2817 eperum
1815 2746 1882 2799 ad

176 2844 415 2892 internae
448 2836 818 2890 beatitudinis
844 2836 1054 2907 gaudia
1088 2835 1442 2906 perducitur.
1480 2836 1725 2889 Evolutis
1761 2839 1886 2904 post

170 2925 295 2979 haec
330 2927 531 2978 decem
564 2925 748 2991 annis,
782 2941 815 2977 a
846 2926 962 2977 suis
1011 2924 1305 2977 monachis
1349 2924 1419 2977 ad
1468 2923 1883 2976 monasterium

1990 540 2231 595 sterium
2287 541 2473 611 posito
2525 559 2733 612 magna
2785 545 2973 598 odoris
3031 546 3274 599 suavitas
3334 546 3393 600 in
3452 546 3685 600 basilica

1990 629 2043 683 S.
2109 628 2251 682 Galli
2312 628 2760 700 circumquaque
2808 632 3034 697 diti‘usa,
3099 633 3345 686 maxime
3395 634 3558 703 juxta
3618 635 3678 688 Β.

1993 717 2253 772 Othmari
2282 734 2489 786 corpus
2523 718 2685 787 quasi
2721 719 2782 772 in
2838 720 3068 773 modum
3119 721 3341 773 nebula
3389 720 3680 773 volitando

1990 806 2310 859 redundare
2362 812 2654 876 comperta
2705 811 2806 860 est.
2879 808 3051 876 Cujus
3115 809 3305 861 odoris
3367 808 3682 877 fragrantia

1990 908 2118 945 cum
2142 893 2485 946 continuatis
2507 893 2688 946 tribus
2731 893 2929 947 diebus
2960 910 3023 946 ac
3052 896 3308 947 noctibus
3332 894 3545 949 ibidem
3580 897 3682 949 du-

1990 986 2162 1045 raret,
2214 998 2329 1034 non
2371 986 2563 1034 tamen
2611 982 2679 1035 ab
2722 982 2991 1034 omnibus
3042 984 3224 1051 potuit
3272 982 3470 1035 sentiri
3513 1000 3525 1037 :
3585 988 3684 1037 sed

1991 1069 2226 1139 quidam
2260 1075 2467 1122 nostra:
2498 1068 2957 1139 congregationis
3003 1070 3224 1135 fratres,
3258 1070 3554 1139 quietiam
3595 1087 3681 1123 re-

1991 1157 2312 1226 ligiosiores
2343 1173 2463 1209 esse
2512 1157 2871 1221 videbantur,
2924 1157 3258 1210 suavitatem
3308 1158 3460 1210 illius
3501 1159 3684 1227 degu—

1992 1248 2235 1312 stabant,
2273 1252 2327 1299 et
2368 1244 2661 1315 religionis
2706 1263 2822 1299 suae
2872 1246 3205 1299 auctoritate
3255 1246 3425 1315 hujus
3460 1247 3541 1299 rei
3590 1262 3683 1300 ve-

1992 1333 2222 1387 ritatem
2250 1334 2401 1403 apud
2437 1339 2673 1387 caeteros
2705 1333 3200 1387 commendabant.
3238 1333 3457 1397 Quibus
3515 1333 3685 1386 etiam

1992 1423 2135 1477 odor
2162 1422 2303 1491 ipse,
2336 1422 2598 1491 quamvis
2620 1422 2942 1492 incognitus
2968 1427 3136 1490 atque
3166 1426 3403 1475 eatenus
3428 1420 3688 1490 inexper-

1992 1517 2082 1565 tus
2116 1510 2412 1575 exstiterit,
2437 1511 2798 1564 dulcedinem
2829 1515 3021 1565 tamen
3071 1512 3310 1565 balsami
3358 1511 3589 1581 partim,
3628 1515 3689 1563 ut

1992 1603 2273 1667 asserunt,
2300 1602 2522 1668 poterat
2554 1598 2787 1651 imitari.

2649 1703 2876 1757 CAPUT
2926 1704 3039 1757 VII.

2215 1794 2458 1846 Lucerna
2482 1795 2657 1844 vitrea
2686 1807 2867 1845 coram
2897 1807 2953 1845 eo
2978 1789 3184 1844 ca'litus
3223 1793 3459 1843 incensa.

2028 1900 2129 1953 .In
2150 1898 2409 1969 proximo
2460 1914 2689 1968 quoque
2727 1898 2981 1965 sabbato,
3028 1898 3084 1951 id
3125 1902 3209 1950 est
3256 1902 3462 1967 quarto
3511 1896 3604 1951 die
3657 1913 3687 1950 a

1992 1988 2145 2041 beati
2187 1988 2292 2040 viri
2340 1987 2728 2052 translatione,
2786 1991 3045 2039 sanctum
3094 2000 3299 2053 corpus
3347 1989 3472 2054 post
3528 2000 3685 2037 aram

1994 2076 2050 2129 S.
2085 2074 2318 2129 Joannis
2354 2075 2619 2144 Baptistae
2668 2075 2898 2127 interim
2948 2075 3277 2139 collocatur,
3327 2074 3509 2127 donec
3540 2089 3691 2126 nova

1993 2166 2226 2220 basilica
2257 2165 2361 2218 sub
2383 2167 2504 2235 ejus
2536 2165 2756 2219 honore
2788 2164 3091 2219 dedicandi
3130 2163 3310 2234 ipsius
3346 2160 3688 2215 habitationi

1994 2255 2390 2308 aediﬁcaretur.
2439 2254 2645 2307 Eadem
2696 2269 2831 2322 ergo
2871 2257 3031 2307 nocte
3077 2251 3387 2315 Dominica,
3436 2250 3688 2304 ecclesiae

1993 2344 2183 2393 custos
2209 2354 2337 2391 cum
2370 2343 2664 2390 nocturnm
2695 2337 3038 2390 celebritatis
3070 2335 3291 2405 vigilias
3324 2349 3686 2404 consurgen-

1994 2427 2064 2480 do
2136 2423 2497 2495 praeveniret,
2560 2439 2716 2476 more
2778 2423 2942 2477 solito
3011 2422 3301 2475 basilicam
3375 2422 3687 2489 ingressus,

1994 2517 2194 2566 cuncta
2225 2511 2349 2580 ejus
2380 2510 2687 2568 luminaria
2716 2511 2860 2563 bene
2909 2509 3185 2562 exstincta
3234 2508 3465 2576 reperit.
3519 2507 3689 2576 Cujus

1997 2601 2231 2669 vestigia
2258 2600 2554 2670 presbyter
2587 2598 2823 2669 quidam
2857 2602 3067 2651 nostrae
3102 2595 3564 2665 congregationis
3615 2596 3694 2648 la-

1994 2694 2183 2742 tenter
2260 2689 2613 2751 subsecutus,
2688 2688 2970 2740 cancellos
3042 2685 3290 2739 basilicae
3377 2683 3686 2752 egreditur,

1994 2776 2188 2846 ibique
2234 2790 2427 2828 coram
2474 2790 2630 2827 sacro
2684 2788 2919 2842 corpore
2970 2776 3235 2825 oraturus
3283 2771 3685 2839 prosternitur.
3746 2810 3749 2813 .

1996 2864 2362 2931 Consurgens
2429 2879 2560 2915 vero
2628 2862 2698 2915 ab
2759 2861 3017 2913 oratione
3093 2862 3383 2912 lucernam
3447 2860 3687 2911 vitream

1994 2956 2195 3021 sponte
2224 2967 2327 3004 sua
2347 2950 2489 3003 inibi
2520 2950 2741 3020 aspexit
2772 2950 3082 3002 incensam.
3112 2948 3235 3011 Quo
3268 2948 3385 3000 viso
3417 2948 3689 3000 attentius

173 3015 495 3108 “audiit”?
540 3019 884 3108 '_nter_arafn
915 3012 968 3066 δ’
1018 3014 1255 3108 ³⁰³ξ¹ῃ¹εξ
1303 3014 1579 3108 Βδρῖξδίδῖ
1613 3018 1669 3063 et
1708 3027 1882 3108 pé‘f‘e'
1922 3039 1962 3092 C
1993 3038 2238 3092 orationi
2286 3039 2564 3106 incubuit,
2611 3054 2985 3108 egressusque
3029 3039 3097 3090 de
3139 3036 3412 3102 oratorio,
3468 3035 3686 3088 nemini

168 3108 290 3157 tem
354 3101 642 3169 Ecclesiae,
688 3102 749 3155 in
812 3102 1045 3155 dextera
1092 3100 1287 3153 altaris
1336 3106 1517 3169 parte,
1570 3099 1881 3153 honoriﬁce

168 3190 620 3245 commendatur
668 3207 680 3243 :
724 3206 789 3243 ac
838 3190 1042 3243 deinde
1100 3188 1453 3256 interpositis
1520 3204 1632 3240 non
1691 3189 1881 3241 minus

166 3280 476 3347 sexaginta
509 3279 696 3345 anuis,
748 3278 968 3332 decimo
1019 3276 1263 3346 septimo
1312 3276 1593 3330 Kalendas
1641 3276 1787 3339 Maii,
1820 3276 1881 3328 in

164 3368 261 3422 die
296 3373 496 3420 sancto
527 3383 824 3436 parasceve
857 3366 1106 3431 Paschae,
1150 3366 1216 3418 ad
1269 3365 1588 3418 oratorium
1632 3366 1685 3418 S.
1732 3364 1880 3417 Petri

162 3456 499 3512 deducitur.
536 3457 664 3509 Post
695 3453 838 3508 haec
885 3460 1079 3508 autem
1125 3454 1416 3507 tricesimo
1459 3454 1659 3523 quinto
1705 3469 1877 3517 anno,

164 3544 594 3599 lncarnalionis
625 3550 819 3595 autem
851 3543 1077 3596 Domini
1119 3542 1594 3611 octingentesimo
1650 3557 1881 3607 sexage-

162 3636 319 3687 simo
350 3639 579 3703 quarto,
612 3631 923 3685 indictione
965 3632 1183 3685 decima
1232 3630 1419 3696 tertia,
1470 3630 1575 3681 sub
1624 3629 1879 3698 piissimo

161 3739 305 3792 rege
365 3721 670 3781 Ludovico,
726 3720 1165 3773 translationem
1213 3735 1386 3789 quam
1448 3734 1622 3786 supra
1670 3718 1875 3770 descri-

159 3810 425 3880 psimus,
448 3809 768 3863 Grimaldus
793 3809 944 3878 regis
968 3808 1456 3877 archicapellanus
1489 3812 1660 3876 atque
1702 3807 1881 3875 ipsius

160 3900 353 3953 abbas
386 3898 721 3950 monasterii
767 3913 896 3950 cum
942 3898 1241 3951 Salomone
1293 3895 1743 3948 Constantiensis
1786 3895 1884 3947 Ec-

158 3987 364 4041 clesiae
399 3986 662 4055 praesule,
699 3991 903 4055 quarta
934 3985 1075 4038 feria
1106 3984 1209 4037 sub
1256 3990 1452 4037 octavo
1495 3984 1879 4037 Kalendarum

160 4074 590 4131 Novembrium
640 4073 730 4127 die
762 4073 1006 4143 peregit.
1046 4074 1127 4137 Et,
1174 4077 1236 4125 ut
1280 4088 1387 4125 nos
1440 4072 1632 4124 solerti
1694 4071 1880 4124 studio

153 4164 453 4232 indagare
489 4161 797 4231 potuimus,
834 4178 863 4213 a
896 4160 1135 4230 septimo
1169 4159 1390 4229 Pippini
1426 4175 1602 4225 anno,
1648 4176 1763 4229 quo
1794 4159 1880 4211 vir

154 4256 407 4303 sanctus
439 4249 507 4301 de
538 4248 710 4316 hujus
728 4247 922 4300 saeculi
944 4246 1224 4316 angustiis
1244 4245 1662 4315 commigravit,
1697 4262 1875 4313 usque

153 4340 225 4392 ad
264 4337 734 4401 translationem,
765 4342 993 4389 centum
1032 4341 1087 4388 et
1117 4340 1365 4406 quatuor
1394 4345 1416 4369 ο
1468 4334 1604 4387 anni
1644 4350 1876 4403 compu-

154 4431 395 4480 tantur.

860 4511 1083 4564 CAPUT
1114 4510 1203 4563 VI.

150 4621 462 4687 Incognita
500 4617 681 4671 odoris
716 4618 1035 4682 fragrantia
1071 4618 1217 4669 circa
1253 4615 1370 4683 ejus
1411 4628 1602 4682 corpus
1636 4629 1875 4683 aspersa.

230 4724 561 4794 Descriptis
594 4723 952 4795 temporibus
984 4724 1041 4776 in
1076 4722 1285 4793 quibus
1336 4738 1423 4774 res
1464 4720 1729 4790 superius
1763 4736 1879 4773 me-

150 4821 418 4871 morata:
469 4813 836 4883 gerebantur,
886 4829 1036 4866 nunc
1085 4811 1155 4864 ad
1210 4809 1488 4864 miracula
1553 4809 1876 4874 veniamus,

151 4920 293 4974 quae
333 4906 473 4971 post
502 4901 939 4953 translationem
982 4914 1155 4970 quam
1186 4898 1511 4958 retulimus,
1555 4897 1702 4950 circa
1750 4896 1881 4950 reli-

150 4992 337 5064 quias
374 4990 433 5043 S.
469 4988 723 5043 Othmari
769 4986 1182 5057 omnipotentis
1232 4986 1331 5040 Dei
1379 4987 1590 5039 virtute
1641 4985 1881 5038 manife-

150 5084 315 5132 stata
350 5090 482 5129 esse
513 5075 911 5143 cognovimus.
947 5072 1295 5127 Venerandis
1324 5071 1503 5125 sancti
1536 5070 1716 5124 Patris
1746 5086 1883 5123 exu-

150 5167 267 5220 viis
301 5165 387 5217 ab
411 5162 703 5216 basilicam
738 5162 792 5216 S.
827 5162 967 5217 Galli
1002 5161 1242 5232 prtefato
1295 5159 1497 5214 ordine
1546 5157 1882 5228 deportatis,

228 5301 255 5323 ⁸
296 5290 555 5355 Excepta
598 5286 805 5339 ultima
833 5284 961 5337 vitae
1016 5284 1272 5353 periodo,
1322 5298 1494 5355 quam
1546 5282 1777 5355 Viennae
1826 5281 1885 5333 in

154 5362 360 5417 Gallia
399 5354 656 5410 absolvit.
691 5357 836 5425 Lege
868 5355 1046 5424 ipsius
1074 5355 1331 5423 Elogium
1360 5354 1429 5425 ad
1451 5370 1581 5405 ann.
1615 5354 1739 5425 7355.

230 5436 257 5474 ιν
305 5427 632 5503 Ghilderici
686 5422 927 5503 dejectio
979 5441 1044 5503 ac
1092 5422 1323 5503 Pippini
1378 5422 1743 5503 inau‘gurartio
1785 5437 1889 5500 per

158 5499 551 5556 Bonifacium
585 5512 651 5550 ex
692 5490 946 5549 consulto
987 5490 1269 5549 Zachariae
1316 5490 1603 5563 pontiﬁcis
1644 5490 1886 5546 Romani

158 5575 320 5629 facta
352 5570 553 5624 fuerat
585 5573 717 5621 ante
742 5568 887 5621 duos
914 5582 1093 5620 annos
1124 5581 1297 5637 quam
1330 5582 1363 5619 a
1407 5566 1695 5635 Stephano
1738 5578 1884 5632 papa

1989 3128 2228 3182 luminis
2259 3127 2413 3180 illius
2442 3126 2992 3180 administrationem
3024 3131 3142 3178 tam
3175 3124 3283 3177 cito
3315 3124 3564 3176 indicare
3594 3123 3688 3176 de-

1993 3215 2183 3268 crevit.
2221 3216 2297 3268 De
2346 3214 2670 3267 custodibus
2717 3229 2946 3282 quoque
2998 3210 3248 3264 ecclesiae
3297 3210 3486 3262 nullus
3530 3224 3684 3260 eam-

1991 3305 2121 3358 dem
2173 3305 2464 3356 lucernam
2520 3302 2807 3369 exstinxit,
2837 3301 2971 3371 quia
3001 3300 3146 3353 alius
3180 3299 3247 3352 ab
3287 3298 3397 3350 alio
3421 3313 3545 3350 eam
3597 3298 3685 3349 iu-

1991 3410 2216 3447 censam
2261 3409 2381 3445 esse
2439 3391 2800 3445 existimavit.
2866 3391 2967 3443 Illa
3020 3405 3154 3442 vero
3204 3388 3409 3441 clarius
3466 3386 3687 3438 caeteris

1990 3482 2383 3553 resplendens,
2417 3486 2532 3533 tota
2561 3478 2853 3534 Dominica
2886 3478 2978 3532 die
3002 3477 3163 3548 quasi
3194 3492 3297 3546 per
3326 3475 3554 3542 singula
3578 3474 3685 3527 ho-

1990 3585 2185 3623 rarum
2215 3568 2396 3639 spatia
2432 3568 2635 3637 majori
2678 3583 2902 3636 semper
2951 3565 3184 3618 luminis
3235 3561 3686 3633 perfundebatur

1988 3658 2359 3712 abundantia.
2400 3657 2699 3723 Presbyter
2729 3658 2921 3706 autem
2954 3653 3046 3705 cui
3080 3652 3172 3704 illa
3209 3650 3448 3703 coelestis
3495 3648 3683 3700 ξιάωὶ-

1991 3746 2247 3799 nistratio
2285 3744 2516 3797 luminis
2549 3742 2819 3811 primitus
2842 3740 3329 3797 manifestabatur,
3360 3736 3504 3789 tanti
3535 3735 3687 3799 signi

1990 3834 2333 3887 miraculum
2382 3836 2645 3885 metuens
2689 3830 2912 3882 silentio
2954 3828 3298 3898 opprimere,
3368 3824 3529 3878 linita
3565 3825 3685 3891 jam

1990 3922 2312 3992 vespertina
2360 3918 2555 3990 synaxi
2624 3917 2843 3970 caeteris
2897 3916 3005 3968 hoc
3058 3914 3329 3968 fratribus
3390 3911 3682 3964 indicavit.

1987 4013 2132 4065 Tum
2166 4008 2328 4062 multi
2362 4013 2686 4059 nostrorum
2716 4004 2913 4057 lumen
2943 4002 3132 4072 ipsum
3168 4000 3461 4069 cupientes
3494 3998 3685 4049 videre

1988 4101 2223 4173 propius
2269 4096 2567 4157 accedunt,
2601 4100 2656 4147 et
2686 4098 2859 4163 prout
2884 4092 2994 4145 illis
3025 4092 3209 4143 visum
3242 4090 3443 4151 fuerat,
3489 4087 3684 4154 ignem

1990 4190 2176 4259 ipsum
2207 4187 2304 4256 qui
2332 4183 2496 4255 quasi
2530 4201 2562 4237 a
2593 4181 2782 4235 medio
2810 4179 2990 4233 noctis
3026 4184 3284 4248 tempore
3328 4176 3527 4229 ardere
3571 4189 3685 4226 non

1990 4276 2226 4341 destitit,
2258 4273 2400 4326 nihil
2456 4270 2693 4325 omnino
2739 4286 2803 4322 ex
2836 4269 3056 4339 liquore
3097 4266 3209 4320 olei
3260 4264 3684 4332 consumpsisse

1990 4362 2447 4433 deprehendunt.
2489 4359 2698 4413 Deinde
2730 4374 2860 4411 cum
2892 4357 3014 4426 ipsa
3044 4357 3275 4408 lucerna
3307 4352 3468 4424 quasi
3511 4352 3683 4403 vehe-

1990 4449 2239 4502 mentius
2264 4449 2461 4501 ardere
2501 4447 2786 4516 coepisset,
2829 4446 2955 4497 oleo
3000 4441 3274 4512 paulatim
3326 4441 3685 4493 decrescente

1990 4542 2087 4591 lux
2121 4536 2322 4589 eadem
2352 4551 2577 4605 semper
2608 4551 2666 4588 se
2694 4535 2818 4603 ipsa
2855 4532 3041 4600 major
3072 4531 3338 4594 existens,
3361 4545 3424 4582 ac
3454 4532 3569 4580 tota
3593 4542 3686 4578 se—

1992 4625 2189 4697 quenti
2232 4629 2395 4677 nocte
2446 4623 2769 4676 universam
2817 4622 2871 4673 S.
2920 4620 3062 4675 Galli
3110 4619 3403 4672 basilicam
3448 4614 3686 4687 fulgoris

1992 4713 2077 4768 sui
2117 4713 2501 4766 immensitate
2536 4709 2906 4781 perfundens,
2942 4708 3330 4761 incensioncm
3384 4705 3471 4759 sui
3523 4705 3687 4774 quasi

1991 4801 2063 4854 ad
2106 4804 2361 4853 octavam
2411 4798 2525 4851 diei
2581 4798 2782 4851 horam
2834 4796 2892 4848 in
2939 4796 3245 4848 secundam
3297 4793 3495 4847 feriam
3545 4808 3685 4860 pro-

1991 4889 2183 4944 traxit.
2218 4888 2377 4940 Tunc
2420 4886 2573 4939 enim
2605 4890 2795 4938 custos
2839 4884 3089 4937 ecclesia)
3136 4898 3375 4935 cernens
3419 4896 3545 4932 eam
3589 4880 3686 4931 ali-

1993 4977 2334 5049 quantulum
2372 4974 2664 5035 minorari,
2687 4972 2848 5025 ﬁnita
2872 4972 2993 5039 jam
3018 4971 3189 5023 missa
3217 4970 3409 5021 funem
3453 4983 3565 5037 quo
3599 4968 3684 5020 lu-

1994 5082 2164 5120 cerna
2194 5062 2552 5134 dependebat
2592 5061 2813 5114 incaute
2860 5060 3101 5113 laxando
3146 5056 3452 5118 submittit,
3492 5054 3686 5124 sicque

1994 5155 2092 5209 lux
2122 5154 2247 5223 ipsa
2274 5150 2532 5205 decessit.
2567 5150 2712 5203 Tum
2761 5165 2890 5202 vero
2933 5148 3142 5201 mirum
3190 5145 3249 5197 in
3298 5145 3533 5197 modum
3581 5143 3686 5195 sub

1995 5294 2125 5331 eum
2165 5276 2389 5329 duobus
2438 5274 2568 5328 ﬁliis
2616 5274 2816 5329 Carolo
2875 5278 2929 5326 et
2984 5272 3398 5326 Carolomanno
3443 5267 3685 5335 inunge-

1996 5353 2172 5401 retur.

2067 5428 2087 5451 θ
2118 5418 2239 5472 Imo
2267 5417 2384 5469 fere
2415 5419 2645 5469 centum
2675 5420 2732 5468 et
2779 5414 3033 5484 quinque
3062 5410 3199 5463 anni
3232 5427 3243 5463 :
3278 5424 3410 5484 nam
3458 5408 3689 5484 Othmat

1998 5504 2127 5541 rum
2149 5504 2301 5540 anno
2329 5489 2430 5540 759
2464 5488 2673 5540 obiisse
2707 5478 3021 5537 constat—ex
3052 5497 3202 5534 anno
3235 5479 3477 5548 septimo
3525 5478 3687 5541 regni

1999 5558 2251 5630 Pippini,
2282 5560 2446 5627 cujus
2476 5557 2771 5611 exordium
2804 5556 2887 5608 lso
2916 5554 3062 5606 male
3097 5552 3319 5621 repellit
3370 5566 3519 5603 anno
3563 5552 3685 5603 764.
