4078 6180
393 266 500 317 787

1588 259 1807 315 ISONIS
1846 260 2358 317 SANGALLENSIS
2400 262 2703 318 MONACHI
3776 268 3866 318 788

396 399 639 470 plumbo
673 399 763 452 cui
792 412 1040 468 papyrus
1070 406 1094 429 ιι
1132 395 1555 464 imponebatur,
1596 411 1855 449 cerneres
1898 396 2089 466 ignem
2129 399 2177 449 Α
2201 397 2498 465 proiicere,
2556 399 2766 468 injuste
2814 414 2871 452 se
2903 398 3088 468 egisse
3138 403 3519 468 cognoscunt;
3549 406 3603 451 et
3649 405 3770 468 post
3796 416 3870 453 ve-

400 485 523 553 ejus
555 485 727 538 unius
758 483 924 552 digiti
971 498 1299 535 mensuram
1351 499 1415 535 ex
1478 483 1606 535 oleo
1651 485 2092 553 consumpsisse,

401 576 457 624 et
479 572 665 624 eidem
709 569 945 639 plumbo
996 586 1170 638 super
1208 586 1265 621 se
1310 570 1496 638 posito
1551 571 1696 623 nihil
1735 573 1971 624 omnino
2016 572 2096 623 di—

400 658 622 728 spendii
654 659 738 710 vel
782 657 1030 711 lmsionis
1062 658 1341 710 intulisse.
1394 658 1497 713 Ubi
1539 660 1672 729 quid
1726 661 2092 728 stupendum,

401 746 608 815 quidve
639 745 832 815 potius
862 746 934 798 sit
967 745 1365 797 admirandum
1410 762 1521 796 non
1568 746 1729 798 facile
1781 747 2096 813 intelligere

400 848 633 901 possum
668 848 680 884 :
722 834 827 884 hoc
854 830 1120 884 videlicet
1150 832 1297 900 quod
1323 831 1415 883 lux
1455 833 1574 899 ipsa
1611 849 1712 901 per
1739 850 1795 883 se
1826 834 2097 885 irradiata

402 919 633 983 exstitit,
665 936 736 971 an
767 918 910 971 illud
932 918 1083 986 quod
1117 924 1230 968 tam
1266 918 1359 969 diu
1385 919 1587 970 ardens
1617 919 1757 969 nihil
1788 935 1851 970 ex
1878 918 2098 988 liquore

402 1005 511 1059 olei
548 1007 875 1073 minoravit,
906 1006 992 1058 vel
1025 1006 1196 1057 etiam
1230 1005 1285 1057 id
1319 1006 1470 1073 quod
1528 1006 1674 1074 ignis
1718 1006 1836 1075 ipse
1879 1007 2099 1075 plumbi

403 1094 707 1148 mollitiem
740 1111 911 1163 super
947 1111 1003 1145 se
1038 1094 1282 1162 positam
1322 1094 1526 1146 caloris
1571 1095 1657 1146 sui
1691 1096 1944 1164 potentia
1986 1111 2101 1148 non

402 1184 653 1237 resolvit.

1056 1270 1279 1323 CAPUT
1310 1271 1449 1323 Vill.

408 1381 468 1433 1n
498 1379 692 1444 vigilia
720 1379 1042 1443 festivitatis
1073 1377 1188 1443 ejus
1208 1376 1321 1427 alia
1346 1375 1531 1427 itidem
1551 1376 1768 1429 lucerna
1789 1383 1974 1444 sponte
2005 1393 2105 1430 sua

1104 1446 1397 1499 tri-adiuta.

480 1557 613 1609 Post
660 1554 829 1623 hujus
873 1554 1258 1606 ostensiouem
1302 1551 1584 1619 miraculi,
1619 1552 1953 1605 adveniente
2001 1554 2104 1606 de—

408 1642 708 1711 positionis
774 1642 892 1709 ejus
969 1639 1291 1699 festivitate,
1362 1640 1697 1709 vespertinm
1761 1641 2104 1694 celebritatis

405 1731 625 1800 vigilias
656 1728 990 1783 solemnitcr
1028 1744 1301 1799 perigere
1351 1728 1691 1780 studuimus.
1737 1728 1954 1791 Quibus
1996 1728 2099 1781 rite

405 1818 672 1889 peractis,
705 1817 938 1887 quidam
972 1817 1040 1869 de
1072 1815 1348 1868 ministris
1370 1816 1619 1868 ecclesiae
1651 1832 1940 1882 coronam,
1976 1833 2102 1887 quae

406 1908 475 1960 ob
507 1908 628 1976 ejus
662 1905 978 1959 festivitatis
1020 1904 1228 1974 gaudia
1268 1920 1457 1956 coram
1502 1910 1693 1957 sancto
1735 1921 1974 1973 corpore
2014 1906 2105 1958 in-

340 2066 343 2067 ,
406 1994 775 2059 cendebatur,
806 1993 1094 2047 exstinxit.
1136 1993 1353 2045 Etcum
1402 1993 1690 2045 lucernam
1726 2010 1854 2061 qua:
1888 1994 1944 2045 in
1996 2009 2105 2046 me-

406 2084 498 2137 dio
530 2082 708 2153 ipsius
738 2097 964 2135 coronae
1001 2080 1285 2150 pendebat
1320 2080 1521 2133 iterato
1556 2082 1724 2133 vellet
1776 2082 2101 2146 incendere,

407 2175 611 2240 sponte
639 2186 740 2223 sua
768 2169 952 2223 subito
986 2184 1113 2221 eam
1144 2168 1363 2237 aspexit
1394 2184 1515 2219 esse
1555 2168 1907 2221 irradiatam.
1943 2169 2106 2231 Quod

408 2260 573 2312 multi
603 2274 717 2312 non
747 2259 929 2311 solum
966 2274 1031 2310 ex
1066 2261 1261 2309 nostra
1291 2255 1527 2321 familia,
1571 2271 1770 2308 verum
1819 2258 1989 2309 etiam
2040 2273 2107 2309 ex

410 2346 758 2400 scholasticis
788 2352 960 2415 atque
1002 2343 1323 2414 hospitibus
1362 2343 1460 2412 qui
1500 2349 1635 2395 tunc
1668 2344 1943 2413 temporis
1984 2361 2104 2396 mo-

414 2435 725 2488 nasterium
758 2434 1045 2497 adierunt,
1104 2449 1159 2484 se
1219 2431 1425 2483 vidisse
1474 2430 1663 2483 testati
1720 2438 1868 2485 sunt.
1936 2433 2108 2503 Cujus

410 2523 801 2576 incensionem
854 2521 1087 2575 luminis
1142 2521 1201 2572 in
1250 2520 1351 2572 hoc
1413 2520 1583 2571 etiam
1641 2521 1861 2572 caelitus
1921 2522 2107 2574 admi-

412 2611 643 2664 nistrari
677 2610 965 2680 apparuit,
1011 2608 1145 2678 quia
1192 2624 1321 2660 cum
1366 2608 1555 2659 nullus
1596 2609 1927 2661 mortalium
1984 2625 2110 2662 eam

418 2698 696 2762 reticeret,
751 2704 944 2751 tamen
982 2702 1111 2749 ante
1146 2694 1379 2747 alterius
1413 2695 1599 2748 noctis
1626 2696 1993 2750 medietatem
2017 2714 2105 2750 ac-

415 2792 593 2857 ceptae
637 2784 779 2839 lucis
825 2785 1068 2856 gratiam
1130 2784 1425 2837 moderate
1457 2784 1705 2836 ardendo
1740 2800 1853 2837 non
1901 2784 2105 2837 amisit.

1085 2917 1312 2972 CAPUT
1353 2917 1432 2970 IX.

525 3017 790 3084 Opi/tcum
837 3015 989 3069 labor
1028 3018 1084 3068 in
1124 3013 1239 3085 ejus
1287 3016 1622 3069 solemnitate
1676 3018 2000 3081 frustratus.

492 3124 700 3176 Devota
744 3138 974 3192 quoque
1022 3122 1262 3175 fratrum
1314 3122 1704 3191 congregatio,
1758 3122 2110 3191 jussionibus

416 3210 669 3279 episcopi
700 3210 1125 3279 obtemperans,
1157 3225 1286 3262 cum
1338 3210 1435 3262 Dei
1482 3210 1745 3262 laudibus
1796 3210 2110 3263 insistendo

419 3298 773 3350 nocturnalis
850 3298 1024 3350 officii
1096 3297 1375 3351 solemnia
1445 3297 1715 3351 decenter
1792 3303 2110 3367 perageret,

416 3387 685 3455 diemque
718 3386 905 3453 ipsum
954 3402 1152 3438 omnes
1186 3385 1332 3437 infra
1382 3387 1787 3439 monasterium
1829 3386 2114 3438 constitu—

419 3480 505 3525 tos
539 3474 596 3525 in
634 3474 848 3525 honore
880 3474 931 3525 S.
968 3474 1227 3525 0thmari
1259 3472 1448 3525 feriari
1502 3474 1850 3538 decerneret,
1882 3491 1945 3527 ex
2002 3474 2113 3526 mi-

419 3562 653 3614 nisterio
684 3560 898 3613 cellarii
949 3566 1062 3612 tres
1099 3561 1387 3631 lignorum
1431 3562 1662 3631 opifices
1714 3562 1810 3631 qui
1868 3563 1927 3613 in
1978 3562 2115 3615 artis

420 3650 591 3718 hujus
609 3648 813 3718 peritia
853 3649 1073 3701 cmteris
1100 3650 1272 3701 etiam
1312 3649 1646 3702 videbantur
1677 3666 1796 3701 esse
1836 3656 2113 3719 praestan-

421 3737 612 3800 tiores,
642 3753 707 3790 ex
741 3738 1111 3807 praeceptoris
1141 3736 1228 3790 sui
1273 3738 1434 3807 jussu
1494 3738 1551 3790 in
1592 3738 1795 3790 cellam
1850 3755 1979 3809 qua:
2032 3745 2117 3792 est

422 3843 596 3897 supra
621 3828 1029 3882 monasterium
1063 3832 1382 3879 constructa
1425 3827 1732 3880 laboraturi
1782 3828 2113 3897 succedunt,

423 3916 616 3986 ibique
648 3915 865 3968 dolium
889 3915 1177 3985 quoddam
1205 3920 1476 3967 vetustate
1512 3920 1565 3968 et
1615 3915 1833 3968 incuria
1885 3916 2117 3969 dissolu-

423 4012 543 4059 tum
575 4004 926 4073 conjungere
976 4003 1275 4072 incipiunt.
1332 4004 1590 4056 Collectis
1634 4020 1767 4056 vero
1826 4004 1884 4057 in
1936 4020 2114 4057 unum

424 4094 630 4145 tabulis
656 4108 783 4145 cum
809 4092 996 4162 primo
1033 4091 1275 4145 fundum
1312 4092 1461 4144 illius
1494 4091 1628 4144 satis
1677 4092 1907 4145 difﬁcile
1944 4092 2114 4145 coad-

424 4187 690 4245 unarent,
749 4181 978 4233 easdem
1051 4180 1271 4232 tabulas
1329 4180 1635 4248 diligenter
1694 4180 2004 4248 assignatas
2056 4182 2115 4234 in

424 4268 664 4321 circuitu
698 4268 919 4336 erigere
959 4272 1275 4336 coeperunt,
1306 4283 1410 4319 nec
1446 4269 1563 4320 ullo
1606 4267 1835 4336 penitus
1883 4270 2115 4338 ingenio

426 4370 529 4425 per
552 4359 730 4407 totam
753 4354 869 4406 fere
890 4354 1043 4406 diem
1086 4353 1409 4406 laborantes
1441 4372 1535 4407 eas
1564 4354 1930 4409 constabilire
1980 4374 2122 4426 prac-

428 4444 728 4495 valueruut
760 4459 772 4495 :
800 4442 1123 4511 mirumque
1155 4442 1214 4494 in
1245 4442 1477 4495 modum
1519 4459 1747 4512 semper
1799 4461 1828 4496 a
1860 4445 2120 4499 stationis

428 4548 545 4584 sum
580 4532 702 4584 loco
744 4531 985 4595 resilire,
1015 4546 1366 4600 omnemque
1410 4532 1725 4585 artificiosa:
1775 4548 1976 4586 manus
2026 4550 2120 4586 co-

428 4619 782 4689 pulationem
818 4620 1156 4673 videbantur
1192 4636 1485 4689 respuere.
1536 4622 1691 4673 Tunc
1722 4621 1833 4690 ipsi
1866 4621 2117 4690 opiﬁces,

428 4707 703 4762 inclinata
734 4708 856 4777 jam
903 4708 1014 4774 die,
1072 4709 1331 4762 videntes
1355 4708 1609 4761 laborem
1644 4725 1809 4761 suum
1856 4709 1914 4762 in
1963 4710 2121 4763 nullo

501 4865 646 4920 'Sic
694 4864 918 4939 antiqui
982 4866 1259 4939 vocabant
1323 4867 1674 4939 ellychnium
1738 4868 1792 4920 in
1861 4869 2123 4939 lampade

429 4936 608 4989 vitrea
642 4936 900 4990 adhiberi
927 4937 1178 4990 solitum.
1215 4936 1490 4991 Paulinus
1517 4939 1573 4991 in
1610 4939 1787 4992 Natali
1823 4942 1889 4993 3:

555 5024 704 5091 plura
730 5030 1055 5091 coronantur
1076 5026 1256 5091 densis
1284 5026 1472 5091 altaria
1496 5028 1717 5091 lychnis,

558 5088 778 5135 Lumina
806 5090 999 5136 curatis
1025 5088 1304 5138 adolentur
1322 5090 1487 5138 odora
1512 5088 1740 5154 papyris.

430 5168 498 5218 Et
526 5166 833 5233 Gregorius
870 5168 1104 5235 Magnus
1148 5169 1206 5221 in
1242 5170 1380 5222 lib.i
1430 5170 1594 5233 Dial.,
1642 5187 1770 5237 cap.
1828 5172 1878 5221 ὅ.
1932 5171 2124 5225 Omnes

432 5237 711 5309 lampades
758 5239 985 5291 ecclesiae
1032 5241 1273 5307 implevit
1335 5256 1503 5309 aqua,
1555 5244 1716 5307 atque
1762 5255 1829 5291 ea:
1878 5255 2020 5291 more
2068 5241 2127 5291 in

430 5308 605 5379 medio
635 5324 907 5379 papyrum
938 5312 1132 5377 posuit.
1160 5308 1387 5364 Clarius
1408 5310 1738 5364 Aldhelmus
1774 5309 1829 5362 in
1870 5309 2127 5379 prosaico

434 5378 580 5449 libro
627 5378 696 5449 de
756 5378 1112 5449 Virginitate,
1165 5382 1262 5434 ubi
1320 5382 1388 5434 de
1432 5382 1485 5434 S.
1548 5382 1803 5434 Narcisso
1860 5378 2125 5449 episcopo

432 5448 550 5513 agit
570 5449 628 5501 in
661 5448 781 5502 haec
806 5448 975 5502 verba
1008 5467 1019 5502 :
1059 5454 1195 5504 Tum
1225 5453 1312 5504 vir
1340 5454 1439 5503 Deo
1468 5450 1685 5503 deditus
1721 5448 1963 5519 liquidas
1999 5452 2125 5516 fon-

435 5519 567 5571 tium
599 5520 847 5588 lymphas
876 5523 1189 5575 exorcizans
1237 5527 1287 5575 et
1336 5536 1502 5575 sacrae
1551 5521 1929 5575 benedictionis
1970 5521 2126 5574 uber-

2157 4276 2467 4340 Dceperat,
2528 4270 2922 4322 manducando
2977 4266 3348 4334 consumpsit.

2205 502 2431 553 speram
2465 488 2530 539 ad
2570 488 2981 540 monasterium
3012 486 3337 551 redeuntes,
3372 486 3640 555 prostrati
3696 487 3751 539 in
3790 503 3865 541 ec-

2205 575 2374 626 clesia
2405 592 2563 627 suam
2597 576 2701 628 sibi
2728 575 3025 628 stultitiam
3061 590 3177 628 non
3206 573 3501 644 imputari,
3520 573 3739 627 veniam
3764 590 3872 643 pre-

2206 663 2402 724 cando,
2430 663 2763 733 deposcunt.

2900 737 2978 785 (LA
2994 733 3122 784 T‘T'T
3160 734 3219 785 Χ.

2209 830 2669 897 Quemadmodum
2696 833 2857 899 panis
2890 830 3011 883 odio
3052 832 3291 896 afﬂictus
3324 828 3439 898 ejus
3472 829 3731 883 desiderio
3771 832 3872 895 fue-

2879 904 2954 954 rit
2984 904 3225 953 invasus.

2281 998 2626 1052 Adolescens
2648 998 2880 1065 quidam
2910 999 2978 1051 de
3010 1014 3155 1068 pago
3199 997 3297 1067 qui
3333 1004 3565 1049 vocatur
3615 997 3831 1049 Elisazia
3858 1000 3877 1038 δ

2212 1087 2566 1157 progenitus,
2595 1086 2692 1154 qui
2726 1104 2755 1137 a
2785 1086 3096 1139 nativitatis
3139 1090 3357 1147 exortu,
3392 1085 3506 1138 sive
3550 1086 3637 1153 (ut
3679 1086 3878 1138 cautius

2211 1176 2430 1244 loquar)
2483 1192 2514 1227 a
2571 1172 2976 1226 recordationis
3016 1190 3132 1226 sum
3184 1178 3443 1242 tempore
3502 1189 3779 1242 nusquam
3831 1190 3879 1225 se

2210 1280 2418 1333 panem
2456 1262 2823 1315 manducasse
2846 1262 3106 1325 asseruit,
3155 1262 3223 1315 ad
3274 1262 3685 1314 monasterium
3734 1262 3880 1314 deve-

2214 1351 2395 1416 niens,
2448 1368 2633 1421 neque
2677 1367 2882 1420 panem
2935 1352 3284 1403 manducans
3330 1366 3512 1420 neque
3573 1349 3781 1419 aliquid
3829 1365 3882 1401 ex

2215 1456 2280 1493 eo
2317 1456 2568 1509 unquam
2605 1441 2932 1509 degustans,
2967 1440 3265 1491 dimidium
3292 1440 3403 1490 fere
3446 1454 3660 1491 annum
3688 1437 3881 1489 ibidem

2214 1530 2547 1596 permansit.
2578 1530 2635 1580 In
2668 1530 2793 1580 cibo
2824 1544 3055 1598 quoque
3096 1529 3177 1580 vel
3214 1534 3344 1597 potu
3388 1528 3434 1579 si
3467 1527 3763 1596 quidpiam
3795 1543 3885 1595 pa-

2214 1618 2302 1670 nis
2333 1618 2505 1671 etiam
2537 1618 2756 1670 nescius
2788 1616 3107 1685 deglutivit,
3142 1617 3333 1669 statim
3378 1631 3504 1668 cum
3558 1615 3884 1668 admistione

2144 1693 2532 1773 Bsanguinis,
2583 1705 2735 1773 quod
2792 1708 3105 1773 acceperat,
3182 1702 3390 1754 invitus
3460 1701 3733 1753 evomuit.
3804 1701 3887 1753 Hic

2211 1808 2348 1861 ergo
2382 1809 2413 1845 a
2446 1795 2507 1846 Β.
2543 1793 2801 1847 Otlimari
2846 1792 3150 1845 festivitate
3214 1796 3408 1843 octava
3459 1790 3550 1842 die
3610 1789 3881 1842 basilicam

2210 1882 2261 1935 S.
2298 1881 2439 1933 Galli
2473 1881 2779 1949 ingressus,
2808 1896 2936 1931 cum
2966 1880 3182 1931 orando
3214 1878 3413 1930 altaria
3452 1878 3790 1942 circumiret,
3831 1876 3887 1929 ad

2211 1970 2266 2024 S.
2304 1970 2640 2023 Othmaruin
2694 1969 3031 2037 perveniens
3079 1967 3201 2035 ejus
3247 1966 3531 2035 suffragiis
3580 1983 3701 2019 sese
3741 1965 3885 2034 adju-

2212 2058 2329 2110 vari
2364 2062 2479 2110 tota
2510 2058 2825 2110 intentione
2859 2063 3141 2126 precatur.
3188 2057 3329 2108 Tum
3382 2056 3570 2123 primo
3618 2054 3888 2107 nimietate

2212 2146 2440 2215 frigoris
2474 2147 2531 2198 in
2569 2152 2794 2214 pectore
2844 2144 3183 2209 concutitur,
3223 2160 3286 2196 ac
3323 2144 3529 2197 deinde
3580 2143 3640 2195 in
3676 2142 3884 2196 modum

2215 2235 2359 2288 ebrii
2391 2234 2593 2303 capitis
2639 2234 2915 2303 gravitate
2964 2233 3259 2301 nimioque
3303 2238 3537 2301 stupore
3594 2232 3889 2284 circumda-

2215 2331 2324 2378 tur.
2363 2325 2578 2377 Etcum
2615 2322 2679 2375 ad
2731 2322 2940 2391 gradus
2973 2338 3129 2373 sacro
3165 2320 3387 2388 corpori
3424 2320 3768 2387 continguos
3808 2332 3893 2386 per

2216 2430 2357 2483 quos
2373 2417 2568 2480 crypta
2598 2412 2840 2463 intratur
2871 2410 3185 2473 tlevcniret,
3221 2415 3377 2461 tanto
3422 2409 3584 2477 panis
3631 2405 3889 2460 desiderio

2217 2500 2435 2554 anxiari
2464 2500 2650 2569 ccepit,
2683 2506 2743 2551 ut
2764 2498 3036 2550 continuo
3066 2498 3132 2549 de
3166 2502 3360 2566 crypta
3396 2496 3645 2559 rediens,
3680 2494 3887 2563 presby-

2214 2594 2400 2642 terum
2450 2587 2754 2657 quemdam
2797 2586 2856 2638 in
2888 2586 3011 2653 ipso
3065 2584 3414 2637 monasterio
3458 2589 3893 2635 comniorantem

2217 2692 2427 2745 panem
2466 2676 2573 2727 sibi
2624 2675 2758 2727 dare
2808 2674 3159 2742 deposceret.
3212 2673 3369 2726 Idem
3413 2688 3546 2724 vero
3598 2672 3895 2740 presbyter,

2218 2781 2347 2817 cum
2381 2781 2483 2834 pro
2510 2770 2663 2816 certo
2698 2764 2866 2816 sciret
2896 2778 3026 2815 eum
3059 2767 3220 2815 antea
3264 2776 3471 2829 panem
3501 2776 3615 2812 non
3668 2762 3895 2812 mandu—

2218 2869 2394 2917 casse,
2438 2852 2729 2905 basilicam
2780 2853 3075 2920 parvulam
3129 2850 3188 2903 iu
3234 2851 3509 2903 honorem
3556 2854 3763 2902 sancta:
3812 2845 3896 2899 Dei

2220 2935 2519 2997 Genitricis
2591 2940 2908 2993 dedicatam
2967 2940 3279 3010 ingressus,
3338 2954 3549 3007 panem
3604 2936 3893 2997 benedicit,

2220 3031 2417 3100 illique
2462 3030 2648 3100 primo
2695 3045 2925 3097 parvam
2968 3028 3289 3093 frustulam,
3332 3026 3495 3097 quasi
3524 3041 3633 3095 pro
3694 3022 3899 3078 benedi-

2221 3120 2407 3173 ctione
2443 3119 2897 3172 manducandam
2943 3116 3203 3187 porrigit.
3239 3116 3420 3179 Quam
3453 3130 3583 3169 cum
3617 3115 3715 3167 illo
3766 3118 3899 3165 stans

2214 3210 2379 3278 juxta
2416 3210 2593 3261 altare
2626 3206 2954 3276 deglutiret,
3009 3204 3305 3258 confestim
3354 3209 3651 3256 cruentata
3709 3203 3775 3255 de
3816 3215 3899 3252 ore

2222 3300 2344 3367 ejus
2391 3297 2652 3350 exsiliens
2702 3300 2828 3366 post
2867 3296 3075 3348 ostium
3130 3293 3373 3346 basilicze
3418 3292 3475 3344 in
3526 3292 3899 3361 pavimentum

2222 3386 2439 3440 cecidit.
2512 3385 2870 3453 Stupefactus
2939 3399 3070 3435 vero
3126 3381 3418 3452 presbyter
3478 3380 3577 3448 qui
3654 3383 3897 3435 strueret,

2222 3478 2307 3529 vel
2340 3491 2439 3527 cur
2474 3490 2681 3544 panem
2733 3479 2966 3526 eatenus
3016 3471 3125 3523 sibi
3176 3471 3522 3538 denegatum
3571 3468 3900 3521 manducare

2224 3566 2391 3617 vellet
2422 3563 2755 3629 interrogat.
2795 3563 2855 3614 Et
2893 3575 3019 3611 cum
3040 3559 3310 3629 primitus
3340 3557 3688 3625 illumjuxta
3720 3568 3901 3622 corpus

2225 3652 2373 3704 beati
2414 3649 2674 3705 Otlimari
2720 3651 2844 3717 ejus
2884 3646 3165 3701 desiderio
3221 3645 3479 3697 invasam
3542 3644 3899 3713 perdisceret,

2223 3744 2485 3808 porrecto
2517 3738 2623 3791 sibi
2658 3754 2803 3806 pane
2854 3736 3192 3788 festinanter
3239 3734 3319 3785 ait
3356 3750 3367 3785 :
3410 3732 3491 3786 Ad
3540 3748 3675 3784 eum
3730 3732 3899 3783 locum

2224 3828 2460 3893 tendito,
2497 3828 2553 3879 in
2583 3843 2695 3895 quo
2751 3825 2998 3895 primum
3036 3823 3200 3892 panis
3249 3821 3470 3892 coepisti
3518 3820 3732 3874 habere
3776 3817 3902 3872 desi-

2225 3918 2468 3975 derium,
2504 3914 2754 3967 fortassis
2788 3913 2942 3967 enim
2977 3914 3125 3965 Deus
3156 3912 3253 3963 illo
3287 3910 3345 3962 in
3379 3912 3499 3963 loco
3536 3925 3654 3961 suae
3690 3904 3899 3978 pietatis

2223 4004 2328 4059 tibi
2375 4003 2628 4057 conferre
2678 4001 3008 4071 dignabitur
3043 4000 3340 4052 auxilium.
3394 3998 3567 4064 Cujus
3616 4000 3898 4066 praeceptis

2224 4093 2607 4163 pauperculus
2652 4090 2923 4145 obedieus
2964 4089 3035 4142 ad
3086 4088 3376 4142 ecclesiam
3420 4085 3613 4151 rediit,
3646 4092 3701 4137 et
3753 4089 3898 4137 ante-

2225 4198 2399 4253 quam
2432 4182 2525 4234 illo
2552 4179 2892 4250 perveniret,
2938 4194 3141 4248 panem
3176 4193 3347 4247 quem
3379 4194 3411 4229 a
3444 4175 3775 4245 presbytero
3820 4186 3899 4223 ac-

3429 4265 3725 4333 lngressns
3783 4276 3899 4312 vero

2230 4359 2544 4422 ecclesiam,
2609 4358 2869 4411 celeriter
2913 4356 3186 4408 miraculo
3246 4353 3561 4422 divulgato,
3628 4368 3663 4404 a
3726 4348 3903 4403 multis

2232 4452 2560 4501 nostrorum
2594 4462 2799 4515 panem
2830 4444 3065 4513 accepit,
3098 4448 3154 4495 et
3198 4457 3387 4495 coram
3438 4440 3617 4492 sancti
3665 4439 3767 4491 viri
3801 4452 3905 4489 cor-

2232 4551 2366 4603 pore
2432 4535 2635 4587 sedens
2705 4534 2838 4585 satis
2898 4533 3056 4586 avide
3126 4529 3391 4583 comedit.
3453 4528 3562 4591 Qui
3625 4529 3902 4593 hucusque

2233 4622 2383 4691 apud
2429 4639 2532 4674 nos
2561 4621 2923 4686 constitutus,
2960 4624 3231 4672 consueto
3264 4618 3561 4671 hominum
3615 4630 3767 4669 more
3815 4629 3903 4682 pa-

2234 4726 2364 4764 nem
2405 4710 2527 4763 sine
2578 4710 2750 4764 taedio
2810 4709 3161 4762 manducat:
3209 4712 3381 4776 atque
3412 4705 3525 4759 hoc
3582 4702 3902 4757 miraculum

2237 4872 2345 4920 tate
2388 4866 2710 4930 fecundans,
2771 4863 3035 4932 stupende
3077 4865 3300 4915 virtutis
3350 4862 3656 4935 spectaculo
3690 4862 3905 4935 pingue-

2233 4952 2374 4990 scere
2388 4925 2529 5001 fecit
2563 4952 2575 4989 :
2627 4925 2708 4988 ita
2750 4925 3027 4988 dun-taxat
3063 4939 3121 4985 ut
3166 4935 3313 4986 lateat
3351 4925 3704 4985 lucernarum
3728 4925 3902 4994 fundi-

2236 5009 2374 5060 bulis
2400 5008 2615 5070 infusus
2641 5009 2697 5059 in
2727 5007 2827 5058 olei
2847 5004 3267 5058 crassitudinem
3296 5005 3587 5071 perniciter
3612 5003 3904 5071 verteretur,

2235 5084 2284 5131 et
2320 5064 2568 5146 papyrus
2608 5079 2663 5128 in
2695 5082 2871 5129 centro
2914 5079 3147 5142 positus.
3190 5064 3331 5146 velut
3372 5076 3539 5136 fomes
3599 5075 3798 5146 aruina.
3836 5064 3906 5117 vel

2235 5143 2354 5202 sevo
2396 5143 2762 5212 madefactus,
2820 5148 2977 5200 solito
3032 5148 3232 5198 clarius
3293 5145 3593 5197 lucesceret.
3663 5143 3903 5215 Denique

2238 5211 2901 5287 Gregorius'l‘uronicus
2945 5216 3243 5286 episcopus
3294 5215 3349 5266 in
3392 5214 3487 5287 lib.
3545 5230 3605 5266 ιιι
3646 5213 3716 5287 de
3751 5211 3903 5287 thra-

2236 5283 2379 5343 culis
2430 5289 2485 5342 S.
2545 5288 2788 5354 Martini,
2819 5304 2942 5356 cap.
2983 5283 3081 5355 ⁷50,
3137 5283 3336 5354 reperit
3391 5284 3529 5338 duas
3575 5283 3813 5337 candelas
3849 5290 3906 5327 ea:

2236 5376 2355 5413 cera
2390 5365 2440 5413 et
2462 5374 2674 5427 papyro
2706 5361 2993 5424 formatas.

2308 5450 2333 5490 Β
2359 5447 2623 5501 Goldasto
2652 5446 2886 5510 Elisaza,
2921 5446 2976 5499 id
3011 5450 3089 5499 est
3130 5444 3396 5509 Alesatia,
3443 5443 3699 5508 l'Alsace,
3746 5449 3907 5511 pagus

2238 5533 2336 5577 seu
2373 5518 2527 5587 regio
2547 5517 2625 5570 cis
2646 5517 2933 5583 Rhenum,
2959 5516 3176 5587 Vosego
3198 5516 3479 5586 proxima.
