4078 6180
182 311 286 361 ’789

178 437 367 490 divina
398 438 609 506 pietate
662 438 723 491 in
766 454 824 491 se
864 456 985 493 esse
1036 446 1327 509 peractum
1376 442 1498 496 viva
1559 460 1688 497 voce
1736 461 1870 515 pro-
1908 450 1955 500 Α

178 527 407 579 clamat.

854 598 1080 653 CAPUT
1108 601 1196 653 XI.

495 722 727 787 Quidam
750 722 943 776 debilis
965 727 1223 778 sanitatis
1245 728 1552 782 restitutus.

243 845 490 909 Quidam
522 847 907 915 pauperculus
936 863 1002 900 ex
1035 848 1325 901 Gallorum
1372 850 1665 918 provincia
1715 853 1876 922 geni-

169 940 281 1001 tus,
332 935 433 1004 qui
483 936 776 989 sinistrum
833 953 982 1006 genu
1035 953 1163 990 cum
1210 937 1352 1007 pede
1405 940 1642 994 tlaccido
1705 946 1762 995 et
1816 941 1876 995 in

169 1024 463 1076 sinistram
515 1028 734 1093 partem
779 1024 1003 1078 detorto
1043 1031 1397 1079 contractum
1446 1034 1616 1098 atque
1648 1046 1681 1082 a
1726 1034 1877 1083 terra

170 1111 530 1164 sublevatum
561 1129 591 1164 a
624 1110 935 1165 nativitatis
969 1129 1085 1165 sum
1118 1114 1369 1180 exordio,
1406 1116 1649 1185 ponderi
1688 1118 1875 1187 potius

170 1217 347 1270 quam
380 1200 632 1254 subsidio
663 1201 1021 1269 deportabat,
1065 1201 1284 1255 duobus
1330 1206 1730 1258 sustentaculis
1784 1206 1870 1259 in-

170 1295 257 1341 ter
289 1290 524 1341 ascellas
551 1288 839 1355 sulfultus,
884 1290 1089 1343 domus
1140 1291 1396 1345 tidelium
1453 1293 1872 1363 eleemosynam

171 1376 535 1446 quaeritando
603 1378 903 1430 circumire
962 1378 1199 1430 solebat.
1274 1379 1371 1432 llic
1427 1379 1622 1450 itaque
1673 1382 1874 1435 eodem

172 1480 347 1531 anno,
392 1467 692 1518 transactis
734 1466 1047 1519 Nativitatis
1098 1468 1406 1522 Dominica:
1455 1470 1766 1534 solemniis,
1816 1471 1875 1524 in

171 1569 322 1623 pago
353 1557 450 1622 qui
484 1554 690 1607 dicitur
720 1556 1002 1620 Linzgowe
1041 1556 1404 1622 constitutus,
1442 1556 1624 1610 virum
1671 1575 1872 1628 quem-

170 1642 304 1695 dam
338 1642 721 1696 venerabilem
754 1644 1089 1697 sacerdotali
1120 1645 1267 1697 stola
1298 1645 1564 1699 indutum
1599 1652 1653 1699 et
1687 1648 1875 1700 vultus

169 1729 474 1782 honestate
507 1730 845 1799 praeclarum
874 1730 981 1784 sibi
1007 1731 1064 1783 in
1102 1731 1315 1784 somnis
1349 1732 1632 1799 assistere,
1670 1733 1873 1804 hisque

169 1835 224 1869 se
251 1818 492 1870 vocibus
523 1818 683 1872 affari
720 1820 1007 1872 asseruit:
1055 1820 1113 1874 Si
1159 1836 1367 1886 meam,
1422 1837 1454 1874 ο
1501 1824 1870 1891 paupercule,

170 1906 533 1959 mansionem
565 1907 767 1972 adires,
802 1907 1069 1961 baculum
1101 1908 1204 1961 tibi
1237 1908 1532 1971 donarem,
1576 1913 1739 1980 cujus
1780 1912 1872 1964 ad-

168 1994 448 2047 miniculo
481 2001 852 2061 sustentatus,
888 2012 990 2064 per
1026 1997 1224 2065 inepta
1266 1997 1489 2051 viarum
1538 1999 1870 2053 discrimina

164 2082 371 2135 melius
403 2082 665 2136 incedere
706 2086 1067 2154 przevaleres.
1120 2085 1221 2139 Cui
1250 2085 1393 2140 ille:
1450 2088 1712 2153 Domine,
1767 2089 1864 2152 ait,

166 2171 528 2224 mansionem
562 2178 717 2226 tuam
751 2174 961 2233 nescio,
994 2179 1049 2226 et
1090 2174 1147 2226 in
1181 2174 1388 2245 quibus
1432 2191 1558 2229 eam
1611 2176 1866 2245 partibus

165 2275 427 2327 quaerere
459 2260 697 2314 debeam
727 2262 956 2330 penitus
984 2260 1207 2330 ignoro.
1238 2262 1362 2331 Ipse
1392 2278 1525 2315 vero
1561 2278 1572 2315 :
1610 2263 1686 2316 Ad
1732 2280 1863 2317 eum

163 2348 373 2411 lacum,
410 2348 619 2417 inquit,
666 2348 853 2418 stagni
888 2349 1056 2417 hujus
1099 2349 1485 2415 transfretare,
1529 2350 1756 2420 illisque
1804 2352 1862 2405 in

164 2437 297 2488 locis
328 2439 572 2490 solerter
604 2436 1086 2506 eaminvestigare
1100 2443 1316 2503 curato,
1353 2454 1455 2506 pro
1486 2444 1638 2491 certo
1658 2438 1859 2506 sciens,

160 2526 203 2576 si
242 2525 347 2577 illo
379 2526 727 2595 perveneris,
761 2525 912 2595 quod
945 2542 1047 2595 pro
1074 2524 1262 2578 baculi
1296 2526 1622 2595 receptione
1652 2528 1861 2594 gaude-

160 2612 284 2673 liisj
312 2614 375 2666 Et
418 2622 481 2666 ut
519 2613 739 2667 facilius
780 2630 906 2666 eam
947 2613 1205 2666 invenire
1241 2614 1453 2681 valeas,
1498 2618 1723 2667 noveris
1770 2632 1858 2668 me

159 2718 215 2753 in
265 2701 447 2754 domo
497 2702 733 2754 alterius
792 2701 975 2755 adhuc
1018 2702 1271 2771 positum
1319 2718 1459 2767 esse,
1506 2719 1570 2755 ac
1608 2704 1857 2773 proprias

160 2790 479 2843 mansionis
508 2789 897 2843 habitaculum
948 2789 1205 2844 nondum
1239 2790 1467 2844 habere.
1511 2792 1619 2844 Hac
1642 2793 1856 2846 visione

156 2892 379 2946 pauper
409 2878 503 2929 ille
531 2883 877 2942 commotus,
904 2882 1260 2947 transgresso
1291 2878 1418 2932 lacu
1449 2880 1522 2932 ad
1555 2880 1854 2949 cujusdam

154 2965 471 3035 presbyteri
503 2965 739 3019 domum
772 2966 1016 3036 quadam
1048 2966 1140 3020 die
1171 2983 1295 3020 sero
1328 2967 1602 3037 pervenit,
1629 2969 1853 3022 eadem-

154 3069 259 3122 que
288 3059 460 3106 nocte
493 3054 751 3122 praedicti
781 3054 1012 3108 habitus
1067 3055 1252 3107 virum
1302 3056 1507 3109 iterato
1552 3056 1659 3109 sibi
1708 3058 1854 3109 assi-

152 3148 423 3207 stentem,
459 3148 513 3195 et
542 3159 643 3195 cur
668 3143 867 3196 tandiu
897 3143 957 3196 in
988 3143 1267 3197 veniendo
1306 3145 1558 3198 tardaret
1606 3146 1852 3199 interro-

151 3238 390 3298 gantem
425 3231 664 3300 aspexit.
694 3232 778 3285 Ad
807 3233 969 3301 cujus
999 3231 1511 3300 interrogationem
1547 3250 1675 3286 cum
1700 3234 1851 3288 idem

150 3319 362 3372 debilis
395 3320 469 3372 ob
502 3320 758 3389 ejusdem
794 3321 903 3373 loci
937 3320 1324 3386 ignorantiam
1366 3338 1599 3392 suaeque
1648 3323 1853 3375 debili-

151 3408 280 3459 tatis
306 3408 676 3461 incommoda
708 3415 873 3461 antea
898 3426 956 3461 se
988 3426 1103 3462 non
1150 3410 1404 3479 potuisse
1458 3410 1651 3464 venire
1710 3414 1849 3464 fate-

149 3502 328 3561 retur,
393 3496 488 3549 ille
547 3497 749 3566 pedem
808 3498 931 3566 ejus
983 3498 1093 3550 nisi
1142 3499 1407 3551 celeriter
1455 3500 1524 3552 ad
1582 3500 1850 3552 eumdem

148 3585 340 3638 locum
385 3586 586 3645 adiret,
628 3602 749 3638 sese
799 3586 1156 3639 abscisurum
1203 3587 1678 3640 comminabatur.
1736 3589 1848 3641 Hu-

140 3673 473 3740 juscemodi
520 3690 656 3743 ergo
712 3674 1066 3743 jussionibus
1122 3675 1273 3728 idem
1338 3692 1556 3744 pauper
1618 3676 1850 3729 obedire

145 3769 405 3829 paratus,
458 3763 679 3815 reddita
727 3763 1063 3816 mortalibus
1112 3764 1228 3831 die,
1303 3765 1640 3834 presbytero
1700 3765 1847 3817 viam

144 3850 397 3903 dictante
426 3853 494 3903 ad
536 3852 943 3904 monasterium
976 3859 1269 3921 properat,
1295 3853 1492 3922 ibique
1513 3860 1675 3905 nocte
1702 3852 1846 3921 ipsa,

144 3956 273 4008 qua:
307 3940 484 3991 etiam
521 3948 655 3992 tunc
687 3940 982 3993 Dominica
1027 3941 1364 4007 habebatur,
1414 3941 1472 3993 in
1524 3940 1848 4010 vigiliarum

142 4028 631 4081 celebratiouibus
658 4028 859 4082 devote
893 4034 1209 4097 pernoctat.
1246 4029 1409 4082 Facto
1442 4034 1628 4081 autem
1654 4045 1842 4095 mane,

144 4126 266 4183 post
301 4116 608 4168 recitatum
646 4116 705 4168 in
756 4117 981 4185 publica
1010 4126 1033 4149 ³
1081 4116 1253 4169 missa
1285 4117 1681 4187 Evangelium,
1713 4134 1841 4170 cum

143 4204 206 4255 ad
257 4204 476 4273 gradus
506 4220 652 4274 quos
680 4221 836 4256 sacro
883 4205 1075 4274 copori
1107 4205 1410 4274 contiguos
1459 4221 1577 4257 esse
1629 4222 1841 4258 memo-

142 4294 398 4345 ravimus
443 4292 754 4357 deveniret,
811 4309 1115 4345 nervorum
1170 4300 1339 4363 atque
1384 4309 1653 4346 venarum
1707 4295 1841 4363 jun-

141 4394 320 4433 crura:
387 4386 556 4450 rupta
611 4386 757 4447 cute,
815 4397 876 4435 ac
933 4398 1063 4435 mox
1123 4382 1506 4452 subsequente
1566 4384 1844 4451 sanguine

140 4471 513 4539 franguntur,
548 4474 604 4522 et
640 4470 892 4522 membra
926 4470 1021 4523 diu
1053 4475 1347 4523 contracta
1392 4470 1601 4524 divina:
1642 4488 1845 4540 opera-

139 4555 314 4608 tionis
344 4556 551 4609 etfectu
583 4556 768 4609 subito
802 4558 1187 4628 corriguntur.
1225 4559 1479 4621 Quorum
1523 4559 1851 4613 tensionem'

140 4650 311 4714 atque
346 4642 656 4697 fracturam
690 4662 840 4715 aeger
870 4646 989 4715 ipse
1038 4647 1183 4700 ferre
1229 4664 1344 4699 non
1395 4648 1732 4716 praevalens,
1785 4648 1844 4700 in

141 4732 279 4801 ipsis
301 4732 581 4802 gradibus
611 4733 845 4797 corruit,
880 4734 1293 4804 horrendisque
1326 4734 1556 4788 vocibus
1604 4741 1846 4803 perstre-

138 4835 281 4887 pens
310 4837 515 4874 omnes
569 4821 626 4874 in
674 4822 936 4875 ecclesias
967 4827 1153 4875 tan-tas
1208 4824 1536 4893 perterruit.
1585 4824 1842 4886 Quorum

138 4909 379 4977 plurimi
412 4914 813 4963 concurrentes
841 4926 971 4964 eum
1004 4911 1275 4964 continuo
1332 4913 1707 4978 sustulerunt,
1756 4929 1844 4965 co-

136 4998 424 5067 gnitoque
459 4999 735 5051 miraculo
786 4999 1168 5068 omnipotenti
1219 5001 1331 5052 Deo
1364 5000 1581 5053 debitas
1626 5001 1839 5070 gratia-

135 5100 265 5138 rum
295 5086 556 5140 actiones
589 5088 931 5141 retulerunt.
969 5089 1193 5157 Pauper
1222 5096 1414 5141 autem
1451 5088 1569 5159 ipse
1602 5090 1841 5142 eductus

133 5173 201 5226 de
241 5175 505 5241 ecclesia,
556 5190 659 5244 per
704 5182 1029 5246 temporum
1081 5183 1374 5230 momenta
1420 5178 1728 5237 convaluit.
1786 5182 1840 5230 et

136 5270 262 5330 post
294 5263 522 5333 aliquot
554 5263 675 5317 dies
700 5280 868 5317 sanus
902 5265 1250 5318 monasterio
1280 5264 1553 5318 discessit.

198 5427 225 5451 ³
255 5418 709 5473 Conventnalem
742 5419 855 5473 sive
887 5420 1199 5474 solemnem
1229 5437 1497 5475 vocamus
1530 5422 1675 5475 hanc
1706 5422 1841 5475 mis-

134 5504 279 5561 sam,
312 5505 445 5561 qua:
493 5490 715 5561 publica
767 5491 1019 5561 antiquis
1069 5491 1384 5556 dicebatur,
1444 5494 1503 5545 in
1562 5494 1706 5546 libro
1770 5495 1839 5547 de

135 5557 420 5612 Miraculis
450 5557 846 5623 SIBercharii,
883 5557 1042 5616 rium.
1104 5565 1189 5627 l9,
1241 5564 1446 5616 sreculo
1503 5580 1567 5628 u;
1622 5563 1840 5633 privata

1254 274 1759 369 DEIMIRACULIS
1798 314 1851 368 s.
1896 316 2229 371 OTHMARI.
2267 349 2333 356 -
2366 318 2494 373 LIB.
2539 322 2559 373 1

3583 331 3684 381 790

2646 456 2870 510 CAPUT
2910 459 3023 513 XII.

2355 543 2536 596 Mutus
2568 545 2823 613 loquendi
2850 549 3028 613 ofﬁcio
3063 549 3311 603 donatus.

2058 648 2189 700 Post
2218 648 2473 701 sanitatis
2506 650 2676 720 hujus
2708 651 3068 719 miraculum,
3103 660 3298 708 exacto
3334 655 3510 709 trium
3538 657 3678 711 heb-

1986 735 2363 791 domadarum
2390 739 2595 808 spatio,
2630 745 2820 792 mutus
2860 742 3090 811 quidam
3127 742 3182 795 in
3232 744 3415 797 vicino
3466 748 3684 799 territo-

1986 824 2072 879 rio
2103 832 2268 878 natus
2297 828 2477 896 latque
2518 828 2788 893 nutritus,
2831 846 3001 899 quem
3061 831 3222 884 multi
3274 838 3600 887 nostrorum
3652 854 3685 888 a

1986 913 2259 983 primaeva
2288 920 2450 968 mtate
2494 916 2798 969 locutionis
2849 918 3036 970 oflicio
3079 927 3350 974 noverant
3399 939 3518 975 esse
3565 924 3678 992 pri-

1986 1012 2200 1067 vatum,
2266 1003 2321 1055 in
2374 1004 2672 1057 Dominica
2732 1004 2930 1057 itidem
2988 1006 3077 1059 die
3150 1007 3206 1059 in
3265 1012 3679 1065 monasterium

1985 1103 2306 1158 aggressus,
2338 1090 2403 1143 ad
2444 1108 2651 1161 corpus
2700 1092 2754 1146 S.
2790 1093 3046 1147 Othmari
3089 1096 3344 1161 accessit,
3402 1105 3458 1151 et
3499 1102 3678 1169 quod-

1986 1178 2114 1230 dam
2148 1178 2251 1230 lini
2278 1178 2572 1247 globulum
2606 1181 2713 1249 pia:
2744 1181 3063 1235 devotionis
3108 1185 3319 1237 intuitu
3367 1186 3489 1255 ejus
3536 1203 3681 1241 arcas

1985 1267 2367 1334 superposuit.
2403 1267 2523 1330 Quo
2551 1268 2712 1330 facto,
2768 1269 3067 1322 subitaueo
3129 1272 3375 1341 quodam
3430 1274 3682 1344 impulsu

1986 1369 2114 1406 cum
2168 1354 2375 1407 exstasi
2422 1356 2632 1409 mentis
2683 1362 3006 1411 terratenns
3067 1359 3341 1430 dejectns,
3392 1362 3681 1417 dissolutis

1984 1441 2196 1511 linguai
2225 1444 2550 1497 retinaculis
2581 1445 2877 1515 sanguinis
2907 1448 3129 1517 c0piam
3173 1466 3234 1501 ex
3268 1466 3364 1502 ore
3403 1452 3675 1520 profudit.

1985 1531 2163 1594 Quem
2200 1531 2314 1584 suis
2348 1533 2468 1602 ipse
2504 1534 2765 1587 manibus
2794 1552 2861 1587 ne
2900 1535 2959 1588 in
3004 1536 3250 1590 basilicae
3284 1540 3677 1607 pavimentum

1984 1619 2208 1673 caderet
2254 1621 2582 1690 suscipiens,
2637 1623 2907 1677 continuo
2960 1629 3116 1678 extra
3163 1626 3457 1680 ecclesiam
3504 1630 3681 1698 proje-

1915 1728 1955 1781 Β
1984 1707 2075 1761 cit.
2100 1708 2303 1779 Sicque
2335 1710 2557 1779 ingenti
2584 1711 2891 1765 formidine
2921 1717 3092 1782 atque
3125 1718 3343 1768 terrore
3390 1731 3675 1784 pervasus,

1985 1798 2201 1850 nemini
2234 1799 2384 1868 quod
2433 1798 2541 1851 sibi
2585 1806 2851 1852 evenerat
2894 1800 3274 1863 innotescens,
3331 1819 3460 1855 cum
3518 1804 3674 1857 omni

1980 1885 2343 1941 festinatione
2371 1888 2718 1942 monasterio
2751 1888 3093 1957 digreditur,
3129 1895 3186 1943 et
3206 1891 3278 1944 ad
3312 1891 3671 1946 mansionem

1980 1989 2140 2027 suam
2174 1975 2284 2027 cito
2316 1976 2672 2045 perveniens,
2705 1979 2905 2031 collata
2939 1978 3045 2031 sibi
3089 1980 3359 2049 loquendi
3408 1980 3674 2034 facultate

1977 2079 2108 2116 suos
2138 2063 2351 2117 ibidem
2386 2070 2550 2117 notos
2574 2082 2703 2118 cum
2734 2067 2945 2135 gaudio
2994 2068 3322 2137 alloquitur.
3376 2068 3556 2132 Quem
3611 2076 3672 2123 ut

1977 2153 2086 2222 ipsi
2129 2154 2454 2224 loquentem
2494 2155 2725 2225 suisque
2765 2156 3308 2225 interrogationibus
3328 2159 3673 2227 responden-

1974 2245 2089 2294 tem
2135 2243 2462 2307 audierunt,
2513 2260 2628 2296 non
2669 2244 2909 2297 minima
2973 2234 3355 2298 admiratione
3425 2246 3671 2315 permoti

1975 2329 2081 2382 hoc
2122 2329 2459 2384 miraculum
2492 2332 2711 2385 caeteris
2758 2333 3063 2386 indicando
3104 2334 3364 2387 celeriter
3416 2335 3670 2404 divulga-
3745 2328 3762 2347 ’

1972 2424 2197 2471 verunt.
2231 2420 2372 2472 'I‘um
2413 2436 2545 2472 vero
2586 2437 2652 2487 es
2697 2422 2954 2491 ejusdem
2997 2423 3100 2475 loci
3142 2422 3341 2475 incolis
3385 2422 3668 2492 plurimos

1974 2506 2271 2577 utriusque
2317 2525 2482 2561 sexus
2520 2510 2577 2562 in
2626 2526 2803 2563 unum
2839 2511 3172 2576 convenire,
3217 2515 3271 2563 et
3318 2512 3390 2565 ob
3438 2528 3666 2566 conces-

1970 2610 2091 2648 sam
2125 2602 2282 2648 muto
2325 2596 2613 2667 loquelam
2644 2597 3061 2668 obstupescere,
3095 2598 3401 2669 ipsumque
3442 2599 3499 2652 in
3546 2600 3668 2653 illo—

1970 2697 2098 2735 rum
2132 2684 2319 2737 medio
2350 2686 2598 2753 positum
2631 2686 2920 2755 quomodo
2966 2686 3073 2739 sibi
3118 2687 3446 2757 contigerit,
3479 2693 3536 2741 et
3570 2689 3666 2742 ubi

1968 2770 2054 2822 vel
2087 2770 2317 2840 quando
2366 2770 2564 2841 lingua
2604 2773 2725 2841 ejus
2756 2773 2941 2826 soluta
2973 2773 3164 2837 fuerit,
3198 2789 3458 2827 cerneres
3498 2791 3663 2827 enar-

1966 2873 2110 2911 rare.
2146 2859 2416 2929 Sequenti
2446 2866 2637 2913 autem
2671 2861 2760 2914 die
2791 2862 3027 2914 clericus
3071 2862 3306 2932 quidam
3347 2880 3411 2915 ex
3458 2862 3660 2916 eodem

1963 2946 2088 2999 loco
2137 2947 2299 3000 illum
2356 2965 2648 3001 assumens
2696 2950 2764 3002 ad
2829 2949 3238 3003 monasterium
3302 2950 3538 3009 reduxit.
3608 2956 3662 3004 et

1893 3021 1933 3075 Ο
1964 3035 2135 3104 hujus
2168 3037 2247 3088 rei
2276 3036 2570 3090 veritatem
2599 3054 2699 3106 per
2730 3038 2988 3091 ordinem
3021 3038 3186 3091 nobis
3224 3038 3514 3092 indicavit.

2609 3144 2831 3197 CAPUT
2869 3145 3009 3197 XIII.

1964 3232 2216 3285 Membris
2292 3232 2534 3285 omnibus
2605 3249 2640 3285 α
2706 3213 2997 3286 παιὶυἰεαῖθ
3076 3238 3385 3287 contractus
3451 3236 3657 3287 meritis
3732 3300 3739 3305 Ι

2547 3306 2724 3357 sancti
2758 3306 3073 3369 corrigitur.

2037 3408 2245 3461 Eodem
2299 3424 2450 3460 anno
2510 3408 2593 3460 vir
2636 3409 2893 3478 quidam,
2948 3408 3083 3462 civis
3131 3410 3650 3476 Aurelianensium,

1962 3497 2268 3565 puerulum
2302 3496 2567 3549 omnibus
2602 3513 2744 3566 pene
2777 3498 3168 3551 membrorum
3191 3498 3477 3567 juncturis
3519 3515 3655 3552 con-

1959 3590 2204 3637 tractum
2257 3589 2425 3654 atque
2474 3586 2901 3654 conglobatum,
2937 3587 3046 3655 pias
3079 3587 3395 3639 devotionis
3443 3587 3653 3640 intuitu

1959 3689 2133 3741 parvo
2187 3673 2449 3726 vehiculo
2499 3673 2858 3743 impositum,
2916 3676 3086 3729 modo
3131 3676 3429 3743 trahendo,
3481 3677 3653 3730 modo

1958 3777 2149 3813 coram
2183 3778 2240 3813 se
2284 3762 2653 3829 impellendo,
2705 3767 2826 3815 tum
2869 3763 3041 3815 etiam
3095 3765 3345 3834 propriis
3399 3766 3653 3818 humeris

1958 3850 2250 3919 gestando,
2274 3850 2513 3903 Romam
2540 3850 2822 3919 perduxit.
2860 3852 3058 3904 Paucis
3086 3853 3306 3905 dierum
3355 3853 3653 3906 curriculis

1957 3937 2169 3990 ibidem
2203 3938 2410 3991 exactis
2440 3938 2572 3990 inde
2604 3938 2929 3999 revertitur,
2964 3945 3134 4009 atque
3168 3944 3254 4008 (ut
3295 3956 3360 3992 ex
3397 3941 3517 4009 ejus
3553 3957 3649 3993 ore

1955 4026 2274 4081 didicimus)
2310 4025 2708 4080 Alamanniam
2744 4033 2954 4097 petere,
2987 4034 3044 4081 et
3073 4028 3126 4081 S.
3172 4028 3313 4081 Galli
3364 4034 3641 4081 monaste~

1956 4116 2105 4168 rium
2151 4115 2309 4168 adire
2357 4122 2523 4168 noctu
2559 4116 2619 4169 in
2656 4116 2873 4169 visione
2936 4122 3352 4170 comnionetur.
3406 4118 3506 4171 Cui
3556 4118 3649 4170 ille

1957 4204 2159 4257 visioni
2220 4220 2473 4257 annuere
2521 4205 2871 4263 desiderans.
2923 4205 3205 4258 laborioso
3259 4205 3394 4258 satis
3437 4213 3646 4259 conatu

1951 4292 2092 4361 juga
2121 4292 2351 4362 Alpium
2384 4297 2635 4362 superat,
2672 4297 2726 4345 et
2757 4294 3003 4362 quadam
3038 4294 3128 4347 die
3160 4293 3503 4347 imminente
3526 4295 3646 4364 jam

1958 4396 2191 4450 vespera
2221 4381 2318 4431 diu
2362 4380 2745 4433 desideratum
2778 4382 2956 4434 lassus
3008 4383 3327 4452 ingreditur
3378 4392 3649 4438 monaste-

1956 4468 2125 4522 rium.
2183 4469 2290 4531 Qui
2347 4469 2517 4522 ctiam
2594 4470 2652 4522 in
2706 4470 2827 4539 ipso
2891 4470 3094 4523 itinere
3158 4478 3297 4540 quot
3358 4473 3648 4525 molestias

1954 4563 2161 4627 quotve
2197 4557 2695 4611 incommodorum
2749 4560 3047 4627 pertulerit
3102 4561 3419 4629 angustias,
3478 4566 3646 4613 testes

1954 4644 2187 4697 fuerunt
2238 4645 2480 4710 humeri,
2544 4661 2687 4714 quos
2752 4646 3003 4698 vectibus
3070 4645 3325 4714 ejusdem
3401 4648 3645 4701 vehiculi

1953 4735 2092 4787 adeo
2128 4734 2347 4786 attritos
2379 4751 2499 4786 esse
2542 4735 2946 4805 comperimus,
2987 4741 3047 4787 ut
3109 4735 3272 4788 multi
3320 4742 3643 4789 nostrorum

1950 4823 2121 4876 callos
2170 4823 2228 4874 in
2283 4824 2363 4875 eis
2415 4823 2646 4876 duratos
2696 4840 2815 4875 esse
2875 4825 3283 4893 perspicrrent.
3345 4826 3402 4876 In
3460 4826 3645 4893 primo

1949 4912 2127 4982 igitur
2155 4911 2402 4964 basilicae
2444 4912 2703 4980 ingressu
2747 4911 2815 4964 ad
2860 4928 3065 4981 corpus
3115 4914 3170 4965 Β.
3223 4914 3479 4967 Othmari
3515 4928 3643 4981 pcr-

1948 4999 2200 5065 veniens,
2233 5015 2375 5069 puer
2406 4999 2524 5069 ipse
2559 5000 2928 5053 tendentibus
2961 5017 3080 5052 sese
3113 5015 3452 5069 compagem
3504 5000 3639 5052 reti-

1949 5087 2169 5140 naculis
2203 5086 2463 5139 vehiculo
2508 5087 2776 5140 decidens
2808 5088 2866 5140 iu
2915 5089 3307 5159 pavimentum
3357 5088 3642 5156 provolvi~

1949 5181 2059 5243 tur,
2106 5181 2161 5228 et
2200 5175 2428 5228 vocibus
2472 5176 2778 5230 horrendis
2827 5182 2969 5229 tecta
3021 5177 3269 5229 ecclesiae
3328 5177 3639 5244 complens,

1948 5263 2127 5316 nimio
2161 5279 2219 5315 se
2249 5263 2446 5316 dolore
2466 5264 2656 5333 urgeri
2688 5264 2920 5317 insolito
2950 5264 3211 5317 clamoris
3241 5264 3480 5333 strepitu
3518 5280 3646 5333 pro-

1950 5439 2081 5476 vero
2110 5424 2286 5476 minor
2316 5439 2730 5494 nonnunquam
2767 5422 3091 5485 vocabatur,
3146 5422 3200 5474 in
3236 5422 3378 5475 libro
3419 5423 3487 5475 de
3540 5424 3628 5477 Mi.

1947 5494 2152 5547 raculis
2181 5494 2238 5548 S.
2272 5494 2627 5559 Columbam,
2653 5510 2775 5563 cap.
2812 5498 2861 5546 7.
