4038 6174
389 294 486 347 ’791

1587 288 1809 344 ISONIS
1845 288 2341 345 SANGALLENSIS
2378 287 2691 343 MONACHI

3748 291 3827 341 792

388 432 645 481 testatur.
673 425 871 481 Senior
915 429 1109 479 autem
1155 428 1352 477 noster
1385 424 1710 478 Grimaldus
1739 424 1827 477 his
1875 424 2074 478 diebus
2113 427 2156 477 Λ
2186 423 2363 477 ciunt.
2403 426 2530 477 Post
2561 424 2793 493 longam
2825 422 3219 492 hujuscemodi
3266 422 3614 475 vexationem
3648 424 3831 477 sinistra

391 516 452 569 in
473 514 818 568 monasterio
850 514 1071 582 positus
1103 528 1230 565 cum
1260 512 1382 581 ipsa
1416 512 1553 565 hora
1586 528 1704 580 pra:
1735 512 1955 566 foribus
1994 512 2087 565 ba-

391 603 560 657 silicae
600 603 745 656 infra
768 603 1078 655 claustrum
1112 600 1465 665 consisteret,
1510 600 1706 654 audito
1754 600 2087 670 huiusmodi

392 690 631 760 strepitu
665 691 1032 744 Salomonem
1079 689 1408 757 episcopum
1444 705 1554 741 una
1604 705 1733 741 cum
1786 690 2088 757 Augiensis

392 779 639 833 cmnobii
686 780 912 846 abbate,
951 779 1051 847 qui
1100 779 1221 847 ipso
1272 778 1361 831 die
1417 778 1629 830 ibidem
1680 782 2085 842 convenerant,

392 882 583 918 secum
635 882 947 931 assumens,
1010 866 1302 918 ecclesiam
1348 866 1538 928 intrat,
1588 882 1933 936 causamque
1971 872 2085 920 tam

392 954 667 1007 horrendi
723 960 894 1023 atque
946 953 1157 1005 insoliti
1223 952 1487 1004 clamoris
1534 952 1867 1021 interrogat.
1942 952 2086 1017 Quid

398 1042 595 1113 plura?
643 1041 891 1095 Abbates
945 1056 1074 1093 cum
1134 1041 1402 1109 episcopo
1481 1040 1714 1109 propius
1791 1041 2085 1104 accedunt,

395 1130 572 1184 flebili
606 1132 821 1183 ululatu
852 1145 1098 1197 puerum
1134 1130 1242 1181 huc
1276 1130 1523 1199 illucque
1546 1130 1600 1180 iu
1636 1128 1959 1198 pavimento
1992 1145 2089 1179 vo-

396 1218 567 1271 lutari
619 1223 883 1277 cernunt,
938 1234 1111 1287 seque
1156 1216 1343 1286 ipsum
1369 1216 1616 1287 propriis
1663 1217 1951 1286 unguibus
1998 1233 2091 1269 co-

396 1312 564 1377 gente
596 1306 860 1359 molestia
909 1307 1156 1359 lacerare
1189 1310 1243 1357 et
1287 1306 1451 1374 quasi
1500 1306 1825 1375 discerpere
1878 1306 2094 1375 perspi-

2197 528 2399 566 manus
2426 513 2484 566 in
2516 513 2701 565 volam
2725 515 3014 564 contracta
3046 510 3389 575 extenditur,
3438 511 3710 563 incurvata
3736 527 3832 565 cer-

2194 602 2282 655 vix
2316 602 2604 671 erigitur:
2640 602 2936 654 sinistrum
2977 616 3208 670 quoque
3250 616 3402 667 genu
3453 616 3575 652 cum
3618 601 3742 669 pede
3784 603 3836 655 ad

2196 691 2394 745 tibiam
2441 691 2707 759 supinato
2748 691 2989 744 lﬂXilltlt‘,
3040 694 3093 742 ρι
3142 689 3336 757 planta
3388 689 3545 758 pedis
3592 689 3750 741 dextri
3787 691 3839 742 ab

2197 780 2333 848 ipsis
2379 779 2607 831 natibus
2666 779 2874 848 quibus
2914 779 3192 848 impiessa
3256 778 3459 842 fuerat,
3511 776 3677 829 fracto
3724 794 3840 847 genu

2198 884 2325 921 cum
2360 866 2655 937 sanguinis
2686 867 2962 920 effusione
3018 865 3343 935 prosiliens,
3395 863 3656 934 episcopo
3708 866 3843 918 etiam

2197 962 2415 1009 astante
2465 956 2860 1025 hymnumque
2912 959 2983 1008 Te
3043 955 3217 1007 Deum
3277 954 3561 1006 laudamus
3626 960 3843 1017 canente,

2197 1044 2523 1114 corrigitur.
2550 1045 2607 1095 ln
2636 1058 2899 1113 processu
2935 1059 3070 1112 ergo
3112 1042 3390 1111 temporis
3440 1057 3583 1110 puer
3611 1041 3719 1109 ipse
3754 1057 3844 1093 am-

2201 1135 2396 1187 bulare
2436 1133 2625 1200 coepit,
2676 1137 2727 1184 et
2778 1130 2948 1184 modo
3000 1132 3057 1183 in
3111 1130 3460 1183 monasterio
3512 1130 3666 1182 novis
3716 1136 3847 1183 utens

2202 1221 2513 1291 gressibus,
2546 1219 2716 1288 hujus
2755 1218 3019 1271 miraculi
3050 1218 3289 1271 idoneus
3318 1218 3475 1270 testis
3515 1217 3708 1269 existit.

1740 1549 2024 1621 LIBER
2082 1548 2606 1620 SECUNDUS.

1050 1760 1434 1814 PREFATIO.

397 1880 468 1931 De
488 1878 768 1931 miraculis
798 1892 918 1945 quae
945 1881 1066 1935 post
1086 1878 1341 1928 iteratam
1384 1876 1563 1929 sancti
1610 1876 1860 1930 0thmari
1912 1880 2091 1928 trans-

660 1948 916 2003 lationem
948 1950 1007 2000 in
1036 1946 1152 2015 ejus
1184 1947 1409 2000 basilica
1431 1951 1557 1999 sunt
1585 1951 1816 1999 ostensa.

467 2062 655 2116 Sancti
709 2061 886 2115 Patris
942 2060 1119 2114 nostri
1188 2060 1461 2113 miracula
1513 2060 1789 2113 hactenus
1840 2076 1872 2112 a
1928 2059 2093 2113 nobis

397 2151 495 2204 vili
526 2166 859 2204 sermonum
885 2149 1175 2202 schemate
1209 2150 1449 2218 prolata,
1503 2164 1833 2219 quanquam
1869 2148 2092 2201 lectori-

395 2241 502 2294 bus
539 2238 829 2293 benevolis
876 2238 947 2292 ad
980 2238 1319 2291 declaranda
1351 2238 1664 2290 sanctitatis
1714 2241 1836 2305 ejus
1887 2254 2095 2306 praeco-

397 2329 493 2382 nia
524 2328 785 2381 sufﬁcere
816 2342 931 2380 non
964 2326 1311 2393 dubitemus,
1350 2332 1543 2379 tamen
1580 2326 1714 2396 quia
1754 2327 2002 2380 basilicae
2035 2326 2094 2379 in

399 2416 521 2484 ejus
552 2417 827 2470 honorem
868 2414 1216 2467 aedificandae
1252 2415 1423 2483 paulo
1468 2415 1732 2484 superius
1757 2415 1973 2468 mentio
2014 2414 2097 2467 in-

400 2506 556 2568 cidit,
593 2504 843 2573 qualiter
872 2509 1101 2571 peracta
1133 2503 1256 2569 ejus
1286 2503 1710 2555 constructione
1756 2508 1983 2555 sanctus
2012 2504 2097 2555 vir

401 2594 462 2647 in
493 2608 620 2645 eam
651 2592 959 2644 translatus
991 2591 1179 2649 fuerit,
1217 2590 1426 2660 quibus
1462 2590 1867 2643 miraculorum
1904 2597 2095 2643 osten-

402 2682 660 2736 sionibus
706 2679 1061 2732 sanctitatem
1114 2679 1235 2747 ejus
1288 2678 1480 2731 divina
1534 2679 1835 2731 clementia
1884 2679 2095 2733 ibidem

402 2776 599 2841 postea
631 2766 1095 2827 manifestaverit,
1146 2783 1214 2819 ne
1255 2766 1541 2819 oblivione
1586 2767 1918 2836 depereant,
1972 2785 2096 2820 suc-

402 2856 722 2911 cessoribus
794 2857 1001 2907 nostris
1066 2855 1316 2909 breviter
1374 2855 1705 2909 contradere
1768 2856 1922 2917 libet,
1980 2872 2096 2909 non

403 2961 679 3014 pomposa
727 2943 1029 2996 verborum
1087 2943 1485 3013 complexione
1525 2960 1934 3012 supervacuam
1987 2946 2100 2997 lau-

402 3033 659 3086 dantium
718 3032 959 3102 gloriam
1020 3037 1390 3101 aucupantes,
1428 3032 1524 3085 sed
1561 3033 1842 3086 dictorum
1874 3038 2095 3086 tantum
2136 3044 2175 3099 (ζ

406 3122 571 3175 modo
592 3121 951 3190 simplicitate
967 3121 1261 3174 veritatem
1282 3136 1475 3173 rerum
1502 3122 1893 3189 quaerentibus
1908 3127 2099 3175 osten-

403 3212 537 3265 dere
566 3211 878 3280 cupientes.
913 3210 1107 3279 Neque
1150 3198 1313 3261 enim
1365 3215 1596 3274 nostrze,
1647 3210 1743 3262 sed
1796 3210 1948 3263 illius
1996 3227 2098 3263 nos

405 3300 605 3369 gloriae
665 3299 849 3369 potius
910 3297 1141 3350 studere
1204 3296 1494 3363 condecet,
1566 3298 1666 3367 qui
1739 3299 1930 3351 electis
1986 3300 2101 3352 suis

406 3388 595 3458 primo
630 3387 846 3440 bonum
895 3387 1057 3449 velle,
1113 3384 1320 3437 deinde
1374 3385 1572 3438 tribuit
1630 3386 1920 3451 inchoare,
1979 3395 2100 3441 tum

408 3477 579 3530 etiam
616 3475 762 3527 vires
798 3473 1075 3542 implendi
1108 3488 1436 3542 suggerere,
1484 3490 1548 3526 ac
1596 3482 1883 3543 postremo
1930 3477 2105 3545 digna

411 3582 507 3618 eos
537 3563 794 3616 mercede
826 3578 1224 3625 remunerans,
1262 3562 1622 3615 sanctitatem
1674 3580 1873 3616 eorum
1923 3565 2105 3618 virtu-

414 3652 563 3705 tibus
593 3656 648 3702 et
675 3649 854 3718 signis
884 3654 1149 3717 patenter
1183 3648 1455 3719 dignatur
1486 3652 1805 3705 ostendere.
1840 3652 2103 3722 Quapro-

410 3748 538 3810 pter
568 3739 752 3808 ipsum
790 3753 892 3807 per
917 3737 1113 3789 omnia
1142 3737 1318 3791 totius
1364 3738 1502 3791 boni
1540 3739 1758 3793 fontem
1791 3741 2098 3795 bonorum-

411 3844 521 3898 que
544 3827 804 3880 omnium
838 3826 1168 3894 largitorem
1209 3826 1268 3879 in
1311 3826 1461 3879 beati
1502 3829 1679 3897 patris
1712 3830 1891 3882 nostri
1932 3830 2106 3883 mira-

409 3918 553 3969 culis
576 3916 808 3969 laudare
838 3914 1251 3980 desideramus,
1286 3915 1611 3969 Davidicum
1644 3918 1785 3970 illud
1814 3918 2104 3972 dicentes:

412 4008 530 4061 Non
560 4006 727 4067 nobis,
770 4005 1015 4068 Domine,
1048 4018 1155 4057 non
1184 4004 1356 4062 nobis.
1389 4004 1483 4057 sed
1515 4005 1730 4059 nomini
1757 4011 1846 4059 tuo
1877 4006 1951 4060 da
1994 4009 2107 4075 glo-

414 4097 556 4147 riam
580 4093 755 4162 (Psal.
785 4096 960 4158 exui).

974 4197 1199 4251 CAPUT
1241 4198 1532 4251 PRIMUM.

416 4317 489 4367 De
517 4314 691 4380 ipsius
737 4313 964 4364 ecclesiae
1012 4313 1421 4384 consecratione,
1482 4317 1531 4364 ct
1584 4313 1845 4384 quomodo
1882 4316 1940 4367 in
1991 4316 2113 4384 ipsa

487 4384 843 4507 gauséatione
908 4387 1088 4435 mutus
1150 4382 1375 4450 quidam
1429 4383 1685 4449 loquendi
1747 4400 1963 4438 munere
2009 4382 2113 4441 _sit

531 4468 635 4507 ona
662 4467 744 4507 us.
1004 4468 1005 4471 ‘

531 4467 744 4507 onatus.
1004 4468 1005 4471 “

493 4588 623 4639 Post
650 4583 1081 4637 translationem
1114 4584 1294 4655 igitur
1329 4601 1503 4655 supra
1543 4590 1941 4653 memoratam,
1977 4602 2107 4641 evo-

421 4674 555 4727 lutis
586 4672 761 4726 trium
794 4688 938 4741 pene
996 4690 1282 4727 annorum
1329 4674 1547 4744 spatiis,
1601 4691 1731 4728 cum
1778 4675 1931 4729 beati
1973 4676 2112 4731 Oth-

422 4762 565 4816 mari
613 4760 846 4815 basilica
905 4761 1108 4814 studiis
1156 4764 1354 4815 devote
1402 4780 1529 4815 eam
1575 4764 1985 4817 mdilicantium
2024 4765 2115 4817 de-

419 4856 615 4905 center
640 4851 759 4919 jam
801 4849 1047 4919 perfecta
1084 4848 1301 4915 fuisset,
1330 4851 1523 4903 senior
1570 4858 1763 4905 noster
1793 4851 2115 4905 Grimaldus

423 4937 682 4994 Ludovici
728 4937 874 5007 regis
915 4936 1427 5005 archicapellanus,
1481 4940 1783 5008 praefatum
1839 4941 2113 4995 Constan-

423 5028 619 5083 tieusis
670 5025 925 5080 Ecclesia:
971 5024 1277 5095 praesulem
1323 5028 1394 5079 ad
1434 5030 1759 5097 peragenda
1814 5044 2115 5082 consecra-

422 5116 594 5172 tionis
627 5116 750 5183 ejus
777 5112 1055 5167 solemnia
1086 5114 1497 5167 monasterium
1529 5115 1729 5170 itidem
1783 5117 1977 5171 venire
2024 5132 2113 5169 ro-

426 5206 598 5275 gavit.
657 5201 818 5267 Quod
851 5200 986 5254 dum
1034 5200 1188 5254 fama
1234 5201 1506 5271 vulgante
1557 5204 1783 5273 pOpulis
1828 5205 1887 5257 in
1936 5204 2118 5258 vicino

496 5371 520 5395 ⁸
574 5361 839 5416 Goldasto
895 5361 1209 5432 Aragoewe.
1268 5360 1385 5412 Huc
1443 5360 1575 5414 facit
1630 5363 1999 5432 llepidannus
2059 5364 2121 5417 in

428 5432 551 5483 Vita
582 5433 636 5484 S.
665 5431 977 5484 Wiboradaa
1008 5431 1106 5484 lib.
1147 5448 1202 5495 ιι,
1237 5447 1359 5500 cap.
1397 5436 1448 5495 tl,
1478 5434 1535 5484 in
1570 5431 1724 5501 pago
1747 5436 1843 5502 qui
1872 5437 2122 5500 Erigowe

428 5507 793 5568 nuncupatur,
843 5518 997 5570 quem
1046 5503 1245 5556 Araris
1265 5504 1464 5570 ﬂuvius
1508 5518 1575 5557 ea:
1621 5518 1725 5558 uno
1773 5506 1937 5558 latere
1974 5521 2117 5574 prae-

2138 1760 2179 1813 B
2210 1758 2405 1828 positis
2464 1763 2823 1827 compertum
2882 1758 3083 1812 fuisset
3134 1758 3395 1812 videlicet
3425 1758 3584 1829 quod
3652 1764 3855 1819 sanctus,

2201 1847 2285 1899 vir
2316 1847 2384 1899 de
2431 1847 2663 1899 basilica
2692 1847 2746 1900 S.
2798 1848 2942 1901 Galli
2986 1847 3047 1900 in
3090 1864 3256 1900 suum
3315 1846 3702 1916 deportandus
3746 1852 3860 1897 esset

2202 1935 2532 1999 oratorium,
2568 1935 2738 1987 sacris
2769 1935 2890 2003 ejus
2923 1935 3204 2005 exsequiis
3244 1936 3525 1988 interesse
3586 1933 3856 2003 cupientes,

2202 2023 2614 2077 monasterium
2646 2024 2976 2077 catervatim
3014 2024 3172 2076 adire
3215 2027 3536 2092 creperum.
3597 2021 3859 2091 Episcopus

2204 2117 2391 2164 autem
2425 2111 2515 2165 die
2542 2117 2751 2164 statuto
2783 2112 3212 2181 superveniens,
3247 2111 3548 2163 ecclesiam
3592 2110 3691 2162 sub
3720 2108 3861 2176 ipsius

2204 2198 2436 2250 nomine
2460 2198 2793 2250 solemnitcr
2824 2196 3120 2262 dedicavit,
3157 2213 3217 2248 ac
3267 2195 3475 2249 deinde
3529 2194 3724 2246 sacrati
3766 2207 3858 2244 cor-

2204 2285 2358 2355 poris
2391 2287 2645 2339 membra
2678 2302 3000 2355 aggressus,
3049 2285 3326 2354 quasdam
3377 2300 3442 2336 ex
3491 2301 3560 2335 eo
3604 2280 3862 2353 particulas

2204 2391 2308 2444 pro
2361 2373 2616 2443 reliquiis
2656 2374 2924 2441 deinceps
2975 2371 3369 2425 condonaudis
3418 2387 3680 2424 seorsum
3738 2386 3864 2438 τερος

2206 2464 2347 2528 suit;
2384 2469 2587 2514 castora
2620 2468 2808 2514 autem
2842 2478 3015 2514 manu
3065 2448 3163 2513 sua
3213 2460 3533 2513 honorilice
3591 2459 3863 2519 involvens,

2206 2552 2265 2605 in
2297 2551 2647 2619 sarcophago
2692 2567 2836 2603 novo
2868 2550 3181 2602 collocavit.
3220 2550 3344 2601 lllas
3381 2564 3617 2618 quoque
3666 2548 3864 2609 oblatas,

2207 2657 2347 2710 quas
2393 2638 2707 2691 narrationi
2754 2637 3036 2707 superiori
3080 2638 3139 2689 in
3184 2638 3305 2707 ejus
3337 2636 3566 2688 tumulo
3605 2634 3867 2688 retulimus

2206 2729 2379 2782 fuisse
2404 2732 2678 2796 repertas,
2712 2733 2948 2779 eatenus
2992 2727 3354 2795 incorruptas
3394 2732 3572 2794 atque
3618 2724 3867 2776 omnimo-

2208 2818 2293 2870 dis
2345 2817 2545 2869 illassas
2590 2816 2927 2883 perdurasse
2982 2814 3240 2878 miratur,
3293 2819 3347 2866 et
3380 2814 3660 2882 quasdam
3709 2828 3770 2864 ex
3806 2810 3869 2861 eis

2209 2906 2492 2959 involutas
2549 2920 2706 2957 sacro
2747 2903 2944 2956 itidem
2996 2903 3221 2971 corpori
3284 2904 3685 2971 superposuit;
3758 2899 3869 2952 alias

2209 3010 2341 3047 vero
2390 2993 2596 3063 pyxide
2652 2991 2989 3057 recondens,
3049 2991 3483 3060 superventuris
3554 2989 3871 3059 temporibus

2210 3099 2310 3153 pro
2334 3081 2645 3135 sanctitatis
2675 3080 2797 3150 ejus
2842 3080 3172 3133 testimonio
3220 3096 3559 3133 conservare
3612 3078 3868 3148 praecepit.

2213 3174 2343 3225 Post
2372 3171 2491 3223 haec
2523 3174 2714 3223 autem
2751 3169 2913 3221 nobis
2964 3168 3229 3221 omnibus
3279 3168 3451 3221 sacris
3506 3167 3749 3220 vestibus
3798 3180 3869 3215 so-

2211 3257 2477 3311 lenmiter
2508 3257 2741 3326 paratis,
2777 3256 2983 3325 praesul
3012 3255 3132 3323 ipse
3164 3254 3293 3307 data
3329 3256 3388 3307 in
3423 3255 3608 3307 altum
3651 3252 3873 3306 oratione

2212 3346 2574 3416 presbyteros
2604 3345 2701 3416 qui
2733 3345 3014 3409 astabant,
3056 3344 3243 3396 virum
3278 3342 3377 3396 Dei
3423 3343 3579 3396 foras
3610 3344 3871 3412 deportan-

2209 3434 2347 3487 dum
2378 3432 2966 3487 levare'commonuit.
3002 3431 3111 3483 Nec
3156 3448 3315 3483 mora
3359 3447 3491 3483 cum
3544 3430 3796 3483 crucibus
3832 3431 3875 3478 et

2213 3522 2391 3575 cereis
2443 3527 2612 3592 atque
2656 3520 2963 3573 thuribulis
3009 3524 3237 3571 sanctus
3276 3519 3359 3570 vir
3397 3518 3467 3570 ab
3518 3518 3747 3571 ecclesia
3798 3515 3875 3568 de-

2215 3616 2495 3679 portatur,
2518 3610 2834 3678 eademque
2867 3608 3004 3661 hora
3037 3612 3229 3660 mutus
3262 3606 3497 3676 quidam
3522 3607 3667 3675 ejus,
3700 3611 3757 3657 ut
3790 3619 3879 3656 cre

2216 3700 2427 3765 dimus,
2472 3698 2688 3750 meritis
2745 3696 3017 3767 loquendi
3065 3695 3255 3749 ofﬁcio
3319 3702 3681 3749 muneratur.
3737 3694 3878 3761 Cujus

2216 3793 2411 3840 tamen
2454 3802 2721 3855 persona,
2764 3790 2962 3855 utpote
2994 3784 3140 3850 vilis,
3174 3783 3311 3855 quia
3354 3783 3520 3837 nobis
3560 3790 3784 3837 eatenus
3812 3782 3879 3834 in-

2217 3876 2444 3945 cognita
2473 3876 2783 3942 exstiterat,
2830 3874 2960 3927 ideo
3017 3874 3356 3926 miraculum
3402 3874 3556 3942 quod
3610 3875 3669 3925 in
3716 3888 3769 3925 se
3804 3885 3878 3939 pa-

2217 3970 2430 4018 tratum
2498 3964 2803 4029 referebat,
2867 3979 3055 4032 primo
3116 3962 3345 4015 credere
3399 3961 3879 4015 dissimulavimus.

2218 4053 2325 4107 Sed
2357 4068 2487 4105 cum
2516 4068 2583 4105 ex
2629 4068 2795 4122 pago,
2843 4051 2940 4121 qui
2984 4054 3218 4102 vocatur
3253 4051 3509 4115 Arigewe
3554 4059 3599 4114 ⁸,
3635 4067 3691 4103 se
3738 4048 3882 4102 fuisse

2220 4137 2574 4208 assereret,‘a
2605 4140 2938 4211 parentibus
2982 4140 3102 4208 ejus
3153 4138 3393 4208 aliisque
3444 4139 3546 4209 qui
3598 4155 3728 4192 eum
3766 4137 3883 4190 bene

2220 4235 2515 4296 noverant,
2560 4235 2887 4283 nostrorum
2927 4233 3125 4297 postea
3170 4227 3546 4296 inquisitione
3583 4244 3772 4280 verum
3800 4226 3883 4279 hoc

2152 4341 2194 4394 Ι)
2221 4334 2339 4371 esse
2366 4316 2688 4371 didicimus.
2730 4317 2871 4368 Tum
2908 4330 3035 4366 vero
3070 4331 3269 4368 omnes
3313 4332 3418 4367 nos
3464 4316 3663 4369 laudes
3692 4331 3750 4366 ac
3786 4329 3881 4365 me-

2223 4408 2402 4461 lodias
2431 4404 2710 4469 canendo,
2733 4404 3040 4456 comitante
3062 4420 3369 4456 numerosa
3389 4406 3733 4473 populorum
3760 4401 3882 4454 mul~

2224 4496 2487 4559 titudine,
2520 4492 2711 4547 debita
2737 4508 2864 4545 cum
2889 4491 3255 4545 veneratione
3287 4508 3496 4561 corpus
3528 4492 3687 4544 chari
3735 4487 3883 4543 Patris

2224 4583 2645 4655 prosequimur.
2681 4583 2739 4633 ln
2771 4586 2933 4650 prato
2964 4587 3152 4633 autem
3197 4580 3490 4635 Orientem
3530 4596 3726 4633 versus
3768 4592 3880 4657 con:

2224 4674 2419 4726 stituto
2453 4671 2748 4741 paululum
2804 4686 2998 4738 presso
3037 4669 3218 4739 gradu
3266 4675 3592 4722 terratenus
3650 4667 3883 4738 prostratl

2224 4761 2603 4825 adoravimus,
2639 4764 3056 4828 surgentesque
3090 4759 3212 4828 pias
3241 4760 3361 4827 ejus
3392 4760 3623 4811 exuvias
3663 4754 3881 4824 singula-

2225 4851 2327 4904 tim
2361 4850 2572 4915 subire,
2601 4865 2665 4902 ac
2695 4850 3016 4917 superjecta
3048 4847 3333 4902 velamina
3371 4848 3677 4901 devotione
3712 4840 3883 4897 humili

2226 4939 2503 5010 cmpimus
2534 4937 2797 4991 osculari.
2834 4938 2955 5000 Quo
2985 4937 3155 5002 facto,
3180 4952 3309 4989 cum
3337 4936 3705 4989 veneratione
3739 4928 3885 4986 maxi-

2229 5045 2322 5082 ma
2375 5028 2444 5081 ad
2490 5026 2906 5080 monasterium
2967 5030 3358 5094 properantes,
3411 5030 3743 5093 sanctasque
3786 5021 3884 5086 ejus

2230 5116 2499 5187 reliquias
2529 5114 2589 5169 in
2649 5131 2809 5167 suam
2863 5114 3155 5167 basilicam
3200 5113 3652 5177 introducentes,
3705 5105 3884 5178 gratias

2232 5207 2370 5264 Deo,
2420 5204 2519 5274 qui
2563 5209 2755 5258 tamen
2802 5202 2965 5257 nobis
3023 5199 3277 5255 lzetitiam
3336 5202 3591 5254 conferre
3649 5200 3885 5265 dignatus

2234 5362 2452 5428 terﬂuit,
2502 5374 2569 5411 ea:
2618 5359 2786 5411 altero
2843 5358 3077 5412 Rhenus.
3129 5356 3269 5409 Hinc
3320 5354 3648 5428 Ekkehardo
3710 5351 3888 5428 dicitur

2227 5424 2411 5557 {opius
2439 5424 2659 5495 Araris,
2691 5429 2862 5498 vulgo
2898 5429 3041 5493 l’Ar,
3065 5443 3240 5497 quam
3273 5426 3440 5480 modo
3470 5427 3690 5479 Arolam
3715 5424 3887 5474 vocant

2277 5519 2308 5555 a
2361 5518 2437 5555 ni.
