4078 6180
188 303 290 355 793

1256 299 1347 354 DE
1389 296 1772 353 MIRACULIS
1811 299 1866 352 S.
1910 290 2243 353 OTHMARI.
2277 297 2503 354 —LIB.
2550 301 2618 354 II.

3581 304 3683 358 794

183 435 290 495 est,
323 430 518 484 debita
541 446 671 484 cum
705 429 869 483 laude
921 427 1240 483 retulimus.
1292 428 1500 492 Quanti
1540 427 1620 481 ibi
1663 428 1872 497 jucun—
1910 429 1956 481 A
1986 444 2098 481 non
2137 428 2337 499 utique
2369 429 2563 482 omnia
2605 445 2732 498 quin
2758 429 2842 483 vel
2866 429 2974 499 ipsi
3004 430 3147 484 facta
3180 429 3447 495 vidimus,
3495 433 3583 486 vel
3613 434 3685 488 ab

182 519 449 573 dantium
490 520 679 581 fletus,
729 517 1044 589 quantique
1093 517 1481 570 exsulantium
1533 517 1716 571 oborti
1762 516 1884 569 fue-

180 608 303 661 rint
324 608 631 677 singultus,
668 622 1030 677 nequaquam
1059 621 1326 659 enarrare
1342 606 1634 658 valemus:
1670 604 1901 675 quippe,

179 696 283 766 qui
319 712 425 749 nec
456 698 607 765 ipsas
660 695 756 748 Dei
806 695 1000 748 laudes
1047 694 1261 746 crebris
1312 692 1664 764 singultibus
1718 695 1889 745 inter-

177 786 335 854 cepti
378 785 589 854 absque
631 783 893 851 lacrymis
967 782 1221 852 proferre
1294 783 1606 851 potuimus.
1678 781 1884 835 Praeci-

175 889 418 943 pueque
466 873 825 925 venerandus
867 879 1031 941 pater
1088 877 1279 924 noster
1332 872 1653 924 Grimaldus
1702 872 1886 941 tripu-

176 962 474 1015 diautium
527 960 725 1014 laetitia
815 966 1005 1013 motus
1065 977 1097 1013 a
1154 960 1417 1030 lacrymis
1475 976 1532 1013 se
1594 960 1887 1013 continere

175 1051 466 1119 nequivit,
499 1065 673 1118 agens
707 1050 820 1101 Deo
851 1049 1064 1117 gratias
1095 1048 1247 1118 quod
1280 1048 1396 1100 suis
1428 1048 1783 1116 temporibus
1828 1048 1886 1101 in

175 1139 314 1193 loco
342 1138 517 1191 etiam
543 1137 651 1190 sibi
690 1138 1092 1190 commendato
1140 1142 1363 1189 tantum
1416 1137 1586 1189 decus
1639 1138 1887 1207 taliaque

174 1226 603 1296 omnipotentis
635 1226 735 1279 Dei
763 1226 1038 1279 beneficia
1068 1225 1256 1279 videre
1290 1225 1628 1294 promeruit.
1661 1226 1743 1278 Ad
1777 1226 1886 1277 hu-

172 1318 271 1383 jus
299 1330 537 1385 quoque
568 1314 782 1367 laetitia:
805 1315 1101 1367 cumulum
1125 1314 1421 1382 Augiensis
1446 1313 1695 1368 coenobii
1718 1313 1889 1366 abbas

175 1418 317 1454 cum
353 1402 699 1472 quibusdam
722 1400 903 1470 ipsius
930 1400 1038 1453 loci
1071 1400 1343 1455 fratribus
1372 1402 1567 1454 eadem
1614 1401 1749 1454 hora
1793 1417 1888 1453 su-

174 1491 479 1558 pervenit;
508 1490 826 1559 fratresque
857 1506 925 1543 ex
958 1489 1303 1542 monasterio
1349 1491 1499 1559 quod
1542 1490 1890 1560 Campidona

172 1584 441 1646 vocatur,
484 1578 553 1632 ab
611 1578 819 1632 abbate
850 1594 955 1631 suo
1001 1578 1176 1645 missi,
1218 1578 1550 1647 hujusmodi
1601 1578 1889 1648 exsequiis

172 1667 517 1738 talibusque
547 1683 606 1721 se
652 1667 925 1721 interesse
972 1667 1199 1737 gaudiis
1249 1668 1705 1738 gratulabantur.
1758 1670 1888 1737 Epi-

171 1770 395 1825 scopus
439 1760 632 1809 autem
677 1755 896 1808 interea
943 1771 1128 1808 sacras
1185 1755 1268 1824 pii
1322 1755 1502 1825 patris
1546 1755 1777 1809 exuvias
1826 1756 1887 1810 in

170 1857 315 1894 arca
373 1858 541 1895 saxea
586 1842 923 1907 recondens,
976 1842 1177 1895 altario
1220 1852 1244 1875 ³
1293 1843 1639 1912 supposuit:
1693 1843 1886 1913 sicque

172 1932 497 1983 missarum
530 1929 915 1984 celebratione
966 1930 1303 1984 solemniter
1352 1937 1600 2001 peracta,
1650 1932 1888 1986 benedi-

170 2036 315 2072 cens
347 2020 652 2088 populum,
689 2019 847 2072 abire
875 2020 1149 2088 permisit.
1186 2020 1351 2073 Facta
1381 2026 1513 2073 sunt
1537 2025 1730 2073 autem
1770 2021 1889 2075 haec

169 2125 337 2161 anno
394 2108 809 2161 lncarnationis
841 2107 1146 2160 Dominicaa
1196 2108 1668 2178 octingentesimo
1726 2126 1887 2163 sexa-

171 2197 409 2264 gesimo
445 2197 705 2265 septimo,
736 2197 841 2249 sub
875 2196 1134 2265 piissimo
1178 2212 1310 2265 rege
1358 2197 1665 2263 Ludovico,
1715 2214 1889 2267 supra

170 2288 525 2338 memoratis
554 2284 907 2355 principibus
938 2286 1235 2354 pastoralis
1263 2285 1432 2338 oflicii
1469 2286 1762 2339 functioue
1790 2303 1887 2339 cu-

170 2390 299 2427 ram
338 2374 725 2426 Ecclesiarum
761 2373 857 2426 Dei
890 2378 1119 2427 strenue
1160 2374 1487 2444 agentibus,
1539 2380 1733 2428 octavo
1778 2377 1885 2429 Ka-

170 2462 497 2515 lendarum
548 2461 875 2516 Octobrium
920 2462 1032 2527 die,
1077 2470 1282 2533 quarta
1342 2464 1504 2527 feria,
1576 2463 1887 2517 indictione

168 2552 374 2620 prima
407 2553 453 2603 b.
493 2551 590 2603 Die
616 2566 747 2603 vero
775 2550 1057 2621 sequenti,
1087 2557 1151 2604 ut
1185 2552 1372 2604 honor
1405 2551 1556 2604 beati
1589 2552 1694 2605 viri
1717 2553 1887 2605 latius

168 2638 359 2692 etiam
389 2644 881 2707 augmentaretur,
914 2643 1263 2692 memoratus
1296 2640 1504 2708 praesul
1535 2656 1597 2693 ex
1630 2641 1889 2711 reliquiis

166 2730 299 2795 ejus
337 2741 486 2796 quas
526 2726 749 2794 pridem
778 2726 950 2795 hujus
978 2726 1059 2779 rei
1092 2726 1276 2795 gratia
1306 2743 1561 2779 seorsum
1611 2743 1744 2780 eum
1784 2744 1885 2795 po-

162 2814 362 2867 suisse
404 2814 728 2879 retulimus,
782 2814 967 2884 primo
1006 2815 1114 2868 sibi
1164 2815 1313 2880 tulit,
1362 2814 1567 2868 deinde
1598 2815 1789 2868 abbati
1823 2831 1886 2868 ex

163 2904 365 2973 Augia
400 2907 459 2954 et
489 2902 756 2955 fratribus
806 2903 875 2956 de
929 2904 1301 2973 Campidona,
1356 2903 1691 2974 ueterisque
1749 2903 1888 2957 reli-

1995 518 2119 570 aliis
2166 518 2441 571 veraciter
2487 522 2708 586 patrata
2757 534 2877 571 esse
2927 520 3313 585 comperimus
3357 517 3490 570 huic
3534 533 3685 587 opu-

1995 607 2149 659 sculo
2180 607 2523 674 inserentes;
2556 606 2653 658 sed
2698 622 2765 659 ex
2800 606 2992 659 multis
3037 623 3235 675 pauca,
3271 611 3443 676 atque
3498 622 3530 659 a
3581 622 3683 658 no-

1993 696 2078 747 bis
2122 702 2416 765 perspecta
2467 695 2523 747 in
2569 710 2747 746 unum
2814 695 3080 764 colligere
3128 696 3401 748 volentes.
3472 696 3687 749 Cuncta

1995 783 2149 837 enim
2180 784 2299 837 hinc
2330 784 2491 836 facile
2524 782 2775 836 enarrari
2812 799 2977 852 posse
3012 800 3125 836 non
3174 784 3480 845 credimus,
3536 798 3686 851 prie-

1996 874 2191 925 sertim
2213 890 2340 926 cum
2372 872 2431 925 in
2469 872 2604 925 locis
2636 872 2898 942 plurimis
2932 888 3045 925 non
3077 873 3145 925 ad
3178 889 3278 925 nos
3310 877 3553 938 tantum,
3588 871 3682 924 sed

1994 964 2064 1016 ad
2099 962 2236 1015 alios
2268 978 2498 1031 quoque
2525 961 2963 1031 pertinentibus,
2988 978 3115 1031 qua:
3145 962 3452 1032 sacrisejus
3478 962 3685 1030 pigno-

1998 1052 2153 1105 ribus
2209 1052 2558 1116 ditabantur,
2592 1056 2708 1103 tam
2752 1051 2929 1102 multa
2966 1050 3223 1119 quotidie
3279 1051 3684 1103 miraculorum

1995 1141 2158 1209 signa
2187 1138 2525 1205 elfulserint,
2560 1144 2624 1191 ut
2654 1155 2757 1191 nec
2790 1138 3093 1192 verborum
3114 1138 3389 1211 facundia
3420 1136 3683 1205 proferri,

1996 1246 2100 1284 nec
2158 1229 2287 1298 styli
2341 1227 2610 1280 instantia
2658 1226 2871 1296 absque
2926 1227 3118 1280 labore
3176 1226 3398 1279 valeant
3430 1240 3685 1293 compre-

1996 1316 2188 1369 hendi.
2224 1317 2581 1384 Quapropter
2612 1315 2697 1367 his
2732 1314 2962 1367 interim
2994 1314 3238 1379 omissis,
3272 1313 3344 1366 ad
3372 1328 3436 1365 ea
3465 1317 3687 1365 tantum

1996 1420 2101 1457 nos
2129 1403 2427 1456 scribenda
2453 1409 2866 1467 convertemus,
2901 1419 3027 1472 quae
3062 1409 3118 1455 et
3161 1402 3458 1455 nobiscum
3498 1400 3689 1453 omni-

1997 1492 2182 1545 modis
2224 1493 2369 1545 facta
2425 1492 2815 1560 cognovimus,
2870 1498 2926 1545 et
2975 1492 3128 1561 apud
3184 1490 3378 1544 livoris
3430 1493 3690 1558 expertes

1998 1580 2344 1634 attestationi
2398 1580 2713 1634 sanctitatis
2760 1580 2883 1649 ejus
2926 1580 3186 1634 sufficere
3236 1595 3403 1648 posse
3451 1576 3692 1632 conﬁdi-

2002 1685 2150 1722 IDUS.

2666 1740 2796 1794 CAP
2809 1740 2892 1795 UT
2932 1739 3025 1793 III.

2068 1847 2256 1901 Pedem
2299 1848 2515 1901 saucius
2566 1850 2616 1899 et
2664 1848 2985 1911 tumefactus
3037 1846 3327 1898 sanitatem
3366 1842 3620 1911 indeptus

2493 1923 2570 1971 est
2591 1918 2741 1986 apud
2767 1918 3028 1970 tumulum
3053 1916 3186 1984 ejus.

2067 2022 2309 2086 Quidam
2338 2022 2746 2092 paterfamilias
2797 2022 3109 2075 multorum
3159 2020 3309 2090 apud
3359 2035 3463 2073 nos
3504 2017 3692 2087 cogni-

1998 2109 2153 2163 tione
2188 2111 2539 2176 notissimus,
2572 2126 2796 2163 servum
2822 2109 3134 2180 quemdam
3161 2107 3377 2169 habuit,
3413 2105 3514 2176 qui
3544 2120 3688 2175 ope-

1997 2200 2073 2253 ris
2125 2200 2420 2270 quidpiam
2470 2201 2682 2253 faciens
2745 2216 2876 2253 casu
2932 2200 3140 2269 pedem
3186 2196 3527 2251 vulneravit.
3586 2196 3689 2248 Pes

1996 2304 2129 2341 vero
2160 2289 2280 2358 ipse
2308 2290 2571 2358 protinus
2603 2289 2973 2354 intumorem
3006 2303 3218 2353 versus,
3255 2286 3394 2339 adeo
3416 2298 3689 2338 venarum

1995 2377 2386 2430 contractione
2420 2377 2752 2431 debilitatus
2781 2383 2882 2441 est,
2934 2382 2998 2429 ut
3047 2374 3381 2430 ambulandi
3423 2373 3692 2426 facultate

1996 2466 2225 2534 penitus
2261 2466 2601 2535 privaretur.
2652 2466 2808 2519 Hanc
2856 2464 2927 2518 ob
2975 2480 3201 2517 causam
3245 2461 3691 2516 sustentaculum

1998 2554 2281 2623 quoddam
2314 2555 2597 2624 genuculo
2630 2569 2982 2623 supponens,
3024 2567 3281 2622 gressum
3324 2566 3496 2620 quem
3532 2547 3692 2617 pedis

1997 2642 2301 2696 infirmitas
2346 2643 2687 2714 denegabat,
2746 2659 2849 2711 per
2908 2657 3124 2695 annum
3181 2641 3357 2693 ferme
3402 2638 3693 2707 integrum

1996 2738 2118 2784 arte
2175 2731 2459 2785 fulciendo
2516 2732 2810 2785 sublevare
2874 2731 3126 2784 curabat.
3190 2730 3237 2783 Is
3294 2743 3424 2780 cum
3499 2725 3571 2778 ad
3633 2726 3689 2778 B.

1999 2820 2256 2873 Othmari
2305 2820 2576 2890 suffragia
2621 2820 2886 2884 venisset,
2941 2824 3075 2872 ante
3132 2817 3256 2887 ejus
3311 2817 3489 2869 altare
3555 2830 3691 2883 prov-

1998 2913 2205 2961 stratus
2248 2909 2448 2975 oravit,
2500 2908 2914 2977 confestimque
2963 2908 3146 2960 soluto
3193 2904 3335 2975 pede
3383 2903 3691 2971 relictoque

165 2992 360 3061 giosis
405 2991 606 3061 utique
655 3008 719 3044 ac
776 2992 1196 3045 venerabilibus
1243 2992 1375 3045 viris
1421 2992 1641 3062 aliquas
1695 3008 1763 3045 ex
1808 2991 1888 3046 eis
1928 3001 1968 3055 C
1998 2998 2382 3051 sustentaculo
2414 3013 2585 3050 sanus
2620 2996 2905 3049 abscessit.

162 3079 521 3150 particulas,
562 3084 735 3149 prout
789 3080 898 3132 sibi
951 3080 1137 3133 visum
1194 3080 1400 3147 fuerat,
1443 3081 1883 3146 commendavit,

160 3169 346 3222 nobis
386 3168 767 3238 praesentibus
821 3184 1019 3222 omnes
1060 3185 1155 3222 eos
1202 3169 1444 3223 sollicite
1492 3185 1881 3236 commonens,

158 3264 228 3313 ut
259 3274 376 3328 per
411 3256 606 3310 omnia
637 3256 955 3310 honoriﬁce
983 3258 1270 3330 digneque
1306 3275 1401 3312 eas
1442 3264 1681 3312 tractare
1730 3275 1888 3311 cura-

156 3353 323 3401 rent.
383 3344 606 3408 Quibus
667 3347 932 3415 peractis,
988 3346 1136 3400 beati
1215 3347 1502 3401 Michaelis
1558 3348 1884 3417 archangeli

159 3435 485 3490 ecclesiam
528 3435 878 3487 censecravit
924 3450 936 3487 :
993 3436 1317 3504 multosque
1366 3451 1526 3488 sacro
1581 3436 1885 3489 chrismate

158 3524 557 3590 conﬁrmans,
588 3522 843 3576 salutatis
874 3523 1144 3576 fratribus
1176 3523 1338 3577 laetus
1370 3540 1497 3577 cum
1529 3524 1645 3577 suis
1686 3541 1884 3577 mona-

157 3613 356 3666 sterio
390 3609 670 3664 discessit.
703 3611 894 3663 Altera
927 3616 1117 3664 autem
1149 3611 1237 3664 die
1280 3612 1545 3666 abbatem
1595 3628 1664 3665 ex
1703 3611 1888 3682 Augia

156 3702 507 3769 fratresque
524 3715 591 3752 ex
623 3699 977 3768 Campidona
1006 3716 1134 3752 cum
1168 3700 1433 3753 laudibus
1464 3706 1520 3753 et
1548 3700 1846 3753 cantilenis
1868 3709 1887 3734 ε

156 3796 336 3844 extra
369 3786 786 3841 monasterium
831 3794 1263 3858 prosequentes,
1319 3793 1446 3857 post
1490 3789 1756 3841 fraterna:
1800 3788 1886 3842 di-

156 3876 453 3932 lectionis
493 3876 795 3946 colloquia,
847 3876 977 3929 dato
1024 3876 1176 3946 pacis
1228 3878 1419 3930 osculo
1467 3876 1536 3930 ad
1595 3893 1698 3930 sua
1753 3892 1885 3931 cum

155 3965 395 4037 gaudio
433 3980 689 4018 remeare
718 3965 1108 4035 permisimus.

867 4070 1095 4125 CAPUT
1135 4071 1206 4124 Il.

157 4158 338 4225 Quod
384 4159 447 4210 in
478 4158 734 4226 plurimis
786 4158 911 4211 locis
956 4160 1100 4296 (fire;
1146 4159 1412 4281 rteliquias
1455 4159 1572 4227 ejus
1618 4160 1887 4213 miracula

864 4244 954 4282 mu
981 4235 1036 4282 ta
1095 4245 1165 4282 an
1197 4271 1207 4281 .

864 4235 1036 4282 multa
1056 4235 1207 4282 ﬁant.

235 4316 451 4372 Finita
478 4315 756 4370 relatione
788 4317 1033 4387 qualiter
1054 4317 1140 4370 vir
1178 4318 1382 4371 beatus
1415 4316 1476 4370 in
1511 4334 1673 4371 suam
1704 4322 1889 4371 trans-

158 4408 325 4459 latus
398 4405 575 4457 fuerit
628 4404 942 4470 basilicam,
1003 4421 1075 4458 ne
1133 4406 1428 4459 fastidioso
1485 4406 1629 4460 forte
1690 4407 1891 4460 lectori

152 4496 515 4565 protractus
555 4492 613 4545 in
659 4494 892 4563 longum
938 4510 1123 4546 sermo
1173 4494 1399 4547 turbata
1447 4500 1637 4547 mente
1685 4511 1891 4564 rugam

152 4582 399 4637 frontis
432 4580 744 4650 ingereret,
798 4581 989 4651 aliqua
1018 4599 1087 4636 ex
1135 4583 1452 4636 sanctitatis
1500 4584 1622 4653 ejus
1668 4583 1892 4637 indiciis

156 4689 302 4743 quae
338 4670 533 4739 ipsius
565 4671 1005 4724 clarescentibus
1032 4671 1252 4725 meritis
1284 4671 1501 4725 ibidem
1543 4677 1737 4742 postea
1773 4688 1893 4725 ma-

154 4762 403 4815 nifesta
439 4758 617 4811 fuisse
656 4760 1073 4829 perspeximus,
1119 4761 1180 4813 in
1227 4762 1376 4813 calce
1426 4761 1598 4829 hujus
1642 4761 1890 4814 conscri-

154 4847 413 4920 ptionis
454 4847 695 4901 strictim
727 4864 789 4900 ac
832 4849 1114 4902 succincte
1146 4850 1492 4919 subjungere
1523 4850 1845 4902 curavimus
1878 4865 1889 4902 :

237 4982 266 5007 δ
302 4973 464 5026 Nota
494 4986 709 5023 morem
742 4971 1087 5024 recondendi
1117 4976 1443 5025 sanctorum
1479 4972 1751 5041 reliquias
1787 4973 1893 5026 sub

160 5046 398 5099 altare.
438 5041 583 5109 Lege
614 5042 1012 5094 Praefationem
1042 5043 1110 5095 ad
1138 5044 1408 5095 smculum
1435 5059 1493 5095 ιι.

239 5119 266 5157 b
308 5115 596 5167 Inchoata
625 5113 840 5165 scilicet
870 5113 1181 5165 lndictione
1211 5114 1395 5182 prima
1429 5130 1461 5165 a
1492 5113 1582 5166 die
1614 5112 1893 5183 vigesima

160 5192 426 5257 quarta_
456 5182 827 5257 Septembris,
859 5200 997 5257 quo
1045 5185 1215 5237 modo
1266 5184 1600 5252 explicanda
1655 5182 1892 5238 indictio

161 5253 364 5311 tertia
397 5253 623 5307 decima
652 5270 826 5321 supra
856 5253 911 5305 in
942 5254 1037 5307 lib.
1075 5272 1111 5321 ι,
1148 5271 1271 5324 cap.
1306 5258 1357 5308 5.

238 5337 263 5361 α
298 5326 403 5380 Sic
454 5324 606 5375 viros
664 5325 786 5392 pios
853 5324 1167 5394 antiquitus
1241 5324 1596 5393 excipiebant
1641 5325 1892 5378 deduce—

158 5399 451 5465 bantque
484 5410 614 5446 cum
655 5393 885 5447 canticis
915 5393 1105 5460 sacris,
1150 5396 1438 5465 praecipue
1491 5412 1624 5448 vero
1673 5396 1893 5464 episco-

158 5485 298 5537 pos.
348 5464 680 5537 iAthanasio
725 5466 1105 5537 Alexandrino
1152 5464 1221 5520 ad
1253 5466 1710 5520 Tabenneusium
1761 5482 1893 5519 mo-

157 5536 516 5593 nasterium
573 5536 865 5589 accedenti
918 5537 1142 5590 obviam
1207 5538 1483 5607 processit
1557 5537 1893 5591 Pachomius

2672 3119 2895 3175 CAPUT
2928 3118 3015 3171 IV.

2432 3236 2585 3292 Tibia
2614 3248 2874 3304 suspensa
2896 3232 3264 3303 protenditur.

2070 3358 2179 3410 Nec
2210 3355 2390 3408 multo
2450 3357 2574 3423 post
2631 3350 2774 3404 alius
2826 3350 3061 3420 quidam
3116 3347 3320 3418 pedem
3372 3361 3503 3399 cum
3546 3343 3689 3397 tibia

1996 3446 2163 3499 altius
2213 3462 2243 3497 a
2289 3449 2441 3496 terra
2488 3443 2758 3506 levatum,
2812 3441 2876 3493 ad
2928 3437 3249 3509 posteriora
3308 3438 3688 3499 contractum,

1997 3551 2110 3588 non
2158 3533 2226 3587 ad
2257 3531 2574 3585 subsidium
2601 3529 2842 3595 itineris,
2905 3528 2999 3582 sed
3057 3527 3126 3580 ad
3175 3522 3447 3596 ponderis
3505 3521 3694 3592 potius

1996 3621 2417 3693 gravitudinem
2449 3618 2682 3673 ferebat.
2739 3616 2835 3670 Hic
2865 3616 2956 3669 die
2986 3615 3237 3686 quadam
3294 3612 3510 3666 baculis
3585 3609 3698 3663 sui-

1995 3711 2171 3765 fultus
2201 3708 2614 3762 monasterium
2668 3705 2916 3769 devenit,
2969 3709 3020 3757 et
3084 3706 3142 3759 B.
3201 3700 3459 3757 Othmari
3505 3703 3695 3751 orato-

1998 3798 2146 3851 rium
2179 3797 2469 3866 ingressus
2497 3809 2687 3847 coram
2729 3792 2898 3845 altari
2943 3792 3063 3860 ejus
3106 3790 3305 3843 stando
3355 3804 3484 3841 cum
3540 3803 3694 3840 oras-

1997 3892 2100 3952 set,
2145 3902 2243 3954 pes
2297 3884 2419 3953 ipse
2468 3897 2599 3935 cum
2648 3880 2785 3934 tibia
2837 3880 3060 3933 solutus
3110 3876 3500 3949 protenditur,
3549 3874 3698 3928 soni-

1995 3980 2235 4044 tumque
2262 3972 2320 4026 iu
2354 3972 2587 4025 modum
2624 3969 2786 4023 fracti
2819 3968 3119 4037 cujusdam
3167 3965 3312 4037 ligni
3361 3962 3696 4033 crepitando

1996 4062 2265 4117 emittens
2312 4059 2637 4129 corrigitur.
2673 4060 2783 4113 Nec
2836 4074 2999 4111 mora
3050 4072 3153 4110 suo
3209 4054 3504 4108 restitutus
3573 4053 3693 4105 loco

1994 4152 2274 4205 ferentem
2307 4165 2364 4202 se
2396 4148 2630 4213 ferebat,
2662 4150 3104 4215 portantemque
3136 4158 3193 4195 se
3233 4146 3393 4211 grata
3434 4137 3694 4192 mercede

1999 4254 2371 4294 remunerans
2400 4236 2754 4306 deportabat.

2683 4358 2908 4414 CAPUT
2948 4358 3010 4410 V.

2141 4468 2351 4525 Celebre
2387 4466 2713 4520 miraculum
2749 4463 3181 4519 sanctimonialis
3214 4462 3553 4516 illuminatz.

2070 4584 2185 4638 Sub
2216 4582 2397 4652 ipsius
2445 4580 2578 4633 anni
2612 4579 2794 4648 spatio
2840 4577 3289 4631 sanctimonialis
3330 4576 3595 4647 quaedam
3627 4574 3699 4629 de

2002 4671 2214 4742 oppido
2244 4670 2399 4741 quod
2434 4669 2636 4722 Basula
2665 4666 2788 4737 [al.,
2843 4667 3082 4733 Basilea,
3112 4666 3262 4736 Bdle]
3298 4664 3524 4728 dicitur,
3567 4668 3699 4716 ante

2002 4776 2184 4813 annos
2234 4764 2479 4830 quatuor
2526 4758 2783 4827 utrisque
2845 4755 3158 4809 luminibus
3215 4756 3430 4817 orbata,
3491 4753 3699 4805 sororis

2002 4864 2119 4901 suae
2152 4848 2359 4901 ducatu
2390 4847 2457 4900 ad
2493 4844 2904 4898 monasterium
2937 4844 3226 4897 tendendo
3262 4840 3543 4914 pervenit,
3586 4840 3693 4893 ibi-

2004 4987 2134 5024 cum
2168 4970 2467 5023 monachis
2499 4968 2634 5029 suis,
2667 4983 2915 5037 eumque
2949 4967 3200 5036 suscepit
3226 4981 3343 5020 cum
3385 4965 3613 5037 psalmis
3648 4969 3698 5018 et

2004 5043 2241 5112 hymnis.
2283 5041 2575 5112 Monachis
2623 5036 2837 5112 etiam’
2863 5055 2983 5112 mos
3029 5045 3156 5112 erat
3194 5036 3436 5090 solemni
3486 5050 3698 5112 pompa

2003 5105 2323 5181 excipiendi
2352 5111 2588 5163 abbates
2618 5126 2684 5162 ex
2741 5110 3056 5178 longinquo
3087 5105 3696 5181 Adiuturnoveﬂitinere

2004 5175 2328 5236 redeuntes.
2389 5183 2451 5239 1n
2486 5182 2717 5233 vetustis
2774 5175 3130 5234 Corbeiensis
3162 5176 3493 5231 monasterii
3541 5175 3695 5229 Acti-

2002 5254 2109 5306 bus
2147 5270 2159 5306 :
2195 5253 2380 5307 Abbas
2419 5254 2642 5306 Romam
2668 5254 2965 5320 profectus,
2997 5252 3080 5303 vel
3115 5251 3173 5301 in
3202 5249 3343 5302 alias
3375 5252 3568 5320 terras,
3601 5262 3697 5320 per

2001 5340 2203 5377 annum
2228 5329 2490 5385 moratus,
2520 5339 2637 5375 cum
2670 5318 2903 5375 redierit
2932 5322 3191 5388 recipitur
3221 5318 3467 5373 omnibus
3506 5318 3697 5385 cappis

2000 5395 2321 5461 generaliter
2352 5394 2561 5447 indutis
2581 5410 2699 5446 cum
2740 5394 3089 5460 processione.
3126 5391 3204 5442 lta
3243 5390 3359 5461 fere
3403 5388 3699 5442 Udalricus

2000 5460 2060 5518 in
2090 5465 2236 5519 libro
2280 5481 2321 5517 ιι
2360 5464 2850 5519 Consuetudinum
2901 5460 3360 5515 Cluniacensium
3402 5475 3524 5529 cap.
3559 5462 3614 5526 3,
3663 5475 3697 5513 a

2000 5552 2113 5608 quo
2144 5535 2513 5591 Corbeienses
2544 5535 2686 5588 ritus
2716 5549 2852 5586 suos
2878 5530 3123 5585 mutuati
3152 5536 3303 5584 sunt.
