4078 6180
417 266 519 335 795

1550 273 1589 326 G
1601 270 1639 322 Β
1652 270 1887 325 [MALDI
1931 272 2156 329 SANGA
2170 273 2296 328 LLE
2308 274 2460 328 NSIS
2498 274 2789 330 ABBATIS

3792 281 3882 333 796

416 415 529 472 que
551 400 728 454 tribus
748 394 866 454 fere
885 400 1339 454 hebdomadibus
1360 401 1629 455 caecitatis
1652 403 1903 457 tenebris
1926 404 2109 459 adhuc
2147 409 2192 460 A
2222 406 2673 459 sanctimonialis
2714 406 2856 476 ipsa,
2905 406 3054 461 inter
3093 407 3233 460 alios
3280 406 3380 477 qni
3426 412 3715 474 venerant,
3764 408 3883 461 hora

418 488 675 543 involuta
720 489 1052 560 permansit.
1094 493 1301 542 Annuo
1349 496 1541 544 autem
1594 508 1765 546 cursu
1811 494 2113 548 accedente

416 577 741 643 festivitate,
770 594 881 648 qua
911 579 1190 632 catholica
1230 595 1332 648 per
1381 580 1577 633 orbem
1626 581 1877 634 Ecclesia
1932 581 2115 634 sancti

419 666 664 735 Spiritus
691 666 937 720 adventu
969 670 1214 733 laetatur,
1236 669 1294 720 in
1328 668 1571 722 Sabbato
1602 670 1752 739 quod
1786 672 2114 739 praecedens

419 768 543 807 eam
595 753 703 824 ipsi
734 771 961 825 quoque
1018 756 1301 821 imminet,
1352 773 1482 810 cum
1554 758 1862 811 multitudo
1913 759 2114 829 populi

418 857 577 895 more
636 843 801 896 solito
866 844 1141 897 orationis
1198 861 1368 898 causa
1428 848 1842 901 monasterium
1906 848 2111 916 adiret,

2223 494 2336 547 diei
2367 494 2529 565 quasi
2579 501 2803 565 quarta,
2856 502 2985 549 ante
3032 495 3181 550 beati
3224 496 3329 549 viri
3378 497 3636 549 tumbam
3680 503 3885 551 oratura

2220 584 2626 653 prosternitur,
2651 584 2845 655 ibique
2865 585 3281 656 aliquantisper
3304 585 3520 638 orando
3540 586 3727 639 lumen
3752 587 3883 655 quod

2224 673 2491 726 amiserat
2517 674 2751 743 recepit,
2785 675 3097 745 multisque
3125 675 3183 727 in
3218 691 3396 727 unum
3446 674 3885 727 convenientibus

2222 761 2627 831 perspicuitate
2657 762 2827 831 hujus
2861 762 3118 816 miraculi
3165 778 3385 832 magna:
3426 763 3735 816 admodum
3762 763 3888 817 laeti-

2226 849 2321 903 tia:
2344 866 2513 903 causa
2539 850 2668 904 fuit.

1730 1165 2046 1239 ISONIS
2106 1166 2620 1241 FORMULE.

1414 1318 1593 1395 (Vide
1623 1319 1989 1399 Patrologz'ae
2020 1331 2159 1381 tom.
2195 1321 2588 1395 LXXXVII,
2624 1322 2735 1382 col.
2764 1324 2932 1401 875.)

1746 1630 1918 1675 ANNO
1967 1632 2195 1677 DOMINI
2242 1633 2569 1677 DCCCLXXII
2580 1660 2594 1676 .

1499 1804 2852 1983 GRIMALDUS
2994 1902 2997 1903 έ

1694 2090 2304 2160 SANGALLENSIS
2351 2093 2638 2159 ABBAS.

1178 2362 1671 2465 LIBER
1777 2361 3169 2467 SACRAMENTORUM

1506 2544 1580 2582 EX
1622 2542 1936 2583 OPERIBUS
1977 2542 2065 2583 SS.
2112 2543 2370 2583 PATBUM
2430 2542 2815 2582 EXCERPTUS.

1222 2654 1395 2717 (Apud
1413 2654 1668 2704 Jacobum
1694 2653 2008 2711 Pamelium,
2031 2654 2331 2718 Liturgicon
2355 2655 2600 2703 Ecclesiae
2634 2654 2829 2703 Latinas
2853 2660 2995 2704 tomo
3020 2655 3106 2715 ll.)

1697 2916 2088 2989 PAMELII
2158 2915 2637 3013 MONITUM,

487 3195 638 3249 Libri
670 3194 840 3262 hujus
863 3210 991 3247 cum
1023 3193 1367 3262 pra-cedenti
1407 3196 1479 3260 (ιι)
1521 3193 1577 3246 in
1609 3194 1730 3247 haec
1770 3194 1943 3248 verba
1990 3209 2104 3247 me-
2145 3196 2183 3248 Β
2211 3192 2394 3256 Quare
2424 3196 2572 3246 recte
2606 3192 2684 3245 sic
2703 3194 2805 3245 hac
2836 3193 2904 3245 de
2936 3208 3017 3259 re,
3052 3192 3146 3245 lib.
3184 3210 3223 3259 ι,
3252 3209 3379 3263 cap.
3425 3195 3511 3256 18,
3539 3192 3847 3245 Amalarius
3876 3206 3885 3242 ;

414 3265 583 3318 minit
612 3266 970 3333 Micrologus,
1005 3266 1074 3318 de
1106 3264 1281 3317 divin.
1310 3264 1565 3329 Observa,
1593 3281 1716 3333 cap.
1760 3267 1846 3318 60.
1883 3286 1909 3313 ‹‹
1953 3264 2105 3318 Fecit

413 3342 608 3389 tamen
635 3336 788 3389 idem
816 3336 1055 3389 Albinus
1089 3336 1145 3388 in
1176 3342 1371 3388 sancta
1423 3336 1665 3389 Ecclesia
1698 3352 1814 3388 non
1853 3341 2106 3388 contem-

414 3408 668 3460 nendum
719 3422 883 3474 opus.
918 3407 1057 3459 Nam
1101 3406 1475 3473 Gregorianas
1505 3406 1794 3458 orationes
1836 3406 1895 3458 in
1946 3406 2104 3459 libris

414 3477 911 3530 Sacramentorum
959 3476 1255 3545 collegisse
1299 3475 1587 3538 asseritur,
1624 3476 1817 3545 paucis
1849 3476 1974 3529 aliis
2006 3476 2106 3529 ad-

409 3547 596 3616 jectis,
625 3563 766 3616 quas
798 3552 989 3599 tamen
1019 3548 1124 3599 sub
1151 3547 1315 3599 obelo
1348 3547 1622 3599 notandas
1645 3563 1766 3599 esse
1811 3546 2100 3599 indicavit.

416 3617 630 3672 Deinde
680 3617 817 3669 alias
873 3616 1159 3670 orationes
1219 3616 1333 3669 sive
1407 3618 1788 3687 praefationes,
1841 3618 1944 3670 etsi
1988 3632 2106 3671 non

362 3734 371 3741 .
417 3688 813 3755 Gregorianas,
845 3687 1235 3740 ecvlesiasticaa
1267 3693 1459 3740 tanien
1502 3688 1817 3742 celebritati
1847 3689 2103 3753 idoneas,

416 3757 662 3827 collegit,
698 3758 845 3810 sicut
874 3759 1146 3827 prologus
1195 3765 1453 3820 testatur,
1508 3776 1678 3829 quem
1724 3766 1847 3829 post
1891 3760 2101 3829 Grego-

418 3830 604 3881 rianas
636 3829 923 3882 orationes
952 3828 1009 3881 in
1041 3829 1229 3882 medio
1269 3828 1684 3898 ejusdem’libri
1726 3828 2043 3883 collocavit.
2075 3850 2102 3881 η

418 3900 697 3952 Hactenus
730 3900 859 3953 ille:
898 3901 995 3969 qui
1026 3901 1131 3953 etsi
1163 3900 1403 3954 Alcnino
1450 3908 1599 3969 (nam
1661 3902 1807 3954 idem
1858 3902 1954 3953 ille
2010 3901 2104 3953 Al-

414 3971 616 4023 cninus
645 3972 883 4024 Albinus
921 3971 1147 4024 Flaccus
1194 3973 1652 4040 cognominatur)
1711 3972 1970 4033 ascribat,
2004 3987 2105 4023 nos

415 4047 605 4094 tamen
657 4042 1171 4095 vetustissimorum
1220 4058 1351 4095 mss.
1405 4043 1664 4095 codicum
1712 4043 1871 4111 sequi
1933 4042 2107 4095 ﬁdem

415 4111 750 4176 maluimus;
783 4120 964 4180 potest
1013 4114 1167 4165 enim
1218 4113 1275 4165 in
1309 4112 1613 4182 Micrologo
1662 4128 1821 4166 error
1869 4129 1991 4165 esse
2036 4112 2105 4164 li-

416 4182 756 4241 brariorum,
791 4182 997 4252 quibus
1028 4182 1301 4236 Grimaldi
1336 4199 1535 4234 nomen
1573 4188 1694 4235 erat
1722 4183 2102 4252 incognitum.

414 4252 539 4305 Sive
568 4253 795 4305 interim
830 4253 977 4316 huic,
1027 4254 1140 4304 sive
1173 4253 1255 4305 illi
1301 4252 1633 4319 ascribatur,
1682 4253 1911 4307 videtur
1954 4259 2106 4307 certe

415 4323 486 4375 ad
519 4339 649 4375 eum
703 4323 956 4375 alludere
1003 4324 1343 4388 Amalarius,
1405 4323 1500 4376 lib.
1552 4340 1588 4388 ι,
1641 4340 1764 4392 cap.
1798 4326 1866 4377 22
1909 4328 1965 4377 et
2015 4327 2104 4378 24.

420 4411 448 4441 (ι
491 4393 600 4445 Pro
641 4393 760 4462 illo,
812 4393 1018 4461 inquit,
1070 4398 1336 4462 precatur
1385 4410 1415 4446 a
1461 4396 1751 4447 sacerdote
1803 4395 1861 4447 in
1907 4395 2105 4448 Sacra-

417 4460 700 4515 mentario
732 4478 743 4516 :
782 4460 935 4548 inab
966 4460 1311 4548 immaculato
1350 4466 1563 4548 Domini
1608 4466 1777 4548 [antis
1828 4471 2017 4548 utero,.
2052 4468 2109 4519 in
2148 4494 2188 4548 ρ

415 4548 610 4586 novam
640 4540 831 4586 renata
860 4540 1186 4600 creaturam,
1217 4538 1497 4603 progenies
1537 4537 1756 4590 cwlestis
1783 4542 2039 4603 emergat.
2077 4556 2103 4588 »

418 4604 611 4673 Neque
657 4606 808 4657 enim
870 4605 1067 4672 priori,
1106 4606 1199 4659 sed
1252 4606 1355 4659 hoc
1390 4607 1531 4659 libro
1580 4608 1905 4660 continetur
1958 4607 2107 4661 cerei

419 4674 697 4747 paschalis
726 4677 1096 4747 consecratio,
1166 4677 1326 4745 cujus
1403 4677 1572 4730 verba
1629 4678 1799 4731 latius
1860 4684 2107 4747 utroque

418 4745 602 4813 capite
621 4746 882 4815 explicat.
914 4748 1086 4815 Cujus
1104 4747 1247 4801 adeo
1270 4749 1516 4816 primam
1540 4749 1959 4802 institutionem
1985 4745 2109 4817 per-

418 4831 616 4883 peram
653 4816 886 4889 quidam
916 4818 1137 4871 Zosimo
1168 4835 1330 4887 papae
1353 4819 1657 4885 ascribunt,
1704 4836 1833 4873 cum
1858 4816 2108 4889 jamdiu

418 4891 609 4953 antea,
645 4893 701 4959 et
730 4888 786 4939 in
826 4888 1112 4957 Hispaniis
1140 4890 1485 4943 Prudentius
1514 4890 1753 4955 hvmno,
1780 4888 1890 4959 quo
1916 4890 2110 4943 etiam-

418 4973 556 5010 num
592 4958 827 5021 utimur,
860 4974 984 5011 eam
1026 4960 1417 5024 celebraverit,
1459 4966 1516 5012 et
1545 4958 1843 5014 Mediolanii
1882 4962 1943 5014 D.
1980 4964 2109 5013 Am-

416 5027 641 5081 brosius
671 5029 943 5098 peculiari
986 5046 1216 5099 quoque
1243 5031 1391 5083 cerei
1424 5030 1822 5084 benedictione
1851 5032 1924 5084 sit
1952 5048 2104 5084 usus.

490 5179 567 5252 (a)_
606 5178 869 5252 lntellige
916 5180 1430 5252 sacramentarium
1476 5180 1911 5251 Gregorianum,
1957 5182 2108 5252 quod

416 5249 568 5317 apud
605 5250 921 5303 Pamelium
963 5250 1108 5303 libro
1139 5250 1410 5304 Grimaldi
1450 5249 1823 5321 prmmittitur
1856 5261 1913 5307 et
1945 5249 2107 5307 recu-

2219 3286 2239 3310 «
2278 3264 2549 3317 Romanis
2595 3264 2673 3316 ita
2707 3263 3026 3333 agentibus,
3064 3264 3227 3317 nobis
3284 3279 3514 3334 quoque
3557 3268 3886 3332 prmeeptum

2214 3340 2292 3386 est
2322 3351 2355 3387 a
2387 3350 2533 3404 papa
2556 3335 2777 3387 Zosimo
2818 3334 3153 3388 benedicere
3184 3350 3433 3388 cereum.
3464 3356 3491 3383 η
3540 3338 3614 3388 Ac
3665 3334 3711 3387 si
3758 3335 3889 3386 dicat

2213 3410 2381 3475 antea
2412 3405 2645 3475 quidem
2674 3406 2869 3459 Romae
2900 3405 2952 3458 id
2987 3404 3284 3469 usitatum,
3318 3405 3415 3458 sed
3444 3423 3477 3458 a
3500 3406 3724 3458 Zosimo
3760 3420 3887 3473 papa

2214 3474 2271 3527 in
2305 3474 2439 3528 aliis
2467 3492 2694 3546 quoque
2747 3475 3014 3528 omnibus
3062 3476 3317 3529 Ecclesiis
3361 3476 3486 3530 ﬁeri
3535 3476 3835 3529 decretum.
3862 3493 3884 3521 ν

2216 3547 2423 3598 Verum
2482 3548 2586 3619 etsi
2638 3548 2785 3619 haec“
2818 3553 3085 3619 παρεργώς
3144 3547 3488 3619 ἀίϐὶᾶηδίῐιῒ,
3522 3617 3530 3619 _
3570 3546 3888 3619 conﬁrmant

2217 3622 2408 3669 tamen
2438 3618 2587 3686 quod
2634 3617 2695 3669 in
2735 3617 2901 3670 dicto
2933 3617 3168 3687 prologo
3209 3618 3401 3671 scribit
3441 3617 3782 3683 Grimaldus,
3811 3631 3885 3665 ve.

2215 3688 2455 3740 tustiora
2486 3704 2630 3757 pene
2669 3704 2790 3741 esse
2821 3686 3187 3757 Gregorianis
3230 3705 3357 3758 quae
3390 3689 3447 3741 in
3478 3689 3587 3741 hoc
3633 3705 3772 3757 opus
3810 3686 3885 3737 di-

2214 3758 2409 3829 gessit.
2453 3780 2469 3806 ι
2505 3758 2613 3812 Sed
2647 3759 2805 3828 quia,
2832 3759 3041 3829 inquit,
3082 3765 3215 3811 sunt
3242 3766 3298 3812 et
3328 3759 3438 3812 alia
3481 3760 3740 3829 quaedam
3772 3758 3886 3825 qui—

2213 3827 2320 3881 bus
2375 3827 2692 3882 necessario
2750 3827 2940 3882 sancta
3003 3830 3185 3882 utitur
3239 3827 3512 3892 Ecclesia,
3562 3846 3692 3900 quae
3758 3830 3886 3900 idem

2215 3900 2399 3963 Pater,
2434 3900 2504 3952 ab
2538 3900 2662 3952 aliis
2701 3900 2820 3968 jam
2853 3917 2975 3952 esse
3027 3901 3180 3952 edita
3222 3900 3549 3969 inspiciens,
3577 3896 3887 3969 'praatermi—

2216 3970 2307 4032 sit,
2354 3971 2565 4023 idcirco
2610 3987 2798 4039 operae
2845 3972 3096 4040 pretium
3138 3972 3406 4024 duximus
3469 3987 3533 4023 ea
3584 3972 3707 4024 vult
3743 3972 3885 4023 flores

2215 4047 2515 4109 pratorum
2558 4047 2860 4094 vernantes
2903 4057 3136 4110 carpere
3184 4047 3242 4095 et
3286 4044 3347 4095 in
3393 4058 3570 4095 unum
3616 4042 3884 4109 colligere.

2215 4115 2385 4179 atque
2418 4119 2671 4184 correcta
2715 4117 2769 4164 et
2819 4112 3405 4184 emendata.suisque
3459 4113 3724 4182 capitulis
3766 4124 3883 4181 prie-

2217 4188 2431 4253 notata,
2466 4182 2523 4235 in
2559 4183 2729 4251 hujus
2759 4199 2996 4253 corpore
3041 4183 3252 4237 codicis
3297 4182 3556 4237 seorsum
3596 4198 3805 4253 ponere
3835 4185 3884 4231 ut

2216 4251 2272 4303 in
2310 4253 2414 4303 hoc
2444 4269 2617 4322 opere
2639 4251 3157 4306 cuncta'inveniret
3189 4255 3414 4308 lectoris
3446 4251 3725 4307 industria
3747 4266 3880 4321 qua:-

2216 4337 2462 4392 cumque
2496 4324 2700 4376 nostris
2732 4325 3090 4395 temporibus
3118 4325 3434 4378 necessaria
3458 4340 3581 4377 esse
3613 4322 3880 4394 perspexi-

2218 4409 2364 4445 mus.
2400 4415 2426 4441 ιι
2462 4396 2523 4447 Et
2554 4401 2704 4447 certe
2756 4402 2979 4448 constat
3008 4396 3177 4465 hujus
3220 4396 3349 4449 libri
3398 4397 3721 4464 complures
3774 4408 3879 4445 ora-

2218 4465 2402 4537 tiones
2459 4466 2881 4519 Dominicarum
2948 4472 3074 4535 post
3134 4466 3529 4537 Epiphaniam,
3591 4465 3793 4518 Pascha
3835 4466 3880 4512 et

2218 4535 2609 4601 Pentecosten,
2667 4553 2728 4589 ex
2776 4538 2838 4590 D.
2899 4535 3201 4590 Ambrosio
3239 4535 3560 4590 mutuatas.
3618 4539 3783 4590 Porro
3834 4537 3878 4583 et

2219 4605 2329 4678 alio
2355 4607 2481 4678 loco
2513 4607 2713 4660 alludit
2747 4607 2817 4660 ad
2848 4608 3019 4673 huius
3047 4608 3176 4661 libri
3210 4626 3331 4678 cap.
3390 4611 3489 4662 102
3539 4605 3835 4661 Amalarius
3865 4616 3873 4651 :

2221 4694 2244 4724 α
2276 4676 2574 4749 Habemus,
2604 4678 2811 4747 inquit,
2856 4679 3129 4748 scriptum
3183 4680 3237 4731 in
3273 4676 3522 4749 quodam
3574 4678 3874 4731 Sacramen-

2216 4747 2362 4799 tario
2393 4748 2549 4816 quod
2574 4749 2758 4801 officia
2788 4747 3144 4802 mortuorum
3194 4747 3413 4818 agenda
3460 4749 3573 4801 sint
3608 4750 3749 4801 circa
3772 4752 3875 4818 _ter-

2218 4817 2359 4889 tiam
2414 4815 2589 4889 diem,
2651 4826 2707 4871 et
2761 4820 3088 4887 septimam,
3148 4825 3204 4873 et
3236 4815 3636 4889 'trigesimam.
3683 4837 3709 4867 υ
3762 4815 3877 4889 Ωιιέἓ

2216 4888 2389 4960 verba
2422 4888 2624 4941 deinde
2662 4886 2895 4958 pulchre
2930 4896 2985 4943 et
3025 4893 3132 4943 late
3176 4886 3436 4960 explicat,
3471 4906 3536 4943 ac
3574 4886 3877 4942 auctoritate

2216 4957 2639 5028 Scripturarum
2667 4957 3021 5013 'corroborat.

2217 5200 2342 5237 sum
2372 5187 2549 5238 exstat
2584 5185 2645 5238 in
2674 5185 2924 5239 editione
2955 5190 3149 5238 nostra
3179 5186 3431 5255 Operum
3481 5183 3661 5237 sancti
3706 5181 3882 5247 Grego-

2217 5255 2289 5309 rii
2320 5255 2526 5325 Magni.
2562 5260 2679 5309 tom
2714 5257 2798 5309 IV.
2836 5257 2980 5310 Enn.
3022 5258 3245 5309 PATROL.

1635 5465 2687 5513 ψ..-
