4038 6174
98 277 198 325 797
1405 274 1613 331 LIBER
1651 275 2294 332 SACRAMENTORUM.

3502 275 3603 329 798

1311 501 1781 574 GRIMALDI
1840 501 2371 573 PRIEFATIO.

169 788 482 857 Hucusque
538 787 864 857 prtecedens
922 788 1415 842 Sacramentorum
1485 788 1711 842 libellus
1764 804 1795 839 a
1833 786 2338 841 Ainstitutionum
2400 791 2726 839 sanctarum
2788 802 3153 856 nequaquam
3212 787 3455 857 dignum
3519 790 3609 844 vel

104 878 159 931 Β.
214 892 368 946 papa
408 876 687 945 Gregorio
733 882 953 929 constat
1002 892 1123 929 esse
1174 878 1377 939 editus,
1424 878 1672 947 exceptis
1712 877 1801 929 his

102 982 224 1035 qum
256 968 317 1018 in
351 967 555 1018 eodem
587 964 644 1018 in
685 966 981 1018 nativitate
1022 966 1107 1018 vel
1153 966 1542 1035 assumptione
1588 967 1642 1019 Β.
1687 966 1799 1018 Ma-

102 1054 216 1119 riae,
252 1055 549 1123 praecipue
589 1070 719 1107 vero
765 1054 820 1107 in
856 1054 1322 1123 Quadragesima,
1354 1054 1592 1123 virgulis
1641 1060 1803 1107 ante-

102 1143 317 1213 positis,
386 1142 618 1195 lectoris
678 1142 955 1195 invenerit
1006 1143 1291 1212 jugulata,
1356 1142 1605 1196 solertia.
1666 1147 1801 1196 Nam

104 1231 243 1284 sicut
293 1231 681 1300 quorumdam
727 1230 907 1283 relatu
950 1230 1275 1296 didicimus,
1316 1230 1523 1283 domus
1567 1234 1799 1299 aposto-

104 1320 239 1372 licus
280 1319 337 1370 in
398 1318 617 1371 eisdem
660 1319 859 1371 diebus
900 1336 933 1371 a
972 1319 1311 1372 stationibus
1356 1319 1584 1388 penitus
1620 1324 1799 1383 vacat,

107 1424 168 1461 eo
236 1409 390 1476 quod
460 1408 679 1460 caeteris
747 1410 1004 1477 septimae.
1074 1409 1229 1461 feriis
1305 1408 1646 1461 stationibus
1703 1425 1804 1461 va—

107 1494 281 1547 cando
316 1494 616 1563 fatigatus,
650 1494 863 1548 eisdem
893 1495 1214 1565 requiescat
1242 1495 1464 1559 diebus,
1498 1495 1569 1547 ob
1604 1496 1656 1547 id
1700 1495 1803 1546 sci-

110 1584 233 1636 licPt
269 1590 329 1635 ut
372 1584 828 1636 tumnltuatione
868 1585 1135 1653 populari
1165 1599 1363 1637 carens
1404 1589 1460 1637 et
1490 1584 1801 1654 eleemosy-

111 1688 205 1724 nas
262 1672 622 1742 pauperibus
680 1672 1041 1737 distribuere,
1117 1677 1173 1725 et
1226 1673 1457 1743 negotia
1522 1673 1806 1726 exteriora

113 1761 339 1814 liberius
389 1761 579 1813 valeat
627 1761 951 1830 disponere.
1012 1762 1233 1815 Missam
1287 1777 1416 1814 vero
1483 1762 1806 1831 prastitula-

113 1854 242 1912 tam,
303 1851 366 1902 In
423 1851 605 1903 natali
678 1850 918 1917 ejusdem
994 1850 1137 1902 beati
1205 1850 1471 1917 Gregorii,
1542 1850 1801 1920 virgulis-

114 1954 217 2007 que
264 1942 399 1989 ante
473 1937 670 2005 positis
716 1938 1057 2006 jugulatam,
1115 1954 1142 1989 a
1204 1937 1622 1990 successoribus
1661 1936 1801 2005 ejus,

114 2042 276 2079 causa
332 2012 595 2087 amoris,'
630 2026 747 2079 imo
802 2025 1178 2078 venerationis
1239 2042 1376 2090 suae,
1452 2026 1638 2077 eidem
1705 2041 1807 2076 suo

116 2114 265 2183 operi
300 2130 420 2166 non
473 2113 712 2167 dubium
753 2129 873 2165 esse
914 2113 1335 2182 interpositam.
1373 2112 1645 2165 Praefatus
1674 2128 1807 2165 sane

116 2201 616 2254 Sacramentorum
658 2200 908 2264 libellus,
959 2201 1085 2253 licet
1129 2218 1158 2252 a
1208 2200 1520 2269 plerisque,
1564 2199 1809 2269 scripto-

116 2305 233 2341 rum
289 2290 431 2341 vitio
480 2288 846 2356 depravante,
904 2304 1017 2340 non
1060 2292 1121 2339 ut
1171 2287 1242 2339 ab
1272 2287 1518 2356 [auctore
1577 2304 1679 2339 suo
1728 2291 1813 2339 est.

120 2378 293 2429 editus
337 2377 673 2443 haberetur,
706 2392 810 2446 pro
847 2382 1013 2445 captu
1049 2381 1239 2429 tamen
1288 2376 1524 2445 ingenii,
1558 2376 1630 2428 ob
1664 2376 1809 2427 mul-

120 2471 298 2517 torum
342 2464 682 2529 utilitatem,
720 2464 892 2517 studii
946 2464 1121 2515 nostri
1157 2463 1265 2515 fuit
1296 2463 1451 2515 enim
1497 2463 1634 2515 artis
1665 2464 1810 2531 stylo

120 2551 419 2619 corrigere.
457 2550 635 2613 Quem
667 2566 797 2603 cum
827 2550 1078 2619 prudens
1117 2550 1297 2603 lector
1322 2549 1587 2617 ,studiose
1622 2549 1809 2618 perle-

123 2640 275 2707 gerit,
305 2655 507 2693 verum
542 2655 646 2691 nos
699 2639 884 2691 dicere
930 2638 1078 2691 illico
1110 2637 1520 2705 comprobabit,
1568 2637 1675 2690 nisi
1710 2638 1808 2690 ite-

123 2743 240 2781 rum
274 2729 624 2797 scriptorum
663 2727 800 2780 vitio
849 2726 1213 2797 depravetur.
1264 2727 1371 2781 Sed
1428 2725 1562 2796 quia
1595 2732 1729 2779 sunt
1758 2731 1814 2780 et

123 2817 223 2869 alia
251 2817 540 2887 quaedam,
576 2816 783 2886 quibus
832 2815 1149 2868 necessario
1180 2821 1371 2868 sancta
1420 2814 1597 2868 utitur
1628 2815 1812 2868 Eccle-

127 2905 218 2970 sia,
260 2921 390 2975 quas
436 2905 590 2958 idem
631 2906 797 2958 Pater
840 2905 909 2956 ab
952 2904 1078 2957 aliis
1118 2903 1238 2973 jam
1283 2904 1436 2956 edita
1474 2920 1593 2956 esse
1633 2904 1811 2973 inspi-

128 2992 287 3055 ciens,
322 2994 716 3063 praetermisit,
754 2993 965 3045 idcirco
996 3008 1185 3060 operas
1225 2992 1474 3062 pretium
1522 2991 1810 3059 duximus,

128 3098 187 3133 ea
231 3083 385 3136 velut
434 3085 604 3135 ﬂores
654 3087 953 3152 pratorum
1009 3087 1312 3134 vernantes
1370 3096 1601 3150 carpere
1653 3086 1708 3133 et
1756 3082 1813 3133 in

130 3186 295 3223 unum
326 3187 659 3241 congerere,
691 3175 863 3240 atque
897 3174 1143 3223 correcta
1178 3176 1235 3223 et
1265 3170 1565 3222 emendata
1584 3170 1814 3239 suisque

128 3259 376 3327 capitulis
415 3264 733 3328 praenotata
764 3260 823 3311 in
852 3258 1022 3328 hujus
1052 3275 1289 3328 corpore
1323 3258 1531 3311 codicis
1560 3274 1812 3311 seorsum

1910 876 2177 945 possibile
2209 891 2329 927 esse
2356 876 2705 939 censuimus,
2731 874 2920 927 saltim
2952 890 3147 927 eorum
3172 876 3430 930 omnium
3464 894 3604 930 con—

1910 964 2099 1033 dignis
2142 962 2435 1016 desideriis
2468 964 2524 1015 in
2559 962 2806 1015 evidenti
2842 963 3013 1032 hujus
3048 965 3238 1032 operis
3281 966 3444 1035 copia
3474 967 3608 1018 satis

1913 1051 2245 1103 faceremus.
2292 1049 2349 1102 Si
2393 1050 2485 1103 cui
2532 1056 2722 1102 autem
2767 1051 2996 1119 placent
3038 1068 3103 1104 ea
3144 1068 3269 1121 quae
3307 1055 3428 1107 sine
3459 1054 3604 1107 fastu

1916 1140 2258 1208 arrogantis»
2288 1154 2513 1191 summo
2545 1138 2734 1191 studio
2768 1138 2975 1209 pioque
3024 1139 3359 1209 collegimus
3389 1158 3603 1209 amore,

1915 1229 2223 1298 suscipere,
2275 1242 2580 1296 precamur
2620 1230 2684 1278 ut
2724 1242 2838 1279 non
2885 1228 3143 1297 ingratus
3183 1233 3377 1281 nostro
3408 1230 3611 1283 existat

1913 1318 2116 1380 labori,
2147 1316 2240 1369 sed
2276 1316 2464 1384 potius
2498 1332 2611 1367 una
2628 1315 2924 1368 nobiscum
2958 1315 3169 1384 gratias
3195 1321 3327 1386 agat
3348 1318 3608 1371 omnium

1916 1408 2197 1460 bonorum
2232 1404 2508 1473 largitori.
2542 1404 2597 1457 Si
2628 1421 2758 1457 vero
2781 1406 3071 1473 supertlua
3093 1406 3177 1457 vel
3204 1422 3321 1458 non
3353 1422 3609 1459 necessa-

1918 1496 1998 1548 ria
2028 1495 2134 1549 sibi
2171 1494 2265 1548 illa
2290 1493 2653 1562 judicaverit,
2690 1499 2881 1547 utatur
2913 1499 3132 1547 tantum
3175 1495 3396 1564 pra‘fati
3432 1495 3612 1548 Patris

1917 1585 2212 1654 opusculo,
2247 1583 2397 1653 quod
2434 1582 2668 1635 minime
2701 1597 2971 1652 respuere
3004 1582 3124 1635 sine
3158 1583 3246 1635 sui
3279 1582 3611 1636 discrimine

1914 1677 2117 1743 potest;
2152 1678 2207 1724 et
2226 1688 2289 1725 ea
2311 1670 2723 1741 quaerentibus,
2754 1670 2955 1741 hisque
2980 1669 3073 1739 pio
3098 1668 3276 1723 animi
3300 1669 3502 1723 affectu
3528 1670 3637 1723 uti-

1915 1761 2260 1827 volentibus,
2285 1760 2495 1813 utenda
2524 1760 2805 1813 admittat.
2839 1759 2957 1811 Non
2981 1757 3161 1827 igitur
3180 1758 3421 1829 ingratis
3442 1763 3500 1812 et
3523 1758 3610 1811 fa-

1916 1851 2186 1919 stidiosis,
2227 1850 2324 1904 sed
2369 1849 2557 1920 potius
2598 1848 2873 1901 studiosis
2895 1864 2958 1900 ac
2988 1847 3225 1911 devotis,
3256 1847 3351 1900 illa
3381 1846 3610 1916 colligi-

1918 1957 2065 2005 mus,
2086 1940 2145 1993 in
2167 1938 2503 2011 quibus,cui
2520 1938 2711 1991 animo
2736 1938 2956 2002 sedent,
2984 1941 3172 2007 potest
3185 1937 3434 2007 reperire
3458 1937 3611 1990 unde

1917 2034 1975 2083 et
2004 2028 2197 2081 debita
2225 2034 2356 2081 vota
2387 2044 2490 2080 sua
2519 2035 2574 2081 et
2605 2026 2858 2080 ofﬁcium
2901 2026 3082 2079 divini
3122 2026 3304 2078 cultus
3349 2026 3519 2095 digne
3548 2043 3611 2079 ac

1920 2117 2271 2187 placabiliter
2308 2116 2545 2170 Domino
2578 2117 2763 2168 valeat
2814 2115 3101 2168 exhibere.
3139 2113 3367 2167 Noverit
3417 2114 3611 2183 itaque

1920 2221 2023 2258 nos
2077 2205 2479 2274 perspicacitas
2532 2204 2757 2258 lectoris
2811 2220 2926 2256 non
2974 2203 3086 2255 alia
3130 2202 3264 2255 huic
3304 2202 3611 2255 inseruisse

1920 2293 2097 2360 operi,
2142 2291 2251 2343 nisi
2297 2308 2363 2343 ea
2404 2307 2531 2361 qua:
2574 2307 2605 2342 a
2654 2290 3071 2359 probatissimis
3111 2296 3167 2344 et
3214 2289 3612 2344 eruditissimis

1922 2394 2129 2446 magna
2160 2378 2479 2446 dilligentia
2509 2384 2739 2431 exarata
2766 2384 2899 2431 sunt
2928 2378 3081 2431 viris.
3122 2380 3191 2432 Ex
3240 2379 3432 2432 multis
3476 2394 3612 2448 ergo

1920 2468 2101 2519 multa
2143 2467 2497 2535 collegimus,
2541 2474 2602 2519 ut
2641 2467 2948 2519 multorum
2998 2466 3229 2519 utilitati
3260 2466 3612 2536 prospicere-

1928 2572 2070 2608 mus.
2122 2558 2473 2620 Praefationes
2522 2571 2717 2625 porro,
2759 2571 2901 2624 quas
2940 2554 2999 2607 in
3049 2554 3160 2607 line
3200 2555 3370 2621 hujus
3415 2553 3615 2622 posui-

1922 2660 2048 2696 mus
2078 2644 2306 2705 codicis,
2336 2644 2660 2713 Ilagitamus
2682 2649 2745 2696 ut
2771 2644 2841 2696 ab
2869 2643 2956 2696 his
2976 2643 3183 2712 quibus
3212 2643 3455 2711 placent,
3484 2656 3612 2692 cum

1921 2732 2196 2785 charitate
2229 2733 2633 2804 suscipiantur,
2669 2737 2725 2785 et
2767 2736 3065 2785 cunantur.
3099 2731 3183 2785 Ab
3232 2731 3319 2784 bis
3351 2746 3482 2783 vero
3516 2729 3616 2798 qui

1922 2836 2015 2873 eas
2031 2820 2379 2890 intelligunt,
2400 2838 2505 2875 nec
2527 2827 2719 2874 tamen
2742 2822 3338 2874 delectantnrnecnon
3362 2823 3417 2872 et
3439 2818 3505 2871 ab
3528 2818 3617 2871 his

1922 2909 2019 2977 qui
2052 2925 2145 2962 eas
2167 2911 2383 2973 volunt,
2409 2926 2511 2961 nec
2529 2915 2717 2962 tamen
2741 2908 3091 2979 intelligunt,
3118 2907 3405 2977 poscimus
3430 2911 3616 2958 utnec

1921 3003 2291 3049 assumantur
2330 3013 2435 3049 nec
2464 3001 2763 3049 canentur.
2800 2996 3074 3049 Addimus
3106 2994 3275 3061 etiam
3310 3000 3366 3047 et
3396 2993 3615 3047 Benedi-

1921 3089 2121 3141 ctiones
2136 3087 2205 3139 ab
2224 3088 2491 3156 episcopo
2515 3101 2688 3155 super
2704 3086 2988 3154 populum
3012 3084 3298 3148 dicendas,
3319 3099 3539 3136 necnon
3562 3088 3617 3135 et

1921 3174 2065 3227 illud
2089 3175 2242 3243 quod
2268 3174 2325 3226 in
2349 3174 2586 3242 praefato
2610 3172 2801 3225 codice
2827 3173 2883 3225 Β.
2910 3170 3184 3241 Gregorii,
3208 3172 3274 3224 ad
3298 3171 3507 3237 gradus
3532 3171 3615 3222 in-

1923 3264 2160 3317 feriores
2186 3264 2243 3316 in
2268 3263 2510 3316 Ecclesia
2534 3261 2987 3327 constituendos,
3015 3276 3129 3313 non
3153 3260 3413 3312 habetur.
3440 3258 3613 3313 Obse-

128 3362 351 3414 Ροοθτθν
412 3354 477 3400 ιη
532 3349 591 3400 in
646 3348 753 3401 1100
793 3364 965 3416 Opere
1013 3355 1215 3400 cuncta
1256 3347 1538 3399 inveniret
1598 3347 1816 3400 lectoris
1854 3378 1894 3432 ρ
1926 3368 2150 3405 eramus
2185 3352 2377 3422 itaque
2432 3369 2547 3412 vos,
2595 3351 2923 3421 quicunque
2963 3350 3112 3403 hunc
3146 3349 3393 3402 codicem
3430 3349 3494 3401 ad
3529 3349 3613 3401 18-.-

131 3436 422 3502 industria,
463 3452 822 3507 quaecunque
867 3436 1075 3489 nostris
1105 3436 1461 3505 temporibus
1502 3438 1816 3490 necessaria

131 3540 240 3577 esse
270 3526 686 3595 perspeximus,
717 3542 1047 3595 quanquam
1078 3526 1241 3595 plura
1263 3525 1433 3578 etiam
1468 3525 1527 3577 in
1557 3526 1682 3578 aliis
1713 3527 1813 3579 Sa-

131 3622 547 3669 cramentorum
583 3616 787 3669 libellis
819 3616 1233 3668 invenissemus
1265 3616 1493 3667 inserta.
1532 3616 1683 3668 Hanc
1716 3632 1812 3668 ve-

132 3719 188 3755 ro
218 3704 579 3758 discretionis
610 3704 790 3773 gratia
814 3703 1311 3773 praefatiunculam
1336 3704 1391 3755 in
1427 3704 1614 3755 medio
1641 3705 1814 3755 collo-

132 3794 392 3859 cavimus,
432 3798 495 3845 ut
527 3793 760 3845 alterius
788 3792 939 3856 linis,
974 3792 1208 3845 alterius
1245 3808 1472 3862 quoque
1515 3792 1812 3844 exordium

133 3886 264 3934 esset
294 3882 505 3945 libelli;
540 3882 637 3945 ita,
672 3881 952 3949 videlicet,
987 3887 1049 3934 ut
1086 3882 1217 3934 hinc
1265 3882 1394 3933 inde
1436 3880 1816 3934 formabiliter

133 3968 335 4022 eisdem
367 3970 571 4040 positis
602 3970 808 4023 libellis
836 3970 1057 4023 noverit
1086 3969 1329 4040 quisque
1360 3987 1474 4039 qua
1505 3986 1536 4022 a
1579 3971 1633 4023 Β.
1673 3971 1811 4023 Grc-

133 4058 305 4124 gorio,
339 4074 539 4128 qumve
571 4059 684 4111 sint
706 4058 774 4111 ab
806 4058 929 4111 aliis
952 4058 1101 4111 edita
1135 4058 1422 4119 Patribus;
1454 4063 1510 4111 et
1537 4059 1810 4127 quoniam

134 4146 506 4200 excludendos
582 4152 868 4200 tantarum
939 4147 1273 4218 quaesitores
1342 4146 1811 4216 diversarumque

1927 3440 2179 3509 gendum
2210 3439 2324 3491 sive
2358 3438 2852 3491 transcribendum
2884 3436 3265 3507 sumpset‘itis,‘
3299 3440 3361 3489 ut
3391 3452 3496 3504 pro
3523 3450 3615 3488 me

1925 3545 2121 3599 preces
2152 3528 2219 3580 ad
2256 3527 2566 3601 Dominum
2596 3526 2868 3589 fundatis,
2904 3527 3003 3596 qui
3044 3526 3114 3579 ob
3152 3525 3452 3578 utilitatem
3488 3524 3613 3593 plu—

1922 3616 2203 3670 rimorum
2255 3633 2320 3669 ca
2379 3615 2644 3684 colligere
2706 3622 2876 3686 atque
2932 3615 3213 3683 corrigere
3273 3614 3607 3667 studuimus.

1924 3707 2347 3773 Precamurque
2404 3708 2465 3756 ut
2524 3720 2653 3757 eum
2718 3703 2795 3755 ita
2851 3702 3160 3771 diligenter
3202 3700 3614 3766 transcribatis,

1924 3799 2208 3864 quatenus
2241 3793 2362 3861 ejus
2403 3796 2604 3857 tectus,
2655 3796 2713 3843 et
2760 3792 3120 3844 eruditorum
3169 3806 3336 3843 aures
3386 3790 3613 3842 demul-r

1923 3887 2062 3947 ceat,
2098 3886 2149 3933 et
2186 3879 2561 3949 simpliciores
2592 3894 2847 3949 quosque
2893 3894 3081 3930 errare
3114 3893 3229 3929 non
3262 3877 3430 3929 sinat.
3465 3876 3614 3930 Nihil

1922 3969 2098 4034 enim,
2134 3974 2197 4022 ut
2226 3969 2304 4022 ait
2335 3970 2391 4022 Β.
2428 3968 2827 4036 Hieronymus.
2871 3965 3129 4033 proderit
3171 3965 3504 4019 emendasse
3543 3963 3612 4017 1i-

1922 4060 2113 4125 brum,
2146 4059 2254 4112 nisi
2283 4058 2608 4113 emendatio
2640 4056 3000 4110 librariorum
3052 4054 3347 4125 diligentia
3390 4068 3615 4106 conser-

1920 4151 2102 4201 vetur.

1362 4463 1767 4529 CAPITULA
1816 4461 2064 4526 HUJUS
2114 4461 2353 4525 LIBRI.

138 4621 172 4672 l.
520 4621 822 4675 Benedictio
849 4624 1007 4675 cerei.

138 4690 196 4743 ΙΙ.
520 4694 802 4748 Orationes
847 4708 946 4755 per
986 4693 1237 4758 singulas
1279 4692 1521 4745 lectiones
1578 4694 1635 4744 in
1679 4691 1815 4745 Sab-

587 4764 708 4815 bato
765 4768 968 4823 sancto,
1016 4765 1231 4831 require
1277 4767 1419 4815 retro
1470 4765 1526 4815 in
1584 4762 1818 4817 Sabbato

620 4838 805 4886 sancto
828 4834 1061 4887 Paschae.

141 4901 221 4954 lll.
518 4907 643 4959 Item
720 4907 985 4957 orationes
1044 4907 1102 4958 in
1187 4905 1396 4969 Vigilia
1462 4902 1814 4969 Pentecostes,

584 4977 800 5041 require
842 4980 985 5027 retro
1032 4978 1091 5028 in
1130 4975 1365 5030 Sabbato
1407 4980 1590 5027 sancto
1631 4976 1817 5027 Pente-

144 5112 220 5163 lV.
518 5052 941 5171 Βεξιΐέῖὲίιόηεηι
980 5114 1127 5168 'salis
1172 5115 1246 5167 art
1299 5114 1613 5179 faciendum
1669 5119 1817 5167 cate-

587 5188 922 5249 chumenum,
958 5190 1007 5237 et
1050 5185 1176 5238 inde
1210 5201 1328 5253 qua:
1356 5191 1655 5252 sequuntur
1688 5200 1818 5238 ora-

590 5260 777 5322 tiones,
803 5257 1036 5324 qualiter
1070 5257 1418 5322 baptizentur
1453 5257 1510 5308 hi
1530 5258 1627 5324 qui
1648 5256 1821 5324 bapti-

588 5327 755 5380 zandi
799 5331 943 5390 sunt,
979 5328 1195 5395 require
1246 5330 1303 5379 in
1345 5326 1585 5379 Sabbato
1636 5331 1821 5380 sancto

589 5400 935 5452 Pentescotes.

148 5464 202 5536 V.
531 5468 814 5522 Dominica
838 5468 860 5520 Ι
888 5472 1010 5536 post
1041 5469 1237 5522 Natale
1267 5468 1500 5521 Domini.

150 5535 227 5589 Vl.
516 5542 794 5594 Dominica
816 5539 836 5592 Ι
844 5540 862 5592 Ι
888 5535 1012 5610 post
1040 5540 1234 5594 Natale
1262 5539 1499 5594 Domini.

1853 4621 1895 4673 I)
1922 4620 2036 4672 VII.
2310 4618 2594 4673 Dominica
2631 4618 2813 4684 prima
2838 4620 2958 4684 post
2994 4614 3415 4681 Theophaniam.

1928 4691 2072 4744 VIII.
2315 4690 2593 4743 Dominica
2634 4686 2681 4739 II
2714 4692 2833 4753 post
2866 4686 3286 4752 Theophaniam.

1927 4763 2008 4814 IX.
2318 4760 2593 4813 Dominica
2632 4757 2700 4809 Ill
2723 4761 2843 4824 post
2875 4756 3294 4821 Thecphaniam.

1927 4833 1986 4885 X.
2316 4831 2603 4883 Dominica
2644 4827 2711 4880 IV
2738 4831 2858 4892 post
2895 4826 3310 4892 Theophaniam.

1926 4902 2014 4956 XI.
2317 4902 2594 4954 Dominica
2635 4898 2673 4947 V
2690 4904 2813 4965 post
2845 4898 3264 4963 Theophaniam.

1927 4974 2039 5025 XII.
2324 4971 2607 5023 Dominica
2648 4968 2711 5020 Vl
2737 4972 2860 5035 post
2893 4966 3315 5033 Theophaniam.

1928 5044 2064 5096 XIII.
2326 5042 2609 5094 Dominica
2648 5039 2667 5092 I
2698 5043 2819 5107 post
2847 5037 2997 5091 octab
3052 5037 3285 5090 Pascha.

1928 5114 2057 5166 XIV.
2323 5113 2609 5164 Dominica
2652 5110 2694 5161 II
2722 5113 2844 5177 post
2869 5108 3039 5161 octab.
3070 5107 3305 5177 Pascha.

1929 5184 2032 5236 XV.
2322 5184 2607 5236 Dominica
2648 5176 2873 5248 Illipost
2903 5179 3075 5232 octab.
3107 5176 3341 5231 Puschz.

1927 5255 2061 5307 XVI.
2324 5254 2607 5305 Dominica
2647 5252 2732 5303 lV.
2764 5257 2887 5319 post
2915 5250 3081 5305 octab.
3109 5248 3349 5302 Pascha.

1929 5325 2085 5377 XVII.
2326 5324 2609 5377 Dominica
2651 5322 2669 5373 l
2700 5327 2822 5390 post
2845 5326 3086 5375 Ascensa
3118 5321 3347 5372 Domini.

1930 5396 2112 5449 XVIII.
2329 5395 2612 5447 Dominica
2651 5393 2670 5445 Ι
2703 5398 2824 5460 post
2851 5396 3138 5446 Pentecost.

1927 5466 2066 5520 XIX.
2322 5466 2603 5519 Dominica
2644 5463 2693 5518 II
2722 5468 2841 5532 post
2872 5464 3160 5517 Pentecost.

1928 5537 2033 5592 XX.
2325 5537 2608 5592 Dominica
2646 5536 2722 5591 Ill
2747 5538 2868 5605 post
2897 5536 3185 5589 Pentecost.
