4078 6180
409 257 512 311 799
1137 253 1148 262 ”
1538 254 1873 311 GRIMALDI
1914 256 2428 312 SANGALLENSIS
2465 254 2762 313 ABBATIS
3769 255 3856 307 800

407 389 536 446 XXI.
771 394 1054 446 Dominica
1094 392 1164 446 IV
1190 396 1310 460 post
1357 393 1644 446 Pentecost.
2129 395 2174 447 Α
2203 393 2307 447 XC.
2599 395 2767 447 Missa
2796 397 2981 446 contra
3007 392 3365 460 obloquentes.

410 464 565 517 XXII.
770 465 1054 516 Dominica
1093 462 1135 511 V
1158 467 1278 528 post
1307 467 1595 516 Pentecost.
2205 462 2333 518 XCI.
2601 465 2754 519 Orat.
2786 464 2860 516 ad
2887 465 3134 530 pluviam
3165 461 3568 530 postulandum.

411 534 591 588 XXIII.
763 535 1047 588 Dominica
1085 532 1149 585 VI
1179 539 1296 600 post
1326 535 1612 586 Pentecost.
2205 534 2361 589 XCII.
2600 537 2767 588 Missa
2797 535 2870 587 ad
2893 536 3133 602 pluviam
3163 532 3565 602 postulandum.

409 605 582 658 XXIV.
771 605 1051 656 Dominica
1095 604 1187 654 VII
1221 609 1340 670 post
1369 606 1656 658 Pentecost.
2207 606 2384 660 XCIII.
2595 607 2748 662 Orat.
2784 605 2858 658 ad
2886 601 3222 657 Serenitatem
3251 601 3652 671 postulandum.

409 674 566 727 XXV.
769 676 1043 726 Dominica
1083 674 1198 727 VIII
1230 679 1348 740 post
1381 677 1667 728 I’entecost.
2205 677 2381 731 XCIV.
2601 678 2771 729 Missa
2809 676 2882 727 ad
2910 677 3250 727 serenitatem
3272 672 3671 742 postulandum.

409 744 580 797 XXVI.
769 745 1052 797 Dominica
1095 745 1157 798 IX
1186 749 1306 812 post
1337 747 1625 798 Pentecost.
2209 747 2357 802 XCV.
2596 749 2763 800 Missa
2793 746 2866 799 ad
2899 745 3261 814 repellendam
3293 748 3672 804 tempestatem.

409 814 609 867 XXVII.
771 817 1052 868 Dominica
1089 816 1126 868 Χ
1156 821 1274 882 post
1305 817 1593 869 Prntecost.
2207 819 2378 874 XCVI.
2604 817 2883 872 Orationes
2916 821 2966 869 et
2990 829 3170 883 preces
3198 829 3360 882 super
3385 815 3717 881 paenitentem

409 883 642 938 XXVIII.
777 887 1060 939 Dominica
1099 886 1158 939 XI
1190 891 1311 954 post
1345 888 1630 939 Pentecost.
2668 890 2999 955 conﬁtentem
3029 891 3245 953 peccata
3279 899 3379 939 sua
3417 899 3559 937 more
3593 884 3742 936 solito

409 955 575 1008 XXIX.
775 957 1061 1009 Dominica
1099 956 1187 1009 XII
1215 961 1334 1023 post
1367 959 1656 1010 Pentecost.
2665 960 2810 1023 feria
2834 958 2899 1010 IV
2924 960 2982 1009 in
3013 956 3291 1022 Quadrag.

409 1025 570 1078 XXX.
778 1027 1062 1080 Dominica
1100 1027 1215 1080 XIII
1244 1034 1366 1095 post
1401 1029 1683 1080 Pentecost.
2208 1031 2410 1086 XCVII.
2596 1031 2786 1085 Oratio
2816 1029 2890 1079 ad
2917 1027 3372 1080 reconciliandam
3403 1026 3734 1092 poenitentem

409 1097 580 1149 XXXI.
767 1099 1048 1151 Dominica
1085 1099 1198 1152 XIV
1230 1103 1347 1164 post
1376 1099 1663 1151 Pintecost.
2665 1102 2770 1166 fer.
2803 1100 2859 1150 V.
2891 1101 2950 1152 in
2977 1112 3131 1152 cana
3165 1097 3390 1150 Domini.

410 1167 614 1222 XXXII.
776 1169 1060 1221 Dominica
1087 1169 1174 1221 XV
1205 1173 1324 1235 post
1353 1170 1642 1221 Pentecost.
2207 1173 2434 1227 XCVIII.
2601 1172 2794 1227 Oratio
2823 1170 2897 1223 ad
2921 1168 3256 1222 t'isitandum
3286 1169 3576 1234 infirmum.

409 1237 646 1291 XXXIII.
775 1239 1059 1292 Dominica
1099 1240 1204 1291 XVI
1232 1245 1350 1307 post
1371 1241 1666 1293 Pontecost.
2210 1245 2378 1298 CXIX.
2602 1243 2780 1294 Missa
2805 1256 2908 1308 pro
2935 1241 3184 1306 inﬁrmis.

413 1309 635 1361 XXXIV.
774 1309 1056 1361 Dominica
1093 1309 1230 1362 XVII
1263 1314 1381 1375 post
1409 1311 1700 1363 Pentecost.
2209 1315 2267 1368 C.
2603 1313 2756 1368 Orat.
2786 1327 2883 1379 pro
2914 1309 3135 1363 reddita
3156 1309 3409 1362 sanitate.

411 1379 598 1431 XXXV-
770 1379 1057 1432 Dominica
1092 1379 1255 1433 XVIII
1287 1384 1408 1447 ροεε
1437 1382 1725 1432 Ρθητθοοει.
2211 1385 2274 1440 CI
2605 1377 2982 1437 Reconciliatio
3018 1383 3325 1448 paenitentis
3355 1377 3429 1429 ad
3457 1380 3698 1430 mortem.

412 1449 630 1504 XXXVI.
772 1450 1055 1502 Dominica
1093 1452 1205 1504 XIX
1231 1456 1351 1518 post
1380 1452 1666 1503 Pentecost.
2211 1455 2321 1508 CII.
2600 1454 2752 1509 Orat.
2790 1454 2844 1506 in
2875 1452 3087 1518 agenda
3117 1455 3467 1503 mortuorum.

410 1520 666 1574 XXXVII.
775 1521 1063 1574 Dominica
1100 1522 1183 1574 XX
1213 1525 1334 1588 post
1365 1521 1661 1574 Pentecost.
2212 1527 2350 1580 CIII.
2601 1527 2774 1578 Missa,
2800 1525 2960 1576 unius
2993 1522 3255 1587 defuncti.

410 1590 679 1644 XXXVIII.
776 1591 1058 1644 Dominica
1094 1591 1210 1643 XXI
1242 1596 1362 1659 post
1396 1594 1684 1645 Pentecost.
2211 1597 2343 1651 CIV,
2598 1597 2768 1650 Missa
2795 1609 2894 1661 pro
2915 1593 3168 1658 defuncto
3187 1605 3370 1661 nuper
3391 1589 3688 1661 baptizato.

411 1661 632 1740 XXXIX.
773 1662 1058 1740 Qominica
1240 1657 1378 1740 :post
1399 1663 1701 1740 APentecost.

2162 1687 2183 1740 3
2215 1668 2317 1722 CV.
2599 1657 2880 1740 Orationes
2909 1657 3008 1740 pro
3038 1657 3310 1740 defunctis
3341 1657 3772 1740 desiderantibus

411 1733 517 1804 XL.
767 1731 1058 1785 Dominica
1093 1728 1409 1800 XXIII—post
1432 1734 1721 1786 Pentecost.
2144 1728 2182 1740 “’
2668 1728 3036 1804 pamitentiam
3075 1739 3126 1786 et
3154 1734 3372 1785 minime
3400 1728 3844 1804 consequentibus.

410 1803 540 1856 ΧΠ·
771 1805 1047 1856 Dominica
1086 1804 1239 1858 XXIV
1261 1808 1382 1871 Ροεε
1413 1805 1698 1857 Ρθηιεοοέί-
2211 1810 2341 1865 CVI.
2606 1801 2775 1861 Missa
2805 1809 2860 1857 in
2884 1807 3260 1857 anniversario
3287 1804 3448 1855 unius
3478 1801 3740 1865 defuncti.

410 1873 568 1944 XLII.
767 1875 896 1926 Item
925 1875 1047 1926 aliae
1071 1877 1248 1928 Missae
1277 1874 1614 1942 quotidianis
1641 1873 1848 1928 diebus.
2213 1880 2367 1934 CVII,
2602 1880 2771 1932 Missa
2799 1877 3159 1944 plurimorum
3187 1873 3584 1940 defunctorum.

411 1943 590 1998 XLIII.
768 1944 901 1997 Alia
925 1945 1115 1999 Missa.
2211 1950 2398 2005 CVIII.
2602 1950 2736 2001 Alia
2759 1943 2942 2000 missa.

409 2015 581 2069 XLIV.
775 2016 814 2068 Α
829 2016 907 2067 lia
936 2017 1125 2068 Missa.
2211 2021 2340 2076 CIX.
2604 2020 2736 2073 Alia
2765 2020 2954 2072 Missa.

414 2086 563 2139 XLV.
776 2086 907 2138 Alia
935 2087 1124 2139 Missa.
2213 2093 2314 2145 CX.
2609 2091 2791 2143 Missa
2821 2091 2879 2141 in
2899 2087 3229 2141 cmmeteriis.

411 2156 590 2210 XLVI.
772 2157 904 2209 Alia
936 2155 1126 2210 Missa.
1467 2225 1500 2227 μ

2266 2164 2343 2218 XI.
2602 2163 2771 2214 Missa
2832 2174 2931 2227 pro
2994 2157 3169 2210 salute
3239 2157 3486 2210 vivorum
3541 2153 3627 2208 vel
3675 2148 3876 2220 Agenda

410 2227 609 2280 XLVII.
769 2228 831 2280 In
861 2228 1050 2280 Natali
1075 2229 1236 2279 unius
1271 2225 1520 2292 apostoli.
2674 2225 3026 2284 mortuorum.

410 2298 639 2351 XLVIII.
770 2295 835 2349 In
865 2298 1052 2352 Natali
1080 2298 1440 2366 plurimorum
1469 2295 1852 2363 apostolorum.
2213 2303 2365 2357 0x11,
2610 2303 2958 2356 Emorcismus
2987 2299 3141 2352 salis.

411 2368 584 2422 XLIX.
769 2369 839 2420 In
868 2369 1060 2422 Natali
1090 2370 1255 2421 unius
1281 2368 1568 2436 martyris.
2212 2374 2397 2430 CXI“,
2601 2372 2914 2425 Benedictio
2943 2370 3096 2424 salis.

414 2437 472 2490 L.
773 2440 833 2491 In
862 2440 1053 2493 Natali
1078 2439 1437 2505 plurimorum
1467 2439 1791 2503 martyrum.
2213 2446 2381 2499 αχεν,
2605 2443 2948 2496 Επονσὶεηιιιε
2986 2453 3160 2506 aquai.

416 2509 502 2562 LI.
771 2511 835 2562 In
865 2510 1052 2561 Natali
1078 2511 1238 2561 unius
1266 2509 1606 2578 confessoris.
2213 2515 2360 2571 cxv,
2605 2514 2908 2568 Benedictio
2935 2524 3109 2578 aquae.

417 2580 524 2632 LII.
768 2580 840 2630 In
869 2580 1056 2633 Natali
1082 2580 1440 2645 plurimorum
1467 2577 1850 2642 confessorum.
2214 2587 2388 2641 CXV],
2605 2583 2909 2638 Benedictio
2935 2577 3071 2636 scitis
3095 2584 3145 2634 et
3173 2594 3329 2647 aqua
3354 2581 3587 2647 pariter.

415 2649 547 2703 Lm-
765 2651 831 2704 1η
855 2651 1040 2720 Nam“?
1067 2651 1318 2720 υίνθίηίξ-
1442 2717 1470 2720 Α,
1583 2719 1588 2720 γ
2214 2657 2426 2712 CXVII.
2604 2656 2882 2710 Orationes
2913 2650 3131 2720 quando
3148 2645 3295 2718 aqua
3313 2645 3607 2719 spargitur
3645 2650 3702 2700 in
3730 2645 3881 2698 domo.

416 2720 545 2773 LIV.
773 2721 944 2773 Missa
968 2719 1042 2772 ad
1068 2719 1336 2787 poscmda
1355 2717 1627 2785 suffragia
1647 2720 1975 2770 sanctorum.
2216 2727 2442 2782 cxvm,
2609 2717 2939 2777 Benedictio
2959 2722 3168 2776 domus.

417 2791 519 2843 LV.
765 2791 950 2844 Oratio
971 2789 1045 2842 ad
1065 2792 1316 2844 clericum
1344 2789 1678 2853 faciendum.
1879 2856 1890 2858 _

1676 2830 1678 2836 ν
1879 2856 1890 2858 _
2217 2799 2383 2852 CXIX.
2605 2797 2792 2850 Oratio
2823 2800 3011 2847 contra
3039 2793 3286 2858 fulgura.

413 2861 544 2914 LVI.
771 2860 1074 2915 Benedictio
1133 2863 1361 2914 vestium
1403 2861 1634 2927 virginis
1691 2863 1741 2912 et
1796 2856 1994 2921 viduae,

2243 2870 2358 2922 IXX.
2609 2869 2798 2922 Oratio
2818 2879 2980 2933 super
3007 2856 3146 2916 vasti
3170 2865 3227 2915 in
3253 2863 3362 2916 loco
3387 2862 3618 2928 antiquo
3637 2862 3853 2929 reperta.

838 2933 1166 3003 consecratio
1190 2933 1330 2996 viry-
2143 2969 2181 3003 ρ
2215 2940 2386 2995 CXXI.
2604 2937 2878 2991 Bnedictio
2897 2935 3067 3003 putei.

413 3003 570 3056 Lvn.
771 2969 1330 3055 Βᾶἵὲἕὲἔὶίῖἷιιῖιῖεέῖ
2143 2969 2182 3023 θ
2215 2969 2408 3066 ἓὲἓξίἱ.
2604 2969 3158 3069 ἓὲτῖἔᾶξῖἱὲἔὲῒέίει
3185 3003 3348 3069 fabae.

414 3074 592 3127 LVIII.
770 3073 1107 3129 Consecratio
1137 3073 1351 3126 altaris.

2215 3081 2432 3136 CXXIII.
2607 3078 2914 3133 Benedictio
2940 3076 3013 3129 ad
3039 3077 3226 3142 fruges
3247 3088 3431 3128 novas.

413 3145 545 3198 LIX.
767 3144 859 3196 Ad
883 3142 1295 3197 consecrandam
1335 3146 1614 3213 patenum-
2215 3151 2428 3206 CXXIV.
2604 3148 2906 3204 Benedictio
2937 3147 3011 3199 ad
3041 3149 3221 3200 omnia
3246 3160 3365 3213 quae
3395 3143 3650 3197 volueris.

415 3215 514 3269 LX-
769 3215 858 3269 Ad
887 3216 1107 3286 calice"!
1132 3212 1581 3286 ὁριιεάίοεηάςιηιι,
2216 3223 2404 3277 CXXV.
2606 3219 2911 3274 Benedictio
2938 3219 3103 3286 panis
3124 3212 3268 3269 novi.

414 3286 540 3339 LXI.
771 3286 958 3340 Oratio
984 3288 1042 3336 in
1071 3284 1408 3337 dedicatione
1437 3283 1628 3347 fontis.
2215 3293 2431 3348 CXXV],
2605 3291 2792 3346 oratio
2822 3283 2955 3342 αηιέ
2983 3288 3180 3342 cibum.

413 3356 580 3428 LXII:
766 3357 944 3428 Missa
967 3358 1023 3407 in
1049 3356 1423 3428 anniversario
1455 3353 1808 3406 dedicationis
1838 3351 2100 3404 Basilica.
2215 3364 2468 3418 CXXV".
2608 3362 2792 3416 οναιίο
2818 3374 2980 3428 super
3000 3373 3257 3412 mensam,

414 3426 602 3481 LXIII.
774 3427 943 3480 Missa
969 3441 1068 3492 pro
1091 3425 1332 3489 regibus.
2215 3435 2482 3490 cxxvm.
2613 3433 2802 3488 Oratio
2832 3425 2957 3483 ante
2987 3430 3182 3482 cibum.

413 3497 598 3552 LXIV.
769 3498 936 3549 Missa
967 3495 1290 3564 quotidiana
1313 3509 1412 3562 pro
1440 3507 1580 3559 rege.
1901 3560 1939 3564 ν
2215 3505 2435 3560 CXXIX.
2612 3505 2802 3559 οναείο
2831 3505 2887 3553 in
2915 3501 3178 3553 sacrario.

416 3568 564 3622 LXV.
770 3566 922 3621 Orat.
973 3560 1074 3617 ’ad
1147 3560 1371 3618 Missam
1435 3569 1674 3631 tempore
1737 3560 1941 3630 synodi
2000 3577 2026 3630 ι

2075 3575 2108 3614 ο
2215 3577 2403 3631 CXXX.
2603 3575 2790 3629 Oratio
2823 3571 2917 3625 ubi
2941 3572 3257 3623 vestimenta
3279 3573 3684 3622 conservantur.

841 3651 963 3714 reae
995 3635 1245 3714 ατοεηοέςι-
1441 3704 1452 3714 .
1496 3705 1530 3714 _.
1888 3703 1909 3714 -
1951 3703 1988 3714 ..
2217 3647 2434 3702 CXXXI-

1888 3703 1909 3714 ,
1951 3703 1988 3714 ,,
2217 3647 2434 3702 CXXXI.
2604 3643 2794 3698 Oratio
2824 3646 2880 3696 in
2907 3643 3207 3714 refectorio.

416 3707 588 3761 LXVI.
772 3707 950 3760 Missa
979 3707 1228 3773 specialis
1261 3704 1555 3759 sacerdotis
1597 3719 1716 3757 cum
1759 3703 2103 3771 przfatione.
2215 3717 2471 3772 CXXX“,
2606 3717 2795 3772 οναιεο
2824 3716 2884 3766 in
2915 3703 3253 3766 dormitorio,

416 3777 614 3832 LXVII.
771 3779 899 3831 Item
926 3779 1038 3830 alia
1073 3792 1191 3830 cum
1218 3778 1560 3845 praefatione.

1535 3791 1560 3828 '-
2217 3789 2485 3843 CXXXIII.
2609 3786 2796 3841 Oratio
2825 3785 2882 3836 in
2911 3783 3145 3836 cellario.

414 3849 638 3921 LXVIII.
766 3850 937 3921 Missa
963 3863 1061 3914 pro
1089 3851 1259 3901 amico
1279 3849 1362 3901 vel
1383 3862 1486 3916 pro
1516 3861 1619 3914 quo
1651 3845 1899 3899 volueris.
2216 3858 2474 3914 cxxx1v_
2614 3858 2797 3912 οναείο
2828 3857 2885 3906 in
2913 3851 3219 3921 εστίριονίο,

415 3920 587 3973 LXIX-
771 3920 906 3972 Alia
943 3921 1131 3972 Missa.
2217 3931 2442 3984 cxxxv.
2611 3928 2796 3982 Oratio
2824 3927 2883 3978 in
2909 3920 3217 3991 hospitalia.

415 3991 558 4044 ιιΧΧ-
692 4019 699 4044 ν
767 3991 899 4043 Alia
933 3991 1122 4043 Μίεεαο
2216 3999 2482 4055 CXXXVI.
2605 3999 2794 4053 Oratio
2819 3997 2879 4048 in
2909 3994 3064 4048 domo
3095 3993 3458 4057 inﬁrmorum.

413 4060 590 4115 LXXI.
767 4062 934 4114 Missa
959 4076 1059 4128 pro
1089 4060 1263 4113 salute
1291 4060 1556 4111 vivorum.
2216 4070 2504 4125 (ζχχχνιι,
2609 4069 2793 4124 Oratio
2822 4068 2881 4119 in
2910 4080 3064 4118 area.

415 4131 619 4209 esse.
770 4133 943 4209 iussa
971 4146 1070 4198 ρνο
1098 4129 1511 4209 νςιτημιίανξοιιε·
1736 4197 1773 4209 ,.

1736 4197 1773 4209 ,,
2215 4141 2529 4196 CXXXVIII.
2604 4139 2790 4195 Oratio
2820 4139 2877 4209 in
2909 4136 3187 4209 granario.

418 4201 642 4275 LXXIII.
773 4202 941 4275 IIIissa
960 4197 1062 4275 prs
1088 4201 1282 4252 abbate
1307 4197 1393 4275 vel
1421 4197 1789 4275 congreganti.

1555 4197 1789 4275 "mnti-
2145 4259 2186 4275 η
2217 4213 2466 4267 CXXXIX.
2609 4211 2797 4265 Oratio
2827 4208 2884 4259 in
2910 4197 3163 4275 pistrino.

771 4271 924 4344 Orat.
947 4259 1006 4322 in
1035 4271 1357 4344 monasterio
1381 4259 1839 4344 _monacborum.__
2145 4259 2188 4313 Β
2827 4279 2884 4330 in
2911 4259 3165 4344 Zoqiiina.

417 4342 609 4396 LXXV.
775 4341 924 4395 Orat.
945 4355 1046 4408 pro
1073 4341 1344 4405 fratribus
1370 4341 1427 4391 in
1446 4341 1538 4391 via
1561 4337 1886 4404 dirigendis.

1564 4337 1886 4404 ἀίνίρθηάίε·
2215 4353 2388 4407 CXLI.
2609 4351 2794 4406 Oratio
2826 4352 2882 4400 in
2915 4337 3174 4401 lardario.

416 4411 636 4465 LXXVI.
770 4411 922 4465 Orat.
954 4426 1054 4478 pro
1083 4409 1431 4463 redeuntibus
1463 4409 1528 4462 de
1558 4411 1769 4462 itinere.
2217 4424 2413 4478 CXL",
2607 4422 2798 4478 ον-αείο
2828 4420 2887 4471 in
2912 4420 3206 4471 caminata.

417 4481 662 4554 LXXVII,
774 4482 924 4554 Οῗαί·
963 4480 1028 4533 άθ
1054 4481 1288 4534 adventu
1316 4483 1557 4554 fratrum
1595 4479 2102 4548 δυρθνυθηίθηίίυηδ·
2215 4494 2436 4548 CXLIII.
2607 4493 2795 4548 Oratio
2824 4491 2883 4541 in
2914 4490 3146 4541 introitu
3169 4491 3357 4554 porta.

419 4552 690 4606 LXXVIII.
773 4553 942 4606 Missa
968 4567 1068 4620 pro
1098 4554 1202 4604 iter
1231 4551 1535 4618 agentibus.

2216 4565 2438 4619 CLXIV.
2604 4563 2886 4618 Orationes
2915 4550 3265 4612 matutinales
3295 4560 3345 4608 et
3375 4550 3781 4622 vespertinales.

782 4625 948 4701 IIIissa
981 4637 1080 4690 pro
1104 4621 1512 4701 navigantibus.

2217 4636 2409 4691 CXLV.
2603 4633 2881 4701 Impositio
2911 4644 3168 4682 manuum
3198 4641 3361 4694 super
3382 4621 3792 4691 energumenum

419 4694 604 4747 LXXX.
779 4695 942 4747 Missa
971 4709 1070 4761 pro
1098 4695 1346 4760 peccatis.
2676 4694 3130 4757 éatechumenum.

780 4765 1056 4839 _O_ratioIin
1079 4770 1310 4831 tempore
1325 4763 1485 4839 belli.

2217 4776 2433 4832 CXLVI.
2613 4776 2742 4828 Item
2763 4773 2877 4824 alia
2896 4787 2995 4839 pro
3020 4768 3248 4838 parvulo
3278 4779 3652 4832 energumeno.

420 4834 665 4906 LXXXIL
774 4836 943 4888 Missa
972 4837 1029 4887 in
1055 4841 1287 4902 tempore
1315 4834 1456 4886 belli.

2218 4846 2463 4902 CXLVII.
2615 4847 2746 4899 Item
2775 4834 2911 4896 aliz'
2927 4834 3193 4895 orationes
3221 4853 3388 4906 super
3414 4847 3761 4901 energumeno

778 4906 911 4982 Xlia
937 4907 1122 4982 missa.
2683 4915 2983 4982 baptizata.

421 4976 683 5030 LXXXIV.
781 4977 913 5028 Alia
941 4978 1126 5028 missa.

426 5045 663 5100 LXXXV.
784 5047 956 5099 Missa
979 5061 1080 5112 pro
1107 5059 1258 5112 pace.

422 5117 676 5170 LXXXVI.
774 5117 942 5170 Missa
971 5131 1072 5185 pro
1102 5129 1419 5182 quacunque
1447 5113 1811 5167 tribulatione.

1771 5127 1811 5166 3-
2763 5134 2786 5159 ³
2828 5136 3168 5176 BENBDICTIO
3207 5135 3381 5172 CBREI.

420 5187 710 5241 LXXXVII.
781 5187 952 5240 Missa
981 5201 1079 5254 pro
1104 5189 1252 5254 peste
1283 5186 1624 5238 animalium.

423 5257 737 5312 LXXXVIII.
783 5259 952 5312 Missa
979 5263 1035 5309 in
1065 5258 1416 5309 contentione.

2296 5232 2543 5286 Exsultat
2562 5230 2684 5300 jam
2707 5228 2963 5298 angelica
2991 5226 3160 5280 turba
3184 5225 3481 5287 ccelorum,
3515 5220 3794 5275 exsultent
3821 5212 3895 5266 di-

422 5308 737 5382 LXXXIX.“
783 5308 953 5382 IIIissa
983 5308 1169 5382 contra
1183 5308 1395 5397 judices
1423 5325 1562 5378 male
1591 5327 1825 5390 agentes.
2222 5321 2352 5373 vina
2384 5319 2674 5390 mysteria,
2707 5323 2764 5372 et
2794 5333 2897 5388 pro
2938 5315 3082 5370 tanti
3123 5314 3273 5385 regis
3299 5311 3556 5376 victoria,
3593 5308 3721 5363 tuba
3759 5308 3894 5358 into-

493 5459 517 5484 ⁸
545 5451 704 5514 Quod
763 5451 1015 5504 Zosimus
1070 5467 1218 5520 papa
1256 5448 1741 5520 consecrationem
1796 5445 1947 5520 cerei
2000 5447 2112 5499 Pa-
2224 5444 2346 5520 Ipse
2378 5445 2574 5520 Roma}
2603 5441 2823 5520 primus
2859 5457 2982 5494 eam
3015 5437 3490 5520 consuetudinem
3531 5435 3590 5489 D.
3631 5425 3893 5520 Ambroiii

424 5509 626 5574 schaIis
662 5522 973 5575 instituisse
1011 5509 1240 5592 Ie'gilfur,
1276 5521 1331 5573 id
1376 5526 1475 5573 aut.
1516 5535 1584 5572 oo
1621 5517 2009 5581 referendum,
2053 5521 2118 5570 ut
2225 5509 2483 5569 imitatus
2515 5509 2622 5580 sit;
2649 5517 2750 5567 aut
2789 5517 2941 5566 certe
2984 5526 3111 5565 eam
3162 5511 3410 5564 formam
3447 5509 3891 5560 consecrationis,
