4038 6174
145 218 235 270 801

1454 211 1662 267 LIBER
1703 213 2334 270 SACRAMENTORUM.

3531 224 3633 275 802

141 353 238 402 net
282 346 565 400 salutaris.
609 344 866 399 Gaudeat
904 342 1077 397 tantis
1120 343 1289 397 tellus
1334 342 1606 397 irradiata
1635 344 1822 415 iulgo-
1862 348 1908 400 A
1933 344 2099 413 ceris,
2129 360 2304 415 quam
2335 344 2395 398 in
2426 344 2803 399 substantiam
2831 346 3099 416 pretiosas
3132 347 3303 417 hujus
3357 349 3635 419 lampadis

141 436 313 503 ribus,
361 440 427 488 et
470 433 673 487 aeterni
728 432 879 502 regis
931 432 1235 502 splendore
1294 432 1599 501 illustrata,
1659 434 1833 486 totius

141 524 320 578 noctis
380 541 438 576 se
506 522 715 575 sentiat
775 520 1032 574 amisisse
1086 520 1407 591 caliginem.
1472 523 1714 575 Laetetur
1777 527 1835 575 et

140 618 321 666 mater
352 612 596 665 Ecclesia
635 609 779 663 tanti
824 608 1059 661 luminis
1089 609 1363 662 adornata
1407 610 1745 680 fulgoribus,
1779 614 1835 664 et

139 700 364 770 magnis
402 699 751 769 populorum
795 697 1032 750 vocibus
1071 697 1191 750 haec
1234 698 1364 750 aula
1404 699 1658 751 resultet.
1690 699 1835 763 Qua-

138 794 378 859 propter
418 786 737 841 astantibus
775 785 957 851 vobis,
1000 785 1201 839 fratres
1242 786 1580 854 charissimi,
1617 787 1685 840 ad
1719 792 1833 840 tam

138 878 347 931 miram
379 877 559 930 sancti
592 876 762 945 hujus
794 872 1032 929 luminis
1070 875 1408 941 claritatem,
1442 892 1557 929 una
1586 892 1831 943 mecum,

138 982 357 1036 quaeso,
399 966 498 1020 Dei
532 964 944 1034 omnipotentis
975 962 1428 1018 misericordiam
1460 964 1739 1028 invocate,
1773 970 1837 1017 ut

137 1055 235 1125 qui
269 1070 363 1108 me
396 1070 515 1107 non
546 1053 690 1107 meis
718 1051 939 1106 meritis
970 1052 1119 1105 intra
1162 1052 1484 1106 Levitarum
1527 1068 1836 1107 numerum

134 1144 406 1213 dignatus
433 1149 519 1196 est
563 1156 898 1212 aggregare,
946 1140 1182 1194 luminis
1222 1141 1309 1194 sui
1353 1142 1596 1211 gratiam
1637 1141 1837 1195 infun-

134 1232 343 1298 dendo,
404 1230 555 1301 cerei
612 1231 783 1300 hujus
839 1230 1007 1283 laude
1053 1229 1293 1299 implere
1352 1228 1613 1297 perﬁciat
1673 1229 1836 1298 [alias

135 1321 370 1375 laudem
424 1320 665 1390 implere
703 1318 1041 1388 praecipiat].
1081 1319 1187 1371 Per
1226 1318 1534 1372 Dominum
1576 1324 1836 1372 nostrum

132 1411 329 1463 Jesum
387 1409 675 1463 Christum
726 1408 932 1461 Filium
978 1411 1165 1473 tuum,
1223 1407 1321 1477 qui
1364 1410 1555 1461 tecum
1604 1408 1739 1461 vivit
1783 1410 1838 1460 et

134 1503 339 1567 regnat
374 1500 521 1551 Deus
551 1498 611 1551 in
643 1496 860 1550 unitate
891 1495 1137 1565 Spiritus
1165 1495 1364 1548 sancti.

205 1590 316 1641 Per
349 1588 547 1640 omnia
575 1587 781 1639 saecula
813 1585 1175 1638 smculorum.
1216 1585 1279 1637 Β.
1313 1588 1513 1637 Amen.

207 1675 490 1728 Dominus
522 1675 837 1729 vobiscum.
876 1674 940 1727 R.
976 1674 1042 1726 Et
1074 1688 1203 1725 cum
1233 1672 1450 1741 Spiritu
1484 1678 1602 1727 tuo.

206 1762 453 1817 Sursum
483 1762 672 1816 corda.
708 1763 773 1816 Η.
809 1762 1095 1815 Habemus
1121 1761 1191 1814 ad
1226 1761 1552 1815 Dominum.

207 1850 434 1904 Gratias
476 1866 715 1920 agamus
761 1851 1006 1904 Domino
1051 1852 1165 1904 Deo
1216 1857 1429 1904 nostro.
1477 1851 1543 1905 Β.
1590 1849 1840 1920 Dignum

138 1943 192 1992 et
216 1940 447 2009 justum
482 1944 583 1993 est.

208 2027 274 2079 D.
321 2026 470 2090 Quia
509 2028 750 2097 dignum
792 2031 850 2081 et
875 2028 1092 2097 justum
1126 2031 1229 2093 est,
1261 2026 1604 2081 invisibilem
1640 2028 1838 2093 Deum,

141 2117 603 2186 omnipotentem
648 2118 893 2182 Patrem,
932 2116 1251 2187 Filiumque
1298 2118 1419 2187 ejus
1477 2116 1838 2187 unigenitum

142 2205 457 2259 Dominum
494 2210 755 2259 nostrum
784 2206 975 2259 Jesum
1010 2205 1319 2269 Christum,
1372 2204 1656 2277 [sanctum
1693 2222 1840 2276 quo-

141 2309 250 2362 que
288 2292 596 2365 Spiritum]
630 2299 749 2348 toto
779 2295 968 2349 cordis
998 2311 1063 2348 ac
1111 2295 1317 2349 mentis
1360 2295 1562 2349 affectu
1604 2299 1660 2348 et
1690 2294 1842 2347 vocis

140 2383 467 2436 ministerio
517 2399 842 2453 personare.
898 2384 1005 2447 Qui
1059 2400 1164 2454 pro
1214 2384 1381 2438 nobis
1435 2388 1650 2437 aeterno
1690 2382 1843 2438 Patri

140 2472 277 2526 Adae
327 2472 588 2526 debitum
637 2472 825 2539 solvit,
853 2476 909 2526 et
966 2473 1172 2526 veteris
1227 2472 1438 2543 piaculi
1495 2473 1840 2535 cautionem,

140 2562 237 2631 pio
275 2577 485 2614 cruore
526 2561 780 2615 detersit.
825 2563 951 2615 Haec
993 2567 1126 2615 sunt
1163 2562 1317 2615 enim
1361 2562 1501 2615 festa
1532 2562 1842 2632 paschalia,

141 2652 198 2704 in
250 2650 467 2716 quibus
508 2666 675 2703 verus
715 2650 813 2704 ille
851 2654 1046 2721 Agnus
1095 2651 1391 2718 occiditur,
1438 2651 1674 2721 ejusque
1715 2666 1844 2703 san-

141 2740 322 2809 guine
389 2745 577 2810 postes
629 2746 1050 2794 consecrantur.
1112 2741 1238 2795 Hth
1283 2756 1399 2794 nox
1450 2745 1551 2805 est,
1613 2740 1672 2792 in
1733 2755 1846 2809 qua

141 2829 403 2897 primum
443 2833 631 2899 patres
660 2832 888 2882 nostros
936 2827 1084 2881 ﬁlios
1128 2828 1296 2881 Israel
1330 2827 1561 2880 eductos
1593 2827 1662 2879 de
1693 2832 1847 2879 terra

143 2918 398 2988 Egypti,
436 2918 697 2971 Rubrum
729 2932 884 2970 mare
918 2916 1065 2969 sicco
1096 2916 1333 2985 vestigio
1368 2915 1606 2968 transire
1640 2914 1840 2967 fecisti.

145 3008 277 3062 Haec
324 3006 506 3076 igitur
550 3022 658 3059 nox
701 3010 805 3073 est,
856 3021 983 3076 quin
1035 3010 1398 3075 peccatorum
1448 3004 1712 3057 tenebras
1752 3021 1844 3057 co-

142 3096 368 3149 lumnae
412 3095 835 3147 illuminatione
885 3094 1174 3165 purgavit.
1230 3094 1359 3147 Haec
1398 3110 1513 3146 nox
1570 3098 1671 3160 est,
1715 3109 1846 3163 quae

144 3186 324 3240 hodie
358 3200 461 3255 per
501 3185 831 3238 universum
870 3183 1149 3237 mundum
1196 3184 1255 3236 in
1299 3183 1521 3238 Christo
1551 3183 1847 3236 credentes

145 3292 176 3329 a
204 3275 377 3346 :vitiis
422 3274 636 3340 saeculi,
679 3278 736 3327 et
787 3272 1032 3343 caligine
1080 3277 1447 3341 peccatorum
1486 3276 1843 3341 segregatos,

146 3363 339 3417 reddit
391 3362 615 3431 gratiae,
674 3362 854 3415 sociat
904 3360 1211 3414 sanctitati.
1275 3361 1401 3414 Haec
1458 3376 1569 3414 nox
1626 3366 1732 3428 est,
1787 3360 1847 3413 in

145 3468 261 3523 qua
319 3450 621 3505 destructis
660 3450 920 3517 vinculis,
968 3449 1192 3516 mortis,
1234 3449 1487 3503 Christus
1527 3448 1598 3502 ab
1650 3448 1848 3501 inferis

142 3542 327 3595 victor
361 3540 633 3595 ascendit.
686 3539 833 3593 Nihil
868 3538 1019 3592 enim
1066 3538 1232 3592 nobis
1272 3538 1429 3591 nasci
1452 3537 1704 3609 lprofuit,
1740 3536 1849 3590 nisi

144 3629 360 3683 redimi
394 3628 717 3699 profuisset.
754 3628 796 3681 0
832 3628 975 3681 mira
1013 3627 1160 3680 circa
1205 3644 1309 3680 nos
1340 3631 1454 3679 tum
1495 3626 1724 3697 pietatis
1763 3626 1848 3680 di-

145 3717 378 3787 gnatio!
441 3717 483 3771 0
527 3716 832 3769 ineffabilis
880 3714 1107 3768 dilectio
1153 3714 1473 3769 charitatis!
1512 3719 1573 3767 ut
1622 3729 1849 3767 servum

146 3806 491 3871 redimeres,
542 3804 745 3857 Filium
789 3802 1094 3857 tradidisti.
1129 3803 1172 3858 0
1211 3802 1377 3856 beata
1402 3818 1537 3867 nox,
1570 3817 1699 3871 quae
1730 3801 1851 3854 sola

145 3894 371 3948 meruit
410 3894 555 3945 scire
610 3897 840 3961 tempus
890 3897 947 3944 et
984 3891 1183 3944 horam
1234 3890 1292 3943 in
1336 3907 1450 3960 qua
1490 3891 1747 3944 Christus
1781 3889 1849 3943 ab

146 3982 357 4036 inferis
410 3980 746 4034 resurrexit!
812 3981 940 4033 H830
988 3995 1100 4033 nox
1146 3979 1363 4048 est,lde
1410 3995 1523 4049 qua
1572 3979 1852 4047 scriptum

147 4076 233 4123 est
263 4087 279 4124 :
321 4071 386 4123 Et
417 4085 526 4122 nox
557 4072 622 4122 ut
650 4068 771 4122 dies
808 4066 1251 4135 illuminabitur,
1282 4072 1336 4119 et
1366 4083 1476 4119 nox
1506 4066 1852 4120 illuminatio

146 4174 281 4212 mea
314 4158 380 4211 in
410 4157 625 4211 deliciis
666 4156 827 4210 meis.
888 4157 1061 4226 Hujus
1099 4155 1276 4225 igitur
1319 4154 1689 4209 sanctiﬁcatio
1741 4171 1852 4207 no-

148 4247 276 4314 ctis,
324 4244 484 4315 fugat
526 4244 759 4310 scelera,
802 4245 998 4313 culpas
1038 4244 1208 4310 lavat,
1250 4247 1306 4296 et
1347 4242 1537 4297 reddit
1577 4242 1851 4296 innocen-

147 4334 293 4388 tiam
342 4333 531 4403 lapsis,
595 4334 812 4386 mazstis
874 4332 1149 4386 laetitiam.
1204 4332 1383 4401 Fugat
1428 4330 1574 4397 odia,
1619 4346 1851 4384 concor-

147 4424 309 4479 diam
349 4426 533 4492 parat,
568 4427 625 4474 et
664 4427 862 4475 curvat
902 4421 1164 4490 imperia.
1206 4422 1269 4474 In
1312 4420 1482 4489 hujus
1528 4420 1705 4490 igitur
1744 4436 1854 4472 no-

149 4513 255 4565 ctis
283 4511 495 4582 gratia,
529 4511 773 4580 suscipe,
805 4517 996 4563 sancte
1029 4512 1214 4577 Pater,
1250 4509 1466 4564 incensi
1494 4508 1667 4578 hujus
1689 4510 1854 4561 sacri-

149 4600 355 4655 ﬁcium
385 4599 799 4669 vespertinum,
833 4598 986 4669 quod
1016 4599 1120 4652 tibi
1149 4598 1205 4651 in
1234 4599 1339 4652 hac
1378 4598 1528 4651 cerei
1563 4596 1853 4650 oblatione

150 4688 408 4755 solenni,
444 4705 546 4758 per
575 4687 968 4741 ministrorum
1017 4703 1220 4741 manus
1253 4687 1321 4741 de
1376 4686 1644 4756 operibus
1682 4700 1855 4755 apum

150 4783 518 4831 sacrosancta
558 4776 750 4830 reddit
799 4775 1062 4830 Ecclesia.
1104 4776 1211 4831 Sed
1250 4775 1371 4844 jam
1415 4777 1699 4829 columna:
1748 4774 1856 4826 hu-

144 4867 245 4936 jus
277 4865 569 4937 przcconia
600 4865 891 4932 novimus,
921 4882 1094 4935 quam
1124 4866 1182 4918 in
1216 4865 1436 4918 honore
1471 4864 1569 4917 Dei
1611 4862 1858 4917 rutilans

150 4956 311 5026 ignis
355 4954 631 5008 accendit.
676 4954 782 5018 Qui
821 4954 955 5008 licet
993 4954 1207 5007 divisus
1257 4954 1316 5006 in
1348 4958 1558 5023 partes,
1610 4951 1859 5005 mutuati

151 5043 404 5098 luminis
470 5042 813 5096 detrimenta
869 5058 985 5096 non
1026 5042 1202 5095 novit.
1259 5042 1445 5096 Alitur
1504 5040 1860 5112 liquentibus

153 5202 291 5239 cum
328 5189 495 5238 antea
527 5183 907 5237 Ambrosiana
932 5194 1066 5236 usus
1097 5183 1261 5247 foret,
1295 5183 1414 5252 ipse
1453 5181 1816 5251 descripserit
1846 5199 1858 5236 :

153 5262 385 5311 constat
415 5255 565 5307 enim
600 5261 656 5307 et
685 5255 742 5307 in
774 5254 1172 5307 Mediolanensi
1209 5253 1451 5307 Ecclesia
1480 5270 1509 5306 a
1551 5253 1681 5307 divo
1726 5257 1861 5307 Am-

154 5328 355 5381 brosio
380 5327 501 5395 jam
539 5332 659 5379 tum
696 5327 1003 5393 visitatam,
1046 5331 1103 5378 et
1138 5325 1196 5377 in
1234 5324 1503 5394 Hispania
1534 5340 1764 5395 quoque
1796 5341 1863 5378 ea

155 5404 331 5452 aetate
380 5402 623 5450 testatur
675 5396 1019 5450 Prudentius
1076 5398 1290 5465 hymno
1347 5410 1413 5448 ea
1470 5395 1539 5448 de
1597 5410 1658 5449 re
1708 5410 1860 5449 com-

155 5469 369 5540 posito.

1878 1646 1917 1699 Β

1942 433 2065 503 apis
2095 436 2278 486 mater
2306 433 2517 487 eduxit.
2553 434 2595 487 0
2626 448 2756 487 vere
2802 434 2962 487 beata
2994 433 3133 488 nox!
3172 452 3301 506 quae
3351 437 3633 507 exspolia—

1942 522 2022 574 vit
2051 522 2358 592 Egyptios,
2393 522 2590 576 ditavit
2631 523 2910 576 Hebraeos.
2962 524 3100 588 Nox,
3142 524 3197 577 in
3252 541 3364 594 qua
3396 526 3637 579 terrenis

1943 611 2214 676 caelestia,
2244 612 2497 665 humana
2526 611 2729 665 divinis
2757 611 3099 681 junguntur.
3137 614 3377 667 Oramus
3417 620 3491 680 te,
3526 616 3636 667 Do-

1944 699 2118 767 mine,
2154 705 2217 753 ut
2248 716 2445 753 cereus
2467 700 2572 753 iste
2600 699 2659 752 in
2695 700 2909 753 honore
2939 701 3190 753 nominis
3223 701 3306 754 tui
3336 718 3638 755 consecra-

1944 794 2056 854 tus,
2087 789 2153 843 ad
2185 788 2367 842 noctis
2397 789 2569 858 hujus
2614 788 2920 865 caliginem
2965 789 3395 857 destruendam,
3429 790 3639 843 indefi-

1943 878 2121 944 ciens,
2160 884 2528 947 perseveret:
2576 879 2758 947 ﬁatque
2788 878 2847 930 in
2896 878 3152 931 ordinem
3206 879 3499 932 suavitatis
3542 896 3639 932 ac-

1944 972 2143 1037 ceptus
2174 965 2289 1038 [aL,
2320 966 2635 1034 accensus],
2669 967 2932 1036 supernis
2980 967 3359 1021 luminaribus
3402 967 3637 1020 miscea-

1942 1059 2055 1109 tur.
2104 1055 2384 1108 Flammas
2424 1055 2547 1124 ejus
2578 1054 2798 1108 Lucifer
2829 1054 3144 1108 matutinus
3195 1055 3467 1108 inveniat.
3514 1054 3638 1121 Ille,

1946 1143 2203 1214 inquam,
2239 1143 2461 1198 Lucifer
2491 1143 2589 1213 qui
2625 1143 2805 1197 nescit
2836 1160 3127 1211 occasum;
3165 1145 3259 1197 ille
3291 1144 3391 1214 qui
3424 1159 3644 1213 regres-

1946 1249 2041 1287 sus
2073 1232 2141 1285 ab
2173 1232 2390 1299 inferis,
2433 1232 2688 1286 humano
2729 1232 2925 1303 generi
2982 1248 3219 1286 serenus
3262 1232 3467 1286 illuxit.
3510 1234 3641 1285 Pre-

1945 1336 2145 1374 camur
2173 1336 2310 1391 ergo
2342 1324 2419 1387 te,
2446 1321 2710 1387 Domine,
2743 1326 2807 1374 ut
2838 1338 2942 1375 nos
2971 1321 3214 1375 famulos
3235 1326 3385 1385 tuos,
3414 1336 3645 1375 omnem

1947 1410 2186 1473 clerum,
2233 1414 2289 1463 et
2334 1409 2766 1464 devotissimum
2823 1411 3123 1480 populum,
3172 1426 3289 1463 una
3320 1425 3451 1463 cum
3494 1424 3645 1479 papa

1948 1504 2144 1552 nostro
2180 1498 2241 1551 N.
2274 1503 2330 1551 et
2359 1497 2775 1568 gloriosissimo
2820 1514 2952 1569 rege
2996 1504 3189 1551 nostro
3224 1499 3287 1551 N.
3333 1513 3558 1552 necnon
3590 1500 3646 1549 et

1950 1586 2201 1640 antistite
2228 1591 2427 1640 nostro
2454 1589 2518 1642 Ν.
2547 1586 2738 1657 quiete
2772 1592 3097 1658 temporum
3142 1603 3427 1647 concessa,
3466 1586 3525 1638 in
3557 1585 3646 1638 his

1948 1676 2313 1746 paschalibus
2349 1676 2575 1745 gaudiis
2612 1692 2951 1730 conservare
2994 1675 3264 1745 digneris.
3312 1675 3418 1728 Per
3458 1674 3647 1728 Domi-

1949 1780 2089 1818 num
2120 1770 2379 1819 nostrum
2414 1766 2606 1819 Jesum
2639 1764 2928 1818 Christum
2980 1765 3180 1818 Filium
3212 1770 3397 1825 tuum,
3433 1762 3532 1833 qui
3560 1767 3646 1815 te-

1948 1869 2079 1907 cum
2106 1854 2243 1907 vivit
2273 1858 2328 1907 et
2356 1858 2558 1924 regnat
2598 1854 2746 1906 Deus
2790 1853 2849 1906 in
2899 1853 3117 1907 unitate
3169 1853 3414 1924 Spiritus
3444 1852 3642 1904 sancti.

1952 1943 2057 1995 Per
2086 1942 2279 1995 omnia
2307 1943 2513 1995 sarcula
2543 1942 2905 1994 saeculorum.
2941 1942 3145 1993 Amen.

2024 2031 2149 2095 (Hic
2179 2031 2373 2084 desunt
2402 2045 2603 2084 numm.
2633 2032 2698 2093 ll,
2734 2031 2821 2091 lll,
2846 2030 2927 2082 ιν.
2964 2032 3201 2083 Emstant
3231 2028 3447 2097 quidem
3477 2030 3536 2081 in
3556 2029 3646 2080 In-

1952 2100 2070 2155 dice
2116 2103 2501 2170 capitulorum,
2542 2101 2635 2154 sed
2680 2103 2899 2154 nonnisi
2946 2101 3156 2154 lectoris
3211 2101 3283 2152 ad
3332 2100 3447 2153 alia
3496 2113 3646 2152 revo-

1953 2172 2118 2225 candi
2142 2172 2350 2241 causa.)
2779 2243 2821 2292 ν

2271 2359 2295 2384 ⁸
2336 2364 2607 2403 DOMINICA
2646 2365 2660 2402 Ι
2704 2363 2831 2403 POST
2870 2364 3072 2401 NA’I‘ALE
3113 2363 3321 2401 DOMlNI.

2026 2458 2193 2522 Deus,
2245 2456 2345 2525 qui
2379 2455 2578 2509 salutis
2608 2459 2838 2510 aeternae
2873 2455 2933 2508 Β.
2986 2453 3178 2507 Maria:
3209 2452 3542 2522 virginitate
3569 2450 3649 2505 fe-

1952 2544 2139 2598 cunda
2202 2544 2456 2598 humano
2524 2543 2723 2613 generi
2791 2543 3031 2614 praemia
3084 2540 3377 2611 praestisti,
3438 2540 3649 2605 tribue,

1956 2649 2304 2704 quaesumus,
2340 2637 2401 2685 ut
2441 2632 2625 2703 ipsam
2671 2647 2774 2701 pro
2814 2630 2978 2684 nobis
3023 2629 3373 2683 intercedere
3432 2627 3648 2681 sentia—

1955 2737 2103 2786 mus,
2132 2736 2236 2789 per
2266 2735 2440 2789 quam
2482 2719 2799 2773 meruimus
2845 2721 3135 2771 auctorem
3184 2717 3313 2771 vitae
3344 2717 3652 2787 suscipere,

1956 2809 2266 2864 Dominum
2298 2814 2560 2862 nostrum
2588 2809 2778 2862 Jesum
2808 2807 3117 2861 Christum.

2681 2914 2914 2968 Secreta.

2026 3001 2354 3055 Muneribus
2407 3000 2638 3066 nostris,
2698 3002 2961 3069 Domine,
3031 2998 3411 3070 precibusque
3467 3014 3650 3052 susce-

1956 3092 2090 3162 ptis,
2121 3095 2177 3144 et
2216 3089 2538 3144 coelestibus
2573 3105 2677 3143 nos
2717 3089 2933 3142 munda
2966 3088 3271 3158 mysteriis,
3313 3093 3369 3141 et
3406 3088 3655 3141 clemen-

1955 3185 2043 3235 ter
2073 3179 2299 3234 exaudi.
2336 3181 2463 3233 Per.

2494 3283 2618 3335 Post
2646 3282 3097 3337 Communionem.

2029 3388 2111 3441 Da
2140 3388 2328 3454 nobis,
2362 3403 2710 3457 quaesumus,
2758 3385 2999 3439 Domine
3040 3387 3186 3440 Deus
3218 3388 3428 3451 uoster,
3461 3388 3526 3437 ut
3556 3384 3655 3454 qui

1956 3478 2316 3531 nativitatem
2352 3477 2580 3531 Domini
2609 3476 2790 3530 nostri
2826 3476 2954 3529 Jesu
2994 3474 3203 3529 Christi
3248 3491 3349 3528 nos
3378 3475 3648 3544 frequen-

1957 3572 2077 3620 tare
2105 3566 2441 3635 gaudemus,
2474 3565 2662 3635 dignis
2690 3564 3241 3628 conversationibus,
3273 3564 3342 3617 ad
3373 3563 3497 3633 ejus
3542 3579 3659 3617 me-

1956 3670 2189 3708 reamur
2246 3655 2533 3724 pertinere
2586 3654 2957 3707 consortium.
3020 3654 3126 3706 Per
3183 3653 3489 3706 Dominum
3547 3666 3656 3705 no-

1961 3749 2159 3798 strum.

2758 3813 2844 3865 VI.

2300 3933 2567 3972 DOMINICA
2605 3934 2645 3970 ll
2686 3932 2822 3971 POST
2859 3932 3061 3971 NATALE
3102 3931 3314 3969 DOMlNl.

2033 4024 2410 4095 Omnipotens
2439 4023 2783 4095 sempiterne
2818 4023 2985 4088 Deus,
3017 4021 3200 4092 dirige
3233 4010 3651 4075 actusnostros

1961 4112 2022 4167 in
2072 4113 2427 4183 beneplacito
2472 4119 2590 4177 tuo,
2646 4117 2708 4164 ut
2760 4112 2819 4164 in
2876 4110 3107 4164 nomine
3166 4110 3292 4163 Filii
3344 4108 3428 4163 tui
3469 4109 3661 4162 dilecti

1892 4218 2287 4280 Dmereamur
2336 4201 2503 4256 bonis
2547 4200 2818 4271 operibus
2866 4199 3176 4253 abundare.
3224 4200 3329 4251 Per
3369 4198 3658 4253 eumdem.

2693 4308 2925 4362 Secreta.

2035 4413 2316 4480 Concede,
2350 4428 2704 4484 quaesumus,
2738 4418 2801 4465 ut
2828 4412 3005 4466 oculis
3035 4416 3149 4465 tuae
3178 4409 3495 4478 majestatis
3529 4426 3664 4463 mu—

1964 4518 2073 4557 nus
2104 4502 2380 4568 oblatum,
2430 4505 2486 4554 et
2526 4501 2768 4571 gratiam
2820 4500 2985 4553 nobis
3035 4498 3348 4552 devotionis
3388 4498 3663 4565 obtineat,

1966 4597 2022 4646 et
2079 4591 2341 4645 effectum
2409 4589 2589 4643 beatas
2635 4587 3009 4659 perenuitatis
3062 4587 3343 4658 acquirat.
3398 4588 3504 4641 Per
3563 4588 3668 4641 Do-

1967 4680 2211 4734 minum.

2517 4750 2641 4802 Post
2667 4748 3114 4803 Co-mmunionem.

2038 4858 2145 4911 Per
2171 4856 2364 4926 hujus,
2398 4854 2661 4921 Domine,
2697 4842 3091 4924 operationem
3134 4851 3414 4922 mysterii,
3447 4856 3504 4906 et
3530 4852 3667 4906 vitia

1967 4952 2166 5000 nostra
2209 4949 2554 5015 purgentur,
2608 4950 2663 4998 et
2713 4944 2870 5011 justa
2915 4941 3197 4997 desideria
3238 4940 3663 5010 compleantur.

1970 5037 2095 5090 Per.

2041 5187 2065 5211 ⁸
2088 5178 2155 5230 Et
2179 5176 2225 5229 si
2256 5176 2407 5229 solus
2436 5176 2561 5229 cod.
2604 5175 2797 5231 Colon.
2842 5174 3053 5227 librum
3100 5172 3253 5226 hunc
3308 5188 3344 5225 ll
3376 5171 3671 5225 contineat

1970 5249 2272 5320 plerasque
2304 5254 2494 5320 tamen
2516 5263 2717 5320 omnes
2744 5245 3029 5320 orationes
3058 5244 3165 5298 hoc
3198 5245 3340 5320 libro
3369 5248 3669 5320 contentas

1973 5313 2195 5374 habent
2223 5318 2337 5372 duo
2380 5319 2442 5372 D.
2490 5319 2733 5371 Banonis
2783 5316 3057 5371 Ganensis
3101 5322 3157 5369 et
3212 5314 3498 5382 Ultraject.
3540 5313 3666 5366 cod.
