4038 6174
447 292 549 344 803

1023 421 1214 493 [Super
1237 421 1511 491 populum
1538 429 1577 473 ι.

518 531 854 603 Propitiare,
905 528 1232 583 misericors
1285 529 1452 593 Deus,
1503 532 1627 593 etc.,
1680 532 1741 581 ut
1784 543 1955 597 supra
2004 530 2148 582 inter

446 630 691 684 Oration.
722 624 957 697 quotid.]

1243 713 1363 769 VII.

830 836 1084 874 DOMINICA
1125 836 1141 873 1
1185 836 1310 873 POST
1348 834 1751 872 ΤΗΕΟΡΗΑΝῙᾹΜ.

516 929 674 994 Vota,
716 942 1069 998 quaesumus,
1098 924 1341 979 Domine
1384 924 1760 995 supplicantis
1798 923 1999 994 populi
2029 939 2143 977 cae-

443 1016 570 1070 lesti
600 1016 812 1085 pietate
843 1029 1213 1085 prosequere,
1246 1019 1325 1075 ut,
1366 1018 1423 1066 et
1454 1028 1582 1083 quae
1613 1012 1834 1081 agenda
1867 1018 2020 1079 sunt,
2055 1011 2145 1065 vim

444 1105 650 1171 deant;
686 1110 743 1157 et
793 1104 863 1157 ad
904 1102 1200 1174 implenda
1239 1118 1367 1173 quze
1402 1101 1669 1168 viderint,
1718 1102 2132 1155 convalescant.

446 1195 571 1248 Per.

1171 1279 1405 1333 Secreta.

518 1386 785 1441 Oblatum
836 1386 939 1440 tibi
1012 1386 1255 1439 Domine
1308 1387 1674 1451 sacriﬁcium,
1738 1385 1983 1441 viviﬁcet
2039 1401 2143 1438 nos

445 1492 673 1546 semper
701 1481 755 1528 et
788 1475 1030 1528 muniat.
1068 1476 1174 1528 Per
1214 1475 1541 1527 Dominum.

1158 1585 1439 1649 Praefatio.

518 1685 582 1738 D.
618 1687 685 1739 Et
720 1686 943 1754 justum
989 1692 1092 1748 est,
1138 1703 1323 1756 usque,
1368 1695 1582 1742 aeterne
1618 1690 1785 1742 Deus.
1825 1688 1966 1753 Quia
2012 1705 2140 1743 cum

443 1772 791 1843 unigenitus,
828 1781 959 1841 etc.,
992 1781 1052 1828 ut
1082 1792 1253 1845 supra
1275 1780 1330 1829 in
1359 1778 1447 1829 die
1472 1779 1817 1847 Epiphaniae.

988 1884 1106 1935 Post
1138 1884 1587 1938 Communionem.

515 1984 816 2055 Supplices
842 1990 897 2040 te
941 2003 1233 2058 rogamus,
1280 1990 1645 2058 omnipotens
1683 1991 1850 2057 Deus,
1881 1995 1965 2053 ut,
1998 2005 2142 2060 quos

441 2073 555 2125 tuis
583 2074 771 2127 reﬁcis
826 2078 1221 2142 sacramentis,
1254 2078 1361 2130 tibi
1402 2079 1572 2130 etiam
1615 2078 1838 2146 placitis
1889 2078 2143 2131 moribus

442 2160 745 2231 dignanter
800 2163 1085 2217 deservire
1142 2165 1440 2218 concedas.
1502 2166 1610 2218 Per
1673 2166 1980 2218 Dominum
2042 2180 2139 2217 no-

443 2252 643 2303 strum.

1063 2339 1237 2408 Super
1260 2341 1542 2408 pollutum.

515 2443 817 2508 Conserva,
845 2460 1196 2514 quaesumus,
1216 2446 1480 2510 Domine,
1502 2445 1778 2499 familiam
1801 2451 1982 2512 tuam,
2006 2452 2141 2513 etc.,

442 2535 504 2584 ut
528 2546 701 2599 supra
734 2535 876 2585 inter
903 2537 1042 2586 orat.
1075 2531 1308 2604 quotid.]

1232 2656 1367 2709 VIII.

827 2774 1084 2814 DOHINICA
1124 2776 1160 2813 ιι
1203 2776 1326 2814 POST
1363 2776 1761 2815 ΤΗΕΟΡΗΔΝΙΑΗ.

515 2865 895 2935 Omnipotens
934 2866 1283 2935 sempiterna
1325 2867 1490 2933 Deus,
1536 2866 1636 2937 qui
1680 2866 1931 2920 coelestia
1973 2866 2143 2921 simul

443 2958 502 3008 et
533 2962 759 3008 terrena
805 2954 1137 3019 moderaris,
1183 2956 1628 3025 supplicationes
1660 2955 1859 3026 populi
1886 2955 1969 3009 tui
2016 2955 2132 3008 cle-

441 3049 665 3098 menter
693 3043 916 3107 exaudi,
950 3050 1005 3097 et
1036 3059 1235 3114 pacem
1268 3051 1427 3097 tuam
1465 3044 1673 3097 nostris
1705 3043 1950 3098 concede
2000 3048 2140 3097 tem-

445 3133 698 3203 poribus.
736 3133 843 3187 Per
873 3132 1182 3187 Dominum
1214 3137 1493 3185 nostrum.

1178 3249 1410 3303 Secreta.

518 3356 737 3421 Oblata,
805 3354 1064 3419 Domine,
1134 3368 1373 3407 munera
1447 3354 1755 3421 sanctiﬁca,
1825 3371 2042 3427 nosque
2109 3372 2142 3409 a

444 3448 813 3515 peccatorum
848 3447 1175 3496 nostrorum
1197 3441 1436 3494 maculis
1465 3442 1730 3495 emunda.
1764 3444 1888 3496 Per.

992 3547 1116 3599 Post
1145 3545 1594 3601 Communionem.

515 3656 809 3724 Augeatur
854 3653 914 3707 in
943 3651 1126 3719 nobis,
1181 3650 1440 3716 Domine,
1478 3667 1828 3722 quaesumus,
1884 3655 1997 3706 tuae
2028 3653 2140 3707 vir-

444 3742 585 3798 tutis
635 3743 909 3813 operatio,
941 3746 1016 3813 ,ιιι
1074 3741 1283 3795 divinis
1342 3741 1588 3811 vegetati
1629 3742 2017 3810 sacramentis,
2072 3744 2140 3797 ad

447 3849 644 3887 eorum
680 3832 961 3903 promissa
1000 3831 1279 3901 capienda
1321 3836 1421 3885 tuo
1455 3846 1695 3885 munere
1725 3847 2139 3902 prazparemur.

445 3926 566 3979 Per.
1192 3926 1193 3929 “

1042 4008 1244 4081 [Super
1269 4010 1549 4077 populum.

519 4117 810 4173 Auxiliare
842 4116 1084 4170 Domine
1111 4115 1323 4185 populo
1369 4119 1485 4179 tuo,
1518 4118 1649 4179 etc.,
1677 4117 1737 4166 ut
1778 4128 1969 4182 supra,
1996 4116 2142 4169 inter

447 4210 591 4257 orat.
627 4203 861 4271 quotid.]

819 4425 1073 4465 DOMINICA
1114 4426 1173 4466 Ill
1210 4426 1338 4463 POST
1373 4426 1769 4466 THEOPHANIAM.

517 4513 895 4584 Omnipotens
947 4517 1294 4588 sempiterne
1350 4518 1517 4583 Deus,
1576 4517 1971 4572 inﬁrmitatem
2034 4535 2139 4572 no-

450 4607 622 4657 stram
660 4604 943 4674 prOpitius
968 4607 1205 4677 respice,
1236 4613 1403 4678 atque
1453 4606 1519 4660 ad
1563 4608 1985 4678 protegendum
2016 4625 2136 4674 nos,

448 4692 736 4747 dexteram
772 4697 881 4747 tua:
911 4694 1224 4763 majestatis
1251 4697 1510 4751 extende.
1549 4698 1654 4750 Per
1687 4697 2016 4751 Dominum.

1180 4813 1393 4867 Secreta

521 4917 651 4971 Haec
674 4915 883 4984 hostia,
928 4915 1187 4982 Domine,
1230 4933 1580 4987 quaesumus,
1622 4918 1896 4973 emundet
1950 4924 2142 4973 nostra

450 5005 676 5071 delicta,
714 5010 771 5058 et
819 5002 1161 5057 sacriﬁcium
1208 5005 1612 5060 celebrandum
1643 5007 2004 5062 subditorum
2037 5007 2140 5060 tibi

449 5107 687 5163 corpora
715 5101 1051 5163 mentesque
1085 5092 1413 5146 sanctiﬁcet.
1446 5095 1571 5150 Per.

992 5200 1117 5253 Post
1146 5198 1592 5255 Communionem.

522 5307 671 5372 Quos
706 5307 899 5376 tantis,
948 5305 1209 5371 Domine,
1250 5303 1478 5373 largiris
1516 5305 1599 5358 uti
1639 5307 1940 5375 mysteriis,
1989 5322 2144 5378 quae-

520 5478 545 5503 ⁸
578 5471 706 5525 Haec
737 5473 994 5539 spectant
1039 5468 1108 5522 ad
1146 5465 1679 5539 Sacramentarium
1702 5466 2141 5539 Gregorianum,

451 5540 626 5612 quod,
669 5546 732 5594 ut
764 5537 884 5609 jam
928 5538 1269 5602 monuimus,
1313 5537 1580 5607 praesenti
1625 5537 1769 5590 libro
1815 5537 2139 5591 Grimaldus

1589 286 1629 339 G
1641 284 1706 338 Rl
1718 284 1930 339 MALDI
1975 283 2337 340 SANGALLE
2350 284 2497 339 NSIS
2535 288 2577 338 Α
2589 285 2833 340 BBATIS

2179 3015 2218 3070 C

3818 296 3900 348 804

2193 422 2480 489 Asumus,
2524 428 2585 476 ut
2626 422 2918 477 effectibus
2962 439 3159 478 eorum
3198 425 3472 479 veraciter
3509 432 3698 498 aptare
3743 431 3900 500 digne-

2257 511 2353 564 ris.
2388 512 2512 567 Per.

2861 601 3037 670 Super
3059 604 3344 671 populum.

2325 706 2505 771 Adsit,
2552 707 2811 763 Domine.
2853 723 3204 778 quaesumus,
3248 714 3377 771 etc.,
3419 716 3479 765 ut
3516 726 3683 781 supra
3718 715 3812 769 loco
3844 720 3901 769 ci-

2256 794 2431 867 tatio.]

3071 887 3132 939 Χ.

2620 996 2876 1035 DOMINICA
2916 996 2967 1035 IV
3010 997 3136 1035 POST
3170 997 3577 1036 ΤΗΕΟΡΗΑΝΙΔΠ.

2330 1081 2497 1145 Deus,
2532 1079 2630 1149 qui
2678 1094 2781 1131 nos
2833 1079 2890 1131 in
2931 1081 3101 1132 tantis
3130 1078 3400 1148 periculis
3434 1080 3787 1148 constitutos,
3825 1098 3907 1152 per

2253 1166 2507 1219 humana
2534 1166 2641 1218 scis
2673 1165 2983 1235 fragilitate
3022 1182 3140 1219 non
3172 1183 3333 1235 posse
3378 1167 3703 1234 subsistere,
3735 1168 3799 1221 da
3823 1185 3907 1222 no-

2252 1254 2339 1307 bis
2370 1256 2611 1308 salutem
2653 1254 2862 1307 mentis
2908 1262 2964 1307 et
3004 1255 3283 1324 corporis,
3318 1261 3380 1308 ut
3409 1271 3476 1309 ea
3524 1273 3656 1325 quae
3704 1261 3909 1326 peccatis

2255 1344 2463 1397 nostris
2518 1344 2788 1414 patimur,
2838 1348 2893 1396 te
2943 1344 3271 1415 adjuvante,
3322 1345 3641 1398 vincamus.
3686 1348 3784 1400 Per
3832 1348 3909 1399 Do.

2254 1434 2497 1487 minum.

2980 1505 3210 1559 Secreta.

2326 1610 2604 1679 Concede,
2647 1627 2993 1681 qumsumus,
3043 1611 3409 1681 omnipotens
3455 1613 3627 1676 Deus,
3665 1616 3722 1664 ut
3770 1613 3907 1682 hujus

2183 1718 2224 1772 Β
2254 1700 2513 1753 sacrificii
2565 1715 2772 1752 munus
2816 1700 3092 1764 oblatum,
3134 1700 3506 1769 fragilitatem
3557 1709 3815 1765 nostram,
3854 1703 3907 1753 ab

2252 1789 2409 1842 omni
2442 1789 2591 1842 malo
2624 1792 2829 1858 purget
2862 1804 3106 1858 semper,
3138 1794 3193 1842 et
3224 1789 3465 1842 muniat.
3504 1791 3628 1843 Per.

2790 1896 2915 1948 Post
2943 1897 3391 1950 Communionem.

2322 2002 2559 2055 Munera
2615 2006 2710 2054 tua
2745 2018 2867 2066 nos,
2927 2001 3095 2066 Deus,
3129 2018 3162 2053 a
3196 2000 3906 2055 delectationibusterrenis

2250 2089 2574 2158 expediant,
2599 2088 2998 2142 etcaslestibus
3029 2104 3257 2157 semper
3298 2089 3593 2145 instruant
3640 2088 3907 2142 alimentis.

2854 2192 3049 2265 [Super
3074 2196 3353 2264 populum.

2320 2303 2435 2356 Vox
2484 2302 2782 2355 clamantis
2831 2302 3117 2367 Ecclesiae,
3174 2306 3304 2367 etc.,
3346 2306 3407 2355 ut
3460 2316 3637 2372 supra
3681 2303 3782 2355 loco
3818 2303 3911 2370 jam

2252 2391 2441 2461 dicta]

3051 2480 3135 2533 XI.

2627 2610 2885 2649 DOMINICA
2924 2612 2957 2648 V
2997 2610 3123 2648 POS‘I‘
3159 2610 3567 2649 THEOPHANIAI.

2326 2702 2620 2756 Familiam
2686 2707 2863 2766 tuam,
2942 2716 3291 2770 quaesumus,
3351 2698 3622 2761 Domine,
3677 2698 3911 2750 continua

2252 2792 2464 2863 pietate
2509 2790 2750 2855 custodi,
2783 2794 2845 2843 ut
2875 2804 3004 2858 quas
3052 2791 3113 2841 in
3151 2788 3269 2841 sola
3315 2804 3412 2857 spe
3456 2788 3663 2856 gratim
3706 2784 3909 2839 celestis

2250 2878 2539 2943 innititur,
2606 2882 2701 2930 tua
2754 2892 2983 2946 semper
3030 2874 3385 2945 protectione
3440 2874 3757 2928 muniatur.
3810 2875 3908 2927 Per.

2977 2981 3209 3035 Secreta.

2323 3090 2543 3144 Hostias
2598 3088 2720 3156 tibi,
2755 3089 3015 3153 Domine,
3056 3088 3393 3158 placationis
3430 3088 3746 3155 offerimus,
3779 3093 3831 3140 ut
3868 3091 3909 3138 et

2250 3178 2452 3232 delicta
2479 3182 2673 3230 nostra
2722 3176 3027 3229 miseratus
3056 3175 3332 3241 absolvas,
3379 3181 3433 3229 et
3472 3177 3739 3230 nutantia
3770 3174 3909 3228 corda

2249 3273 2308 3319 tu
2345 3266 2574 3335 dirigas.
2611 3265 2736 3318 Per.

2791 3355 2914 3407 Post
2946 3352 3395 3407 Communionem.

2323 3466 2419 3531 Da,
2454 3478 2807 3535 quaesumus,
2839 3462 3205 3531 omnipotens
3238 3462 3407 3527 Deus,
3453 3466 3515 3515 ut
3544 3461 3702 3516 illius
3731 3460 3908 3514 saluta-

2250 3556 2324 3609 ris
2379 3554 2669 3624 capiamus
2729 3552 3021 3620 effectum,
3089 3550 3251 3620 cujus
3312 3565 3415 3620 per
3480 3550 3605 3604 haec
3673 3547 3908 3619 mysteria

2247 3642 2459 3714 pignus
2490 3641 2829 3713 accepimus.

2837 3745 3039 3819 [Super
3065 3746 3345 3815 populum.

2320 3854 2579 3911 Ecclesiae
2608 3859 2741 3920 tuae,
2776 3854 3041 3920 Domine,
3089 3868 3273 3919 voces,
3306 3854 3432 3917 etc.,
3467 3856 3527 3905 ut
3566 3867 3738 3921 supra
3760 3849 3908 3904 eodem

2247 3945 2402 4014 loco]

3037 4030 3149 4084 XII.

2614 4134 2872 4175 DOHINICA
2913 4135 2965 4171 γι
3006 4133 3132 4172 POST
3167 4134 3571 4172 THEOPHANIAI.

2318 4209 2601 4263 Conserva
2626 4209 2906 4277 populum
2938 4211 3121 4274 tuum,
3154 4207 3319 4274 Deus,
3362 4211 3419 4260 et
3465 4211 3566 4260 tuo
3600 4204 3813 4261 nomini
3841 4203 3907 4256 fac

2178 4312 2222 4369 ι)
2249 4298 2536 4363 devotum,
2591 4302 2656 4350 ut
2686 4297 2894 4350 divinis
2942 4297 3231 4365 subjectus
3264 4295 3483 4359 ofﬁciis,
3520 4301 3574 4350 et
3601 4292 3908 4365 temporalia

2247 4386 2511 4454 viriliter,
2543 4391 2600 4440 et
2628 4393 2843 4441 asterna
2874 4386 3023 4439 dona
3051 4385 3342 4455 percipiat.
3380 4386 3507 4439 Per.

2983 4494 3213 4547 Secreta.

2320 4585 2449 4639 Haec
2500 4600 2603 4637 nos
2660 4582 2893 4646 oblatio,
2946 4583 3112 4647 Deus,
3164 4580 3419 4646 mundet,
3479 4596 3820 4651 quaesumus,
3869 4581 3909 4627 et

2249 4679 2505 4739 renovet,
2541 4678 2597 4726 et
2619 4672 2919 4742 gubernet,
2954 4676 3009 4723 et
3038 4676 3318 4740 protegat.
3355 4671 3481 4723 Per.

2786 4778 2915 4830 Post
2950 4779 3408 4831 Communionem.

2320 4868 2674 4931 Coelestibus,
2712 4866 2974 4926 Domine,
3024 4864 3173 4935 pasti
3206 4864 3444 4927 deliciis,
3497 4878 3833 4935 qutesumus,
3860 4862 3909 4911 ut

2252 4972 2477 5026 semper
2511 4955 2731 5021 eadem,
2768 4971 2870 5025 per
2909 4970 3036 5025 quae
3078 4954 3355 5007 veraciter
3403 4954 3667 5021 vivimus,
3710 4955 3909 5023 appeta-

2252 5061 2399 5101 mus.
2434 5045 2556 5097 Per.

2836 5131 3031 5204 [Super
3056 5133 3335 5201 populum.

2323 5224 2554 5289 Praesta,
2601 5238 2953 5293 quaesumus,
2991 5221 3358 5291 omnipotens
3395 5222 3561 5288 Deus,
3598 5227 3725 5287 etc.,
3760 5222 3814 5271 ut
3838 5229 3909 5269 su-

2248 5327 2354 5381 pra
2381 5312 2560 5366 eodem
2596 5309 2747 5382 loca]

2253 5470 2445 5520 noster
2503 5466 2878 5537 praemiserat.
2931 5466 3452 5522 Sacramentarium
3506 5464 3756 5533 Gregorii
3808 5457 3909 5512 vide

2253 5537 2403 5591 inter
2430 5540 2552 5607 ejus
2582 5554 2773 5607 opera.
2810 5539 2957 5591 onr.
