4078 6180
175 292 274 344 805
1487 244 1689 344 LIDER
1729 288 2375 347 SACRAMENTORUM.

954 418 1088 473 XIII.

500 524 759 563 DOIINICA
798 525 813 562 l
858 523 981 562 POST
1018 522 1249 561 OCTAVAS
1289 522 1524 562 PASCHE.

246 618 413 681 Deus,
455 616 553 686 qui
584 616 643 669 in
678 614 802 668 Filii
824 614 905 668 tui
929 613 1252 667 humilitate
1275 614 1558 681 jacentem
1584 613 1869 667 mundum

171 706 422 772 erexisti,
465 704 729 758 fidelibus
772 703 883 757 tuis
921 708 1259 773 perpetuam
1303 704 1550 756 concede
1581 703 1867 771 laetitiam,

172 800 235 848 ut
277 810 416 865 quos
468 798 764 863 perpetuas
819 792 1019 845 mortis
1059 790 1321 861 eripuisti
1360 792 1604 857 casibus,
1646 792 1870 863 gaudiis

170 884 345 937 facias
398 881 762 952 sempiternis
800 880 1036 950 perfrui.
1081 882 1187 934 Per
1226 880 1495 934 eumdem
1530 881 1865 935 Dominum.

912 989 1145 1043 Secreta.

241 1077 701 1131 Benedictionem
744 1080 923 1141 tuam,
973 1076 1236 1137 Domine,
1278 1074 1445 1128 nobis
1493 1075 1750 1129 conferat
1777 1092 1869 1129 sa-

166 1169 414 1221 lutarem
449 1181 608 1219 sacra
642 1180 867 1234 semper
899 1164 1132 1230 oblatio,
1168 1169 1246 1227 ut,
1298 1165 1452 1234 quod
1494 1164 1611 1233 agit
1652 1170 1865 1234 myste-

164 1256 276 1319 rio,
317 1256 526 1309 virtute
556 1252 835 1324 perﬁciat.
870 1253 993 1306 Per.

718 1362 842 1414 Post
871 1359 1322 1415 Communionem.

237 1450 453 1503 Praesta
502 1446 685 1513 nobis,
727 1445 1090 1515 omnipotens
1132 1446 1298 1512 Deus,
1331 1445 1432 1515 {ut,
1471 1445 1868 1500 viviﬁcationis

163 1540 277 1591 tuae
336 1536 580 1607 gloriam
621 1539 1060 1604 consequentes,
1111 1534 1170 1587 in
1220 1538 1318 1587 tuo
1358 1549 1587 1604 semper
1626 1550 1865 1589 munere

162 1634 502 1706 gloriemur.

762 1702 962 1772 [Super
990 1703 1271 1772 populum.

236 1794 532 1849 Familiam
566 1797 745 1857 tuam,
792 1798 924 1858 etc.,
958 1796 1017 1844 ut
1046 1791 1261 1861 supra.]

489 2026 744 2065 DOMINICA
784 2026 820 2065 Il
863 2027 988 2064 POST
1026 2026 1257 2064 OCTAVAS
1298 2026 1532 2065 ΡΑεεΒΑς.

233 2119 405 2181 Deus,
456 2118 555 2188 qui
602 2117 923 2172 errantibus
972 2123 1034 2170 ut
1081 2118 1139 2170 in
1192 2118 1339 2171 viam
1386 2117 1608 2187 possint
1654 2117 1861 2183 redire,

153 2207 398 2276 jnstitim
421 2213 533 2260 tua:
561 2207 752 2259 lumen
776 2206 1047 2270 ostendis,
1073 2206 1145 2259 da
1165 2206 1384 2259 cunctis
1413 2206 1514 2275 qui
1544 2206 1865 2260 Christiana

157 2296 517 2366 professione
547 2304 875 2359 censentur,
911 2302 969 2348 et
1009 2294 1108 2347 illa
1137 2310 1409 2364 respuere
1435 2311 1563 2365 qua:
1593 2295 1727 2349 huic
1752 2295 1863 2348 ini-

161 2386 314 2438 mica
343 2391 479 2438 sunt
509 2384 753 2451 nomini,
789 2390 845 2437 et
872 2399 939 2437 ea
970 2399 1098 2454 quas
1140 2389 1274 2437 sunt
1322 2388 1459 2453 apta
1496 2383 1717 2437 sectari.
1758 2385 1865 2437 Per

894 2491 1131 2545 Secreta.

231 2596 336 2651 His
362 2594 533 2673 nobis
574 2594 863 2666 mysteriis
904 2594 1251 2660 conferatur,
1296 2609 1410 2665 quo
1460 2599 1687 2649 terrena
1716 2594 1863 2647 desi-

160 2685 325 2739 deria
360 2684 708 2755 mitigantes,
743 2684 1029 2738 discamus
1057 2700 1251 2737 amare
1284 2683 1551 2737 cmlestia.
1586 2684 1711 2737 Per.

713 2793 840 2846 Post
874 2792 1323 2847 Communionem.

230 2880 605 2934 Sacramenta
642 2894 771 2949 quae
815 2879 1184 2947 sumpsimus,
1225 2892 1576 2948 quaesumus,
1604 2878 1861 2946 Domine,

162 2975 217 3021 et
248 2967 609 3038 spiritalibus
640 2983 745 3020 nos
784 2966 1070 3019 instruant
1109 2964 1416 3029 alimentis,
1460 2970 1516 3019 et
1559 2966 1865 3036 corporali-

161 3058 265 3111 bus
300 3061 578 3111 tueantur
606 3054 854 3110 auxiliis.
892 3054 995 3109 Per
1027 3053 1335 3107 Dominum
1368 3058 1646 3107 nostrum.

778 3162 970 3230 [Super
995 3161 1275 3229 populum.

227 3252 509 3317 Gaudeat,
545 3256 676 3316 etc.,
706 3254 768 3303 ut
796 3248 1010 3318 ευριπ]

965 3356 1073 3409 XV.

488 3477 745 3517 DOKINICA
786 3477 845 3516 III
887 3477 1011 3515 POS‘I‘
1048 3477 1277 3515 OCTAVAS
1311 3476 1540 3513 PASCHJE.

228 3569 402 3631 Deus,
442 3566 538 3638 qui
567 3566 822 3620 fidelium
864 3570 1085 3619 mentes
1116 3565 1284 3618 unius
1318 3564 1495 3618 efficis
1529 3565 1863 3633 voluntatis,

157 3656 223 3709 da
260 3655 499 3727 populis
536 3654 668 3719 tuis,
701 3654 757 3707 id
792 3669 984 3707 amare
1030 3652 1183 3723 quod
1223 3652 1503 3723 praecipis,
1526 3652 1599 3719 id
1645 3652 1854 3706 deside-

157 3759 284 3797 rare
336 3741 492 3813 quod
531 3741 838 3811 promittis,
888 3746 951 3794 ut
1005 3740 1157 3793 inter
1198 3740 1520 3793 mundanas
1567 3741 1867 3794 varietates

158 3833 233 3885 ibi
271 3836 477 3885 nostra
505 3831 613 3884 lixa
644 3830 759 3883 sint
806 3830 996 3896 corda,
1031 3829 1130 3882 ubi
1170 3844 1301 3882 vera
1333 3831 1467 3882 sunt
1496 3830 1725 3899 gaudia.
1762 3831 1869 3884 Per

161 3921 479 3974 Dominum
509 3923 789 3973 nostrum.

897 4006 1136 4061 Secreta.

235 4096 408 4158 Deus,
441 4095 541 4164 qui
570 4112 675 4148 nos
706 4112 806 4166 per
843 4096 1015 4166 hujus
1051 4094 1315 4149 secriﬁcii
1360 4096 1683 4149 veneranda
1714 4112 1867 4149 com-

162 4184 384 4237 mercia
426 4184 598 4236 unius
650 4200 889 4237 summa:
946 4184 1256 4238 divinitatis
1310 4185 1617 4255 participes
1669 4184 1865 4251 efficis,

158 4280 395 4343 prtesta,
432 4289 782 4342 quaesumus,
819 4279 895 4338 ut,
931 4274 1075 4327 sicut
1100 4279 1254 4327 tuam
1286 4275 1682 4343 cognoscimus
1720 4274 1866 4328 veri-

159 4368 366 4424 tatem,
400 4361 482 4414 sic
512 4378 637 4414 eam
670 4362 859 4431 dignis
891 4362 1148 4416 moribus
1180 4379 1571 4433 assequamur.
1608 4365 1733 4416 Per.

706 4469 835 4523 Post
864 4470 1322 4523 Communionem.

225 4556 473 4621 Adesto,
516 4557 757 4611 Domine
799 4558 943 4611 Deus
984 4564 1196 4622 noster,
1236 4563 1301 4611 ut
1340 4574 1442 4628 per
1485 4559 1607 4612 haec
1638 4575 1767 4628 qute
1796 4558 1862 4612 ti-

155 4646 373 4700 deliter
404 4646 775 4716 sumpsimus,
818 4652 873 4700 et
912 4662 1227 4717 purgemur
1278 4663 1311 4699 a
1352 4647 1526 4709 vitiis,
1569 4653 1625 4701 et
1657 4665 1687 4701 a
1717 4647 1866 4718 peri-

152 4736 299 4789 culis
333 4734 602 4788 omnibus
636 4751 931 4789 exuamur.
966 4737 1089 4791 Per.

947 4851 1076 4904 XVI.

486 4970 742 5009 DOIINICA
784 4969 834 5010 ιν
878 4971 1003 5008 Ροετ
1040 4971 1268 5009 OCTAVAS
1311 4972 1538 5010 ΡΑεεωε.

226 5064 404 5126 Deus,
437 5077 470 5114 a
501 5077 616 5133 quo
654 5061 807 5115 bona
853 5065 1053 5115 cuncta
1087 5061 1425 5132 procedunt,
1473 5062 1683 5132 largire
1727 5079 1861 5133 sup-

221 5218 368 5275 ‘Ita
416 5218 677 5273 inscribit
735 5219 968 5289 quidem
1027 5219 1128 5272 llas
1186 5217 1509 5273 Dominicas
1546 5218 1668 5273 cod.
1728 5235 1857 5287 ms.,

150 5307 360 5345 verum
397 5291 593 5360 plures
637 5290 883 5344 Missales
915 5291 1088 5343 libros
1132 5290 1339 5343 habere
1374 5292 1656 5344 Dominica
1693 5292 1719 5344 Ι
1740 5298 1863 5359 post

151 5368 253 5416 oet.
316 5363 613 5414 Pentecost.
668 5367 725 5413 et
784 5362 841 5413 in
887 5361 1039 5414 hunc
1079 5361 1315 5414 modum
1362 5360 1568 5414 melius
1625 5377 1859 5415 concor-

152 5433 311 5486 diam
349 5432 485 5485 iniri
515 5447 645 5484 cum
674 5431 908 5502 Antipli.
945 5438 999 5485 et
1027 5434 1154 5486 lect.
1190 5434 1258 5486 23
1292 5431 1739 5496 Dominicarum,
1772 5448 1859 5485 as-

154 5506 293 5555 serit
330 5503 537 5567 Berno,
572 5504 606 5554 Ι.
641 5504 710 5555 de
751 5502 922 5565 Miss.,
973 5519 1019 5556 c.
1063 5506 1113 5567 5,
1168 5504 1506 5555 nominatim
1540 5504 1860 5557 orationem

154 5575 474 5644 explicans,
516 5578 574 5627 et
611 5574 975 5628 concordiam
1007 5575 1127 5643 ejus
1159 5574 1415 5627 indicans
1445 5589 1573 5627 cum
1609 5575 1858 5643 Evange-

3574 307 3675 359 806

1910 423 1955 474 A
1979 420 2242 491 plicibus,
2272 427 2335 476 ut
2361 424 2679 495 cogitemus
2709 431 2765 481 te
2794 427 3111 499 inspirante
3148 447 3278 502 qua:
3328 438 3479 487 recta
3510 440 3667 505 sunt,

1982 516 2039 565 et
2068 517 2123 565 te
2153 512 2515 582 gubernante
2544 515 2745 570 eadem
2770 516 3065 575 faciamus.
3096 521 3221 574 Per.

2709 619 2939 674 Secreta.

2051 718 2308 789 Suscipe,
2335 720 2595 785 Domine,
2628 721 2886 776 ﬁdelium
2920 739 3112 793 preces
3136 742 3264 781 cum
3290 728 3680 784 oblationibus

1980 807 2319 874 hostiarum,
2353 814 2415 862 ut
2444 826 2547 879 per
2576 810 2698 863 haec
2730 812 2841 881 piae
2874 813 3193 869 devotionis
3232 817 3420 871 officia
3465 819 3535 872 ad
3567 834 3674 872 coe—

1979 892 2177 946 lestem
2209 894 2450 960 gloriam
2480 902 2857 950 transeamus.
2890 900 3014 952 Per.

2528 1013 2654 1066 Post
2681 1014 3127 1069 Communiouem.

2046 1114 2253 1169 Tribue
2309 1116 2494 1184 nobis,
2554 1119 2812 1184 Domine,
2876 1122 3115 1175 caelestis
3184 1139 3399 1178 mensas
3459 1126 3669 1181 virtute

1978 1202 2357 1272 [al._c(elestis
2406 1222 2619 1260 mensae
2664 1207 2939 1279 satietate]
2986 1209 3221 1276 satiatis,
3256 1218 3311 1266 et
3345 1213 3672 1268 desiderare

1976 1308 2105 1362 quas
2134 1298 2289 1347 recta
2318 1299 2469 1361 sunt,
2517 1299 2573 1349 et
2610 1295 2927 1351 desiderata
2965 1300 3281 1369 percipere.
3330 1302 3437 1355 Per
3473 1302 3667 1356 Domi-

1979 1397 2115 1435 num
2149 1387 2430 1437 nostrum.

2740 1473 2903 1527 XVII.

2346 1604 2605 1642 DOIINICA
2644 1604 2770 1641 POST
2808 1605 3041 1643 ASCENSA
3081 1607 3294 1647 DOMINI.

1906 1717 1947 1771 Β
2047 1700 2420 1770 Omnipotens
2440 1700 2789 1771 sempiterne
2818 1703 2988 1771 Dens,
3019 1703 3104 1756 fac
3126 1705 3292 1758 nobis
3319 1706 3419 1759 tibi
3443 1723 3671 1779 semper

1975 1793 2028 1841 et
2060 1788 2320 1842 devotam
2352 1805 2549 1859 gerere
2579 1790 2953 1857 voluntatem,
2996 1798 3051 1845 et
3082 1793 3365 1862 majestati
3397 1802 3511 1849 tum
3552 1798 3668 1852 sin-

1974 1892 2104 1930 cero
2134 1877 2307 1931 corde
2336 1878 2566 1933 servire.
2601 1880 2727 1933 Per.

2709 1994 2941 2049 Secreta.

2043 2098 2328 2153 Sacriﬁcia
2368 2117 2492 2167 nos,
2540 2101 2803 2167 Domine,
2849 2101 3216 2156 immaculata
3256 2104 3583 2172 purificent,
3614 2112 3673 2160 et

1974 2187 2259 2239 mentibus
2290 2193 2497 2243 nostris
2522 2205 2784 2258 superum
2817 2188 3016 2258 gratias
3048 2190 3204 2261 .deut
3232 2194 3505 2261 vigorem.
3542 2194 3664 2246 Per.

2518 2313 2640 2365 Post
2670 2313 2845 2366 Comm
2855 2315 3122 2366 unionem.

2044 2424 2289 2494 Repleti,
2352 2425 2614 2492 Domine,
2664 2426 2999 2480 muneribus
3050 2428 3243 2494 sacris,
3296 2428 3387 2494 da,
3440 2443 3669 2498 quassu-

1973 2529 2121 2579 mus,
2166 2519 2228 2568 ut
2275 2515 2335 2567 in
2387 2515 2707 2585 gratiarum
2760 2532 2987 2585 semper
3031 2517 3253 2570 actione
3308 2532 3665 2573 maneamus.

1974 2602 2099 2657 Per.

2567 2692 2764 2762 [Super
2788 2695 3068 2763 populum.

2048 2780 2193 2832 Deus
2224 2779 2338 2832 vita
2377 2779 2654 2847 fidelium,
2687 2782 2864 2851 gloria
2902 2782 3231 2847 humilium,
3277 2785 3332 2837 et
3373 2780 3668 2835 beatitudo

1966 2868 2276 2937 juslorum,
2328 2869 2611 2938 propitius
2659 2869 2880 2939 suscipe
2936 2870 3262 2940 supplicum
3309 2886 3547 2940 preces;
3607 2874 3670 2922 ut

1973 2958 2181 3011 animae
2212 2974 2339 3029 qua“:
2371 2958 2781 3029 promissiones
2819 2964 2944 3013 tuas
2974 2960 3191 3025 sitiunt,
3224 2960 3294 3014 de
3319 2964 3417 3014 tua
3442 2974 3671 3028 semper

1973 3046 2328 3102 abundantia
2362 3048 2709 3118 repleantur.
2741 3049 2848 3101 Per
2877 3048 3231 3117 Dominum]

2733 3181 2916 3234 XVIII.

2320 3304 2345 3329 ⁸
2383 3311 2642 3351 DOIINICA
2682 3311 2697 3350 ι
2739 3312 2867 3350 POST
2908 3312 3318 3350 PENTESCOSTEN.

2051 3415 2197 3467 Deus
2228 3412 2287 3465 in
2322 3416 2378 3465 te
2417 3412 2770 3482 sperantium
2811 3411 3109 3479 fortitudo,
3150 3411 3345 3465 adesto
3386 3410 3671 3482 propitius

1974 3501 2430 3555 invocationibus
2479 3501 2707 3568 nostris,
2744 3507 2799 3554 et
2841 3501 2977 3571 quia
3028 3501 3150 3554 sine
3193 3506 3247 3554 te
3296 3500 3440 3555 nihil
3481 3506 3669 3571 potest

1977 3591 2231 3661 mortalis
2270 3590 2594 3655 inﬁrmitas,
2636 3595 2845 3660 praesta
2885 3590 3161 3643 auxilium
3210 3590 3408 3661 gratiae
3437 3595 3573 3657 tute,
3607 3594 3672 3642 ut

1976 3681 2035 3733 in
2081 3659 2456 3750 eisequendis
2506 3659 2788 3732 mandatis
2840 3679 2976 3747 tuis,
3019 3684 3072 3733 et
3122 3659 3413 3733 voluntate
3463 3679 3569 3733 tibi
3616 3684 3673 3733 et

1977 3768 2197 3821 actione
2227 3768 2575 3837 placeamus.
2608 3768 2713 3820 Per
2752 3768 3059 3821 Dominum
3091 3773 3369 3821 nostrum.

2702 3879 2936 3934 Secreta.

2049 3985 2266 4041 Hostias
2294 3990 2540 4050 nostras,
2586 3985 2849 4051 Domine,
2896 3986 2997 4038 tibi
3038 3985 3249 4039 dicatas
3292 3985 3548 4056 placatus
3576 4002 3665 4041 as-

1978 4091 2158 4142 sume,
2191 4078 2244 4127 et
2272 4073 2341 4127 ad
2375 4078 2718 4145 perpetuum
2774 4073 2935 4127 nobis
2972 4073 3153 4127 tribue
3194 4073 3496 4143 provenire
3536 4074 3668 4127 sub-

1979 4163 2208 4218 sidium.
2241 4164 2365 4217 Per.

2522 4266 2656 4319 Post
2687 4266 3133 4321 Communionem.

2047 4372 2260 4440 Tantis,
2298 4373 2559 4440 Domine,
2600 4373 2804 4443 repleti
2840 4372 3197 4437 muneribus,
3241 4374 3469 4441 prmsta,
3502 4388 3669 4443 qum-

1974 4478 2191 4527 sumus,
2222 4466 2283 4515 ut
2317 4467 2373 4515 et
2403 4461 2671 4515 salutaria
2706 4462 2854 4515 dona
2886 4461 3197 4532 capiamus,
3230 4465 3286 4513 et
3314 4477 3347 4513 a
3389 4466 3486 4514 tua
3517 4477 3667 4515 nun-

1974 4566 2147 4621 quam
2185 4549 2351 4603 laude
2382 4565 2685 4602 cessemus.
2721 4550 2826 4601 Per
2855 4549 3164 4601 Dominum
3197 4552 3477 4603 nostrum.

2576 4687 2767 4760 [Super
2793 4690 3074 4758 populum.

2044 4798 2262 4853 Fideles
2313 4801 2454 4864 tuos,
2502 4795 2760 4860 Domine,
2807 4795 3131 4849 benedictio
3175 4795 3501 4849 desiderata
3532 4811 3671 4849 con-

1970 4886 2180 4953 firmet,
2214 4903 2342 4957 quae
2377 4901 2473 4939 eos
2512 4891 2569 4939 et
2607 4901 2639 4938 a
2670 4890 2766 4939 tua
2804 4886 3093 4939 voluntate
3136 4884 3322 4949 faciat,
3370 4900 3669 4955 nunquam

1969 4976 2310 5046 discrepare,
2356 4981 2411 5029 et
2448 4975 2561 5029 tuis
2599 4991 2824 5046 semper
2866 4974 3168 5046 indulgeat
3210 4974 3505 5029 beneﬁciis
3533 4989 3666 5043 gra-

1972 5065 2162 5120 tulari.
2198 5067 2304 5120 Per
2329 5062 2674 5136 Dominum]

1971 5219 2047 5273 lio
2078 5220 2148 5273 de
2190 5220 2419 5284 Lazaro,
2468 5224 2525 5273 et
2573 5217 2814 5273 introitu
2850 5235 2862 5272 :
2914 5220 3131 5271 Domine
3170 5220 3227 5271 in
3265 5217 3664 5285 misericordia,

1971 5290 2137 5344 sicuti
2179 5306 2347 5361 supra
2391 5290 2674 5344 habentur
2715 5291 2775 5342 in
2818 5290 3135 5361 Lectionar.
3180 5294 3251 5361 et,
3282 5290 3663 5361 Antiphonar.

1973 5363 2135 5415 Dom.
2173 5363 2189 5414 l
2224 5360 2355 5431 post
2393 5366 2497 5413 oct.
2544 5362 2863 5415 Pentecost.
2904 5360 3089 5423 Quare
3135 5366 3193 5412 et
3242 5360 3332 5412 hic
3367 5361 3445 5413 ita
3475 5360 3668 5431 legen-

1971 5434 2108 5486 dum
2154 5448 2377 5497 censeo,
2410 5441 2464 5484 et
2510 5434 2883 5485 conformiter
2921 5432 2980 5483 in
3024 5432 3089 5484 '23
3147 5431 3476 5497 Dominicis,
3524 5448 3667 5502 pras-

1970 5504 2165 5557 sertim
2196 5519 2324 5555 cum
2372 5503 2454 5555 sic
2500 5505 2672 5556 etiam
2728 5504 3044 5557 inscribant
3081 5502 3185 5556 has
3226 5502 3549 5556 Dominicas
3578 5518 3666 5558 su-

1969 5574 2213 5645 pradicti
2244 5579 2358 5625 tres
2390 5590 2494 5626 ms.
2529 5574 2653 5627 cod.
