4078 6180
457 270 560 321 807

650 525 903 565 nommcs
946 523 981 562 ll
1024 524 1149 562 POST
1189 523 1560 563 renrncosreu
1603 508 1739 579 [ocr.
1780 506 1953 580 psmn]

526 615 712 669 Sancti
744 614 993 667 nominis
1042 616 1147 681 tui,
1200 615 1459 681 Domine,
1520 616 1789 669 timorem
1835 616 2052 684 pariter
2096 619 2151 668 et

458 719 708 757 amorem
740 703 824 757 fac
856 720 957 757 nos
1004 704 1213 757 habere
1256 710 1619 775 perpetuum,
1669 704 1802 774 quia
1852 720 2147 774 nunquam

454 794 550 844 tua
582 791 995 861 gubernatione
1026 792 1287 846 destituis
1336 810 1480 862 quos
1521 792 1580 845 in
1611 792 1889 846 soliditate
1919 797 2032 845 tuae
2062 792 2148 844 di-

455 879 714 933 lectionis
746 879 1015 933 instituis.
1052 882 1175 934 Per.

1183 986 1416 1041 Secreta.

525 1081 749 1136 Oblatio
783 1097 907 1149 nos,
942 1082 1203 1147 Domine,
1237 1087 1336 1137 tuo
1369 1083 1591 1167 nomipi
1638 1083 1901 1153 dicanda,
1945 1084 2148 1154 purifi-

457 1176 563 1236 cet,
598 1175 655 1223 et
697 1172 765 1224 de
808 1171 898 1224 die
942 1172 1002 1224 in
1050 1172 1202 1225 diem
1258 1173 1327 1226 ad
1376 1172 1620 1226 caelestis
1666 1173 1795 1226 vitm
1845 1174 2151 1228 transferat

453 1259 759 1313 actionem.
789 1261 893 1313 Per
919 1260 1251 1313 Dominum.

994 1369 1117 1420 Post
1149 1365 1602 1421 Communionem.

526 1479 775 1548 Sumptis
821 1480 1176 1548 muneribus,
1220 1481 1485 1546 Domine,
1529 1497 1881 1551 quaasumus,
1925 1487 1988 1535 ut
2016 1498 2145 1537 cum

452 1567 910 1637 frequentatione
967 1569 1223 1638 mysterii
1281 1576 1494 1622 crescat
1544 1576 1753 1623 nostrm
1810 1572 2007 1624 salutis
2061 1572 2148 1624 ef-

453 1656 652 1710 fectus.
689 1658 811 1710 Per.

1048 1746 1245 1815 [Super
1266 1746 1548 1814 populum.

526 1862 695 1928 Deus,
729 1860 827 1931 qui
862 1865 913 1913 te
958 1860 1016 1913 in
1048 1860 1216 1913 rectis
1258 1876 1320 1913 ac
1369 1860 1603 1913 sinceris
1646 1878 1878 1916 manere
1910 1865 2151 1933 pectori-

454 1948 558 2002 bus
601 1949 825 2013 asseris,
884 1949 954 2003 da
1004 1948 1166 2001 nobis
1212 1954 1309 2001 tua
1357 1950 1540 2018 gratia
1587 1951 1727 2003 tales
1779 1952 2040 2017 existere,
2090 1954 2147 2006 in

455 2037 662 2108 quibus
691 2038 948 2090 habitare
983 2037 1257 2107 digneris.
1298 2038 1403 2089 Per
1438 2038 1791 2107 Dominum.]

807 2240 831 2265 ⁸³
864 2246 1119 2285 DOMINICA
1150 2245 1208 2284 III
1244 2247 1370 2284 POST
1400 2247 1782 2285 PENTECOSTEN.

528 2337 994 2406 Deprecationem
1043 2341 1322 2405 nostram,
1351 2354 1701 2407 quaesumus,
1747 2338 2007 2407 Domine,
2052 2340 2149 2393 be-

454 2425 668 2495 nignus
698 2425 923 2489 exaudi,
967 2429 1021 2478 et
1078 2425 1283 2495 quibus
1333 2426 1692 2495 supplicandi
1738 2432 1973 2496 prazstas
2019 2428 2149 2482 affe-

454 2518 629 2579 ctum,
661 2513 850 2566 tribue
876 2513 1224 2567 defensionis
1255 2515 1550 2568 auxilium.
1587 2517 1713 2569 Per.

1180 2620 1411 2674 Secreta.

524 2717 775 2784 Munera,
829 2717 1088 2783 Domine,
1149 2717 1336 2770 oblata
1389 2717 1696 2785 sanctiﬁca,
1745 2724 1808 2772 ut
1855 2720 1939 2773 tui
1979 2720 2147 2774 nobis

454 2806 741 2875 unigeniti
768 2822 978 2877 corpus
1010 2811 1064 2859 ct
1094 2806 1325 2876 sanguis
1365 2806 1523 2860 ﬁant.
1560 2809 1667 2861 Per
1697 2808 1983 2863 eumdem.

998 2914 1128 2966 Post
1150 2915 1598 2969 Commum’onem.

526 3022 653 3075 Haec
693 3036 798 3073 nos
849 3020 1177 3072 communio
1215 3019 1455 3073 Domine
1496 3026 1702 3090 purget
1738 3037 1771 3074 a
1797 3021 2056 3090 crimine,
2092 3025 2149 3075 et
2187 2998 2227 3052 (ἶ

455 3109 698 3163 caelestis
727 3107 969 3161 remedii
998 3108 1162 3161 faciat
1193 3124 1314 3161 esse
1346 3114 1656 3163 consortes.
1691 3110 1814 3163 Per.

1044 3215 1237 3285 [Super
1264 3216 1541 3284 populum.

525 3303 711 3358 Plebis
731 3306 865 3370 tuae,
889 3318 1241 3373 quaesumus,
1273 3302 1532 3367 Domine,
1557 3302 1628 3355 ad
1649 3308 1704 3354 te
1727 3318 1954 3373 semper
1979 3304 2148 3357 corda

452 3397 738 3457 converte,
773 3396 835 3444 ut
883 3406 1053 3460 quam
1114 3391 1286 3443 tantis
1326 3390 1459 3443 facis
1494 3390 1826 3459 patrociniis
1866 3391 2144 3462 adjuvari,

452 3480 742 3551 perpetuis
773 3496 887 3532 non
932 3478 1157 3532 desinas
1200 3477 1525 3547 gubernare
1553 3478 1855 3549 praesidiis.
1903 3483 2007 3533 Per
2039 3482 2144 3534 Do-

453 3570 696 3623 minum.

1234 3655 1366 3710 XXI.

794 3760 1050 3799 DOIINICA
1089 3760 1141 3798 ιν
1183 3760 1307 3798 rosr
1348 3760 1715 3799 PENTECOSTEN
1743 3747 1788 3798 Ι).

522 3835 815 3889 Protector
853 3834 911 3885 in
951 3838 1007 3885 te
1053 3832 1409 3902 sperantium
1463 3834 1632 3902 Deus,
1680 3849 1781 3887 sne
1821 3850 1935 3904 quo
2001 3834 2146 3888 nihil

452 3928 537 3977 est
596 3923 869 3989 validum,
930 3922 1071 3974 nihil
1121 3926 1399 3988 sanctum,
1457 3922 1772 3993 multiplica
1822 3939 1994 3993 super
2048 3940 2147 3977 nos

451 4012 899 4067 misericordiam
968 4016 1145 4074 tuam,
1214 4016 1279 4064 ut
1338 4016 1392 4064 te
1446 4015 1682 4076 rectore,
1744 4015 1796 4064 te
1858 4012 2020 4079 duce,
2070 4014 2147 4066 sic

451 4106 807 4156 transeamus
855 4115 959 4170 per
1012 4099 1163 4153 bona
1209 4099 1567 4169 temporalia,
1628 4104 1693 4152 ut
1742 4116 1859 4153 non
1913 4101 2145 4156 amitta-

452 4205 579 4244 mus
610 4194 843 4243 aaterna.
879 4188 1005 4241 Per.

1188 4276 1421 4330 Secreta.

523 4364 781 4434 Respice,
831 4362 1095 4429 Domine,
1150 4379 1392 4418 munera
1440 4363 1816 4434 supplicantis
1861 4366 2145 4436 Ecclesiae,

454 4458 511 4507 et
539 4454 709 4506 saluti
739 4452 1097 4506 credentium
1136 4457 1413 4523 perpetua
1437 4452 1885 4509 sanctiﬁcatione
1919 4472 2145 4511 sumen-

453 4542 525 4596 da
554 4543 814 4596 concede.
853 4543 975 4595 Per.

1004 4631 1124 4684 Post
1154 4630 1603 4685 Commuuionem.

524 4718 728 4773 Sancta
785 4722 884 4771 tua
933 4734 1059 4785 nos,
1123 4720 1380 4785 Domine,
1443 4723 1673 4789 sumpta
1731 4717 2038 4783 viviﬁcant,
2096 4723 2152 4771 et

455 4808 859 4864 misericordiae
909 4806 1270 4877 sempiternae
1319 4812 1653 4877 prmparent
1685 4806 1959 4877 expiatos.
2021 4807 2147 4859 Per.

1054 4914 1247 4983 [Super
1270 4914 1559 4982 populum.

528 5003 868 5075 Propitiare,
917 5002 1179 5071 Domine,
1220 5000 1435 5072 populo
1483 5006 1606 5069 tuo,
1656 5006 1712 5055 et
1758 5001 1830 5055 ab
1881 5001 2152 5055 omnibus

527 5187 696 5239 ‘Hoc
760 5184 1014 5239 ofﬁcium
1085 5182 1179 5237 hic
1238 5181 1619 5236 omittendum
1703 5185 1759 5235 et
1836 5181 1896 5235 in
1959 5186 2150 5234 octava

458 5259 818 5314 Pentescotes
854 5254 1185 5325 ponendum
1217 5254 1443 5325 videtur
1481 5269 1548 5306 eo
1592 5252 1749 5325 quod
1786 5254 2152 5322 superfluum

458 5345 578 5382 esse
634 5333 788 5399 patet
842 5322 1084 5399 numero
1114 5396 1122 5399 _
1151 5322 1353 5393 viginti
1377 5394 1389 5399 _
1417 5322 1665 5393 quatuor
1700 5324 2152 5399 _Dominicaru_m

457 5415 587 5453 cum
634 5394 871 5453 constet
926 5396 1127 5467 viginti
1189 5403 1303 5467 tres
1360 5394 1636 5449 duntaxat
1697 5395 2027 5467 Dominicas
2095 5396 2154 5447 in

457 5470 692 5539 Antiph.
740 5474 797 5523 et
839 5465 1090 5534 Sacram,
1156 5466 1466 5535 ordinatas,
1516 5465 1833 5535 praesertim
1889 5482 2019 5519 cum
2066 5481 2155 5518 ea-

460 5540 591 5593 dem
625 5540 869 5593 inculcet
898 5540 1107 5593 Microl.
1139 5554 1185 5591 c.
1222 5540 1308 5589 6t.

1588 265 1922 321 GRIMALDI
1963 265 2472 322 SANGALLENSIS
2509 264 2809 323 ABBATIS
3817 274 3898 325 808

2187 404 2232 455 A
2263 400 2427 455 illum
2456 403 2683 456 absolve
2719 402 2991 474 peccatis;
3036 405 3119 468 ut,
3174 403 3325 473 quod
3368 402 3578 456 nostris
3620 403 3893 459 offensioni-

2259 492 2363 545 bus
2413 508 2833 562 promeremur,
2893 497 2992 546 tua
3050 492 3409 562 indulgentia
3463 493 3768 562 repellatur.
3819 497 3902 548 Per

2260 581 2618 651 Dominum.]

2651 792 2904 829 DOMINICA
2940 793 2969 828 ν
3006 792 3129 829 POST
3167 791 3560 829 PENTECOSTEN.

2330 882 2405 934 Da
2433 881 2617 947 nobis,
2651 882 2913 948 Domine,
2949 896 3298 952 quaesumus,
3331 886 3395 933 ut
3434 884 3491 933 et
3520 880 3713 932 mundi
3742 896 3903 932 cursus

2256 969 2491 1041 pacifice
2531 970 2694 1023 nobis
2725 974 2822 1023 tuo
2864 970 3066 1022 ordine
3116 969 3418 1039 dirigatur,
3459 974 3513 1022 et
3553 968 3781 1021 Ecclesia
3826 973 3903 1019 tua

2257 1058 2568 1128 tranquilla
2599 1057 2896 1111 devotione
2926 1058 3171 1111 laetetur.

2987 1164 3220 1218 Secreta.

2330 1250 2742 1317 Oblationibus,
2790 1267 3145 1321 qumsumus,
3192 1249 3450 1314 Domine,
3491 1250 3710 1318 placate
3754 1263 3907 1300 susce-

2256 1339 2389 1412 ptis,
2423 1346 2476 1393 et
2507 1340 2575 1394 ad
2607 1344 2660 1393 te
2695 1346 2919 1393 nostras
2950 1340 3117 1393 etiam
3166 1339 3408 1393 rebelles
3451 1338 3726 1408 compelle
3763 1336 3912 1407 propi-

2256 1422 2367 1476 tius
2398 1425 2739 1480 voluntates.
2773 1428 2878 1480 Per
2908 1427 3217 1481 Dominum
3251 1432 3525 1480 nostrum.

2800 1535 2925 1587 Post
2958 1535 3407 1590 Communioncm.

2325 1619 2585 1689 Mysteria
2644 1637 2769 1686 nos,
2823 1622 3083 1686 Domine,
3144 1626 3340 1675 sancta
3385 1621 3688 1691 puriﬁcent
3745 1624 3793 1672 et
3832 1635 3912 1671 suo

2190 1702 2229 1755 Β
2265 1724 2499 1762 munere
2531 1714 2815 1765 tueantur.
2851 1712 2958 1764 Per
2984 1711 3311 1764 Dominum.

2860 1816 3034 1884 Super
3060 1816 3339 1883 populum.

2326 1900 2552 1969 Adesto,
2594 1902 2854 1967 Domine,
2898 1903 3109 1973 populo
3152 1909 3271 1969 tuo,
3307 1907 3361 1956 et
3404 1902 3547 1955 nihil
3576 1901 3645 1955 de
3678 1918 3772 1957 sua
3799 1917 3911 1953 con-

2260 1990 2497 2042 scientia
2560 1992 2949 2061 przesumenti,
3032 1991 3307 2044 ineffabili
3390 1990 3754 2043 miseratione
3816 2004 3914 2041 suc-

2258 2094 2451 2142 curre;
2500 2083 2580 2141 ut,
2628 2080 2778 2148 quod
2837 2096 2952 2132 non
2994 2079 3166 2133 habet
3204 2079 3412 2133 ﬁducia
3454 2080 3803 2143 meritorum,
3840 2084 3915 2128 tua

2257 2165 2511 2220 conferat
2540 2167 2772 2237 largitas
2806 2168 3015 2222 invicta
3046 2168 3350 2222 donorum.
3387 2169 3493 2222 Per
3528 2164 3857 2236 Dominum.]

3012 2292 3194 2345 XXIII.

2632 2412 2889 2449 DOMINICA
2929 2413 2981 2450 VI
3022 2413 3148 2450 POST
3188 2412 3574 2450 PENTECOSTEN.

2328 2510 2348 2535 ε
2378 2502 2547 2563 Deus,
2581 2502 2682 2572 qui
2710 2503 3083 2574 diligentibus
3114 2509 3169 2557 te
3207 2504 3355 2557 bona
3386 2501 3699 2556 invisibilia
3727 2515 3921 2571 praepa-

2256 2590 2415 2653 rasti,
2446 2590 2683 2644 infunde
2722 2592 2988 2645 cordibus
3028 2592 3234 2645 nostris
3273 2592 3357 2644 tui
3398 2593 3616 2645 amoris
3663 2592 3914 2645 alia-ctum.

2257 2684 2319 2732 ut
2347 2684 2402 2731 te
2428 2679 2484 2732 in
2517 2680 2785 2734 omnibus
2816 2687 2873 2734 et
2902 2698 3075 2751 super
3105 2682 3299 2735 omnia
3333 2682 3659 2751 diligentes,
3697 2680 3914 2751 promis-

2258 2769 2447 2822 sioncs
2487 2772 2613 2821 tuas
2644 2786 2770 2839 quae
2810 2786 2981 2823 omne
3027 2770 3375 2824 desiderium
3416 2775 3715 2840 superant,
3748 2784 3917 2821 conse-

2259 2873 2523 2929 quamur.
2558 2859 2665 2911 Per
2694 2859 3027 2912 Dominum.

2987 2966 3221 3020 Secreta.

2329 3050 2667 3121 Propitiare,
2729 3051 2990 3117 Domine,
3048 3052 3562 3122 supplicationibus
3619 3050 3832 3113 nostris,
3882 3052 3925 3099 et

2258 3139 2361 3194 has
2389 3140 2706 3193 oblationes
2739 3140 3083 3194 famulorum
3117 3142 3580 3211 famularumque
3605 3146 3824 3194 tuarum
3846 3138 3925 3190 be-

2257 3229 2462 3297 nignus
2495 3245 2737 3294 assume,
2772 3234 2834 3282 ut
2866 3230 3018 3299 quod
3052 3230 3261 3299 singuli
3294 3230 3649 3295 fobtulerunt
3677 3230 3747 3283 ad
3774 3229 3924 3281 hono-

2256 3332 2376 3371 rem
2423 3316 2673 3370 nominis
2713 3317 2815 3384 tui,
2853 3318 3069 3370 cunctis
3105 3318 3366 3388 proﬁciat
3414 3317 3482 3371 ad
3524 3319 3790 3372 salutem.
3824 3318 3924 3370 Per.

2800 3426 2924 3481 Post
2953 3425 3410 3481 Communionem.

2328 3513 2479 3577 Quos
2509 3512 2743 3573 caelesti.
2779 3514 3041 3579 Domine,
3078 3513 3229 3568 dono
3259 3513 3497 3578 satiasti,
3531 3518 3762 3582 praesta,
3794 3526 3925 3582 quie-

2256 3608 2476 3661 sumus,
2518 3597 2581 3646 ut
2624 3609 2658 3645 a
2700 3592 2907 3645 nostris
2947 3593 3297 3646 mundemur
3350 3593 3613 3659 occultis,
3659 3598 3716 3646 et
3754 3591 3819 3644 ab
3846 3590 3927 3642 ho-

2258 3681 2427 3734 stium
2463 3680 2777 3735 liberemur
2806 3680 3053 3734 insidiis.
3089 3682 3215 3734 Per.

2854 3770 3047 3839 [Super
3072 3771 3352 3839 populum.

2330 3859 2411 3912 Da
2446 3874 2796 3928 quaesumus,
2847 3858 3107 3923 Domine,
3138 3859 3357 3928 populo
3399 3863 3498 3911 tuo
3548 3862 3801 3911 mentem
3842 3868 3931 3923 qua

2255 3947 2359 4001 tibi
2403 3948 2641 4001 devotus
2694 3948 2921 4013 existat;
2964 3952 3019 4000 et
3071 3947 3446 4009 intellectum,
3501 3963 3620 4015 quo
3656 3948 3809 4016 justa
3844 3943 3927 3995 de-

2255 4040 2481 4106 poscat;
2532 4041 2589 4089 et
2619 4035 3088 4107 propitiationem
3134 4052 3315 4101 suam,
3349 4052 3463 4106 qua
3506 4036 3601 4106 pie
3633 4034 3929 4090 desideran-

2255 4123 2408 4178 tibus
2438 4123 2736 4194 profutura
2764 4123 3048 4194 perﬁcias.
3083 4124 3191 4177 Per
3221 4123 3567 4193 Dominum.]

3012 4248 3197 4303 XXIV.

2627 4370 2881 4410 DOMINICA
2920 4371 2995 4408 VII
3039 4370 3169 4410 POST
3208 4370 3603 4409 PENTECOSTEN.

2330 4463 2477 4516 Deus
2534 4460 2829 4525 virtutum,
2875 4463 3035 4531 cujus
3073 4466 3158 4515 est
3216 4465 3399 4515 totum
3452 4462 3608 4532 quod
3672 4466 3757 4514 est
3809 4457 3934 4529 opti-

2257 4567 2438 4616 mum,
2480 4549 2666 4604 insere
2712 4550 3041 4621 pectoribus
3086 4550 3298 4604 nostris
3338 4566 3596 4604 amorem
3643 4549 3729 4603 tui
3773 4547 3932 4601 nomi-

2259 4640 2366 4706 nis,
2403 4644 2459 4692 et
2512 4644 2722 4708 praesta
2772 4639 2831 4692 in
2882 4639 3046 4692 nobis
3088 4640 3391 4708 religionis
3432 4645 3831 4707 augmentum,
3871 4638 3936 4689 ut.

2260 4744 2389 4798 qua:
2432 4732 2566 4780 sunt
2623 4730 2788 4793 bona,
2839 4728 3077 4791 nutrias,
3135 4743 3199 4780 ac
3245 4727 3503 4797 vigilanti
3561 4727 3790 4791 studio,
3831 4737 3936 4794 qua.

2260 4820 2393 4870 sunt
2426 4814 2659 4878 nutrita,
2694 4815 2996 4869 custodias.
3031 4816 3157 4869 Per.

2991 4922 3226 4976 Secreta.

2330 5006 2666 5077 Propitiare,
2724 5008 2985 5074 Domine,
3039 5007 3557 5080 supplicationibus
3617 5007 3847 5073 nostris,
3895 5006 3939 5055 et

2332 5186 2357 5227 b
2391 5184 2721 5253 Legendum
2770 5189 2959 5255 puto:
3012 5188 3222 5241 Domin.
3272 5188 3374 5252 Ill,
3406 5192 3529 5254 post
3577 5192 3683 5240 oct.
3735 5187 3939 5239 Pentec.

2261 5258 2317 5308 et
2341 5255 2716 5309 conformiter
2748 5256 2805 5309 in
2840 5273 2961 5326 seq.

2333 5334 2353 5358 ο
2381 5327 2758 5380 Concordiam
2799 5319 2973 5396 hujus
3013 5327 3187 5380 ofﬁcii
3236 5344 3365 5381 cum
3410 5328 3535 5380 lect.
3582 5325 3884 5380 Dominica:
3911 5319 3943 5369 ν

2261 5401 2393 5464 post
2420 5402 2529 5450 oct.
2560 5398 2721 5451 Pent.
2756 5398 2880 5452 vide
2911 5399 3065 5468 apud
3100 5400 3287 5464 Bern.,
3313 5400 3349 5451 ι.
3383 5399 3451 5451 de
3480 5399 3688 5463 Missa.,
3724 5414 3772 5450 c.
3805 5398 3854 5448 5.
