4038 6174
184 222 301 273 809

179 446 413 499 nullius
450 445 522 500 sit
551 448 781 502 irritum
807 457 996 506 votum
1024 458 1078 507 et
1101 457 1313 511 nullius
1354 476 1529 516 vacua
1549 467 1882 535 postulatio,

176 541 398 603 praesta
430 540 491 588 ut
550 538 703 606 quod
752 537 1001 593 ﬁdeliter
1036 543 1307 612 petimus,
1341 548 1646 605 efﬁcaciter
1685 571 1883 609 conse-

174 636 459 690 quamur.
493 624 619 679 Per.

741 715 868 767 Post
889 714 1340 775 Communionem.

256 822 486 893 Repleti
513 841 732 892 sumus,
794 829 1054 896 Domine,
1092 833 1429 889 muneribus
1480 839 1626 905 tuis;
1671 840 1879 909 tribue,

171 925 540 979 quaesumus,
575 919 639 967 ut
669 930 868 969 eorum
914 922 968 970 et
1018 920 1367 976 mundemur
1406 925 1628 991 eﬁ’ectu,
1664 936 1719 983 et
1750 948 1882 985 mu-

168 998 419 1053 niamur
447 1001 686 1057 auxilio.
723 1004 829 1057 Per
851 1006 1158 1061 Dominum
1183 1015 1462 1065 nostrum.

786 1117 990 1190 [Super
1012 1124 1290 1190 populum.

251 1223 521 1291 Absolve,
564 1239 912 1293 quaesumus,
960 1228 1223 1297 Domine,
1255 1231 1464 1287 delicta
1493 1238 1876 1307 populorum;

171 1312 234 1360 et
268 1323 303 1360 a
334 1316 695 1378 peccatorum
720 1316 1045 1367 nostrorum
1095 1317 1354 1385 nexibus,
1389 1336 1514 1389 quae
1544 1339 1648 1392 pro
1682 1332 1880 1380 nostra

172 1395 495 1466 fragilitate
518 1399 924 1467 contraximus,
955 1408 1051 1455 tua
1077 1402 1429 1476 benignitate
1458 1409 1789 1467 liberemur.

174 1485 291 1537 Per
317 1485 680 1555 Dominum.)
727 1562 739 1573 δ
1850 1500 1851 1503 “

945 1578 1088 1632 XXV.

546 1705 807 1744 DOKINICA
846 1707 941 1745 VIII
978 1710 1101 1748 POST
1128 1712 1519 1751 PENTECOSTEN.

244 1810 272 1835 ³
306 1804 476 1866 Deus,
510 1806 675 1874 cujus
718 1807 1077 1875 providentia
1120 1810 1178 1863 in
1223 1812 1311 1865 sui
1342 1813 1717 1884 dispositione
1760 1835 1874 1873 non

166 1890 415 1957 fallitur,
448 1897 502 1946 te
535 1895 819 1963 supplices
852 1912 1177 1965 exoramus,
1214 1906 1274 1953 ut
1307 1903 1475 1956 noxia
1504 1911 1706 1959 cuncta
1740 1909 1872 1962 sub-

166 1993 427 2047 moveas,
481 1985 538 2035 et
578 1983 773 2036 omnia
832 1984 992 2037 nobis
1054 1987 1355 2056 profutura
1402 1993 1695 2046 concedas.
1768 1997 1874 2048 Per

168 2067 514 2122 Dominum.

914 2161 1145 2216 Secreta.

244 2270 416 2337 Deus,
455 2270 553 2340 qui
607 2271 875 2340 legalium
907 2274 1291 2332 diﬁ‘erentiam
1323 2279 1642 2336 hostiarum
1695 2285 1869 2339 unius

165 2355 446 2409 sacriﬁcii
489 2357 840 2426 perfectione
889 2362 1148 2428 sanxisti,
1202 2364 1393 2435 accipe
1448 2369 1787 2423 sacriﬁcium
1839 2389 1870 2425 a

164 2443 391 2496 devotis
418 2443 523 2497 tibi
551 2444 803 2509 famulis,
836 2452 891 2499 et
940 2448 1062 2517 pari
1112 2450 1533 2519 benedictione,
1566 2455 1709 2511 sicut
1739 2475 1863 2512 mu-

162 2547 311 2585 nera
342 2532 504 2598 Abel,
559 2534 860 2596 sanctiﬁca,
912 2538 1152 2606 utquod
1181 2540 1396 2609 singuli
1428 2544 1763 2599 obtulerunt
1795 2548 1863 2601 ad

163 2620 489 2689 majestatis
518 2626 629 2674 tua;
678 2622 979 2687 honorem,
1021 2626 1238 2678 cunctis
1289 2629 1552 2697 proﬁciat
1593 2630 1663 2685 ad
1718 2634 1863 2687 salu-

161 2715 305 2761 tem.
345 2708 470 2761 Per.

714 2799 841 2852 Post
870 2799 1323 2855 Communionem.

232 2912 314 2964 Tu
382 2910 563 2979 nobis,
631 2911 895 2979 Domine,
962 2915 1291 2969 communio
1363 2923 1723 2989 sacramenti,
1803 2930 1859 2980 et

161 2998 628 3068 puriﬁcationem
656 3001 929 3067 conferat,
965 3008 1019 3055 et
1044 3004 1258 3057 tribuat
1290 3007 1591 3063 unitatem.
1626 3012 1750 3065 Per.

758 3115 955 3188 [Super
982 3118 1265 3186 populum.

229 3222 467 3282 Adesto.
509 3222 772 3286 Domine,
814 3224 1040 3293 populis
1070 3225 1205 3293 tuis,
1234 3232 1361 3293 etc.,
1420 3234 1478 3283 ut
1507 3222 1676 3301 supra
1718 3238 1857 3290 inter

159 3312 306 3362 orat.
338 3307 595 3378 quotid.].

924 3407 1103 3463 XXVI.

539 3527 793 3566 DOMINICA
836 3528 888 3565 IX
930 3528 1057 3567 POST
1096 3530 1485 3572 PENTECOSTEN.

230 3626 463 3697 Largire
503 3626 687 3693 nobis,
735 3627 998 3694 Domine,
1033 3645 1379 3699 quaesumus,
1416 3649 1642 3705 semper
1685 3637 1849 3707 spiri-

154 3722 283 3770 tum
316 3714 608 3786 cogitandi
644 3730 769 3784 qua:
820 3722 974 3769 recta
1004 3722 1158 3784 sunt,
1189 3720 1494 3790 propitius,
1522 3727 1579 3776 et
1618 3726 1845 3795 agendi,

151 3810 218 3859 ut
251 3805 351 3875 qui
384 3805 504 3858 sine
529 3809 584 3858 te
617 3820 737 3857 esse
765 3820 877 3858 non
900 3821 1222 3875 possumus,
1256 3810 1569 3866 secundum
1591 3817 1644 3866 te
1661 3813 1848 3868 vivere

148 3894 464 3948 valeamus.
498 3893 604 3947 Per
633 3893 965 3949 Dominum.

875 4027 1094 4081 Secreta
1106 4069 1118 4082 .

226 4141 462 4211 Suscipe
494 4156 754 4207 munera,
797 4156 1149 4211 quaesumus.
1185 4142 1445 4211 Domine,
1480 4162 1609 4216 quae
1642 4149 1746 4202 tibi
1778 4150 1847 4204 de

149 4237 252 4286 tua
290 4230 557 4301 largitate
608 4229 938 4296 deferimus,
978 4234 1032 4283 et
1069 4231 1192 4285 haec
1238 4240 1593 4289 sacrosancta
1645 4242 1847 4307 myste-

148 4321 254 4387 ria,
288 4320 490 4390 gratiae
528 4324 642 4372 tuae
675 4324 951 4388 operante
991 4318 1220 4387 virtute,
1254 4323 1551 4390 praesentis
1584 4324 1711 4379 vitae
1746 4343 1849 4381 nos

148 4408 588 4464 conversatione
639 4407 993 4462 sanctiﬁcent
1033 4413 1089 4462 et
1119 4408 1191 4463 ad
1244 4410 1451 4480 gaudia
1501 4413 1851 4482 sempiterna

149 4499 491 4567 perducant.
525 4498 657 4551 Per.

694 4593 829 4647 Post
858 4594 1309 4649 Communionem.

217 4710 305 4764 Sit
346 4709 529 4775 nobis,
576 4709 837 4775 Domine,
895 4710 1182 4779 reparatio
1230 4712 1439 4764 mentis
1489 4717 1544 4766 et
1594 4714 1848 4783 corporis

146 4799 378 4852 caeleste
399 4797 759 4867 mysterium,
798 4803 860 4850 ut
910 4799 1074 4867 cujus
1121 4799 1491 4870 exsequimur
1538 4801 1843 4868 actionem,

147 4886 466 4941 sentiamus
496 4885 783 4940 effectum.
817 4887 945 4939 Per.

736 5000 931 5071 [Super
957 5002 1236 5070 populum.

220 5106 694 5162 Benedictionem
724 5110 904 5171 tuam,
939 5112 1067 5175 etc.,
1093 5113 1152 5163 ut
1176 5124 1347 5177 supra
1382 5111 1489 5164 loco
1514 5113 1720 5177 citato.§

217 5281 448 5347 ‘Hujus
520 5296 752 5351 quoque
792 5282 1156 5336 concordiam
1206 5298 1336 5336 cum
1380 5284 1505 5337 lect.
1555 5288 1611 5337 et
1657 5284 1843 5339 oﬁ‘ert.

152 5353 465 5440 Dominicas
500 5352 769 5440 Vlflupost
822 5353 942 5407 Oct.
986 5355 1142 5407 Pent.
1179 5354 1307 5407 vide
1355 5356 1505 5424 apud
1557 5358 1846 5423 eumdem,

156 5424 455 5547 “fama
487 5425 661 5562 frugis
712 5494 1082 5548 concordiam
1139 5511 1269 5548 cum
1316 5495 1620 5565 Evangelia
1655 5494 1846 5549 Domi-

508 5584 782 5647 PATROL.
840 5584 1042 5660 CXXI.

1494 239 1705 296 LIBER
1744 243 2382 304 SACRAMENTORUM.

179 355 301 408 has
331 358 528 428 populi
576 360 662 413 tui
715 361 1029 419 oblationes
1077 366 1365 439 benignus
1423 389 1669 442 assume,
1721 384 1775 432 et
1828 384 1887 433 ut
1924 383 1972 435 A

3590 271 3693 323 8lO

2743 394 2944 448 XXVII.

2386 510 2643 550 DOMINICA
2675 513 2705 551 Χ
2746 515 2872 553 POST
2912 516 3293 560 PENTECOSTEN.

2066 596 2304 652 Pateant
2352 616 2517 654 aures
2559 602 2965 659 misericordiae
3021 612 3154 673 tuae,
3200 610 3460 678 Domine,
3506 616 3686 684 preci-

1992 681 2099 735 bus
2129 685 2596 755 supplicantium,
2640 696 2697 743 et
2729 695 2793 743 ut
2823 692 3147 760 petentibus
3190 681 3523 753 desiderata
3550 718 3681 757 con-

1992 770 2178 838 cedas,
2246 774 2333 827 fac
2390 775 2495 829 tibi
2542 794 2660 845 eos,
2706 794 3056 848 quassumus,
3118 783 3324 852 placita
3369 790 3683 856 postulare.

1991 860 2115 913 Per.

2719 938 2953 993 Secreta.

2062 1033 2322 1090 Concede
2352 1038 2519 1092 nobis
2557 1040 2698 1107 haec,
2731 1059 3081 1113 quaesumus,
3109 1047 3373 1118 Domine,
3406 1051 3676 1123 frequen-

1992 1126 2108 1176 tare
2140 1126 2432 1193 mysteria,
2466 1128 2601 1197 quia
2631 1130 2859 1199 quoties
2884 1132 3052 1200 hujus
3086 1135 3285 1189 hostia
3331 1154 3681 1196 commemo-

1991 1210 2132 1264 ratio
2161 1213 2500 1282 celebratur,
2534 1233 2678 1285 opus
2723 1224 2935 1273 nostraa
2986 1222 3400 1293 redemptionis
3449 1245 3675 1285 exerce-

1988 1303 2102 1351 tur.
2131 1301 2237 1354 Per
2268 1303 2598 1358 Dominum.

2531 1412 2657 1466 Post
2683 1414 3131 1470 Communionem.

2056 1509 2193 1573 Tua,
2255 1525 2384 1577 nos,
2450 1513 2714 1584 Domine,
2767 1518 3125 1574 medicinalis
3183 1526 3460 1593 operatio,
3537 1535 3591 1583 et
3650 1546 3683 1584 a

1988 1598 2195 1651 nostris
2229 1602 2699 1668 perversitatibus
2753 1607 3067 1661 clementer
3096 1613 3383 1681 expediat,
3418 1622 3469 1670 et
3504 1618 3572 1671 ad
3615 1635 3682 1673 ea

1920 1674 1959 1726 Β
1988 1702 2117 1756 quae
2148 1693 2279 1741 sunt
2308 1694 2481 1755 recta,
2515 1694 2811 1761 perducat.
2850 1697 2955 1749 Per
2987 1674 3319 1754 Dominum.

2748 1798 2919 1869 [Αιὶα.

2055 1898 2158 1951 Tui
2200 1898 2384 1964 nobis,
2443 1902 2702 1969 Domine,
2735 1907 3066 1961 communio
3096 1914 3457 1977 sacramenti,
3493 1922 3549 1969 et
3577 1935 3678 1988 pu-

1984 1987 2363 2043 riﬁcationem
2396 1991 2673 2059 conferat,
2702 1998 2759 2047 et
2790 1996 3007 2052 tribuat
3036 1999 3333 2056 unitatem.
3398 2005 3505 2058 Per
3558 1987 3670 2061 Do-

1984 2075 2255 2147 ulmum]
2581 2150 2774 2222 [Super
2800 2156 3082 2223 populum.

2055 2252 2308 2322 Respice,
2347 2256 2609 2323 Domine,
2642 2260 2946 2330 propitius,
2980 2269 3107 2327 etc.,
3142 2271 3202 2317 ut
3221 2270 3431 2338 supra]

2347 2502 2602 2542 DOMINICA
2643 2506 2693 2543 XI
2745 2508 2869 2545 POST
2911 2510 3296 2551 PENTECOSTEN.

2046 2589 2070 2629 b
2099 2588 2268 2654 Deus,
2304 2592 2401 2660 qui
2425 2592 2905 2661 omnipotentiam
2924 2604 3078 2653 tuam
3104 2604 3387 2671 parcendo
3423 2607 3668 2663 maxime

1973 2679 2028 2727 et
2056 2676 2383 2731 miserando
2415 2681 2766 2751 manifestas,
2801 2686 3119 2757 multiplica
3155 2707 3329 2760 super
3359 2709 3464 2747 nos
3496 2696 3665 2752 mise-

1971 2762 2277 2819 ricordiam
2350 2772 2529 2834 tuam,
2592 2776 2655 2823 ut
2721 2771 2791 2825 ad
2856 2779 2955 2828 tua
3007 2778 3290 2844 promissa
3349 2789 3664 2849 currentes,

1971 2852 2287 2907 caelestium
2319 2854 2490 2909 facias
2513 2873 2632 2911 esse
2659 2866 2972 2915 consortes.
3002 2865 3124 2917 Per.

2701 2966 2933 3022 Secreta.

2042 3064 2189 3128 Tibi,
2236 3065 2497 3129 Domine,
2530 3070 2804 3124 sacriﬁcia
2833 3073 2983 3126 dicta
3024 3075 3366 3146 reddantur;
3404 3097 3531 3151 quas
3579 3085 3659 3139 sic

1967 3152 2038 3205 ad
2097 3153 2376 3208 honorem
2434 3156 2687 3210 nominis
2739 3159 2824 3212 tui
2881 3162 3191 3218 deferenda
3251 3168 3520 3237 tribuisti,
3594 3179 3658 3227 ut

1967 3241 2165 3295 eadem
2193 3243 2451 3298 remedia
2480 3245 2606 3299 ﬁeri
2638 3253 2830 3301 nostra
2860 3256 3181 3319 prazstares.
3209 3255 3334 3310 Per.

2504 3352 2633 3405 Post
2670 3353 3129 3412 Communionem.

2033 3435 2392 3505 Quaesumus,
2446 3439 2687 3494 Domine
2736 3442 2887 3496 Deus
2928 3450 3143 3515 noster,
3203 3453 3265 3502 ut
3318 3467 3462 3522 quos
3509 3455 3645 3509 divi-

1963 3522 2053 3576 nis
2082 3540 2352 3595 reparare
2380 3542 2493 3581 non
2532 3529 2742 3583 desinis
2772 3535 3160 3602 sacramentis,
3192 3538 3305 3591 tuis
3336 3556 3452 3595 non
3481 3541 3654 3598 desti-

1960 3616 2089 3666 tuas
2117 3614 2403 3685 benignus
2437 3617 2684 3671 auxiliis.
2722 3621 2829 3673 Per
2860 3622 3188 3679 Dominum.

2558 3723 2755 3792 [Super
2777 3730 3068 3796 populum.

2032 3807 2245 3863 Fideles
2275 3813 2421 3876 tuos,
2460 3812 2721 3880 Domine,
2755 3820 2906 3870 etc...
2936 3823 2998 3873 ut
3024 3820 3237 3890 supra.)

2718 3939 2867 3993 XXIX
2878 3978 2889 3990 .

2316 4055 2573 4094 DOMINICA
2614 4060 2685 4098 ΧΗ
2730 4060 2852 4099 POST
2902 4064 3292 4104 PENTECOSTEN.

2028 4152 2045 4175 ε
2106 4143 2486 4213 Omnipotens
2556 4148 2901 4219 sempiterne
2944 4151 3113 4220 Deus,
3154 4153 3251 4222 qui
3300 4153 3650 4212 abundantia

1890 4264 1931 4318 Β
1960 4230 2191 4300 pietatis
2232 4237 2344 4287 tuae
2388 4238 2445 4287 et
2511 4238 2717 4290 merita
2762 4238 3083 4309 supplicum
3134 4242 3357 4295 excedis
3400 4250 3454 4297 et
3501 4251 3647 4315 vota,

1959 4319 2187 4374 eﬁ‘unde
2218 4337 2392 4391 super
2437 4339 2539 4376 nos
2589 4326 3041 4381 misericordiam
3095 4334 3273 4398 tuam,
3307 4338 3370 4387 ut
3402 4334 3651 4389 dimittas

1959 4422 2087 4477 quae
2137 4409 2486 4465 conscientia
2536 4416 2763 4481 metuit,
2816 4421 2871 4468 et
2918 4418 3155 4487 adjicias
3205 4422 3354 4490 quod
3395 4424 3649 4478 oratione

1958 4510 2071 4549 non
2103 4497 2419 4565 praesumit.
2456 4500 2579 4552 Per.

2682 4573 2913 4627 Secreta.

2028 4653 2286 4722 Respice,
2347 4656 2607 4719 Domine,
2657 4676 3014 4729 queesumus,
3059 4671 3313 4721 nostram
3365 4672 3650 4742 propitius

1957 4742 2307 4805 servitutem.
2341 4748 2400 4796 ut
2430 4746 2577 4814 quod
2633 4747 2949 4813 offerimus,
2989 4751 3060 4804 sit
3089 4752 3193 4806 tibi
3242 4770 3452 4810 munus
3494 4774 3649 4812 acce-

1956 4835 2143 4900 ptum,
2175 4832 2248 4885 sit
2280 4838 2487 4886 nostra:
2512 4833 2809 4905 fragilitati
2841 4838 3177 4893 subsidium.
3212 4842 3334 4896 Per.

2498 4940 2622 4992 Post
2649 4939 3099 4997 Communionem.

2035 5024 2392 5092 Sentiamus,
2426 5026 2688 5093 Domine,
2736 5043 3088 5097 quaasumus,
3147 5033 3229 5084 tui
3280 5038 3648 5107 perceptione

1962 5114 2309 5167 sacramenti
2342 5113 2656 5169 subsidium
2688 5116 2895 5169 mentis
2922 5122 2976 5171 et
3010 5120 3281 5189 corporis,
3314 5128 3379 5177 ut
3408 5124 3466 5179 in
3500 5131 3652 5180 utro-

1956 5286 2168 5360 nicaaAX
2200 5290 2498 5360 post_oc_ta.
2536 5290 2694 5342 Pent.
2730 5289 2858 5342 vide
2889 5292 3039 5360 apud
3076 5295 3364 5349 eumdem.

2028 5367 2049 5439 ξ
2100 5357 2191 5439 Sic
2232 5362 2287 5439 et
2336 5356 2504 5426 hujus
2540 5364 2685 5439 orat.
2742 5356 3067 5439 cule'ectz
3101 5366 3379 5439 Dominic.
3424 5369 3471 5420 Il
3523 5375 3653 5439 post

1956 5432 2069 5503 oct._
2120 5428 2275 5503 Pent.
2327 5430 2690 5483 concordiam
2740 5432 2914 5485 tradit
2957 5433 3168 5489 ibidem
3220 5438 3420 5501 Berno,
3474 5428 3654 5494 et‘Mi-
3736 5500 3741 5503 ,

1959 5498 2094 5550 crol.
2120 5514 2165 5551 c.
2205 5501 2290 5551 61.

3214 5605 3293 5656 Qti
