4038 6174
504 295 606 348 815
1629 291 1963 347 GRIMALDI
2003 291 2505 348 SANGALLENSIS
2542 294 2857 349 ABBATIS.
3832 304 3904 353 816

1278 427 1426 481 Alia.

572 519 772 573 Adesto
809 514 974 568 nobis
1020 513 1343 567 misericors
1376 514 1544 579 Deus,
1595 519 1651 568 et
1700 519 1815 568 tuae
1864 515 2090 586 pietatis
2134 517 2194 570 in

504 605 664 660 nobis
695 603 974 675 propitius
1002 603 1149 656 dona
1178 602 1439 656 concede.
1477 603 1600 655 Per.

1233 709 1465 763 Secreta.

500 832 503 833 ν
574 799 776 852 Adesto
807 792 990 863 nobis,
1041 812 1391 867 quaesumus,
1439 795 1705 863 Domine,
1747 800 1805 850 et
1850 812 2046 866 preces
2090 812 2195 851 no-

497 892 640 940 stras
685 885 967 954 benignus
1012 884 1238 948 exaudi,
1276 889 1336 935 ut
1393 884 1545 953 quod
1588 882 1801 937 ﬁducia
1852 899 1970 937 non
2023 883 2197 938 habet

492 975 855 1039 meritorum,
889 972 1133 1041 placatio
1164 971 1423 1024 obtineat
1472 971 1811 1024 hostiarum.
1855 972 1977 1023 Per.

1038 1080 1163 1131 Post
1193 1078 1642 1133 Communionem.

567 1166 829 1237 Mysteria
860 1170 1053 1219 sancta
1083 1181 1206 1229 nos,
1244 1165 1502 1229 Domine,
1545 1169 1600 1217 et
1648 1163 2042 1233 spiritualibus
2099 1179 2192 1217 ex-

496 1256 691 1325 pleant
728 1254 1036 1318 alimentis,
1082 1257 1136 1305 et
1178 1252 1572 1321 corporalibus
1620 1258 1887 1305 tueantur
1936 1252 2190 1307 auxiliis.

499 1344 623 1397 Per.

1254 1410 1434 1464 XLIII.

1097 1515 1221 1553 ITEK
1254 1515 1379 1552 ΑΗΔ
1413 1514 1580 1553 MISSA.

566 1616 777 1670 Exaudi
809 1630 931 1679 nos,
964 1613 1265 1667 miseratur
1296 1618 1351 1666 et
1383 1613 1702 1666 misericors
1736 1614 1903 1678 Deus,
1948 1620 2003 1666 et
2047 1630 2190 1667 con—

2853 433 2978 485 Post
3013 432 3460 486 Communionem.

2379 536 2730 601 Quotidiani,
2786 537 3046 601 Domine,
3105 552 3458 607 quaesumus,
3510 553 3722 591 munera
3775 556 3906 593 sacra-

2308 625 2486 678 menti
2525 625 2595 677 ad
2627 631 2917 696 perpetuae.
2938 625 3103 679 nobis
3150 625 3337 679 tribue
3366 626 3559 678 salutis
3597 632 3905 694 augmentum.

2310 713 2418 766 Per
2446 712 2775 767 Dominum.

2908 817 3032 855 ιτειι
3064 817 3188 855 ΔῙιΙᾹ
3222 816 3278 855 HI
3288 818 3374 855 SSA
3386 841 3399 854 .

2376 888 2459 942 Ab
2516 889 2783 942 omnibus
2842 906 2945 943 nos
3013 890 3277 955 defende,
3328 906 3666 960 quaesumus,
3719 890 3911 954 Domine,

2306 992 2532 1047 semper
2561 978 2808 1031 adversis
2841 984 2896 1031 et
2924 979 3213 1031 continuis
3234 984 3394 1032 tuere
3429 979 3712 1047 praesidiis.
3743 980 3841 1031 Per.

3022 1084 3253 1138 Secreta.

2368 1170 2669 1226 Oﬁ'erimus
2709 1170 2829 1237 tibi,
2877 1171 3135 1236 Domine,
3196 1186 3436 1224 munera
3481 1187 3608 1241 quae
3661 1171 3847 1233 dedisti,
3876 1178 3918 1223 ut

2303 1266 2361 1312 et
2402 1259 2707 1313 creationis
2756 1266 2868 1313 tum
2890 1260 3039 1313 circa
3070 1260 3473 1313 mortalitatem
3516 1264 3767 1325 nostram,
3800 1258 3917 1311 testi-

2303 1347 2545 1402 ﬁcentur
2574 1348 2869 1413 auxilium,
2904 1353 2960 1401 et
2997 1348 3317 1402 remedium
3349 1348 3518 1401 nobis
3548 1348 3919 1401 immortalitatis

2305 1442 2639 1507 operentur.
2684 1438 2810 1490 Per.

2846 1526 2971 1578 Post
3002 1525 3455 1580 Communionem.

2374 1613 2535 1676 Quod
2568 1628 2665 1665 ore
2715 1613 3090 1681 sumpsimus,
3136 1613 3398 1679 Domine,
3440 1618 3631 1666 mente
3675 1612 3919 1681 capiamus,

496 1704 752 1759 tinentize
784 1702 1046 1756 salutaris
1072 1702 1355 1772 propitius
1388 1701 1553 1755 nobis
1584 1701 1737 1754 dona
1774 1700 2041 1755 concede.
2086 1702 2191 1756 Per
2232 1723 2272 1777 Β
2303 1706 2357 1755 et
2377 1701 2444 1754 de
2475 1716 2712 1754 munere
2743 1700 3067 1771 temporali,
3100 1700 3197 1755 ﬁat
3227 1701 3392 1755 nobis
3428 1700 3735 1754 remedium
3764 1699 3921 1767 sempi-

499 1794 805 1846 Dominum
843 1798 1131 1844 nostrum.

1142 1879 1316 1946 Super
1346 1877 1547 1930 oblata.

573 1970 815 2031 Hostias,
888 1982 1239 2038 quaesumus,

498 2147 791 2200 salutares.
818 2146 943 2198 Per.

1036 2234 1159 2285 Post
1198 2231 1646 2285 Communionem.

568 2324 894 2378 Sanctatua
924 2337 1048 2384 nos,
1083 2319 1340 2385 Domine,
1381 2334 1730 2388 qumsumus,
1776 2323 1832 2372 et
1867 2336 1899 2372 a
1949 2320 2192 2389 peccatis

497 2413 727 2473 exuant,
751 2413 808 2463 et
836 2408 1076 2462 caelestis
1108 2408 1234 2459 vitae
1265 2407 1457 2476 vigore
1488 2407 1853 2460 conﬁrment.
1884 2408 2009 2461 Per.

1260 2530 1432 2582 XLIV.

1096 2652 1216 2689 ΠἝΜ
1256 2652 1380 2689 ALIA
1412 2652 1562 2690 MISSA
1573 2680 1582 2689 .

566 2746 923 2810 Quaesumus,
976 2742 1339 2823 omnipotens
1393 2743 1561 2809 Deus,
1611 2747 1673 2793 ut
1718 2739 1878 2810 plebs
1932 2746 2026 2793 tua
2067 2744 2186 2794 toto

495 2836 599 2890 tibi
636 2833 801 2887 corde
842 2832 1187 2894 deserviens,
1235 2836 1290 2883 et
1326 2829 1602 2882 beneﬁcia
1656 2833 1751 2883 tua
1797 2829 2013 2899 jugiter
2064 2846 2187 2883 me-

497 2929 687 2977 reatur
716 2927 772 2975 et
802 2936 1021 2991 pacem.
1055 2920 1177 2973 Per.

1138 3007 1312 3075 Super
1337 3008 1537 3061 oblata.

563 3098 815 3168 Suscipe,
850 3111 1201 3167 quaesumus,
1248 3094 1508 3161 Domine,
1556 3094 1803 3147 hostiam
1848 3094 2188 3164 redemptio-

493 3190 582 3242 nis
630 3188 916 3253 liumanse,
964 3190 1020 3237 et
1068 3184 1308 3238 salutem
1371 3182 1533 3236 nobis
1588 3182 1795 3236 mentis
1843 3188 1897 3235 et
1934 3182 2188 3253 corporis

494 3293 732 3347 operare
765 3275 1038 3344 placatus.
1069 3274 1193 3325 Per.

1045 3377 1172 3431 Post
1202 3378 1652 3432 Communionem.

561 3471 661 3534 Da,
724 3481 1072 3537 quaesumus,
1130 3464 1495 3533 omnipotens
1548 3464 1714 3529 Deus,
1773 3468 1839 3515 ut
1882 3464 2180 3533 mysterio-

488 3573 620 3612 rum
652 3554 861 3609 virtute
894 3553 1102 3617 satiati,
1139 3552 1249 3605 vita
1273 3556 1463 3605 nostra
1506 3551 1787 3604 ﬁrmetur.
1828 3552 1950 3605 Per.

1253 3676 1405 3729 XLV.

1090 3800 1215 3840 ITEM
1253 3798 1374 3837 ALIA
1407 3799 1553 3836 HISSA
1566 3825 1576 3835 .

562 3877 711 3946 Rege
745 3879 983 3934 nostras,
1014 3873 1275 3935 Domine,
1307 3870 1588 3940 propitius
1608 3868 1949 3927 voluntates,
1990 3872 2051 3919 ut
2080 3882 2180 3919 nec

486 3965 735 4035 propriis
784 3961 1182 4033 iniquitatibus
1247 3959 1635 4028 implicentur,
1703 3971 1804 4008 nec
1865 3955 2181 4007 subeantur

487 4054 704 4107 alienis.
743 4051 867 4103 Per.

1211 4116 1448 4168 Secreta.

554 4210 672 4262 'I‘ua
720 4210 1075 4260 sacramenta
1136 4218 1255 4267 nos,
1304 4203 1467 4267 Deus,
1523 4201 1933 4271 circumtegant
1985 4207 2040 4253 et
2088 4216 2177 4252 re-

483 4296 751 4359 forment,
784 4293 1070 4360 simulque
1103 4288 1265 4343 nobis
1306 4288 1620 4357 temporale
1672 4288 1991 4343 remedium
2035 4302 2170 4340 con-

481 4383 669 4437 ferant
690 4388 745 4434 et
777 4389 1075 4433 teternum.
1112 4379 1236 4431 Per.

1026 4487 1149 4540 Post
1171 4484 1621 4541 Communionem.

547 4579 666 4631 Tua
693 4582 884 4628 sancta
920 4574 1106 4641 nobis,
1132 4572 1496 4643 omnipotens
1542 4573 1709 4639 Deus,
1745 4588 1873 4642 quae
1921 4571 2165 4642 sumpsi-

480 4682 627 4730 mus,
654 4669 709 4717 et
737 4660 1155 4730 indulgentiam
1194 4663 1509 4731 praebeant,
1561 4667 1616 4713 et
1647 4661 1922 4714 auxilium
1963 4676 2166 4729 perpe-

475 4761 592 4808 tuae
631 4749 979 4806 defensionis
1011 4749 1369 4818 impendant.
1405 4751 1529 4803 Per.

1231 4869 1406 4923 XLVI.

1146 4990 1268 5027 ΑιιΑ
1308 4990 1481 5028 MISSA.

545 5068 889 5139 Comprime,
955 5061 1209 5126 Domine,
1273 5077 1627 5130 quaesumus,
1676 5063 1868 5115 noxios
1940 5077 2169 5131 semper

470 5160 751 5220 incursus,
784 5160 841 5207 et
880 5152 1185 5205 salutarem
1216 5148 1573 5218 temporibus
1617 5151 1829 5203 nostris
1881 5150 2166 5221 propitius

471 5248 541 5301 da
562 5246 836 5317 quietem.
872 5242 996 5295 Per.

1204 5312 1437 5364 Secreta.

539 5405 599 5456 in
631 5409 729 5457 tuo
755 5404 1081 5471 conspectu,
1122 5397 1383 5461 Domine,
1418 5409 1772 5467 quaesumus,
1805 5395 1938 5449 talia
1971 5399 2166 5449 nostra

466 5492 579 5545 sint
613 5507 877 5557 munera,
911 5505 1037 5561 qua:
1079 5494 1135 5542 et
1169 5488 1393 5557 placare
1424 5491 1478 5539 te
1521 5483 1770 5547 valeant,
1820 5488 1877 5537 et
1917 5500 2022 5537 nos
2060 5484 2166 5537 tibi

465 5577 689 5647 placere
719 5576 1034 5645 perﬁciant.
1068 5576 1175 5628 Per
1209 5573 1515 5628 Dominum
1554 5573 1835 5624 nostrum.

1320 1966 1577 2027 Domine,
1646 1965 1871 2034 suscipe
1937 1966 2195 2035 placatus

498 2059 735 2118 oblatas,
783 2072 912 2127 quas
957 2063 1015 2109 et
1068 2060 1124 2108 te
1173 2054 1579 2107 sanctiﬁcando
1638 2054 1807 2107 nobis
1870 2054 2196 2107 ellieiantur

2304 1796 2554 1842 ternum.
2590 1790 2694 1842 Per
2729 1789 3055 1843 Dominum.

3075 1905 3229 1959 Alia.

2376 1994 2721 2047 Conservent
2761 2009 2883 2059 nos,
2933 2007 3262 2062 quassamus
3308 1992 3570 2054 Domine,
3618 1996 3922 2045 muneratus.

2301 2086 2359 2134 et
2386 2086 2660 2134 aeternam
2686 2080 2862 2134 vitam
2894 2081 3149 2134 tribuant
3190 2081 3353 2134 nobis
3386 2079 3820 2150 deprecantibus.
3855 2077 3925 2130 Per

2304 2170 2634 2223 Dominum.

3045 2257 3248 2313 XLVII.

2731 2372 2783 2409 1N
2829 2370 3045 2409 NATALE
3079 2370 3243 2409 UNIUS
3282 2370 3568 2411 APOSTOLI.

2371 2461 2574 2527 Oratio,
2625 2461 2857 2527 Secreta,
2903 2466 2953 2515 et
3013 2462 3140 2516 Post
3190 2462 3644 2525 Communionem,
3704 2466 3757 2513 ut
3806 2472 3926 2526 supra

2299 2552 2355 2602 in
2390 2551 2594 2617 Vigilia
2626 2550 2682 2605 S.
2704 2550 2954 2604 Andreae.

2894 2654 3089 2726 [Super
3114 2656 3393 2725 populum.

2370 2743 2604 2808 Exaudi,
2641 2744 2901 2805 Domine,
2938 2745 3211 2813 populum
3240 2752 3424 2809 tuum,
3449 2761 3585 2798 cum
3630 2743 3794 2797 sancti
3832 2755 3927 2809 apo-

2296 2832 2426 2884 stoli
2456 2832 2539 2884 tui
2586 2832 2650 2885 N.
2682 2831 2998 2901 patrocinio
3050 2832 3492 2901 supplicantem,
3526 2839 3595 2885 ut
3633 2838 3729 2885 tuo
3762 2842 3933 2898 semper

2295 2919 2507 2972 auxilio
2539 2935 2737 2973 secura
2772 2920 2873 2973 tibi
2898 2920 3073 2989 possit
3100 2920 3403 2974 devotione
3444 2920 3679 2974 servire.
3740 2922 3829 2973 Per
3854 2918 3931 2970 Do-

2227 3016 2268 3071 ς,
2300 3008 2543 3062 minum.

2944 3096 3041 3149 Ad
3067 3098 3343 3165 Vesperos.

2369 3181 2537 3249 Deus,
2569 3183 2669 3251 qui
2720 3199 2822 3235 nos
2862 3183 2918 3237 Β.
2953 3184 3201 3253 apostoli
3244 3184 3327 3236 tui
3373 3183 3437 3237 N.
3480 3199 3675 3237 annua
3718 3179 3935 3235 solemni-

2298 3276 2410 3325 tate
2462 3272 2736 3338 laztiﬁcas,
2769 3272 3013 3340 concede
3064 3272 3370 3342 propitius,
3425 3278 3487 3324 ut
3533 3273 3699 3342 cujus
3735 3268 3934 3324 natalitia

2297 3360 2558 3426 colimus,
2592 3359 2762 3413 etiam
2787 3360 3008 3413 actione
3040 3360 3357 3414 imitemur.
3390 3360 3497 3413 Per
3529 3355 3859 3427 Dominum.)

3031 3482 3258 3535 XLVIlI.

2580 3604 2633 3641 IN
2674 3604 2882 3643 NATALE
2923 3604 3273 3643 Ριῠιωιοηωι
3302 3604 3711 3643 ΑΡΟδτΟιΟΒυὶΙ.

2367 3703 2533 3766 Deus,
2557 3702 2656 3772 qui
2686 3717 2788 3755 nos
2830 3717 3019 3754 annua
3040 3703 3437 3771 apostolorum
3473 3707 3709 3756 tuorum
3742 3702 3798 3755 Ν.
3825 3705 3869 3752 et
3894 3698 3936 3751 Ν.

2292 3790 2653 3843 solemnitate
2688 3790 2961 3857 laetiﬁcas,
2997 3796 3224 3861 praesta,
3250 3806 3604 3860 quasumus,
3643 3796 3708 3843 ut
3746 3800 3939 3860 quorum

2290 3880 2606 3947 gaudemus
2639 3878 2874 3941 meritis,
2918 3878 3272 3931 instruamur
3300 3880 3599 3949 exemplis.
3653 3880 3758 3933 Per
3797 3874 3942 3930 Domi-

2289 3982 2429 4021 num
2461 3972 2721 4021 nostrum
2753 3967 2945 4020 Jesum
2978 3967 3287 4020 Christum.

3016 4082 3247 4136 Secreta.

2359 4187 2615 4251 Munera,
2669 4186 2928 4248 Domine,
2970 4203 3101 4257 quae
3153 4203 3257 4257 pro
3305 4188 3703 4257 apostolorum
3754 4193 3939 4240 tuorum

2289 4276 2352 4328 N.
2386 4281 2442 4328 et
2476 4277 2539 4328 Ν.
2574 4275 2933 4329 solemnitate
2963 4276 3294 4341 deferimus,
3328 4277 3617 4346 propitius
3654 4275 3878 4344 suscipe,
3904 4274 3941 4319 et

2209 4355 2253 4409 Ι)
2285 4365 2435 4417 mala
2468 4364 2660 4417 omnia
2689 4380 2817 4434 quae
2852 4380 3143 4418 meremur
3182 4372 3391 4418 averte.
3428 4366 3553 4418 Per.

2828 4486 2953 4539 Post
2979 4485 3429 4541 Communz’onem.

2352 4574 2710 4641 Quaesumus,
2747 4573 3009 4637 Domine,
3052 4574 3394 4626 salutaribus
3426 4572 3631 4642 repleti
3668 4567 3935 4642 mysteriis.

2281 4668 2340 4717 ut
2372 4679 2618 4733 quorum
2653 4661 2933 4715 solemnia
2960 4661 3331 4728 celebramus,
3366 4674 3567 4715 eorum
3624 4657 3939 4713 orationibus

2280 4753 2366 4822 ad]
2382 4768 2636 4805 uvemur.
2675 4752 2798 4804 Per.

2878 4837 3071 4909 [Super
3098 4837 3381 4907 populum.

2353 4928 2523 4995 Deus,
2557 4928 2657 4996 qui
2685 4927 2898 4997 ligandi
2941 4927 3313 4991 solvendique
3346 4925 3634 4979 licentiam
3686 4924 3797 4978 tuis
3840 4934 3943 4990 apo-

2280 5015 2436 5068 stolis
2462 5015 2777 5079 contulisti,
2816 5015 2907 5083 da,
2950 5030 3300 5084 quaesumus,
3333 5019 3397 5067 ut
3424 5029 3531 5083 per
3553 5014 3709 5082 ipsos
3740 5028 3773 5064 a
3795 5016 3939 5063 terre-

2281 5104 2368 5156 nis
2411 5104 2561 5157 vitiis
2606 5103 2881 5173 expediti,
2926 5102 3092 5156 liberi
3136 5104 3420 5172 possimus
3460 5101 3784 5157 coslestibus
3822 5098 3941 5151 inte-

2278 5208 2427 5246 resse
2460 5192 2762 5263 mysteriis.
2798 5193 2904 5245 Per
2938 5191 3267 5245 Dominum.

2923 5295 3011 5351 Ad
3050 5296 3323 5363 VesPeros.

2346 5394 2500 5461 Esto,
2553 5392 2813 5459 Domine,
2860 5391 3016 5462 plebi
3056 5398 3168 5445 tute
3216 5391 3601 5446 sanctiﬁcator
3647 5395 3709 5443 et
3758 5392 3940 5445 custos.

2280 5487 2341 5535 ut
2371 5481 2694 5553 apostolicis
2725 5481 2948 5534 munita
2979 5479 3277 5550 praesidiis,
3316 5490 3371 5534 et
3399 5478 3829 5558 conversatione
3858 5469 3942 5525 tibi

2275 5572 2512 5640 placeat,
2546 5574 2601 5623 et
2632 5584 2828 5622 secura
2859 5568 3163 5622 deserviat.
3189 5570 3296 5622 Per
3328 5563 3680 5635 Dominum]
