4078 6180
154 268 249 319 817

909 396 1076 450 XLIX.

592 520 645 557 1N
686 519 889 557 NATALE
933 517 1098 557 UNIUS
1136 518 1413 557 MARTYRIS.

215 591 445 655 Praesta,
479 606 829 660 qumsumus.
862 589 1230 659 omnipotens
1262 592 1427 652 Deus,
1458 594 1523 643 ut
1550 590 1648 660 qui
1681 592 1741 645 Β.
1776 591 1836 644 Ν.

152 679 416 748 martyris
448 678 527 733 tui
560 678 819 732 natalitia
844 678 1107 741 colimus,
1160 678 1281 747 ejus
1331 678 1738 733 intercessione
1784 682 1841 731 in

147 767 225 819 tui
262 766 505 821 nominis
536 782 730 819 amore
762 766 1122 819 roboremur.
1160 766 1283 819 Per.

792 873 967 939 Super
995 872 1196 925 oblata.

208 959 537 1012 Muneribus
568 959 1203 1028 nostris,‘quassumus,
1240 960 1498 1027 Domine,
1546 960 1839 1030 precibus-

144 1063 252 1119 que
297 1048 589 1116 susceptis,
640 1053 695 1101 et
748 1048 1072 1101 coelestibus
1121 1063 1223 1101 nos
1266 1050 1482 1102 munda
1534 1048 1838 1119 mysteriis,

145 1142 194 1189 et
223 1136 541 1189 clementer
571 1136 797 1189 exaudi.
844 1138 951 1190 Per
982 1138 1311 1191 Dominum.

684 1245 809 1296 Post
835 1244 1295 1298 Communionem.

211 1328 310 1393 Da,
346 1344 695 1398 quaesumus,
731 1331 969 1384 Domine
1000 1334 1144 1386 Deus
1190 1336 1402 1396 noster,
1438 1335 1499 1384 ut
1528 1330 1671 1383 sicut
1703 1335 1834 1383 tuo-

145 1432 268 1470 rum
301 1419 850 1472 commemoratione
885 1426 1235 1485 sanctorum,
1286 1419 1594 1489 temporali
1634 1423 1837 1489 gratu-

142 1508 329 1561 lamur
358 1506 563 1572 ofticio,
595 1507 673 1560 ita
701 1514 980 1579 perpetuo
1012 1509 1276 1563 lmtemur
1306 1514 1557 1579 aspectu.
1598 1508 1702 1561 Per
1727 1508 1831 1559 Do-

144 1595 387 1649 minum.

746 1685 941 1755 [Super
960 1688 1237 1755 populum.

206 1770 375 1825 Plebs
411 1775 530 1833 tua,
570 1772 828 1837 Domine,
873 1775 1051 1827 sancti
1099 1773 1365 1843 martyris
1397 1773 1481 1826 tui
1524 1775 1589 1827 N.
1624 1778 1679 1826 te
1710 1774 1833 1843 glo-

142 1856 455 1912 riﬁcatione
487 1859 834 1930 magniticet,
867 1867 921 1913 et
950 1862 1151 1915 eodem
1195 1877 1423 1931 semper
1453 1866 1742 1931 precante,
1779 1865 1836 1914 te

141 1961 467 1999 mereamur
497 1948 706 2001 habere
737 1954 1033 2002 rectorem.
1069 1951 1176 2004 Per
1208 1950 1536 2006 Dominum.

786 2056 880 2109 Ad
916 2058 1191 2124 Vesperos.

205 2141 377 2206 Deus,
413 2142 513 2212 qui
550 2159 653 2196 nos
697 2145 755 2197 Β.
806 2146 1071 2215 martyris
1102 2146 1185 2199 tui
1218 2146 1281 2199 N.
1317 2143 1671 2198 confessione
1703 2143 1833 2213 glo—

139 2227 287 2281 riosa
334 2230 654 2284 circumdas
698 2236 756 2285 et
802 2232 1073 2302 protegis,
1112 2232 1181 2285 da
1244 2232 1431 2299 nobis,
1480 2247 1830 2302 quaesumus,

137 2318 253 2385 ejus
294 2317 619 2373 imitatione
668 2320 965 2390 proﬁcere,
1017 2326 1072 2374 et
1114 2321 1370 2374 oratione
1407 2321 1678 2390 gaudere.
1729 2320 1832 2373 Per

141 2408 489 2479 Dominum.l_

467 2621 520 2657 1N
560 2621 762 2659 NATALE
801 2622 1151 2661 Ριυιιηίοῑιωί
1194 2622 1502 2662 MABTYRUI.

203 2712 373 2777 Dens,
443 2710 541 2779 qui
600 2726 701 2765 nos
766 2712 1030 2765 concedis
1082 2718 1448 2765 sanctoruum
1504 2718 1825 2781 martyrum

134 2804 384 2865 tuorum,
419 2804 475 2852 et
505 2800 566 2853 N.
599 2800 664 2853 N.
695 2800 952 2853 natalitia
973 2800 1178 2866 colere,
1212 2801 1282 2854 da
1320 2800 1481 2854 nobis
1513 2802 1584 2870 [in
1615 2807 1829 2855 aeterna

131 2887 489 2941 beatitudine
521 2888 589 2943 de
620 2904 819 2942 eorum
854 2891 1120 2943 societate
1149 2890 1416 2960 gaudere.
1451 2890 1574 2943 Per.

866 2994 1096 3049 Secreta.

195 3098 434 3152 Munera
460 3096 586 3159 tibi,
623 3097 885 3165 Domine,
914 3102 1124 3151 nostrae
1154 3098 1472 3152 devotionis
1507 3098 1821 3163 offerimus,

130 3202 250 3255 qua!
283 3192 343 3239 et
373 3201 479 3254 pro
512 3190 740 3239 tuorum
766 3185 872 3239 tibi
903 3191 1066 3255 grata
1102 3186 1217 3239 sint
1252 3188 1468 3240 lienore
1511 3187 1820 3255 justorum,

129 3279 180 3326 et
208 3272 377 3327 nobis
408 3273 699 3335 salutaria,
736 3279 789 3326 te
820 3274 1147 3341 miserante,
1182 3275 1514 3328 reddantur.
1550 3275 1677 3329 Per.

680 3380 805 3433 Post
832 3380 1279 3435 Cummunionem.

194 3487 414 3539 Prmsta
444 3485 630 3553 nobis,
666 3486 926 3553 Domine,
954 3502 1307 3555 quaesumus,
1338 3487 1822 3543 intercedentibus

126 3576 337 3628 sanctis
379 3574 493 3627 tuis
536 3575 602 3629 N.
648 3580 703 3627 et
733 3576 796 3628 N.
834 3580 897 3628 ut
927 3590 1053 3644 qua:
1095 3591 1191 3628 ore
1237 3576 1644 3646 contingimus,
1678 3593 1822 3647 pura

125 3666 323 3715 mente
352 3660 663 3730 capiamus.
696 3662 820 3715 Per.

725 3765 925 3835 [Super
952 3769 1229 3836 populum.

189 3854 427 3919 Adesto,
461 3854 720 3920 Domine,
757 3856 970 3924 populo
1007 3861 1104 3908 tuo
1140 3870 1270 3908 cum
1314 3859 1639 3910 sanctorum
1701 3864 1820 3910 tuo-

121 3955 247 3994 rum
282 3943 603 4012 patrocinio
653 3944 1025 4014 supplicanti;
1060 3948 1122 3997 ut
1150 3944 1303 4015 quod
1349 3945 1582 4014 propria
1616 3944 1822 3999 ﬁducia

120 4044 235 4083 non
287 4032 610 4100 prmsumit,
658 4032 1096 4103 sutfragantium
1142 4033 1360 4087 meritis
1412 4039 1813 4105 consequatur.

121 4119 225 4172 Per
258 4119 587 4174 Dominum.

772 4208 862 4263 Ad
899 4211 1177 4277 Vesperos.

188 4294 479 4361 Concede,
530 4311 880 4365 quaesumus,
930 4297 1293 4367 omnipotens
1343 4298 1509 4356 Deus.
1563 4303 1626 4351 ut
1685 4314 1817 4351 san-

122 4388 348 4436 ctorum
405 4389 721 4453 martyrum
762 4389 990 4438 tuorum
1050 4386 1112 4439 N.
1171 4401 1419 4455 quorum
1468 4386 1824 4439 celebramus

122 4471 414 4538 victorias,
458 4472 867 4541 participemur
907 4478 962 4526 et
1004 4473 1277 4543 prmmiis.
1322 4474 1428 4526 Per
1467 4473 1819 4542 Dominum.}

932 4598 1014 4651 L1.

527 4718 576 4754 ΙΝ
618 4718 824 4756 NATALE
862 4718 1022 4756 UNIUS
1061 4718 1432 4757 CONFESSORIS.

192 4805 297 4864 Da,
346 4819 697 4875 quaesumus,
741 4804 1108 4875 omnipotens
1161 4806 1327 4872 Deus,
1369 4809 1429 4858 ut
1466 4805 1525 4859 Β.
1582 4807 1643 4859 Ν.
1697 4822 1825 4860 con-

120 4892 357 4945 fessoris
408 4891 493 4945 tui
549 4892 872 4946 veneranda
938 4892 1291 4955 solemnitas,
1353 4898 1408 4945 et
1462 4892 1823 4951 devotionem

120 4980 292 5033 nobis
326 4985 553 5048 augeat,
587 4985 642 5033 et
673 4980 941 5033 salutem.
976 4982 1101 5034 Per.

859 5087 1071 5141 Secreta
1082 5127 1092 5137 .

190 5174 393 5229 Sancti
429 5175 511 5227 tui
559 5190 677 5241 nos,
727 5190 1080 5245 quaesumus,
1124 5175 1386 5239 Domine,
1437 5174 1649 5237 ubique
1680 5176 1824 5229 lasti-

122 5264 324 5326 ﬁcent,
363 5267 424 5314 ut
457 5263 593 5315 dum
643 5279 843 5316 eorum
874 5261 1081 5316 merita
1131 5264 1456 5326 recolimus,
1509 5263 1827 5332 patrocinia

121 5352 467 5405 sentiamus.
502 5352 627 5404 Per.

685 5440 808 5493 Post
834 5440 1283 5495 Communionem.

194 5528 439 5591 Prmsta,
482 5542 830 5595 quaesumus,
874 5528 1241 5597 omnipotens
1272 5529 1441 5595 Deus,
1474 5534 1535 5581 ut
1580 5528 1649 5582 de
1698 5544 1826 5597 per-

1448 264 1662 320 LIBER
1700 262 2345 320 SACRAMENTORUM.

1874 395 2122 466 Aceptis
2161 399 2498 453 muneribus
2545 401 2756 470 gratias
2798 403 3151 471 exhibentes,
3204 405 3478 460 beneficia
3529 422 3628 476 po-

1950 486 2099 541 tiora
2128 503 2442 542 sumamus.
2478 490 2601 543 Fer.

2542 590 2737 669 [Super
2767 601 3042 668 populum.

2024 682 2188 735 Plebs
2219 686 2337 743 tua,
2384 684 2645 751 Domine,
2675 686 2903 739 laetetur
2933 692 3161 742 tuorum
3196 704 3423 759 semper
3453 690 3511 745 in
3545 692 3644 745 ho-

1951 786 2088 823 nore
2138 777 2489 836 sanctorum,
2541 780 2604 826 ut
2652 790 2852 826 eorum
2894 775 3178 845 percipiat
3231 776 3642 832 intercessione

1950 860 2136 912 votiva
2167 858 2443 925 subsidia,
2466 877 2713 930 quorum
2747 863 3076 931 patrociniis
3107 864 3456 917 sublevatur.

2589 968 2681 1020 Αιι
2720 969 2991 1034 Vesperos.

2018 1053 2205 1107 Sancti
2238 1054 2568 1107 confessoris
2599 1054 2680 1107 tui
2732 1055 2794 1107 N.
2834 1071 2939 1107 nos
2980 1070 3331 1125 quaesumus,
3378 1056 3638 1119 Domine,

1948 1144 2107 1193 tuere
2154 1141 2454 1209 praesidiis,
2504 1148 2559 1195 et
2589 1142 2711 1211 ejus
2742 1158 2967 1212 semper
2998 1143 3501 1197 intercessionibus
3545 1145 3641 1198 ad-

1941 1232 2228 1297 juvemur.
2262 1231 2367 1283 Per
2397 1230 2748 1299 Dominum.)

2737 1338 2846 1391 LII.

2226 1458 2280 1495 IN
2322 1457 2525 1495 NATALE
2568 1458 2915 1497 PLURIMORUH
2948 1458 3353 1497 CONFESSORUX.

2020 1548 2187 1611 Deus,
2218 1547 2317 1617 qui
2350 1563 2451 1600 nos
2494 1552 2817 1601 sanctorum
2846 1547 3094 1611 [tuorum
3129 1549 3189 1601 N.
3228 1554 3284 1602 et
3322 1550 3384 1602 Ν.
3420 1549 3639 1603 confes-

1946 1634 2204 1688 sionibus
2233 1635 2494 1704 gloriosis
2534 1636 2851 1689 circumdas
2881 1642 2937 1690 et
2981 1636 3255 1706 protegis,
3288 1635 3359 1689 da
3386 1636 3551 1689 nobis
3586 1636 3642 1690 in

1946 1739 2146 1777 eorum
2170 1723 2486 1777 imitatione
2520 1724 2817 1794 proiicere,
2845 1730 2901 1777 et
2930 1724 3337 1778 intercessione
3364 1725 3634 1793 gaudere.

1948 1812 2052 1865 Per
2083 1811 2388 1865 Dominum
2423 1818 2702 1865 nostrum.

2580 1920 2753 1987 Super
2782 1918 2995 1973 Oblata.

2014 2004 2269 2075 Suscipe,
2321 2006 2577 2072 Domine,
2631 2022 2826 2076 preces
2856 2012 2913 2059 et
2964 2022 3226 2071 munera,
3277 2022 3405 2077 quas
3444 2010 3508 2059 ut
3536 2009 3637 2059 tuo

1944 2094 2057 2146 sint
2105 2094 2279 2164 digna
2328 2094 2678 2162 conspectui,
2726 2099 3053 2149 sanctorum
3093 2099 3323 2149 tuorum
3372 2094 3639 2164 precibus

1946 2182 2299 2251 adjuvemur.
2337 2184 2443 2236 Per
2468 2183 2795 2236 Dominum.

2490 2292 2612 2344 Post
2652 2290 3082 2344 Communionen.

2012 2377 2283 2447 Corporis
2329 2378 2472 2430 sacri
2528 2383 2585 2430 et
2625 2378 2860 2446 pretiosi
2905 2376 3203 2447 sanguinis
3239 2376 3441 2447 repleti
3486 2376 3630 2429 liba-

1940 2465 2117 2530 mine,
2153 2482 2501 2536 qumsumus,
2540 2465 2775 2518 Domine
2810 2466 2957 2519 Deus
2987 2470 3201 2529 noster,
3236 2470 3299 2518 ut
3350 2463 3502 2535 quod
3541 2464 3634 2534 pia

1940 2554 2243 2609 devotione
2301 2554 2574 2625 gerimus,
2638 2559 2793 2607 certa
2852 2553 3249 2622 redemptione
3316 2552 3631 2622 capiamus.

1940 2644 2065 2697 Per.

2547 2729 2739 2801 [Super
2766 2730 3046 2799 populum.

2007 2836 2208 2902 Tuere,
2262 2851 2608 2906 quaesumus,
2665 2834 2921 2897 Domine,
2985 2834 3266 2903 populum
3326 2838 3512 2898 tuum,
3576 2839 3632 2887 et

1939 2925 2174 2993 mystica
2208 2924 2426 2994 jugiter
2467 2922 2904 2993 participatione
2952 2926 3314 2988 renovatum,
3351 2926 3410 2975 et
3447 2922 3629 2975 conti-

1867 3026 2053 3080 Cnua
2113 3019 2431 3065 sanctorum
2501 3011 2890 3064 confessorum
2961 3009 3380 3078 supplicatione
3435 3014 3626 3079 prote-

1934 3106 2109 3154 ctum.
2144 3102 2250 3153 Per
2282 3100 2606 3153 Dominum.

2574 3188 2663 3241 Ad
2704 3188 2975 3255 Vesperos.

2003 3278 2338 3331 Sanctorum
2406 3276 2797 3329 contessorum
2866 3279 3092 3327 tuorum
3163 3288 3286 3337 nos,
3362 3270 3623 3334 Domine,

1934 3381 2284 3436 quaesumus,
2319 3364 2505 3417 foveat
2534 3363 2783 3432 pretiosa
2814 3361 3114 3428 confessio,
3163 3366 3219 3413 et
3267 3360 3363 3429 pia
3412 3358 3627 3427 jugiter

1931 3453 2263 3508 intercessio
2293 3456 2539 3506 tueatur.
2576 3454 2681 3505 Per
2714 3447 3065 3519 Dominum]

2709 3558 2849 3610 Llll.

2373 3661 2427 3699 IN
2470 3660 2677 3698 NATALE
2718 3660 2880 3697 UNIUS
2918 3658 3176 3697 VIRGINIS.

2000 3736 2164 3794 Deus.
2225 3734 2323 3803 qui
2379 3732 2529 3785 inter
2593 3737 2818 3795 caetera,
2879 3736 3008 3795 etc.,
3042 3736 3101 3785 ut
3140 3746 3312 3800 supra
3368 3733 3423 3783 in
3480 3732 3618 3793 festo

1930 3828 2128 3877 sancta
2148 3821 2397 3887 Agathe.

2698 3912 2747 3962 Α
2758 3911 2851 3963 lia.

2002 3996 2423 4068 Indulgentiam
2455 3997 2640 4059 nobis,
2676 3996 2939 4062 Domine,
2969 3997 3026 4049 Β.
3060 3996 3122 4049 Ν.
3166 4000 3383 4065 martyr
3412 3992 3617 4062 implo—

1930 4092 2036 4153 ret,
2062 4103 2189 4158 quaa
2222 4086 2326 4140 tibi
2360 4090 2521 4156 grata
2553 4101 2779 4155 semper
2808 4085 3021 4138 exstitit
3068 4089 3123 4137 et
3147 4083 3353 4137 merito
3387 4079 3619 4134 castita—

1934 4176 2004 4230 tis
2034 4181 2092 4230 et
2112 4180 2225 4230 tute
2246 4175 2599 4246 professione
2626 4174 2873 4227 virtutis.
2911 4174 3031 4227 Per.

2665 4280 2896 4334 Secreta.

2008 4369 2235 4437 Suscipe
2269 4385 2525 4435 munera,
2565 4368 2822 4429 Domine,
2857 4383 2985 4438 quae
3021 4367 3079 4420 iu
3109 4367 3288 4420 beata:
3323 4366 3386 4419 Ν.
3421 4368 3627 4432 marty-

1930 4456 2008 4509 ris
2062 4460 2174 4508 tum
2238 4456 2601 4510 solemnitate
2651 4456 2982 4521 deferimus,
3044 4454 3206 4522 cujus
3258 4469 3361 4506 nos
3416 4453 3624 4505 scimus

1932 4543 2248 4613 patrocinio
2285 4544 2534 4599 liberari.
2570 4547 2694 4599 Per.
3296 4550 3307 4553 “

2481 4651 2617 4702 Post
2644 4651 3090 4705 Communionem.

2006 4736 2363 4789 Auxilientur
2412 4736 2592 4799 nobis,
2653 4736 2913 4801 Domine,
2963 4740 3192 4806 sumpta
3230 4734 3519 4805 mysteria,
3570 4737 3627 4787 et

1935 4825 2320 4879 intercedente
2356 4826 2523 4878 beata
2555 4824 2616 4877 N.
2651 4828 2899 4893 martyre
2931 4829 3048 4889 tua,
3091 4823 3440 4894 sempiterna
3491 4838 3623 4891 pro-

1932 4916 2179 4969 tectione
2207 4913 2564 4967 confirment.
2591 4913 2697 4966 Per
2729 4911 3053 4965 Dominum.

2538 5001 2732 5069 [Super
2754 5000 3033 5069 populum.

2003 5091 2159 5144 Adsit
2188 5089 2341 5158 plebi
2375 5094 2505 5154 tuae,
2548 5088 2916 5158 omnipotens
2958 5089 3125 5151 Deus,
3171 5087 3350 5142 beatas
3388 5087 3626 5156 virginis

1934 5185 2047 5233 tuas
2100 5180 2163 5232 N.
2209 5178 2569 5248 supplicatio,
2623 5182 2683 5230 ut
2740 5177 2900 5244 cujus
2956 5174 3275 5229 honoribus
3324 5176 3623 5243 gloriatur.

1938 5273 2306 5335 protegamur
2336 5266 2561 5319 auxilio.
2598 5268 2705 5319 Per
2739 5264 3065 5317 Dominum.

2580 5352 2671 5406 Ad
2714 5353 2988 5419 Vesperos.

2007 5439 2380 5510 Omnipotens
2412 5439 2758 5509 sempiterne
2789 5441 2954 5504 Deus,
2989 5435 3439 5491 misericordiam
3470 5443 3627 5491 tuam

1938 5528 2170 5582 ostende
2202 5528 2574 5599 supplicibus,
2605 5534 2668 5581 ut
2697 5527 2797 5598 qui
2829 5527 2898 5580 de
2935 5525 3272 5579 meritorum
3304 5529 3630 5579 nostrorum
