4038 6174
433 246 536 297 819

1566 244 1905 299 GRIMALDI
1944 244 2450 301 SANGALLENSIS
2488 245 2781 299 ABBATIS
3799 252 3885 301 820

435 375 710 445 qualitate
748 372 1081 438 diffidimus,
1136 371 1522 425 intercedente
1568 372 1735 426 beata
1780 374 1844 427 N.
1902 373 2122 444 virgine
2158 376 2205 429 Α
2235 374 2581 444 gnificantia,
2632 374 2841 442 quibus
2885 373 3100 427 famula
3138 377 3237 427 tua
3271 373 3336 425 N.
3394 378 3583 428 sancto
3626 374 3887 431 visibiliter

435 470 556 529 tua,
601 479 715 516 non
739 461 1019 530 judicium
1073 463 1255 525 tuum,
1309 460 1404 512 sed
1451 460 1868 530 indulgentiam
1921 463 2129 517 sentia-

438 567 583 605 mus.
625 553 730 605 Per
760 544 1109 618 Dominum.]

1224 636 1352 689 LIV.

755 758 824 796 AD
866 757 1134 795 POSCENDA
1175 757 1466 795 SUFFRAGIA
1506 758 1839 797 SANCTOBL'SI.

516 847 795 915 Concede,
843 862 1198 917 quaesumus,
1240 847 1606 917 omnipotens
1652 850 1822 913 Deus,
1866 858 1929 901 ut
1958 848 2131 901 inter-

446 936 628 990 cessio
670 952 776 989 nos
828 948 1031 988 sanctae
1079 936 1185 988 Dei
1217 936 1511 1004 genitricis
1553 936 1742 990 Maria:
1787 942 2135 989 sanctorum-

439 1040 552 1095 que
584 1023 843 1077 omnium
888 1023 1300 1093 apostolorum,
1339 1029 1395 1076 et
1450 1024 1861 1086 confessorum,
1908 1030 1964 1078 et
2012 1040 2133 1077 om-

439 1112 602 1165 nium
632 1111 957 1180 :electorum
1000 1114 1231 1162 tuorum
1288 1109 1503 1178 ubique
1568 1109 1840 1175 laetificat,
1900 1116 1960 1163 ut
1998 1109 2135 1163 dum

441 1214 644 1254 eorum
686 1199 889 1251 merita
921 1197 1247 1261 recolimus,
1290 1197 1607 1266 patrocinia
1637 1197 1973 1252 sentiamus.
2006 1199 2132 1251 Per.

1169 1286 1407 1340 Secreta.

514 1372 749 1440 Oblatis,
806 1370 1069 1436 Domine,
1117 1371 1340 1440 placere
1386 1370 1744 1436 muneribus,
1796 1376 1851 1425 et
1896 1372 2136 1426 interce-

444 1461 710 1515 dentibus
738 1460 1006 1513 omnibus
1051 1460 1258 1513 sanctis
1294 1460 1426 1522 tuis,
1456 1476 1489 1512 a
1515 1460 1732 1514 cunctis
1763 1477 1867 1514 nos
1898 1460 2136 1515 defende

446 1548 731 1619 periculis.
765 1548 871 1601 Per
903 1547 1232 1601 Dominum.

985 1638 1116 1690 Post
1147 1638 1605 1690 Communionem.

518 1724 900 1794 Sumpsimus,
943 1724 1208 1789 Domine,
1240 1729 1567 1777 sanctorum
1600 1728 1832 1777 tuorum
1858 1723 2143 1778 solemnia

449 1812 820 1877 celebrantes,
877 1817 1234 1865 sacramenta
1293 1812 1572 1877 cmlestia;
1621 1820 1851 1881 priesta,
1911 1828 2137 1882 quaesu-

447 1917 594 1965 mus,
628 1905 693 1953 ut
722 1900 873 1970 quod
906 1900 1302 1969 temporaliter
1347 1899 1621 1970 gerimus,
1655 1899 1882 1953 aeternis
1914 1899 2142 1969 gaudiis

448 2004 883 2059 consequamur.
915 1989 1023 2041 Per
1052 1988 1387 2054 Dominum,

929 2221 998 2258 AD
1037 2221 1300 2259 CLERICUM
1339 2221 1673 2260 FACIBNDUI.

1192 2311 1396 2366 Oratio.

520 2408 544 2433 ⁸
574 2400 834 2465 Oremus,
877 2398 1233 2453 dilectissimi
1274 2399 1498 2465 fratres,
1534 2399 1836 2452 Dominum
1884 2402 2145 2451 nostrum

450 2487 642 2539 Iesum
673 2486 963 2540 Christum
995 2502 1100 2555 pro
1135 2488 1240 2540 hoc
1279 2487 1495 2540 famulo
1537 2503 1639 2539 suo
1689 2486 1775 2549 N.,
1809 2487 1909 2556 qui
1944 2486 2011 2539 ad
2045 2486 2144 2539 de-

452 2573 778 2643 ponendam
812 2589 1035 2625 comam
1065 2574 1265 2643 capitis
1303 2574 1411 2640 sui,
1460 2590 1563 2643 pro
1596 2576 1719 2642 ejus
1762 2590 1957 2627 amore
1988 2573 2145 2627 festi-

452 2666 571 2721 nat,
605 2664 666 2712 ut
694 2660 869 2713 donet
898 2662 949 2713 ei
976 2661 1251 2730 Spiritum
1295 2666 1575 2725 sanctum,
1618 2662 1718 2732 qui
1756 2663 2016 2715 habitum
2054 2677 2144 2713 re-

453 2747 684 2816 ligionis
713 2748 769 2800 in
800 2765 867 2802 eo
901 2753 1244 2818 perpetuum
1278 2754 1592 2815 conservet,
1634 2756 1690 2802 et
1729 2766 1761 2802 a
1803 2750 2001 2805 mundi
2036 2749 2145 2801 im-

454 2838 782 2907 pedimento
830 2838 918 2890 vel
949 2837 1205 2890 saeculari
1251 2837 1537 2891 desiderio
1566 2853 1664 2890 cor
1704 2839 1826 2907 ejus
1857 2837 2144 2901 defendat,

453 2930 518 2978 ut
546 2925 690 2979 sicut
719 2925 1061 2978 immutatur
1098 2925 1156 2978 in
1188 2927 1368 2993 vultu,
1415 2926 1495 2979 ita
1534 2942 1735 2979 manus
1769 2926 1998 2979 dextera
2025 2926 2147 2995 ejus

453 3014 506 3067 ei
541 3014 764 3067 virtutis
790 3013 1008 3067 tribuat
1046 3013 1423 3080 incrementa,
1475 3020 1529 3067 et
1581 3014 1649 3067 ab
1695 3014 1852 3067 omni
1892 3015 2145 3068 caecitate

453 3102 708 3156 humana
754 3102 947 3156 oculos
1005 3103 1127 3172 ejus
1175 3103 1415 3172 aperiat,
1475 3108 1530 3155 et
1574 3103 1770 3157 lumen
1819 3104 1872 3157 ei
1918 3116 2145 3157 aeternae

453 3191 654 3261 gratim
684 3190 977 3245 concedat.
1005 3191 1113 3254 Qui
1144 3191 1285 3245 vivit
1314 3197 1370 3245 et
1402 3197 1621 3259 regnat.

1149 3281 1279 3333 Item
1308 3281 1442 3333 alia.

522 3366 750 3432 Adesto,
788 3366 1048 3432 Domine,
1080 3367 1598 3437 supplicationibus
1629 3366 1857 3433 nostris,
1891 3371 1947 3421 et
1991 3366 2147 3419 hunc

454 3455 733 3508 famulum
777 3458 941 3507 tuum
988 3454 1053 3508 N.
1106 3455 1437 3507 benedicere
1488 3454 1747 3524 dignare,
1801 3455 1892 3508 cui
1940 3453 1997 3506 in
2048 3460 2146 3507 tuo

454 3546 650 3595 sancto
676 3541 908 3594 nomine
946 3542 1205 3596 habitum
1241 3557 1414 3595 sacrae
1443 3542 1736 3611 religionis
1768 3541 2139 3611 imponimus,

456 3634 543 3694 ut,
584 3632 639 3681 te
666 3628 969 3698 largiente,
1003 3635 1059 3682 et
1099 3629 1333 3683 devotus
1359 3630 1416 3683 in
1450 3630 1695 3683 Ecclesia
1727 3631 2051 3700 persistere,
2095 3636 2150 3683 et

458 3715 628 3769 vitam
661 3715 954 3787 percipere
977 3722 1263 3770 mereatur
1283 3722 1575 3770 aeternam.
1604 3718 1725 3771 Per.

944 3806 1090 3858 Dum
1113 3805 1290 3859 tendis
1318 3821 1457 3872 eum,
1489 3804 1625 3858 dicis
1654 3820 1667 3857 :

516 3895 665 3946 "ANT.
717 3892 800 3946 Tu
856 3909 935 3959 es,
988 3892 1247 3961 Domine,
1303 3892 1403 3964 qui
1451 3893 1715 3945 restitues
1756 3891 2151 3946 haereditatem

460 3996 668 4034 meam.
738 3981 806 4038 V.
865 3981 1140 4035 Dominus
1200 3997 1332 4051 pars
1397 3980 1745 4034 haereditatis
1795 3996 1957 4034 meas.
2035 3981 2145 4035 Et:

458 4069 647 4123 Gloria
696 4069 871 4124 Patri.
937 4072 1073 4124 Aur.
1140 4071 1267 4123 Haec
1318 4075 1402 4123 est
1453 4068 1767 4138 generatio.
1824 4069 1890 4120 Et
1923 4068 2153 4123 :Gloria

461 4157 633 4212 Patri.

970 4245 1155 4299 Oratio
1182 4250 1307 4314 post
1342 4246 1650 4298 tonsionem.

532 4333 764 4400 Praesta,
798 4347 1147 4402 quaesumus,
1183 4332 1546 4402 omnipotens
1576 4332 1724 4385 Deus
1756 4330 1888 4384 huic
1933 4331 2151 4386 famulo

462 4423 561 4473 tuo
591 4421 654 4473 N.
688 4421 850 4489 cujus
878 4420 1045 4476 hodie
1094 4420 1291 4492 capitis
1320 4436 1544 4473 comam
1590 4435 1696 4489 pro
1737 4419 1929 4473 divino
1959 4436 2152 4474 amore

460 4508 851 4578 deposuimus,
886 4515 947 4563 ut
982 4510 1045 4563 in
1075 4515 1173 4563 tua
1214 4509 1517 4563 dilectione
1563 4514 1842 4580 perpetua
1896 4515 2145 4575 maneat,

464 4602 520 4650 et
544 4612 676 4651 eum
706 4597 829 4651 sine
860 4599 1084 4653 macula
1124 4598 1187 4652 in
1234 4598 1649 4669 sempiternum
1687 4597 1991 4652 custodias.
2024 4599 2149 4651 Per.

1253 4713 1364 4767 LVI

692 4833 1015 4872 BENEDICTIO
1052 4834 1276 4873 νεετιωί
1314 4835 1553 4873 VIRGINIS
1592 4835 1690 4872 γει
1726 4832 1928 4873 γιῡυιε.

537 4906 706 4973 Deus,
757 4908 856 4977 qui
901 4906 1306 4969 vestimentum
1361 4910 1606 4962 salutare
1653 4912 1708 4961 et
1746 4908 2152 4960 indumentum

465 4999 695 5047 aeternae
748 4994 1115 5065 iucunditatis
1163 4994 1277 5049 tuis
1326 4995 1591 5049 ﬁdelibus
1646 4994 1983 5063 promisisti,
2038 4995 2152 5049 cle-

464 5082 739 5136 mentiam
770 5086 927 5136 tuam
957 5082 1291 5153 suppliciter
1338 5098 1661 5143 exoramus,
1710 5088 1772 5136 ut
1823 5082 1945 5136 haec
1991 5082 2155 5136 indu-

464 5175 656 5224 menta
688 5169 1071 5224 humilitatem
1102 5170 1289 5224 cordis
1320 5174 1375 5223 et
1408 5175 1798 5240 contemptum
1847 5172 2044 5224 mundi
2077 5170 2152 5223 si-

532 5333 576 5379 ⁸.
636 5326 791 5448 lsignc
859 5324 1179 5380 orationem
1233 5325 1407 5380 habes
1466 5325 1524 5378 in
1580 5325 1793 5381 Ordine
1862 5326 2151 5391 Romano,

532 5409 609 5448 ne
716 5437 727 5448 .

505 5410 609 5449 828
639 5410 727 5449 δῦ.

505 5410 536 5446 a
579 5411 609 5446 e
639 5408 727 5449 eo.

462 5408 498 5461 Ρ
532 5409 1044 5520 b8Benedictionem
1098 5466 1245 5521 hanc
1303 5471 1360 5520 et
1411 5465 1897 5520 consecrationem
1960 5466 2152 5521 videre

2240 469 2325 517 est
2374 462 2739 517 informanda
2798 462 3112 533 proposito,
3172 462 3454 532 propitius
3500 463 3800 527 benedicas,
3844 472 3891 519 et

2240 551 2419 605 beata:
2450 550 2723 604 castitatis
2754 552 3035 615 habitum,
3067 567 3241 621 quem
3271 558 3326 603 te
3357 551 3693 622 inspirante,
3734 569 3890 607 susce-

2241 640 2408 710 perit,
2462 644 2517 692 te
2557 644 2912 709 protegentv,
2966 638 3261 693 custodiat.
3318 640 3425 693 Per
3471 641 3769 694 Dominum
3809 658 3894 695 no-

2241 733 2422 781 strum
2453 729 2645 781 Iesum
2677 728 2982 782 Christum.

3011 834 3162 887 Alia.

2318 923 2481 985 Deus,
2514 922 2796 975 bonorum
2824 920 3102 975 virtutum
3129 922 3313 987 dator,
3344 926 3401 975 et
3452 922 3710 976 omnium
3759 922 3897 979 bene-

2243 1010 2556 1063 dictionum
2599 1010 2794 1079 largus
2839 1008 3078 1075 infusor,
3134 1010 3338 1064 exaudi
3384 1027 3579 1080 preces
3610 1017 3827 1069 nostras,
3856 1020 3900 1066 et

2244 1098 2386 1151 hanc
2421 1103 2633 1152 vestem
2666 1114 2841 1167 quam
2881 1098 3095 1151 famula
3136 1104 3234 1151 tua
3286 1100 3348 1151 Ν.
3386 1115 3491 1169 pro
3542 1101 3896 1154 conservando

2242 1187 2517 1239 castitatis
2546 1187 2709 1256 signo
2738 1203 2796 1239 se
2848 1187 2915 1240 ad
2964 1186 3337 1256 operiendam
3381 1188 3652 1258 exposcit,
3701 1189 3899 1243 benedi-

2243 1290 2367 1327 cere
2394 1282 2449 1327 et
2479 1274 2832 1327 sanctiticare
2860 1274 3135 1344 digneris.

2422 1383 2446 1422 δ
2485 1396 2796 1435 ΒΕΝΕΟΙΟΤΙΟ
2839 1396 3092 1449 νιιιοικιε,
3124 1398 3190 1434 ΑΒ
3231 1396 3482 1435 EPISCOPO
3522 1397 3764 1435 DICENDA.

2318 1468 2571 1539 Respice,
2631 1468 2865 1522 Domine
2917 1468 3203 1539 propitius
3251 1485 3425 1538 super
3470 1470 3618 1522 hanc
3669 1468 3902 1521 famulam

2245 1562 2403 1610 tuam
2438 1558 2501 1610 N.
2540 1563 2601 1610 ut
2630 1562 2841 1610 sanctze
2873 1556 3220 1627 virginitatis
3262 1556 3654 1626 propositum,
3699 1554 3837 1625 quod
3861 1562 3902 1607 te

2247 1643 2561 1713 inspirante
2595 1645 2862 1713 suscepit,
2892 1650 2946 1698 te
2978 1645 3337 1713 gubernante
3369 1644 3672 1698 custodiat.
3700 1645 3814 1696 Per.

2921 1760 3277 1815 Consecratio.

2323 1849 2492 1911 Deus,
2560 1853 2845 1901 castorum
2883 1864 3189 1916 corporum
3253 1848 3538 1917 benignus
3576 1846 3903 1911 inhabitator,

2253 1941 2310 1989 et
2352 1937 2816 2006 incorruptarum
2866 1942 3089 1989 amator
3129 1935 3475 2000 animarum,
3531 1936 3746 2004 respice
3772 1950 3910 2003 super

2250 2022 2395 2076 hanc
2440 2023 2714 2076 famulam
2741 2028 2899 2076 tuam
2948 2024 3010 2077 N.
3072 2039 3201 2093 quae
3230 2024 3335 2077 tibi
3367 2025 3732 2077 devotionem
3780 2037 3907 2074 suam

2253 2110 2435 2177 offert,
2467 2128 2501 2164 a
2533 2128 2647 2182 quo
2689 2117 2745 2165 et
2775 2111 2897 2181 ipsa
2946 2112 3098 2165 idem
3130 2117 3329 2166 votum
3379 2113 3710 2182 assumpsit.
3759 2110 3829 2164 Sit
3867 2111 3907 2162 in

2253 2215 2337 2265 ea,
2374 2200 2632 2264 Domine,
2668 2216 2769 2270 per
2797 2200 3011 2253 donum
3040 2200 3284 2270 Spiritus
3319 2200 3419 2265 tui,
3455 2202 3712 2270 prudens
3751 2200 3909 2252 mode-

2252 2288 2380 2353 stia,
2414 2287 2641 2357 sapiens
2683 2288 3025 2359 benignitas,
3075 2289 3264 2357 gravis
3311 2288 3538 2355 lenitas,
3593 2294 3741 2341 casta
3769 2287 3910 2340 liber-

2251 2380 2363 2439 tas;
2396 2374 2610 2428 ferveat
2656 2376 2715 2429 in
2763 2376 3060 2440 charitate,
3113 2381 3169 2429 et
3220 2377 3362 2429 nihil
3405 2383 3567 2429 extra
3618 2383 3674 2429 te
3728 2376 3910 2445 diligat,

2254 2463 2728 2533 laudabiliterque
2777 2464 2945 2530 vivat,
3009 2470 3065 2517 et
3113 2464 3336 2517 laudari
3389 2481 3504 2517 non
3559 2469 3824 2535 appetat:
3870 2468 3911 2514 te

2255 2551 2472 2616 timeat,
2504 2550 2603 2604 tibi
2641 2567 2836 2604 amore
2867 2551 3094 2615 serviat,
3128 2557 3187 2604 tu
3230 2552 3279 2605 ei
3313 2552 3514 2611 honor,
3550 2559 3619 2605 tu
3656 2552 3910 2620 gaudium,

2256 2644 2319 2692 tu
2351 2639 2408 2692 in
2443 2654 2685 2692 mcerore
2714 2638 3000 2701 solatium,
3039 2646 3100 2693 tu
3131 2640 3187 2692 in
3222 2640 3602 2708 ambiguitate
3627 2640 3909 2701 consilium,

2256 2730 2315 2778 tu
2349 2726 2407 2778 in
2452 2726 2663 2795 injuria
2708 2726 2981 2791 defensio,
3035 2727 3096 2779 in
3136 2727 3504 2780 tribulatione
3540 2728 3827 2797 patientia,
3869 2726 3912 2777 in

2256 2819 2591 2882 paupertate
2632 2813 3003 2880 abundantia,
3037 2813 3095 2866 in
3122 2814 3345 2883 jejunio
3377 2814 3557 2877 cibus,
3598 2815 3659 2866 in
3706 2812 3912 2865 infirmi-

2258 2906 2373 2954 tate
2402 2890 2477 2953 sis
2514 2901 2813 2954 medicina.
2849 2903 2958 2954 Per
2985 2907 3061 2967 te,
3092 2918 3263 2971 quem
3286 2902 3524 2971 diligere
3552 2918 3729 2971 super
3758 2901 3913 2953 omnia

2254 2991 2489 3058 appetit,
2524 2990 2677 3059 quod
2719 2995 2807 3043 est
2859 2990 3130 3059 professa,
3184 2990 3482 3051 custodiat,
3529 2997 3600 3044 ut
3644 2996 3698 3042 et
3732 2990 3911 3042 hostem

2254 3078 2559 3147 antiquum
2591 3078 2873 3141 devincat,
2907 3083 2965 3130 et
2988 3078 3259 3131 vitiorum
3291 3077 3617 3147 squallores
3648 3083 3906 3148 expurget.

2255 3166 2542 3229 Quatenus
2588 3166 2882 3219 centesimi
2926 3166 3142 3219 fructus
3206 3166 3357 3219 dono
3389 3166 3735 3235 virginitatis
3781 3166 3914 3217 deco-

2254 3254 2389 3317 rari,
2444 3253 2836 3323 virtutumque
2893 3244 3256 3323 lampadibus
3297 3253 3589 3317 exornari,
3643 3256 3699 3307 et
3742 3252 3792 3305 iu
3832 3251 3916 3303 ele-

2253 3346 2471 3394 ctarum
2516 3346 2745 3395 tuarum
2804 3342 3091 3412 virginum
3135 3342 3495 3395 consortium
3572 3347 3633 3395 te
3684 3341 3909 3403 donante,

2257 3433 2547 3482 mereatur
2574 3428 2747 3481 uniri.
2783 3430 2910 3482 Per.

3029 3499 3183 3569 LVII.

2812 3602 3130 3642 BENEDICTIO
3169 3600 3401 3641 ALTARIS.

2329 3674 2713 3744 Deprecamur
2796 3674 3246 3728 misericordiam
3328 3681 3508 3739 tuam,
3585 3674 3913 3742 omnipotens

2259 3766 2470 3815 aeterne
2522 3763 2693 3827 Deus,
2756 3768 2818 3815 ut
2863 3762 2969 3815 hoc
3025 3762 3202 3815 altare
3261 3762 3552 3815 sacrificiis
3609 3760 3914 3830 spiritalibus

2261 3850 2733 3916 consecrandum,
2766 3850 2914 3903 vocis
2955 3856 3165 3904 nostrae
3210 3851 3528 3903 exorandus
3572 3849 3778 3911 officio,
3806 3860 3914 3915 prae-

2261 3937 2406 3990 senti
2437 3938 2836 3991 benedictione
2867 3938 3202 4004 sanctiﬁces,
3236 3945 3300 3992 ut
3330 3939 3388 3992 in
3420 3954 3487 3992 eo
3540 3953 3765 4007 semper
3790 3934 3914 3987 obla-

2259 4025 2447 4079 tiones
2474 4026 2824 4079 famulorum
2855 4032 3084 4080 tuorum
3122 4027 3310 4080 studio
3338 4043 3456 4080 suae
3486 4024 3799 4080 devotionis
3832 4023 3914 4074 im-

2260 4116 2492 4183 positas,
2537 4115 2866 4169 benedicere
2911 4120 2966 4167 et
3016 4115 3365 4168 sanctificare
3416 4115 3695 4184 digneris,
3736 4118 3787 4167 et
3809 4108 3913 4179 jspi-

2262 4201 2414 4254 ritali
2457 4202 2710 4271 placatus
2762 4202 3015 4266 incenso,
3052 4203 3308 4271 precanti
3340 4203 3573 4258 familia!
3614 4209 3727 4257 tua:
3763 4214 3916 4271 prom-

2261 4293 2391 4358 ptus
2423 4289 2723 4343 exauditor
2752 4291 2997 4345 assistas.
3046 4292 3171 4345 Per.

3018 4413 3196 4467 LVIII.

2791 4534 3146 4573 CONSECRATIO
3182 4535 3417 4573 ALTARIS.

2338 4623 2483 4675 Deus
2513 4622 2897 4693 omnipotens,
2940 4628 2997 4677 in
3029 4625 3190 4694 cujus
3234 4626 3454 4677 honore
3486 4625 3593 4678 hoc
3624 4625 3790 4678 altare
3832 4617 3910 4672 sub

2264 4710 2619 4764 invocatione
2669 4712 2753 4765 tui
2796 4712 3045 4765 nominis
3089 4728 3511 4778 consecramus,
3586 4713 3823 4766 clemens
3868 4711 3908 4758 et

2265 4798 2544 4867 propitius
2578 4814 2772 4867 preces
2818 4804 3029 4854 nostrae
3070 4800 3412 4854 humilitatis
3462 4801 3673 4855 exaudi
3693 4805 3745 4852 et
3795 4810 3907 4866 prae-

2265 4892 2368 4953 sta,
2399 4887 2549 4939 utin
2580 4888 2682 4940 hac
2713 4903 2909 4942 mensa
2942 4888 3059 4942 sint
3102 4890 3210 4943 tibi
3250 4889 3525 4943 libamina
3561 4892 3796 4957 accepta,
3825 4885 3911 4935 sint

2264 4978 2445 5041 grata,
2496 4974 2608 5027 sint
2656 4975 2915 5045 pinguia,
2963 4982 3021 5030 et
3074 4977 3317 5047 Spiritus
3368 4978 3548 5031 sancti
3598 4977 3678 5031 tui
3723 4984 3910 5041 semper

2264 5076 2391 5115 rore
2420 5062 2668 5130 perfusa,
2704 5068 2766 5116 ut
2793 5063 2953 5117 omni
2998 5068 3258 5134 tempore
3305 5065 3364 5118 in
3406 5065 3515 5118 hoc
3563 5067 3683 5118 loco
3728 5058 3909 5129 suppli-

2263 5149 2444 5202 cantis
2491 5150 2723 5204 familiae
2776 5155 2889 5205 tuas
2926 5152 3236 5206 anxietates
3290 5154 3528 5219 releves,
3580 5148 3909 5222 egritudines

2264 5311 2348 5361 est
2377 5307 2637 5381 etiamin
2670 5308 2869 5363 ordine
2899 5310 3177 5373 Romano,
3210 5326 3341 5381 pag.
3388 5311 3508 5379 142,
3541 5307 3813 5381 quomodo
3836 5319 3906 5355 se-

2264 5378 2497 5448 quentia
2524 5380 2821 5449 pleraque.
