4038 6174
145 199 239 249 821

1442 199 1639 253 LIBER
1686 200 2321 259 SACBAMENTORUM.

3540 216 3643 267 8‘22

142 344 307 381 cures
354 345 551 398 preces
607 329 915 395 exaudias,
959 335 1087 382 vota
1141 332 1432 399 suscipias,
1499 333 1817 389 desiderata
1858 336 2143 404 Abratur,
2179 338 2282 391 tibi
2326 339 2583 403 collecta,
2617 345 2670 394 te
2711 342 2929 407 timeat,
2972 349 3025 398 et
3058 345 3275 416 diligat,
3328 354 3383 402 te
3427 366 3641 419 sequa-

142 419 468 483 conﬁrmes,
501 421 785 488 postulata
812 419 1106 472 concedas.
1144 420 1249 473 Per
1277 422 1601 475 Dominum.

928 533 1055 586 LIX.

573 654 643 691 AD
683 653 1107 693 CONSECRASDAI
1142 656 1402 694 PATENAM.

210 724 622 778 Consecramus
670 731 727 778 et
774 727 1194 780 sanctiﬁcainus
1247 728 1391 781 hanc
1439 733 1727 798 patenam,
1762 731 1832 785 ad

141 813 562 865 conﬁciendum
598 815 656 865 in
688 829 750 865 ea
782 830 987 884 corpus
1019 816 1243 869 Domini
1290 818 1467 868 nostri
1498 819 1627 870 Jesu
1670 819 1831 873 Chri-

138 900 226 965 sti,
264 900 539 969 patientis
570 917 796 954 crucem
829 918 933 971 pro
968 904 1228 956 omnium
1262 910 1451 957 nostra
1481 908 1680 959 salute.
1725 908 1832 971 Qui

136 1004 261 1041 cum
309 990 496 1041 Patre.

206 1077 404 1130 Deinde
432 1080 575 1142 locis
604 1080 822 1145 signum
853 1081 1028 1133 crucis
1082 1080 1148 1132 de
1176 1081 1285 1133 oleo
1318 1086 1504 1135 sancto
1533 1097 1693 1150 super
1719 1100 1831 1151 pa-

136 1176 329 1230 tenum,
378 1170 427 1218 et
473 1166 692 1219 benedic
726 1167 809 1220 his
840 1167 1057 1239 uerbis:
1117 1167 1458 1223 Cunswrare
1517 1177 1573 1223 et
1616 1172 1829 1224 sancti-

131 1251 296 1305 ﬁcare
343 1253 618 1322 digneris,
669 1253 929 1319 Domine,
990 1260 1255 1324 patenam
1304 1255 1451 1309 hanc
1500 1274 1605 1327 per
1646 1259 1816 1312 istam

134 1341 486 1406 unctionem,
541 1347 597 1394 et
672 1348 925 1395 nostram
972 1342 1426 1397 benedictionem
1478 1345 1535 1398 in
1590 1346 1816 1400 Christo

130 1429 253 1482 Jesu
290 1430 539 1483 Domino
571 1434 782 1483 nostro.
815 1430 921 1493 Qui
953 1436 1161 1483 tecum.

931 1546 1029 1599 LX.

1944 430 2056 491 tur,
2095 433 2155 479 ut
2179 428 2549 498 dumjugiter
2591 447 2691 497 per
2721 434 2959 501 vestigia
2990 440 3085 486 tua
3117 437 3397 504 graditur,
3426 438 3496 491 ad
3528 455 3641 492 caa-

1946 514 2107 566 lestia
2158 518 2459 585 promissa,
2524 524 2578 570 te
2644 518 2909 587 ducente,
2970 524 3267 592 pervenire
3318 533 3628 581 mereatur.

1945 602 2052 665 Qui
2085 604 2240 657 vivis.

2550 696 2725 764 Super
2744 699 3023 766 populum.

2016 779 2187 845 Deus,
2239 780 2337 850 qui
2387 780 2456 833 de
2506 783 2643 835 vivis
2697 791 2751 836 et
2798 786 2992 837 electis
3024 787 3306 857 lapidibus
3353 796 3635 845 aeternum

1944 867 2227 934 majestati
2259 874 2373 922 tum
2403 872 2601 923 condis
2630 872 3043 940 habitaculum,
3089 877 3361 929 auxiliare
3419 882 3633 949 populo

1942 955 2307 1023 supplicanti,
2331 964 2389 1011 ut
2419 960 2567 1028 quod
2594 962 2844 1013 ecclesiae
2862 967 2975 1015 tum
2997 966 3387 1034 corporalibus
3410 968 3635 1037 prolicit

1942 1042 2159 1109 spatiis,
2222 1044 2613 1114 spiritualibus
2683 1049 3068 1116 ampliﬁcetur
3124 1057 3467 1122 augmentis.
3525 1056 3633 1109 Per

1942 1128 2269 1185 Dominum.

2697 1224 2873 1277 [λιιι.

2592 1343 2692 1380 PRO
2735 1344 2976 1383 REGIBUS.

2012 1428 2180 1492 Deus,
2238 1445 2545 1499 regnorum
2603 1434 2860 1485 omnium
2913 1440 2968 1486 et
3018 1436 3323 1491 Christiani
3383 1440 3629 1496 maxime

1937 1520 2225 1583 protector
2255 1519 2503 1586 imperii,
2563 1520 2633 1572 da
2659 1522 2833 1573 servis
2878 1523 2988 1574 tuis
3045 1525 3277 1594 regibus
3320 1528 3523 1581 nostris
3559 1532 3625 1584 N.

1867 1604 1906 1657 Β
1937 1607 1993 1654 et
2026 1603 2090 1656 N.
2144 1604 2499 1675 triumphum
2551 1608 2772 1661 virtutis
2802 1613 2913 1662 tute
2967 1611 3212 1664 scienter
3256 1617 3531 1676 excolere,
3568 1621 3630 1669 ut

1933 1690 2034 1759 qui
2092 1698 2186 1745 tua
2259 1695 2667 1749 constitutione
2719 1701 2853 1749 sunt
2892 1700 3202 1769 principes,
3254 1707 3351 1753 tuo
3394 1718 3625 1774 semper

1931 1794 2167 1833 munere
2198 1781 2312 1834 sint
2351 1789 2634 1850 potentes.
2671 1786 2775 1838 Per
2808 1787 3115 1841 Dominum
3149 1794 3425 1843 nostrum.

2657 1873 2887 1927 Secreta.

2001 1953 2250 2023 Suscipe,
2298 1958 2556 2023 Domine,
2599 1975 2794 2028 preces
2825 1966 2880 2014 et
2928 1962 3145 2015 hostias
3196 1965 3454 2019 Ecclesia
3485 1970 3617 2035 tuae,

1927 2058 2031 2111 pro
2064 2044 2243 2096 salute
2275 2044 2620 2100 famulorum
2654 2053 2885 2102 tuorum
2922 2051 2983 2103 Ν.
3036 2058 3091 2103 et
3126 2053 3188 2105 N.
3223 2055 3615 2123 supplicantis,

1926 2134 1981 2182 et
2004 2130 2061 2184 in
2095 2133 2447 2199 protectione
2480 2134 2734 2187 ﬁdelium
2760 2139 3108 2207 populorum
3132 2141 3369 2210 antiqua
3400 2142 3619 2196 brachii

1923 2219 2004 2271 tui
2037 2235 2273 2289 Opi-rare
2341 2222 2616 2275 miracula
2662 2230 2741 2289 ut,
2789 2227 3072 2293 superatis
3124 2230 3277 2296 pacis
3336 2230 3605 2292 inimicis,

1922 2321 2120 2359 secura
2148 2308 2250 2361 tibi
2281 2309 2488 2362 serviat
2511 2310 2827 2365 Christiana
2864 2314 3113 2367 libertas.
3150 2317 3257 2369 Per
3301 2318 3612 2372 Dominum

1921 2399 2208 2448 nostrum.

572 1666 639 1702 AD
680 1667 735 1703 CA
745 1666 899 1704 LICEH
940 1669 1376 1707 BENEDICENDUM.

195 1735 466 1805 Dignare,
519 1738 760 1791 Domine
815 1740 960 1791 Deus
1000 1748 1208 1806 noster,
1252 1741 1482 1795 calicem
1518 1741 1713 1809 istum,
1751 1742 1811 1795 in

128 1838 289 1876 usum
330 1825 637 1878 ministerii
667 1827 749 1879 tui
783 1827 874 1896 pia
905 1828 1204 1882 devotione
1238 1830 1567 1895 formatum,
1603 1847 1669 1883 ea
1696 1847 1821 1884 san-

127 1912 469 1964 ctiﬁcatione
503 1914 871 1982 perfundere,
906 1932 1017 1985 qua
1052 1918 1459 1972 Melchisedech
1502 1919 1700 1972 famuli
1733 1919 1817 1972 tui

126 2008 408 2054 sacratum
442 2002 675 2056 calicem
721 2004 1022 2071 perfodisti
1058 2021 1070 2058 :
1106 2013 1161 2058 et
1193 2007 1346 2075 quod
1400 2014 1520 2059 arte
1568 2010 1649 2060 vel
1690 2023 1813 2060 me-

126 2090 255 2142 tallo
287 2088 440 2142 effici
491 2106 605 2143 non
658 2097 860 2160 potest,
915 2093 1189 2146 altaribus
1232 2095 1344 2147 tuis
1397 2095 1658 2165 dignum,
1718 2096 1817 2148 ﬁat

123 2182 216 2228 tua
271 2178 671 2232 benedictione
746 2180 1062 2249 pretiosum
1134 2188 1304 2252 atque
1372 2184 1806 2237 sanctiﬁcatum.

124 2265 246 2319 Per.

905 2357 1032 2413 LXI.

507 2475 697 2514 ORATIO
738 2478 792 2514 IN
832 2478 1186 2516 DEDICATIONE
1218 2479 1419 2516 FONTIS.

187 2544 565 2614 Omnipotens
622 2553 967 2619 sempiterna
1017 2551 1185 2615 Deus,
1248 2552 1355 2604 hoc
1409 2552 1811 2622 baptisterium

122 2635 322 2689 caelesti
377 2634 700 2707 visitatione
751 2638 1098 2699 dedicatum,
1144 2638 1390 2708 Spiritus
1426 2640 1507 2692 tui
1556 2642 1811 2695 illustra-

123 2726 264 2781 tione
329 2728 646 2791 sanctitica,
698 2731 760 2777 ut
827 2742 1198 2795 quoscunque
1239 2726 1366 2778 fons
1417 2728 1519 2780 iste
1584 2729 1804 2783 lavatus

122 2823 218 2877 est,
260 2817 417 2870 trina
456 2815 750 2868 ablutione
782 2814 1031 2884 purgati,
1084 2814 1506 2884 indulgentiam
1539 2818 1801 2872 omnium

123 2901 457 2957 delictorum
489 2911 587 2955 tuo
620 2917 857 2954 munere
884 2908 1324 2972 consequantur.
1352 2905 1473 2958 Per.

884 2991 1037 3043 Alia.

181 3079 512 3149 Multiplica,
566 3078 825 3139 Domine,
869 3078 1329 3131 benedictionem
1381 3084 1559 3145 tuam,
1592 3084 1649 3132 et
1676 3079 1803 3149 Spi-

119 3168 249 3221 ritus
270 3169 353 3221 tui
391 3182 627 3221 munere
664 3166 834 3219 ﬁdem
865 3173 1117 3219 nostram
1148 3168 1475 3232 corrobora,
1520 3173 1583 3221 ut
1614 3170 1712 3238 qui
1744 3168 1805 3222 in

116 3255 226 3310 hec
252 3256 473 3310 ﬂuenta
506 3254 927 3321 descenderint,
968 3254 1026 3307 in
1082 3254 1226 3307 libro
1261 3254 1387 3309 vita
1436 3256 1642 3310 ascribi
1676 3272 1797 3309 me-

116 3351 364 3399 reantur.
403 3346 510 3399 Per
543 3344 869 3398 Dominum.

882 3449 1038 3503 LXII.

2540 2488 2700 2553 Infra
2728 2490 3007 2543 actionem.

1994 2572 2146 2624 Hanc
2184 2571 2361 2641 igitur
2409 2573 2758 2628 oblationem
2808 2576 3009 2630 famuli
3060 2578 3142 2632 tui
3202 2580 3266 2632 N.
3300 2595 3475 2648 quam
3509 2580 3612 2636 tibi

1919 2659 2241 2713 ministerio
2274 2661 2445 2714 ofﬁcii
2476 2665 2839 2717 sacerdotalis
2874 2665 3185 2733 offerimus,
3229 2684 3333 2736 pro
3364 2685 3431 2721 eo
3458 2670 3613 2740 quod

1917 2747 1977 2800 in
2028 2748 2148 2817 ipso
2202 2754 2539 2819 potestatem
2592 2752 2821 2820 imperii
2878 2756 3138 2806 conferre
3196 2756 3464 2821 dignatus
3523 2774 3602 2823 es,

1843 2873 1883 2928 ε
1916 2836 2201 2905 propitius
2232 2844 2288 2889 et
2310 2838 2591 2907 benignus
2626 2855 2870 2904 assume,
2906 2848 2956 2891 et
2990 2848 3251 2895 exoratus
3280 2850 3477 2896 nostra
3515 2845 3611 2897 ob-

1916 2926 2251 2991 secratione,
2300 2927 2563 2992 concede,
2623 2934 2685 2981 ut
2736 2929 3045 2995 majestatis
3088 2936 3201 2983 tua:
3256 2933 3607 2999 protectione

1915 3011 2228 3076 conﬁdens,
2265 3019 2319 3066 et
2350 3030 2469 3065 aevo
2494 3019 2775 3083 augeatur
2801 3021 2856 3067 et
2887 3031 3084 3086 regno.
3120 3018 3226 3070 Per
3270 3019 3602 3073 Dominum.

2455 3104 2577 3155 Post
2610 3103 3067 3157 Communiouem.

1986 3187 2153 3252 Deus,
2213 3188 2310 3256 qui
2372 3189 2438 3241 ad
2490 3190 2916 3258 prwdicaudum
2967 3192 3161 3245 aeterni
3213 3192 3363 3263 regis
3418 3196 3597 3248 Evan-

1911 3275 2148 3343 gelium,
2203 3275 2524 3329 Romanum
2566 3278 2875 3347 imperium
2913 3282 3269 3349 praeparasti,
3307 3284 3600 3351 pretends

1912 3360 2140 3415 famulis
2190 3364 2303 3415 tuis
2362 3365 2425 3418 Ν.
2477 3365 2833 3434 principibus
2872 3368 3077 3420 nostris
3118 3384 3276 3422 arma
3326 3370 3595 3435 caelestia,

1916 3455 1978 3504 ut
2004 3466 2107 3519 pax
2139 3452 2513 3506 Ecclesiarum
2562 3454 2716 3507 nulla
2752 3457 3014 3508 turbetur
3041 3463 3380 3526 tempestate
3414 3458 3598 3511 bello-

1911 3554 2060 3591 rum.
2096 3540 2203 3592 Per
2234 3540 2533 3594 Dominum
2569 3547 2846 3595 nostrum.

2673 3648 2837 3701 LXIV.

2330 3768 2477 3805 HISSA
2517 3766 2846 3811 QUOTIDIANA
2889 3770 2989 3807 PRO
3028 3769 3190 3808 REGE.

248 3573 405 3612 ιιιεεΑ
446 3574 500 3611 IN
539 3571 935 3611 ANNIVEBF‘ABIO
967 3570 1330 3609 DEDICATIONIS
1370 3572 1639 3609 BASILICE.

181 3646 326 3699 Deus
374 3646 475 3716 qui
508 3661 609 3715 per
638 3645 894 3713 singulos
936 3659 1118 3696 annos
1162 3644 1330 3712 hujus
1380 3644 1559 3696 sancti
1605 3643 1803 3714 templi

117 3733 194 3786 tui
229 3733 683 3787 consecrationis
734 3747 962 3800 reparas
1012 3732 1187 3794 diem,
1244 3738 1300 3782 et
1349 3731 1523 3783 sacris
1579 3746 1804 3799 semper

117 3823 393 3891 mysteriis
443 3828 821 3891 repraesentes
895 3819 1255 3872 incolumes:
1317 3819 1519 3872 exaudi
1609 3835 1803 3887 preces

118 3910 307 3980 populi
331 3910 437 3975 tui,
472 3915 527 3963 et
558 3914 787 3978 prmsta,
812 3913 871 3960 ut
899 3907 1160 3977 quisquis
1186 3906 1294 3959 hoc
1323 3908 1602 3976 templum
1627 3907 1800 3960 bene-

118 3996 234 4051 ﬁcia
275 3998 564 4068 petiturus
608 3996 955 4067 ingreditur,
1005 3999 1205 4048 cuncta
1236 4011 1293 4047 se
1334 3995 1667 4066 impetrasse
1699 3996 1799 4047 Iw-

119 4092 277 4140 tetur.
311 4088 438 4141 Per.

1982 3857 2340 3921 Quazsumus,
2370 3857 2739 3927 omnipotens
2782 3859 2947 3924 Deus,
2980 3864 3043 3911 ut
3070 3858 3321 3911 famulus
3360 3865 3490 3913 tuus
3509 3862 3595 3927 N.,

1913 3945 2139 4015 quitua
2178 3946 2538 3998 miseratione
2571 3946 2816 4015 suscepit
2849 3946 3009 4015 regni
3039 3946 3448 4015 gubernacula,
3483 3948 3600 4000 vir-

1912 4037 2097 4086 tutum
2132 4033 2299 4085 etiam
2364 4034 2621 4087 omnium
2665 4034 2941 4103 percipiat
2988 4034 3358 4100 incrementa,
3392 4037 3599 4105 quibus

1914 4121 2179 4173 decenter
2233 4126 2488 4185 ornatus,
2535 4128 2592 4174 et
2618 4121 2884 4174 vitiorum
2936 4129 3191 4176 monstra
3222 4122 3496 4187 devitarc,
3534 4128 3592 4176 ct

1910 4208 1979 4261 ad
2020 4217 2096 4271 te,
2132 4211 2232 4278 qui
2266 4211 2377 4275 via,
2411 4211 2617 4263 veritas
2667 4215 2723 4262 et
2772 4210 2884 4263 vita
2932 4226 3012 4275 es,
3071 4211 3355 4281 gratiosus
3409 4213 3596 4265 valeat

1910 4297 2229 4364 pervenire.
2260 4299 2364 4350 Per
2400 4298 2730 4351 Dominum.

845 4172 1075 4226 Secreta.
1844 4167 1885 4220 D

182 4265 404 4325 Annue,
442 4276 787 4331 quaesumus,
826 4259 1085 4321 Domine,
1139 4259 1403 4329 precibus
1454 4260 1678 4325 nostris,
1714 4266 1803 4313 ,καὶ

121 4348 440 4419 quicunque
473 4348 620 4400 intra
654 4348 854 4417 templi
899 4347 1091 4416 hujus,
1138 4348 1301 4417 cujus
1340 4348 1797 4399 anniversarium

122 4434 493 4489 Dedicationis
514 4436 665 4489 diem
699 4437 1075 4499 celebramus,
1100 4436 1382 4489 ambitum
1415 4436 1799 4499 continemur,

118 4522 276 4589 plena
316 4525 423 4577 tibi
454 4530 645 4594 atque‘
686 4524 934 4593 perfecta
964 4524 1215 4593 corporis
1267 4528 1322 4577 et
1372 4524 1579 4575 anima:
1630 4523 1802 4576 devo-

119 4610 262 4665 tione
292 4614 642 4682 placeamus,
703 4622 763 4667 ut
794 4613 930 4664 dum
966 4612 1085 4665 haec
1132 4614 1439 4680 praesentia
1487 4617 1615 4665 vota
1675 4611 1799 4664 red-

120 4698 318 4765 dimus,
352 4700 421 4754 ad
454 4708 666 4753 aeterna
699 4700 959 4769 praemia,
995 4706 1050 4753 te
1078 4700 1406 4769 adjuvante,
1455 4700 1647 4752 venire
1682 4716 1802 4752 me-

117 4802 359 4842 reamur.
395 4789 504 4843 Per
533 4789 857 4842 Dominum.

695 4898 742 4947 Α
751 4894 788 4947 d
819 4893 1223 4963 Complendum.

184 4982 346 5044 Deus,
380 4982 481 5052 qui
512 4982 816 5036 Ecclesiam
849 4987 1006 5035 tuam
1038 4996 1309 5051 sponsam
1355 4995 1551 5033 vocare
1595 4981 1799 5050 digna-

119 5070 203 5118 tus
253 5084 332 5133 es,
368 5075 431 5123 ut
460 5086 586 5140 qua:
636 5071 876 5124 haberet
917 5070 1162 5137 gratiam
1206 5084 1308 5138 per
1354 5068 1485 5120 tidei
1541 5068 1795 5121 devotio-

121 5168 264 5221 nem,
290 5156 524 5209 haberet
554 5156 726 5210 etiam
754 5173 821 5210 ex
849 5156 1083 5209 nomine
1143 5155 1434 5224 pietatem,
1480 5154 1547 5206 da
1576 5160 1640 5207 ut
1677 5170 1799 5207 om-

123 5242 202 5294 nis
233 5243 353 5297 haec
379 5245 537 5314 plebs
578 5246 812 5299 nomine
852 5251 951 5298 tuo
998 5244 1271 5310 serviens,
1326 5244 1494 5311 hujus
1538 5242 1801 5295 vocabuli

122 5333 397 5385 consortio
448 5332 619 5403 digna
665 5348 787 5385 esse
836 5340 1145 5397 mereatur,
1192 5337 1247 5383 et
1304 5330 1548 5384 Ecclesia
1587 5336 1685 5384 tua
1741 5331 1802 5384 in

125 5419 354 5489 templo,
395 5420 556 5489 cujus
584 5419 1008 5473 anniversarias
1055 5418 1441 5473 Dedicationis
1484 5418 1601 5472 dies
1653 5420 1798 5473 cele-

2634 4404 2846 4457 Secreta
2856 4445 2866 4456 .

1979 4507 2233 4570 Munera,
2282 4506 2541 4569 Domine,
2581 4524 2909 4577 quaesumus
2956 4511 3146 4563 oblata
3189 4511 3498 4577 sauctitica,
3536 4518 3601 4564 ut

1909 4600 1966 4648 et
1991 4595 2155 4647 nobis
2187 4594 2479 4662 Unigeniti
2529 4596 2610 4647 tui
2640 4611 2844 4664 corpus
2871 4605 2927 4649 et
2958 4599 3190 4663 sanguis
3222 4598 3381 4665 ﬁant,
3426 4604 3481 4651 et
3514 4600 3598 4652 illi

1909 4683 1980 4736 ab
2008 4682 2377 4735 obtinendam
2412 4683 2621 4735 animae
2651 4683 3024 4753 corporisque
3064 4686 3329 4747 salutem,
3370 4693 3425 4738 et
3472 4703 3598 4756 per—

1907 4771 2195 4841 agendum
2230 4771 2549 4840 injunctum
2583 4770 2857 4835 ofﬁcium,
2887 4773 3253 4841 telargiente,
3276 4790 3599 4843 usquequa-

1909 4873 2020 4927 que
2053 4856 2371 4927 proﬁciant.
2408 4858 2532 4910 Per.

2488 4962 2577 5016 Ad
2597 4960 2995 5029 Compleudum.

1982 5068 2135 5128 Haec,
2173 5068 2434 5131 Domine,
2478 5067 2659 5121 oratio
2690 5065 2953 5119 salutaris
2996 5066 3274 5120 famulum
3324 5073 3486 5121 tuum
3531 5069 3595 5122 N.

1912 5155 1983 5206 ab
2012 5154 2279 5208 omnibus
2323 5160 2553 5208 tueatur
2607 5153 2875 5218 adversis,
2911 5159 3196 5223 quatenus
3256 5160 3315 5208 et
3343 5157 3601 5210 ecclesia-

1909 5243 2062 5296 sticae
2108 5244 2259 5313 pacis
2309 5244 2566 5297 obtineat
2627 5241 3121 5311 tranquillitatem,
3158 5248 3213 5295 et
3260 5249 3390 5312 post
3438 5243 3602 5298 istius

1910 5331 2184 5400 temporis
2242 5332 2545 5385 decursum
2595 5331 2666 5384 ad
2704 5335 2976 5383 aeternam
3018 5331 3311 5401 perveniat
3365 5332 3606 5385 haeredi-

1910 5424 2106 5473 tatem.
2138 5420 2262 5473 Per.
