4078 6180
407 307 508 357 823
1555 303 1890 359 GRIMALDI
1934 304 2152 357 SANGA
2162 302 2441 358 LLENSIS
2477 301 2766 357 ABBATIS
3344 332 3349 337 -
3772 300 3859 350 8'24

614 557 762 593 IISSA
814 555 1056 592 TEMPORE
1106 555 1298 593 SYNODI
1340 556 1439 592 PRO
1484 556 1620 593 REGE
1653 556 1900 594 DICENDA.

484 646 860 714 Omnipotens
890 644 1238 715 sempiterne
1268 647 1432 707 Deus,
1461 646 1563 715 qui
1592 646 1874 699 famulum
1935 651 2097 699 tuum

412 735 474 788 N.
529 732 693 802 regni
724 732 952 802 fastigio
999 733 1268 803 dignatus
1309 749 1367 786 es
1415 734 1747 798 sublimare,
1806 733 1993 786 tribue
2024 731 2098 796 ei,

408 837 759 893 quesumus,
802 826 866 874 ut
913 823 993 874 ita
1024 822 1082 874 in
1145 822 1416 890 praesenti
1454 823 1692 875 collecta
1722 820 2093 874 multitudine

406 914 743 963 cunctorum
772 909 834 962 in
866 925 1170 962 commune
1212 911 1451 962 salutem
1482 909 1773 977 disponat,
1818 914 2100 979 quatenus

407 1015 441 1052 a
472 1002 586 1051 tuae.
619 998 872 1051 veritatis
904 998 1134 1051 tramite
1157 1014 1270 1051 non
1304 997 1550 1051 recedat.
1588 999 1711 1052 Per.

1130 1104 1344 1157 Secreta
1356 1146 1367 1157 .

480 1193 759 1257 Concede,
783 1192 1148 1263 omnipotens
1200 1192 1368 1257 Deus,
1418 1192 1503 1245 his
1549 1193 1892 1245 salutaribus
1928 1192 2111 1263 sacri—A

408 1280 550 1335 ﬁciis
590 1280 864 1350 placatus,
928 1286 990 1332 ut
1034 1280 1283 1333 famulus
1330 1286 1463 1333 tuus
1498 1280 1563 1333 Ν.
1594 1280 1667 1333 ad
1710 1280 2102 1350 peragendum

408 1368 619 1439 regalis
666 1368 962 1438 dignitatis
1016 1367 1292 1431 ofﬁcium,
1341 1367 1666 1421 inveniatur
1708 1384 1935 1437 semper
1981 1368 2102 1421 ido-

408 1474 572 1523 neus,
608 1462 664 1510 et
694 1456 936 1511 caelestis
984 1457 1186 1525 patrias
1236 1456 1460 1525 gaudiis
1490 1456 1761 1510 reddatur
1815 1462 2099 1524 acceptus.

410 1550 519 1602 Per
549 1547 858 1601 Dominum
880 1552 1161 1599 nostrum.

989 1653 1082 1706 Ad
1120 1652 1522 1721 Complendum.

485 1752 631 1815 Haec,
668 1749 927 1816 Domine,
959 1750 1223 1803 salutaris
1254 1749 1516 1803 sacriﬁcii
1570 1750 1863 1820 perceptio
1896 1751 2098 1805 famuli
2139 1774 2179 1828 Β

410 1840 495 1893 tui
530 1840 591 1893 N.
640 1842 1002 1908 peccatorum
1040 1839 1290 1892 maculas
1324 1838 1523 1903 diluat,
1576 1842 1631 1891 et
1679 1838 1748 1893 ad
1780 1839 2095 1907 regendum

412 1929 727 1983 secundum
768 1932 926 1981 tuam
964 1927 1316 1980 voluntatem
1358 1928 1638 1997 populum
1667 1927 1940 1981 idoneum
1971 1928 2099 1982 red-

410 2018 526 2085 dat,
569 2021 630 2069 ut
668 2016 777 2070 hoc
808 2016 1041 2069 salutari
1070 2016 1341 2085 mysterio
1382 2020 1581 2068 contra
1610 2015 1863 2069 visibiles
1907 2017 2103 2071 hostes

410 2105 682 2159 reddatur
710 2104 972 2169 invictus,
1006 2119 1110 2172 per
1145 2103 1301 2172 quod
1354 2102 1600 2155 mundus
1631 2107 1715 2155 est
1744 2101 1937 2156 divina
1980 2102 2101 2156 dis-

412 2192 748 2264 pensatione
777 2192 1131 2260 redemptus.
1164 2192 1270 2244 Per
1297 2190 1627 2244 Dominum.

1180 2314 1348 2367 LXVI.

849 2436 998 2473 MISSA
1029 2436 1292 2473 SPECIALIS
1322 2435 1657 2474 SACERDOTIS.

482 2524 857 2594 Omnipotens
889 2524 1237 2593 sempiterne
1269 2526 1435 2590 Deus,
1469 2530 1580 2579 tua!
1606 2526 1805 2594 gratias
1827 2526 2100 2595 pietatem

412 2611 659 2681 supplici
707 2610 1006 2665 devotione
1070 2611 1338 2682 deposco,
1386 2616 1447 2665 ut
1496 2613 1758 2666 omnium
1819 2615 2100 2667 malorum

412 2716 673 2753 meorum
702 2698 930 2752 vincula
960 2700 1157 2767 solvat,
1209 2700 1541 2770 cunctisque
1583 2701 1725 2755 meis
1768 2702 2105 2757 criminibus

415 2793 469 2841 et
540 2788 786 2858 peccatis
836 2788 1149 2841 clementer
1198 2787 1481 2859 ignoscas,
1528 2795 1583 2844 et
1627 2790 1765 2860 quia
1807 2807 1899 2845 me
1959 2792 2104 2845 indi-

414 2892 591 2947 gnum
625 2881 683 2930 et
729 2881 1111 2945 peccatorem,
1161 2877 1232 2930 ad
1284 2877 1668 2931 ministerium
1699 2884 1862 2933 tuum
1902 2896 2103 2934 vocare

415 2965 685 3035 dignatus
724 2981 804 3031 es,
838 2964 917 3017 sic
945 2980 1037 3017 me
1068 2964 1338 3018 idoneum
1372 2965 1473 3019 tibi
1506 2966 1832 3021 ministrum
1869 2968 2102 3033 efﬁcias,

418 3058 476 3108 ut
506 3052 850 3107 sacriﬁcium
884 3052 955 3106 de
994 3053 1261 3107 manibus
1302 3054 1443 3107 meis
1494 3056 1714 3125 placide
1753 3072 1817 3109 ac
1855 3057 2102 3127 benigne

413 3142 710 3213 suscipias,
740 3142 1170 3212 electorumque
1216 3142 1576 3197 sacerdotum
1629 3160 1719 3197 me
1773 3145 2107 3215 participem

415 3230 606 3296 facias,
659 3234 712 3283 et
773 3229 843 3282 de
883 3229 1185 3299 praeceptis
1232 3231 1345 3283 tuis
1393 3231 1451 3283 in
1504 3231 1663 3285 nullo
1713 3247 1803 3285 me
1844 3233 2110 3287 oberrare

413 3318 733 3387 permittas.
773 3318 877 3370 Per
904 3316 1213 3370 Dominum
1239 3323 1519 3371 nostrum.

1055 3424 1235 3491 Super
1266 3423 1467 3476 oblata.

493 3519 658 3579 Deus,
718 3516 819 3586 qui
867 3520 921 3568 te
975 3516 1242 3586 praecipis
1300 3534 1331 3570 a
1391 3519 1785 3588 peccatoribus
1867 3524 2113 3593 exorari,

418 3604 640 3674 tibique
681 3601 1024 3656 sacriﬁcium
1065 3604 1295 3657 contriti
1320 3604 1506 3658 cordis
1547 3606 1772 3673 offerre,
1810 3608 1914 3663 hoc
1941 3610 2113 3664 sacri-

416 3692 613 3746 ﬁcium
645 3690 799 3760 quod
832 3690 1088 3761 indignis
1123 3692 1388 3746 manibus
1408 3694 1549 3747 meis
1579 3695 1777 3765 offero,
1819 3704 2111 3768 acceptare

417 3779 680 3850 dignare,
713 3785 770 3833 et
799 3784 862 3832 ut
902 3779 1022 3848 ipse
1044 3780 1147 3834 tibi
1171 3781 1358 3835 hostia
1386 3788 1443 3835 et
1473 3784 1813 3837 sacriﬁcium
1842 3802 1961 3839 esse
1992 3804 2111 3841 me-

418 3883 564 3934 rear,
619 3868 920 3920 miseratus
973 3868 1240 3937 concede,
1293 3886 1405 3940 quo
1459 3887 1560 3943 per
1596 3872 1900 3927 ministerii
1940 3876 2113 3945 hujus

418 3957 856 4023 exhibitionem,
880 3962 1243 4027 peccatorum
1274 3959 1536 4014 omnium
1564 3960 1877 4030 percipiam
1909 3963 2113 4016 remis-

420 4049 660 4101 sionem.
703 4046 831 4099 Per.

1116 4131 1404 4197 Praefatio.

493 4240 557 4293 D.
586 4240 643 4290 et
665 4236 887 4305 justum
918 4239 1024 4302 est,
1056 4250 1231 4302 usque
1259 4240 1468 4290 aeterne
1503 4237 1669 4291 Deus.
1706 4238 1813 4302 Qui
1845 4238 2110 4293 dissimu-

420 4326 549 4382 latis
588 4325 856 4378 humanaz
890 4322 1220 4392 fragilitatis
1246 4324 1491 4391 peccatis
1520 4325 1819 4380 sacerdotii
1867 4326 2112 4397 dignita-

420 4420 538 4469 tem
571 4409 835 4465 concedis
881 4408 1155 4479 indignis,
1185 4414 1242 4462 et
1272 4425 1389 4463 non
1420 4412 1605 4465 solum
1654 4419 1885 4480 peccata
1914 4415 2106 4468 dimit-

419 4497 511 4565 tis,
544 4512 743 4551 verum
767 4495 941 4549 etiam
985 4496 1137 4566 ipsos
1184 4502 1508 4567 peccatores
1554 4498 1869 4569 justiﬁcare
1914 4502 2110 4572 digne-

420 4586 520 4640 ris.
553 4584 725 4654 Cujus
766 4588 851 4637 est
894 4583 1167 4651 muneris,
1203 4589 1264 4638 ut
1294 4601 1408 4638 non
1451 4586 1639 4640 solum
1691 4587 1990 4641 existentia
2020 4606 2114 4642 su-

420 4677 583 4727 mant
615 4670 869 4737 exordia,
902 4676 1093 4723 exorta
1145 4671 1590 4739 nutrimentum,
1624 4676 1840 4728 nutrita
1866 4676 2115 4731 fructum

420 4760 716 4815 fructuosa
745 4757 1147 4828 perseverandi
1178 4759 1478 4815 auxilium.
1528 4760 1637 4824 Qui
1696 4777 1786 4817 me
1846 4779 1958 4816 non
1998 4765 2114 4817 exi-

420 4852 687 4911 stentem,
722 4844 957 4911 creasti,
1002 4851 1280 4911 creatum,
1315 4846 1449 4900 ﬁdei
1479 4848 1778 4919 ﬁrmitatej
1800 4850 2024 4917 ditasti;
2056 4852 2117 4905 ﬁ-

422 4936 629 5001 delem,
664 4932 925 5004 quamvis
983 4933 1228 5002 peccatis
1286 4935 1668 5005 squalentem,
1701 4938 2002 4992 sacerdotii
2031 4942 2113 4994 di-

421 5024 641 5096 gnitate
674 5020 917 5075 donasti.
948 5021 1129 5073 Tuam
1155 5020 1334 5090 igitur
1358 5023 1840 5093 omnipotentiam
1874 5028 2115 5097 supplex

420 5127 687 5183 exposco,
729 5115 793 5164 ut
825 5124 915 5162 me
976 5124 1005 5161 a
1052 5109 1355 5179 preteritis
1403 5112 1647 5180 peccatis
1705 5114 2011 5179 emacules,
2055 5114 2113 5167 in

420 5198 623 5254 mundi
655 5197 825 5267 hujus
853 5210 1024 5248 cursu
1068 5196 1130 5249 in
1160 5196 1326 5249 bonis
1346 5197 1614 5266 operibus
1662 5200 2012 5266 corrobores,
2061 5206 2116 5253 et

419 5290 481 5344 in
508 5285 948 5360 perseverantiae
979 5282 1265 5338 soliditate
1291 5285 1616 5340 conﬁrmes.
1660 5288 1863 5358 Sicque
1911 5304 2003 5342 me
2037 5288 2117 5341 fa-

420 5378 538 5433 cias
570 5378 684 5432 tuis
714 5374 989 5430 altaribus
1031 5374 1339 5441 deservire,
1396 5380 1460 5429 ut
1504 5376 1575 5430 ad
1613 5392 1814 5431 eorum
1861 5377 1959 5447 qui
2008 5377 2113 5432 tibi

420 5468 781 5537 placuerunt,
825 5462 1185 5518 sacerdotum
1232 5464 1583 5520 consortium
1638 5465 1857 5519 valeam
1912 5480 2114 5535 perve-

421 5553 565 5607 nire.
593 5553 657 5606 Et
686 5566 791 5621 per
821 5565 955 5604 eum
1006 5548 1113 5603 tibi
1160 5549 1231 5603 sit
1270 5565 1466 5605 meum
1501 5554 1846 5623 acceptabile
1896 5558 2111 5615 votum,

2136 435 2184 487 Α
2214 435 2310 504 qui
2367 449 2425 486 se
2470 432 2573 486 tibi
2605 432 2814 485 obtulit
2864 432 2923 484 in
2954 430 3321 497 sacriﬁcium,
3372 429 3471 500 qui
3520 434 3601 483 est
3630 428 3862 482 omnium

2212 521 2421 592 Opifex,
2454 526 2510 575 et
2530 522 2683 573 solus
2742 521 2865 573 sine
2899 520 3115 590 peccati
3148 512 3373 573 macula
3404 519 3682 588 pontifex,
3728 518 3865 570 Iesus

2210 609 2486 677 Christus,
2521 608 2796 664 Dominus
2826 612 3035 661 noster.
3088 609 3193 661 Per
3225 623 3395 676 quem
3436 606 3796 675 majestatem.

2786 714 2874 767 Αιι
2907 712 3318 777 (muniendum.

2284 804 2462 873 Hujus
2510 802 2670 867 mihi,
2733 802 2993 863 Domine,
3064 800 3401 854 sacramenti
3458 798 3762 870 perceptio,
3812 799 3870 851 sit

2212 896 2571 961 peccatorum
2598 890 2879 957 remissio,
2931 895 2987 942 et
3041 894 3155 943 tuas
3203 888 3429 959 pietatis
3480 894 3645 958 opata
3702 888 3869 956 propi-

2212 980 2398 1044 tiatio,
2434 986 2496 1032 ut
2525 995 2628 1049 per
2657 979 2798 1042 hinc,
2834 983 2887 1031 te
2919 976 3254 1047 opitulante,
3310 977 3525 1029 efﬁciar
3572 975 3739 1028 sacris
3768 990 3871 1043 my-

2212 1066 2395 1120 steriis
2429 1068 2657 1137 dignus,
2682 1083 2810 1137 quas
2852 1067 2921 1119 de
2953 1077 3053 1119 tua
3079 1065 3289 1135 pietate
3328 1064 3597 1129 conﬁsus,
3630 1063 3870 1131 frequen-

2211 1160 2330 1209 tare
2362 1171 2648 1224 prmsumo
2680 1154 2972 1223 indignus.
3006 1154 3128 1206 Per.

2958 1268 3156 1323 LXVII.

2497 1391 2618 1429 ITEM
2646 1392 2767 1429 ALIA
2807 1391 2956 1428 MISSA
2986 1389 3301 1428 SACERDOTIS
3330 1388 3615 1427 SPECIALIS.

2286 1484 2455 1543 Deus,
2488 1482 2610 1535 fons
2642 1481 2911 1535 bonitatis
2944 1486 2997 1535 et
3027 1480 3255 1550 pietatis
3294 1481 3478 1549 origo,
3528 1478 3631 1548 qui
3660 1491 3874 1546 peccan—

2212 1576 2327 1625 tem
2362 1587 2475 1624 non
2503 1570 2693 1624 statim
2719 1570 2964 1640 judicas,
2996 1569 3093 1623 sed
3118 1569 3189 1621 ad
3218 1567 3619 1638 paenitentiam
3664 1565 3876 1618 misera-

2211 1660 2302 1710 tus
2323 1659 2630 1725 exspectas,
2654 1660 2709 1708 te
2739 1670 2957 1726 quaeso,
2992 1659 3051 1707 ut
3077 1654 3403 1707 facinorum
3443 1667 3702 1706 meorum
3734 1664 3875 1718 squa-

2211 1744 2358 1797 lores
2387 1745 2699 1814 abstergas,
2746 1748 2801 1796 et
2854 1759 2942 1797 me
2992 1743 3061 1796 ad
3116 1741 3511 1813 peragendum
3576 1740 3875 1809 injunctum

2211 1831 2482 1897 ofﬁcium,
2511 1830 2753 1899 dignum
2775 1829 3017 1895 efﬁcias;
3054 1835 3113 1882 ut
3157 1830 3256 1900 qui
3285 1827 3479 1881 altaris
3523 1828 3609 1881 tui
3643 1825 3869 1878 ministe-

2212 1921 2362 1973 rium
2394 1918 2617 1988 suscepi
2648 1918 2940 1988 indignus,
2975 1933 3185 1987 perago
3213 1916 3493 1987 trepidus,
3520 1916 3589 1969 ad
3626 1930 3875 1985 peragen-

2213 2009 2349 2062 dum
2381 2008 2587 2061 reddar
2615 2012 2900 2070 strenuus,
2962 2011 3017 2059 et
3050 2006 3200 2059 inter
3248 2022 3345 2058 eos
3376 2005 3476 2076 qui
3518 2004 3624 2058 tibi
3670 2004 3879 2073 placue-

2212 2103 2366 2163 runt,
2412 2096 2671 2150 inveniar
2710 2095 3077 2165 justiﬁcatus.
3133 2096 3237 2147 Per
3296 2094 3608 2147 Dominum
3639 2095 3877 2146 nostrum

2212 2187 2419 2239 Jesum.

2848 2272 3021 2340 Super
3042 2270 3259 2326 Oblata.

2288 2378 2559 2435 Sacriﬁcii
2589 2377 2909 2449 praasentis,
2952 2392 3169 2447 quaeso,
3214 2376 3475 2439 Domine,
3506 2375 3725 2429 oblatio
3776 2388 3881 2425 mea

2215 2472 2418 2539 purget
2449 2467 2724 2527 facinora,
2758 2482 2863 2535 per
2911 2465 3063 2535 quod
3099 2464 3268 2518 totius
3295 2464 3497 2517 mundi
3539 2462 3768 2517 voluisti
3806 2477 3879 2515 re-

2216 2556 2395 2611 laxari
2433 2560 2693 2625 peccata;
2738 2554 3006 2624 illiusque
3050 2553 3511 2624 frequentatione
3564 2550 3777 2605 efﬁciar
3812 2548 3881 2601 di-

2214 2661 2382 2713 gnus,
2416 2643 2568 2715 quod
2614 2647 2677 2696 ut
2713 2641 3162 2713 frequentarem,
3211 2640 3433 2711 suscepi
3459 2639 3752 2711 indignus.
3794 2638 3883 2690 Per

2217 2733 2524 2787 Dominum
2557 2735 2832 2784 nostrum.

2914 2819 3192 2884 Praefatio.

2287 2928 2349 2981 D.
2385 2930 2441 2980 et
2478 2926 2698 2995 justum
2744 2929 2848 2992 est,
2900 2940 3089 2992 usque,
3136 2929 3347 2977 aeterne
3389 2924 3553 2976 Deus.
3604 2922 3711 2985 Qui
3767 2921 3881 2975 dum

2142 3046 2183 3101 ο
2217 3016 2460 3070 libenter
2490 3019 2699 3068 nostra:
2742 3014 3116 3084 paenitudinis
3144 3011 3595 3065 satisfactionem
3648 3008 3884 3078 suscipis.

2218 3105 2339 3174 ipse
2393 3108 2493 3157 tuo
2533 3102 2770 3171 judicio,
2823 3102 2973 3172 quod
3000 3118 3257 3155 erramus
3286 3100 3635 3154 abscondis:
3686 3104 3739 3151 et
3761 3114 3885 3167 prae-

2217 3194 2387 3246 terita
2417 3196 2647 3262 peccata
2675 3196 2872 3245 nostra
2901 3190 3248 3257 dissimulas,
3279 3196 3343 3241 ut
3394 3188 3565 3241 nobis
3615 3184 3886 3240 sacerdotii

2218 3280 2559 3349 dignitatem
2603 3278 2899 3333 concedas.
2932 3278 3113 3330 Tuum
3143 3282 3226 3330 est
3280 3276 3454 3340 enim,
3510 3291 3606 3329 me
3650 3275 3716 3327 ad
3746 3271 3887 3326 mini-

2220 3369 2518 3423 strandum
2550 3367 2712 3420 altari
2741 3372 2837 3419 tuo
2858 3366 3098 3436 dignum
3132 3365 3380 3430 efﬁcere,
3416 3380 3596 3433 quem
3642 3363 3710 3417 ad
3744 3376 3885 3432 pera-

2219 3457 2471 3528 gendum
2505 3456 2564 3509 id
2605 3455 2878 3518 ofﬁcium,
2916 3454 3219 3524 indignum
3274 3453 3543 3522 dignatus
3574 3468 3638 3505 es
3694 3463 3889 3521 promo-

2220 3562 2370 3599 vere.
2412 3546 2478 3598 Ut
2508 3543 2932 3614 prmterilorum
2959 3558 3188 3596 acutum
3221 3557 3478 3595 meorum
3511 3542 3667 3594 mala
3712 3536 3885 3592 oblivi-

2221 3650 2404 3697 scens,
2437 3631 2808 3702 prmsentium
2847 3630 3107 3684 ordinem
3154 3625 3212 3682 in
3244 3636 3340 3682 tua
3395 3628 3691 3681 voluntate
3720 3626 3887 3694 dispo-

2220 3738 2383 3786 nens,
2417 3721 2623 3775 futuris
2657 3720 2977 3773 custodiam
3009 3720 3332 3788 imponens,
3358 3732 3460 3787 per
3490 3715 3886 3769 eumvitiorum

2222 3809 2586 3880 squaloribus
2645 3823 2948 3878 expurger,
2999 3808 3275 3860 virtutum
3332 3806 3711 3859 nutrimentis
3751 3816 3888 3855 exor-

2222 3914 2346 3963 ner,
2369 3912 2569 3950 eorum
2631 3895 2989 3949 sacerdotum
3038 3895 3325 3948 consortio
3376 3894 3475 3965 qui
3522 3894 3632 3947 tibi
3692 3893 3891 3961 placue-

2222 3990 2377 4051 runt,
2412 3986 2649 4048 aduner,
2690 4000 2860 4054 quem
2920 3988 3142 4035 constat
3184 3999 3304 4035 esse
3350 3997 3549 4035 verum
3590 3992 3887 4033 summum-

2224 4090 2335 4144 que
2364 4073 2716 4142 pontiﬁcem,
2765 4072 3064 4141 solnmque
3096 4072 3217 4124 sine
3268 4071 3486 4141 peccati
3524 4069 3789 4137 contagio
3818 4081 3888 4118 sa-

2224 4162 2513 4215 cerdotem
2553 4162 2747 4214 Jesum
2789 4160 3076 4214 Christum
3134 4159 3436 4213 Dominum
3481 4166 3765 4212 nostrum.
3804 4155 3893 4207 Per

2225 4266 2418 4320 quem.

2803 4336 2893 4390 Ad
2921 4336 3333 4405 Complendum.

2298 4444 2493 4514 Hujus,
2538 4442 2797 4508 Domine,
2821 4442 3114 4513 perceptio
3140 4441 3503 4513 sacramenti,
3549 4446 3888 4510 peccatorum

2226 4547 2483 4586 meorum
2517 4532 2767 4585 maculas
2805 4536 3007 4600 tergat,
3053 4536 3107 4584 et
3139 4531 3207 4583 ad
3269 4530 3669 4600 peragendum
3718 4529 3889 4596 IDJUD-

2223 4624 2376 4675 ctum
2407 4619 2660 4673 ofﬁcium
2692 4634 2784 4672 me
2809 4619 3082 4672 idoneum
3117 4618 3337 4672 reddat.
3376 4620 3502 4671 Per.

2916 4739 3039 4777 ITEI
3083 4739 3223 4777 ALIA.

2299 4815 2463 4879 Deus,
2496 4813 2659 4881 cujus
2690 4812 2926 4865 arbitrio
2965 4811 3226 4864 omnium
3255 4810 3598 4863 saeculorum
3648 4809 3783 4862 ordo
3813 4805 3888 4859 de-

2221 4902 2418 4966 currit,
2453 4901 2666 4971 respice
2690 4900 2972 4970 propitius
2992 4900 3057 4952 ad
3082 4916 3173 4953 me
3194 4900 3472 4952 famulum
3507 4905 3694 4964 tuum,
3734 4908 3885 4967 quem

2222 4990 2291 5042 ad
2337 4990 2597 5043 ordinem
2635 4990 3063 5059 presbyteratus
3096 5002 3437 5057 promovere
3493 4986 3763 5055 dignatus
3823 4996 3887 5041 es,

2222 5084 2279 5131 et
2309 5082 2368 5130 ut
2397 5076 2501 5130 tibi
2533 5092 2657 5130 mea
2688 5078 2926 5129 servitus
2956 5076 3196 5145 placeat,
3237 5080 3334 5127 tua
3366 5074 3423 5127 in
3454 5089 3546 5127 me
3590 5070 3887 5126 misericor-

2221 5166 2372 5220 diter
2402 5166 2554 5219 dona
2581 5180 2867 5218 conserva.
2893 5165 2999 5217 Per
3043 5162 3348 5217 Dominum
3379 5166 3665 5215 nostrum.

2945 5269 3179 5324 Secreta.

2293 5374 2525 5443 Perﬁce,
2589 5375 2849 5440 Domine,
2919 5390 3265 5444 quaesumus,
3312 5373 3592 5442 benignus
3640 5372 3699 5425 in
3725 5366 3883 5423 nobis.

2222 5468 2287 5518 ut
2339 5479 2465 5534 quas
2515 5464 2688 5518 sacris
2750 5463 3030 5532 mysteriis
3088 5462 3448 5532 proﬁtemur.
3514 5461 3625 5530 piis
3678 5454 3886 5513 actioni-

2222 5552 2329 5607 bus
2357 5567 2757 5622 exsequamur.
2795 5552 2902 5604 Per
2930 5551 3257 5605 Dominum.
