4038 6174
140 276 231 325 825
1426 268 1632 323 LIBER
1672 266 2309 322 SACRAMENTORUM.

744 402 905 467 Infra
934 404 1210 456 actionem.

201 496 350 549 Hanc
379 491 556 561 igitur
594 489 943 543 oblationem
989 490 1275 543 servitutis
1310 507 1449 543 meae
1492 506 1663 560 quam
1716 488 1816 542 tibi

135 581 299 636 offero
326 595 433 648 ego
478 586 608 632 tuus
643 578 891 631 famulus
942 582 996 630 et
1044 578 1325 643 sacerdos,
1385 595 1488 648 pro
1547 595 1614 631 eo
1664 578 1814 648 quod

133 686 212 725 me
241 670 453 738 eligere
487 667 753 736 dignatus
782 683 840 719 es
884 667 941 719 in
972 666 1172 719 ordine
1208 666 1566 736 presbyterii,
1625 673 1686 720 ut
1734 684 1819 719 sa-

132 757 346 813 criﬁciis
405 756 518 809 tuis
574 771 637 807 ac
694 754 898 808 divinis
954 754 1225 809 altaribus
1284 756 1650 809 deservirem.
1710 757 1815 809 Pro

130 847 227 901 hoc
255 845 399 899 addo
431 844 536 897 tibi
571 850 700 898 vota
741 858 868 896 mea
914 843 1027 895 Deo
1078 859 1212 895 vero
1261 849 1318 896 et
1366 844 1507 908 vivo,
1553 844 1815 913 majesta-

132 942 235 990 tem
266 942 421 988 tuam
456 932 791 1002 suppliciter
818 931 1151 1001 implorans,
1204 937 1267 984 ut
1314 948 1489 1001 opera
1540 949 1816 985 manuum

132 1028 347 1076 tuarum
382 1020 439 1073 in
470 1020 685 1089 meipso
716 1019 1020 1083 custodias,
1053 1024 1107 1071 et
1139 1019 1407 1072 idoneum
1439 1037 1528 1073 me
1557 1038 1658 1090 per
1696 1038 1814 1074 om-

134 1111 221 1165 nia
285 1108 614 1163 ministrum
678 1114 790 1162 tum
856 1106 1165 1161 voluntatis
1212 1107 1441 1162 efﬁcias.
1490 1111 1595 1163 Per
1657 1109 1815 1163 Chri-

136 1204 291 1251 stum.

704 1284 800 1338 Ad
827 1284 1229 1353 Complendum.

200 1376 493 1427 Munerum
525 1377 775 1436 tuorum,
816 1372 1078 1434 Domine,
1125 1373 1447 1443 largitatem
1500 1378 1814 1442 sumentes,

137 1463 403 1532 supplices
436 1461 835 1530 deprecamur,
869 1466 933 1514 ut
963 1461 1169 1530 quibus
1212 1461 1434 1514 donasti
1484 1463 1655 1530 hujus
1702 1462 1814 1515 mi-

136 1551 335 1605 nisterii
370 1550 707 1604 servitutem
733 1550 1099 1620 exsequendi,
1136 1550 1331 1619 gratim
1352 1557 1463 1604 tua:
1498 1551 1712 1617 tribuas
1735 1551 1815 1605 fa-

136 1640 408 1694 cultatem.
443 1639 550 1691 Per
583 1637 889 1691 Dominum
925 1643 1203 1692 nostrum.

816 1756 935 1794 ITEM
979 1756 1122 1793 ΑΗΔ.

200 1830 296 1882 Fac
328 1844 438 1892 me,
474 1844 690 1897 quaeso,
727 1828 1095 1892 omnipotens
1146 1828 1311 1893 Deus,
1362 1829 1441 1882 ita
1474 1828 1699 1896 justitia
1732 1828 1820 1880 in-

137 1917 242 1981 dui,
287 1921 346 1969 ut
396 1916 455 1969 in
509 1920 837 1969 sanctorum
894 1922 1125 1969 tuorum
1180 1932 1401 1969 merear
1442 1917 1819 1970 exsultatione

137 2006 322 2073 laetari,
376 2010 664 2074 quatenus
720 2006 1065 2057 emundatus
1119 2005 1190 2058 ob
1240 2006 1508 2059 omnibus
1557 2006 1822 2059 sordibus

136 2099 508 2165 peccatorum,
534 2092 887 2147 consortium
912 2092 1195 2161 adipiscar
1218 2093 1318 2146 tibi
1342 2093 1689 2163 placentium
1734 2111 1821 2146 sa-

136 2182 437 2245 cerdotum,
484 2197 691 2252 meque
734 2185 831 2234 tua
860 2180 1251 2234 misericordia
1282 2199 1313 2234 a
1357 2181 1508 2235 vitiis
1553 2182 1822 2235 omnibus

138 2276 346 2333 exuant,
401 2285 578 2341 quem
628 2272 820 2323 reatus
878 2270 1125 2338 propriae
1174 2270 1536 2324 conscientias
1602 2277 1818 2339 gravat.

140 2360 245 2412 Per.

855 2430 1086 2483 Secreta.

202 2518 341 2570 Deus
387 2515 819 2577 misericordias,
884 2516 1032 2568 Deus
1075 2514 1388 2575 charitatis,
1436 2517 1585 2569 Deus
1630 2516 1819 2569 indul-

139 2606 349 2674 gentiaa,
398 2604 661 2673 indulge,
715 2620 931 2673 quaeso,
989 2609 1045 2655 et
1091 2603 1361 2657 miserere
1408 2604 1551 2669 mei;
1606 2604 1817 2659 sacriﬁ-

138 2694 295 2759 cium,
326 2693 482 2764 quod
510 2692 740 2762 pietatis
771 2696 882 2744 tuae
916 2690 1114 2761 gratia:
1137 2707 1238 2759 pro
1271 2692 1513 2760 peccatis
1544 2692 1684 2745 meis
1714 2694 1820 2746 hu-

140 2779 339 2832 militer
369 2778 575 2846 oﬂ‘ero,
626 2778 871 2847 benigne
924 2778 1213 2846 suscipere
1259 2780 1548 2849 digneris;
1592 2787 1647 2833 et
1688 2797 1819 2850 pec-

138 2873 266 2933 cata,
290 2883 417 2937 quae
451 2866 761 2920 libentibus
795 2866 943 2918 vitiis
974 2867 1247 2932 contraxi,
1283 2869 1409 2936 pius
1440 2874 1498 2921 et
1536 2869 1821 2939 propitius

139 2971 193 3008 ac
224 2955 523 3009 miseratus
552 2955 869 3025 indulgeas,
906 2960 961 3007 et
990 2956 1175 3008 locum
1218 2956 1567 3024 pmuitentim
1606 2973 1668 3009 ac
1706 2956 1817 3010 flu-

139 3044 280 3098 mina
316 3045 703 3113 lacrymarum
740 3059 1007 3096 concessa
1044 3042 1268 3096 veniam
1298 3062 1330 3097 a
1368 3050 1422 3098 te
1460 3032 1695 3098 merear
1727 3062 1817 3099 ac-

139 3132 332 3201 cipere.
368 3134 495 3186 Per.

815 3219 1093 3283 Praefatio.

202 3307 259 3359 D.
321 3312 375 3358 et
411 3306 637 3375 justum
684 3311 786 3369 est,
855 3319 1043 3372 usque,
1094 3308 1305 3357 aeterne
1354 3306 1521 3359 Deus.
1576 3306 1639 3358 Et
1708 3304 1814 3357 cle-

138 3392 397 3447 mentiam
460 3398 619 3445 tuam
669 3392 966 3445 humiliter
1023 3392 1351 3462 implorare,
1418 3398 1482 3446 ut
1539 3392 1817 3447 facturam

139 3485 279 3534 tuam
313 3497 427 3535 non
484 3480 783 3549 despicias,
838 3496 939 3533 nec
981 3481 1051 3533 ab
1105 3481 1353 3544 inimicis
1394 3482 1653 3535 tribulari
1697 3498 1820 3552 per-

139 3569 334 3623 mittas.
389 3570 519 3626 Scio
575 3570 729 3623 enim
780 3585 869 3622 me
918 3570 1166 3637 graviter
1212 3570 1540 3641 deliquisse,
1606 3586 1817 3641 praece-

136 3658 237 3727 ptis
272 3660 385 3713 tuis
439 3658 678 3713 minime
720 3658 997 3712 obedisse.
1044 3659 1171 3713 Ideo
1224 3660 1523 3713 humiliter
1559 3660 1817 3724 obsecro,

138 3747 362 3816 gratiam
394 3753 576 3812 tuam,
621 3747 881 3814 Domine,
918 3747 1059 3801 mihi
1110 3764 1336 3818 semper
1381 3748 1817 3801 consolatricem

138 3835 409 3903 adhibeas,
446 3842 505 3889 et
548 3836 995 3889 misericordiam
1039 3842 1196 3889 tuam
1252 3837 1483 3905 regibus
1530 3838 1817 3891 factricem

140 3938 393 3993 apponas.
432 3924 589 3979 Unde
621 3940 860 3995 exposco
907 3925 1181 3995 pietatem
1224 3931 1380 3979 tuam
1438 3942 1726 3994 magnam,
1762 3930 1822 3980 ut

139 4027 254 4065 mea
297 4013 555 4067 dimittas
602 4019 823 4083 pacata,
874 4013 1008 4084 quia
1053 4015 1181 4085 plus
1228 4014 1378 4068 valet
1425 4014 1821 4069 misericordia

140 4102 226 4153 tua
254 4101 319 4154 ad
347 4102 711 4171 erigendum,
746 4118 919 4172 quam
941 4102 1161 4156 fallacia
1194 4103 1410 4157 inimici
1442 4103 1511 4157 ad
1535 4104 1821 4173 decipien-

142 4188 283 4243 dum.
349 4191 616 4244 Miserere
672 4191 803 4253 mei,
868 4190 1123 4257 Domine,
1181 4191 1494 4245 secundum
1549 4207 1817 4261 magnam

141 4276 574 4332 misericordiam
607 4284 784 4345 tuam,
812 4284 877 4332 ut
905 4279 1055 4332 unde
1085 4279 1379 4344 erubesco,
1412 4284 1470 4333 tu
1498 4280 1817 4349 indulgeas,

141 4368 189 4416 et
215 4381 276 4418 ea
305 4383 435 4437 quae
483 4367 721 4437 gessisse
762 4384 854 4421 me
896 4368 1129 4437 poenitet
1172 4369 1487 4422 clementer
1531 4367 1815 4436 ignoscas.

142 4452 254 4505 Per.

729 4543 893 4607 Infra
932 4545 1211 4598 actionem.

206 4629 353 4682 Hanc
400 4629 574 4697 igitur
627 4629 996 4693 oblationem,
1046 4647 1220 4701 quam
1260 4633 1364 4685 tibi
1402 4632 1578 4686 offero
1609 4648 1716 4702 ego
1740 4631 1819 4685 fu-

142 4715 318 4768 mulus
345 4721 499 4783 tuus,
528 4721 610 4779 tu,
647 4718 1093 4773 clementissime
1125 4721 1311 4783 Pater,
1363 4720 1611 4774 libenter
1664 4720 1818 4773 exci-

142 4801 271 4869 pias,
296 4803 568 4874 deprecor
584 4807 1017 4877 ;orationesque
1037 4808 1511 4879 measdignanter
1531 4809 1815 4877 intendas,

142 4889 523 4945 tribulationes
563 4893 750 4946 cordis
784 4895 895 4947 mei
932 4895 1377 4951 misericorditer
1408 4898 1652 4963 auferas,
1704 4899 1820 4967 pla-

142 4976 326 5031 cabilis
385 4985 509 5032 vota
586 4981 879 5050 suscipias,
933 4983 1119 5037 libens
1182 4984 1463 5038 desideria
1510 4986 1816 5055 compleas,

142 5062 375 5119 clemens
404 5073 633 5137 peccata
677 5068 949 5136 dimittas,
989 5072 1232 5126 crimina
1280 5073 1562 5143 benignus
1593 5074 1817 5127 abster-

142 5165 249 5219 gas,
283 5153 505 5224 ﬂagella
538 5157 823 5227 propitius
857 5160 1124 5223 redimas,
1177 5163 1480 5230 languores
1512 5163 1817 5216 miseratus

140 5242 412 5308 excludas,
452 5246 816 5301 serenissimo
869 5250 1029 5302 vultu
1088 5250 1463 5319 petitionibus
1534 5252 1676 5305 meis
1724 5268 1814 5305 ac-

141 5333 470 5399 commodes,
508 5335 747 5404 gratiam
784 5342 941 5391 tuam
976 5337 1117 5392 mihi
1145 5338 1543 5409 multipliciter
1582 5356 1814 5410 augeas,

142 5420 191 5468 et
218 5419 657 5477 misericordiam
691 5429 848 5477 tuam
884 5426 1296 5481 incessabiliter
1345 5428 1626 5498 largiaris,
1679 5430 1820 5483 dies-

143 5517 261 5572 que.

3482 322 3490 332 ,
3522 272 3623 322 826

2478 401 2601 453 Post
2635 401 3083 455 Communionem.

2000 490 2149 543 Deus
2193 488 2488 541 charitatis
2534 493 2591 540 et
2642 488 2813 556 pacis,
2864 490 2963 558 qui
3006 506 3109 557 pro
3170 491 3349 543 salute
3396 491 3625 561 generis

1928 576 2165 630 humani
2205 577 2386 629 crucis
2432 576 2754 645 patibulum
2801 577 3075 631 sustulisti
3127 577 3517 651 [sustinuisti],
3571 584 3626 632 et

1928 666 2268 733 sanguinem
2316 670 2477 717 tuum
2540 681 2641 733 pro
2686 666 3081 734 redemptione
3147 674 3340 719 nostra
3404 668 3619 734 fudisti,

1928 769 2120 823 preces
2163 758 2381 805 nostras
2431 753 2685 821 placatus
2730 759 2787 805 et
2837 754 3115 823 benignus
3147 756 3390 824 suscipe,
3431 760 3481 808 et
3516 756 3621 809 mi-

1927 841 2296 894 sericordiam
2325 846 2481 893 tuam
2523 841 2663 893 mihi
2695 842 2961 902 concede,
3002 848 3065 894 ut
3093 858 3223 895 cum
3268 842 3336 895 de
3385 859 3621 912 corpore

1930 946 2019 983 me
2050 931 2202 983 exire
2228 929 2486 997 jusseris,
2524 946 2654 999 pars
2685 929 2878 999 iniqua
2905 932 2960 982 in
2995 947 3083 983 me
3114 947 3229 983 non
3272 931 3480 984 haheat
3520 947 3621 999 po-

1928 1023 2209 1079 testatem,
2243 1018 2336 1071 sed
2378 1018 2613 1087 angelus
2646 1023 2779 1070 tuus
2830 1022 3058 1070 sanctus
3116 1019 3266 1071 inter
3304 1024 3526 1071 sanctos
3572 1022 3624 1071 et

1928 1107 2139 1161 electos
2160 1112 2287 1159 tuos
2313 1106 2569 1169 collocet,
2628 1106 2725 1159 ubi
2761 1108 2852 1159 lux
2908 1111 3227 1177 permanet,
3277 1111 3332 1159 et
3361 1107 3474 1159 vita
3527 1123 3618 1159 re-

1928 1200 2082 1265 gnat.
2115 1196 2240 1249 Per.

2622 1298 2744 1337 ιτεκ
2786 1299 2929 1336 ALIA.

2001 1388 2347 1457 Suppliciter
2394 1393 2469 1453 te,
2520 1388 2773 1458 piissime
2825 1390 2992 1454 Deus,
3044 1391 3207 1442 Pater
3236 1389 3620 1459 omnipotens,

1931 1475 2031 1545 qui
2090 1491 2150 1527 es
2198 1481 2418 1529 creator
2464 1477 2722 1529 omnium
2771 1493 2985 1543 rerum,
3036 1478 3332 1547 deprecor,
3385 1482 3447 1529 ut
3486 1476 3623 1531 dum

1929 1580 2021 1617 me
2053 1564 2327 1618 famulum
2380 1570 2541 1617 tuum
2588 1581 2780 1618 coram
2832 1566 3254 1636 omnipotentia
3313 1566 3624 1635 majestatis

1928 1657 2041 1706 tua:
2074 1652 2321 1722 graviter
2363 1653 2669 1723 deliquisse
2706 1653 3000 1714 conﬁteor,
3032 1669 3265 1706 manum
3311 1653 3621 1706 misericor-

1928 1742 2037 1795 diae
2066 1748 2176 1795 tua:
2204 1741 2344 1796 mihi
2378 1742 2665 1811 porrigas;
2708 1748 2989 1811 quatenus
3020 1742 3153 1793 dum
3212 1742 3358 1794 hanc
3388 1742 3622 1795 oblatio-

1928 1843 2061 1882 nem
2088 1836 2218 1882 ante
2250 1828 2566 1899 potentiam
2596 1835 2709 1882 tuaa
2752 1830 3066 1897 majestalis
3098 1830 3293 1895 offero,
3330 1830 3481 1900 quod
3516 1845 3619 1882 ne-

1929 1917 2120 1984 quiter
2175 1916 2398 1983 admisi,
2467 1918 2908 1971 clementissime
2969 1918 3223 1988 digneris
3302 1918 3616 1971 absolvere.

1930 2005 2052 2058 Per.

2390 2096 2567 2148 Lectio
2591 2095 2831 2147 Jcremiae
2863 2095 3155 2163 prophetae.

2007 2181 2070 2233 In
2106 2179 2307 2234 diebus
2337 2180 2446 2233 illis
2468 2181 2610 2233 dixit
2640 2181 2913 2233 Jeremias
2950 2188 2977 2235 :'
3000 2181 3258 2247 Domine,
3294 2196 3494 2234 omnes
3522 2182 3621 2253 qui

1930 2272 1985 2320 te
2019 2268 2451 2338 derelinquunt,
2493 2269 2943 2334 confundentur;
2992 2270 3318 2323 recedentes
3360 2287 3394 2324 a
3441 2277 3518 2335 te,
3560 2270 3621 2324 in

1929 2361 2080 2409 terra
2142 2358 2478 2411 scribentur.
2553 2358 2832 2421 Quoniam
2911 2358 3347 2428 dereliqucrunt
3417 2374 3621 2411 venam

1929 2460 2209 2513 aquarum
2268 2446 2578 2499 viventium
2615 2446 2945 2500 Dominum.
3007 2446 3154 2499 Sana
3203 2462 3315 2510 me,
3359 2445 3617 2510 Domine,

1930 2537 1985 2585 et
2014 2532 2280 2599 sanabor;
2320 2534 2540 2587 salvum
2581 2550 2671 2586 me
2710 2534 2797 2587 fac
2853 2540 2907 2585 et
2954 2536 3139 2587 salvus
3191 2551 3309 2597 ero,
3346 2535 3618 2603 quoniam

1930 2619 2051 2672 laus
2084 2636 2210 2673 mea
2251 2628 2309 2673 tu
2343 2638 2423 2687 es,
2456 2622 2694 2675 Domine
2728 2622 2873 2674 Deus
2906 2637 3084 2675 meus.

2104 2734 2284 2787 Lectio
2321 2738 2497 2787 sancti
2517 2735 2803 2800 Evangelii
2838 2735 3128 2787 secundum
3165 2738 3440 2788 Joannem.

2001 2830 2063 2882 In
2086 2830 2182 2881 illo
2200 2836 2455 2900 tempore
2478 2832 2617 2884 dixit
2641 2834 2799 2885 .lesus
2822 2832 3116 2900 discipulis
3138 2832 3290 2884 suis:
3321 2830 3379 2884 Si
3405 2843 3621 2882 manse-

1931 2917 2051 2970 ritis
2084 2918 2143 2970 in
2185 2934 2296 2982 me,
2330 2924 2385 2971 et
2417 2919 2586 2971 verba
2619 2935 2743 2971 mea
2773 2920 2831 2971 in
2863 2920 3023 2972 nobis
3056 2919 3391 2981 manserint,
3432 2916 3616 2987 quod-
3671 2960 3679 2968 .

1860 3002 1897 3054 C
1927 3022 2152 3075 cunque
2184 3007 2477 3060 volueritis
2507 3008 2734 3077 petetis,
2777 3014 2831 3060 et
2861 3008 2956 3060 tiet
2986 3008 3163 3061 vobis.

2568 3115 2740 3180 Super
2772 3113 2986 3168 Oblata.

1998 3200 2139 3267 Tibi,
2173 3200 2411 3255 Domine
2445 3202 2590 3256 Deus
2634 3218 2813 3259 meus.
2869 3218 3009 3255 meae
3041 3201 3362 3255 devotionis
3406 3201 3617 3254 hostias

1927 3290 2163 3342 immolo
2194 3306 2207 3343 :
2243 3292 2346 3343 hoc
2384 3307 2505 3357 oro,
2563 3291 2889 3361 pariterque
2930 3291 3202 3361 deprecor
3256 3290 3616 3342 clementiam

1929 3382 2108 3446 tuam,
2161 3384 2223 3432 ut
2273 3396 2362 3432 me
2410 3380 2748 3432 sacrilicium
2802 3385 2964 3432 tuum
3010 3378 3441 3432 mortiﬁcatione
3488 3376 3619 3429 vitae

1928 3468 2170 3520 carnalis
2202 3468 2462 3521 effectum
2514 3469 2573 3521 in
2621 3469 2852 3521 odorem
2903 3468 3195 3520 suavitatis
3246 3466 3508 3534 accipias,
3563 3470 3619 3516 et

1928 3555 2182 3607 moribus
2237 3556 2445 3625 quibus
2484 3556 2755 3625 professio
2806 3572 2933 3609 mea
2990 3556 3275 3626 congruit,
3331 3554 3613 3607 instituas.

1930 3644 2001 3695 Ut
2030 3659 2199 3713 quem
2233 3652 2440 3697 sanctae
2472 3645 2931 3715 compunctionis
2960 3646 3164 3698 ardore
3206 3644 3275 3697 ab
3320 3642 3617 3695 hominum

1928 3738 2266 3785 ceterorum
2314 3733 2603 3802 proposito
2652 3734 2955 3801 segregati,
3016 3732 3187 3785 etiam
3242 3747 3274 3784 a
3323 3746 3615 3784 conversa-

1927 3820 2078 3872 tione
2106 3820 2339 3886 carnali,
2372 3826 2541 3890 atque
2590 3822 2663 3873 ab
2695 3821 3063 3873 immunditia
3097 3825 3327 3873 actuum
3362 3826 3619 3871 terreno-

1928 3922 2075 3967 rum,
2114 3907 2301 3961 infusa
2348 3908 2489 3961 mihi
2546 3909 2769 3962 caelitus
2827 3908 3146 3971 sanctitate,
3202 3907 3509 3981 discernes,
3558 3910 3619 3959 ut

1929 3996 2122 4048 omnia
2152 4001 2378 4049 terrena
2410 3997 2741 4067 despiciam,
2778 3996 3027 4050 cmlestia
3061 3999 3349 4065 appetam.
3389 3996 3508 4047 Per.

2628 4106 2906 4171 Prsefatio.

2004 4191 2063 4243 D.
2106 4194 2163 4242 et
2194 4192 2416 4259 justum
2466 4196 2567 4249 est.
2613 4206 2799 4259 usque,
2846 4194 3058 4243 aeterne
3116 4190 3284 4243 Deus.
3336 4188 3443 4252 Qui
3485 4203 3615 4257 pro-

1860 4299 1902 4351 Ι)
1929 4294 2118 4330 amore
2149 4278 2447 4332 hominum
2480 4279 2659 4333 factus
2691 4280 2749 4332 in
2778 4278 3213 4332 similitudinem
3246 4276 3433 4330 carnis
3482 4292 3619 4346 pec-

1928 4365 2059 4430 cati,
2092 4366 2335 4419 formam
2367 4368 2511 4419 servi
2536 4368 2810 4422 Dominus
2848 4367 3177 4436 assumpsit,
3212 4373 3267 4421 et
3324 4366 3383 4419 in
3432 4366 3619 4436 specie

1928 4452 2235 4513 vulnerati,
2268 4454 2521 4507 medicus
2562 4456 2893 4509 ambulavit.
2940 4456 3034 4509 His
3066 4455 3229 4508 nobis
3262 4455 3534 4508 Dominus
3567 4459 3621 4507 et

1930 4540 2192 4593 minister
2221 4542 2439 4606 salutis,
2465 4543 2771 4595 advocatus
2804 4548 2860 4595 et
2881 4543 3077 4611 judex,
3119 4544 3381 4596 sacerdos
3432 4547 3488 4596 et
3532 4559 3619 4595 sa-

1927 4628 2225 4682 criﬁcium.
2278 4630 2382 4682 Per
2419 4628 2573 4683 hunc
2622 4635 2698 4694 te,
2745 4632 2982 4684 Domine
3026 4638 3217 4684 sancte
3260 4633 3447 4695 Pater,
3480 4647 3616 4701 sup-

1928 4717 2153 4787 pliciter
2199 4734 2386 4779 exoro,
2433 4724 2496 4771 ut
2528 4718 2663 4770 dum
2708 4724 2926 4771 reatum
2956 4719 3318 4772 conscientiae
3351 4735 3492 4772 meas
3526 4735 3614 4771 re-

1929 4821 2233 4875 cognosco,
2259 4805 2407 4874 quod
2435 4806 2490 4858 in
2516 4807 2809 4875 praeceptis
2830 4807 2941 4858 tuis
2969 4808 3367 4874 praevaricator
3406 4806 3614 4871 exstiti,

1929 4902 1983 4946 et
2014 4910 2115 4963 per
2144 4894 2477 4947 delictorum
2520 4893 2736 4946 facinus
2774 4894 2963 4945 corrui
2999 4896 3055 4946 iu
3085 4894 3331 4947 ruinam.
3377 4895 3458 4946 Tu
3502 4910 3613 4957 me,

1931 4984 2189 5049 Domine,
2225 4983 2395 5053 erige,
2429 4998 2599 5052 quem
2633 4983 2823 5051 lapsus
2856 4982 3068 5051 peccati
3115 4982 3447 5052 prostravit;
3488 4983 3615 5035 illuo

1929 5073 2085 5124 mina
2114 5088 2347 5137 caecum,
2380 5088 2548 5141 quem
2585 5078 2747 5124 terrae
2783 5076 3146 5139 peccatorum
3194 5071 3465 5140 caligines
3516 5072 3615 5124 ob-

1927 5166 2323 5225 scuraveruut;
2361 5162 2509 5212 solve
2549 5160 2960 5228 compeditum,
2998 5175 3168 5229 quem
3211 5159 3438 5212 vincula
3484 5176 3615 5228 pec-

1925 5254 2179 5302 catorum
2210 5249 2627 5318 constringunt.
2661 5250 2868 5301 Praesta
2889 5264 2990 5317 per
3021 5254 3277 5300 sanctum
3319 5252 3373 5300 et
3403 5247 3614 5316 glorio-

1925 5354 2052 5392 sum
2083 5344 2139 5391 et
2168 5338 2526 5391 adorandum
2562 5337 2867 5391 Dominum
2913 5344 3173 5389 nostrum
3214 5338 3405 5389 Jesum
3455 5336 3614 5391 Chri-

1924 5431 2095 5492 stum,
2140 5426 2345 5481 Filium
2394 5431 2580 5491 tuum,
2615 5442 2784 5497 quem
2843 5426 3073 5479 laudant
3138 5425 3345 5493 angeli,
3377 5425 3619 5478 adorant

1924 5516 2363 5579 dominationes,
2399 5520 2651 5568 tremunt
2681 5519 3004 5583 potestates.
