4038 6174
420 226 547 285 827,

1027 356 1185 420 Infra
1211 358 1489 409 actionem.

494 448 649 501 Hanc
678 445 849 515 igitur
875 444 1223 518 oblationem
1255 461 1425 514 quam
1456 444 1578 509 tibi,
1626 445 1886 508 Domine,
1938 445 2116 498 offero

420 548 526 603 pro
560 532 798 603 peccatis
828 530 968 582 meis
1003 530 1213 583 minuis
1248 539 1419 600 atque
1454 532 1883 598 olfeusionibus,
1938 533 2111 603 maje-

420 626 622 674 statem
670 626 829 671 tuam
888 619 1021 671 totis
1071 619 1285 671 viribus
1338 619 1542 671 humili
1604 636 1768 688 prece
1849 621 2111 690 deposco,

424 710 568 761 Deus
597 707 871 775 piissime,
898 706 1202 776 dignanter
1223 708 1516 774 suscipias,
1547 724 1789 760 exorans
1832 716 1892 760 ut
1920 710 2114 762 dimit-

419 801 503 849 tas
534 795 773 848 crimina
815 813 942 865 qum
997 795 1304 865 fragilitate
1345 797 1530 849 carnis
1582 804 1753 866 atque
1798 798 2114 851 tentatione

419 884 753 953 iniquorum
785 884 1091 952 spirituum
1126 884 1389 953 nequiter
1421 885 1654 950 admisi;
1692 890 1745 939 et
1767 885 1885 954 jam
1909 886 2115 939 reverti

422 989 511 1025 me
545 973 613 1024 ad
646 988 709 1024 ea
740 988 855 1025 non
888 974 1040 1026 sinas
1074 974 1240 1039 ultra,
1275 974 1372 1026 sed
1403 973 1677 1025 conﬁrma
1718 991 1807 1026 me
1856 975 1912 1026 in
1956 974 2116 1045 justi-

420 1060 782 1113 ﬁcaiionibus
854 1061 987 1126 tuis,
1046 1066 1101 1113 et
1157 1062 1640 1129 perseverantiam
1705 1063 1842 1114 mihi
1924 1064 2114 1117 tribue

419 1147 479 1200 in
512 1147 642 1211 illis,
690 1154 747 1201 et
796 1148 881 1200 fac
932 1164 1020 1200 me
1069 1148 1307 1218 dignum
1351 1160 1480 1202 ante
1529 1156 1899 1218 conspectum
1950 1156 2114 1202 tuum

425 1241 631 1299 astare,
674 1241 730 1288 et
784 1235 1121 1288 sacrificium
1170 1236 1273 1289 tibi
1322 1237 1561 1289 Domino
1596 1238 1811 1289 mundo
1856 1237 2028 1290 corde
2059 1242 2115 1289 et

423 1329 575 1375 casto
598 1339 835 1394 corpore
868 1325 1039 1393 digne
1078 1324 1299 1389 offerre,
1337 1325 1572 1394 diesque
1619 1331 1853 1378 nostros.

961 1414 1081 1467 Post
1121 1414 1239 1468 Com
1249 1416 1569 1465 munionem.

497 1499 873 1567 Omnipotens
921 1501 1269 1569 sempiterno
1321 1502 1488 1565 Deus,
1552 1502 1682 1554 Jesu
1722 1499 1946 1553 Christe
2010 1500 2114 1552 Do-

424 1587 597 1653 mine,
633 1593 751 1640 esto
775 1588 1059 1657 propitius
1104 1589 1347 1658 peccatis
1402 1589 1564 1650 meis,
1614 1604 1714 1658 per
1762 1588 2113 1657 assumptio—

421 1692 553 1728 nem
611 1677 866 1746 corporis
912 1682 968 1729 et
1006 1676 1303 1743 sanguinis
1359 1677 1460 1729 tui.
1499 1681 1554 1728 et
1602 1692 1703 1745 per
1752 1676 2108 1728 intercessio-

421 1781 550 1818 nem
611 1766 789 1817 sancti
839 1766 920 1818 tui
975 1767 1036 1818 Ν.
1087 1767 1165 1818 'I‘u
1216 1767 1368 1818 enim
1432 1767 1670 1835 loquens
1721 1764 1964 1817 dixisti:
2009 1766 2114 1833 (ηιὶ

418 1853 710 1906 manducat
756 1868 971 1905 carnem
1008 1868 1197 1917 meam,
1249 1857 1299 1905 et
1354 1852 1489 1904 bibit
1543 1854 1863 1919 sanguinem
1913 1866 2107 1915 meum,

418 1945 616 2009 ipsein
644 1957 725 1994 me
763 1946 959 2002 manet,
1002 1947 1054 1996 et
1096 1956 1188 2006 ego
1218 1943 1275 1993 in
1320 1956 1396 1993 eo.
1452 1940 1580 1992 Ideo
1626 1944 1679 1992 te
1723 1938 1963 2008 supplex
2013 1937 2110 1991 de-

417 2041 639 2094 precor,
671 2032 731 2079 ut
759 2028 818 2079 in
860 2043 949 2078 me
981 2043 1076 2078 eor
1108 2028 1386 2080 mundum
1420 2043 1597 2093 crees,
1631 2032 1687 2079 et
1732 2027 1995 2096 spiritum
2029 2042 2113 2079 re-

417 2120 570 2167 ctum
622 2115 680 2166 in
724 2115 1033 2167 visceribus
1083 2115 1224 2167 meis
1274 2116 1530 2176 innoves,
1572 2121 1627 2168 et
1659 2115 1863 2183 spiritu
1906 2113 2112 2184 princi-

416 2202 531 2271 pali
564 2217 654 2254 me
685 2203 1024 2255 conﬁrmare
1051 2203 1324 2271 digneris,
1357 2210 1528 2273 atque
1564 2203 1634 2256 ab
1666 2202 1934 2255 omnibus
1971 2203 2109 2254 insi-

416 2288 523 2341 diis
551 2289 764 2342 diaboli
796 2294 966 2358 atque
990 2289 1135 2341 vitiis
1165 2289 1464 2350 emundes,
1499 2295 1561 2341 ut
1609 2289 1831 2356 gaudiis
1873 2289 2113 2342 caelesti-

416 2377 523 2430 bus
557 2393 777 2431 merear
807 2393 925 2430 esse
950 2378 1246 2447 particeps.
1283 2378 1391 2441 Qui
1423 2394 1553 2430 cum
1590 2380 1770 2432 Patre.

1112 2507 1230 2543 ITEM
1271 2507 1411 2544 ALIA.

490 2597 636 2648 Deus
687 2597 792 2649 sub
835 2597 997 2665 cujus
1044 2596 1220 2649 oculis
1269 2612 1438 2648 omne
1464 2612 1560 2648 cor
1608 2594 1875 2664 trepidat,
1909 2611 2108 2648 omnes

416 2683 776 2737 conscientia:
818 2691 1147 2754 pavescunt,
1201 2684 1415 2754 respice
1465 2683 1751 2754 propitius
1800 2684 1866 2736 ad
1913 2699 2109 2753 preces

415 2772 663 2840 gemitus
698 2772 828 2837 mei,
868 2778 928 2823 ut
958 2772 1101 2824 sicut
1134 2788 1242 2837 me,
1286 2772 1457 2824 nullis
1490 2772 1945 2841 prmcedentibus
1979 2787 2106 2824 me-

415 2864 558 2929 ritis,
611 2864 668 2917 in
707 2865 830 2918 loco
880 2864 1049 2935 hujus
1096 2864 1384 2918 servitutis
1429 2870 1537 2919 tua:
1583 2864 1753 2917 sacris
1794 2863 1973 2917 fecisti
2018 2879 2104 2916 as-

385 2951 609 3004 ‘sistere
642 2952 936 3017 altaribus,
971 2952 1047 3005 ita
1100 2952 1413 3006 secundum
1457 2952 1879 3005 multitudinem
1928 2952 2103 3005 mise-
2144 2936 2183 2989 (ἶ

412 3040 698 3094 rationum
725 3057 951 3094 tuarum
985 3042 1055 3095 da
1086 3041 1501 3111 indulgentiam
1536 3044 1897 3111 peccatorum
1949 3056 2105 3093 meo-

413 3143 561 3195 rum,
599 3135 658 3182 ut
692 3146 815 3182 mea
855 3130 1151 3201 fragilitas,
1194 3147 1321 3200 quas
1373 3146 1475 3199 per
1522 3146 1579 3182 se
1609 3128 1880 3199 proclivis
1910 3134 1995 3181 est
2035 3128 2103 3181 ad

409 3216 739 3284 labendum,
800 3234 904 3288 per
960 3225 1014 3272 te
1064 3234 1293 3289 semper
1348 3221 1649 3288 reparetur
1707 3218 1778 3271 ad
1850 3216 2096 3270 veniam.

412 3306 538 3358 Per.

1136 3395 1373 3448 Secreta.

482 3480 703 3533 Hostias
777 3479 899 3541 tibi,
956 3480 1211 3547 Domine,
1266 3480 1601 3551 placationis
1649 3486 1706 3534 et
1753 3480 1935 3534 laudis
1996 3496 2101 3551 pro

410 3569 573 3621 venia
601 3568 941 3621 delictorum
962 3584 1241 3635 meorum,
1275 3569 1451 3623 oﬁ‘ero
1477 3586 1584 3640 ego
1613 3568 1887 3639 indignus
1917 3568 2101 3622 famu-

410 3657 499 3709 lus
528 3662 679 3721 tuus,
731 3656 1032 3710 obsecrans
1081 3657 1524 3711 misericordiam
1570 3663 1726 3710 tuam
1780 3662 1840 3710 ut
1884 3656 1953 3709 ab
2004 3673 2098 3709 oc-

411 3744 575 3797 cultis
608 3760 696 3798 me
728 3745 974 3797 reatibus
1020 3746 1295 3799 emundes
1326 3746 1655 3810 clementer,
1692 3750 1747 3799 et
1778 3763 1810 3799 a
1860 3744 2101 3798 manife-

411 3832 511 3886 stis
538 3832 941 3887 convenienter
964 3849 1262 3904 expurges.
1288 3835 1393 3887 Per
1416 3834 1742 3887 Dominum.

1118 3946 1397 3996 Praefatio.

1118 3946 1235 3996 Prae
1266 3946 1397 3996 atto.

482 4030 545 4083 D.
578 4033 633 4082 et
654 4030 884 4099 justum
917 4035 1019 4097 est,
1041 3945 1466 4099 usqum/aeterne
1499 4032 1665 4084 Deus.
1709 4028 1881 4098 Cujus
1917 4027 2102 4081 omni-

409 4118 659 4187 potentia
693 4118 997 4184 laudanda,
1032 4121 1212 4189 pietas
1245 4119 1659 4189 amplectenda,
1710 4115 2099 4171 misericordia

1558 224 1899 280 GRIMALDI
1940 225 2463 282 SANGALLENSIS
2499 228 2791 282 ABBATIS
3784 236 3872 288 8‘28

2156 360 2202 411 A
2233 359 2533 427 peccaturi,
2578 358 2840 427 gratiam,
2884 374 3055 429 quam
3105 373 3227 411 mea
3259 373 3375 410 non
3406 359 3632 427 exigunt
3673 365 3869 432 merita;

2228 445 2458 513 porrige
2502 463 2737 499 manum
2803 449 3026 514 pietatis
3074 453 3182 499 tuae
3254 448 3394 499 mihi
3436 450 3609 518 lapso,
3656 457 3704 503 et
3743 456 3874 522 aperi

2226 532 2368 584 mihi
2402 534 2680 601 peccaturi
2706 536 2941 603 jauuam
2983 534 3143 602 regni
3175 534 3258 585 tui
3291 535 3551 599 caelestis,
3595 553 3689 606 per
3714 556 3871 607 quam,

2225 625 2279 673 te
2314 621 2620 686 tribuente,
2665 639 2885 675 merear
2921 622 3144 692 ingredi
3194 624 3253 675 in
3301 624 3559 695 requiem
3608 630 3868 696 sempiter-

2223 725 2378 762 nam.
2413 711 2520 763 Per
2548 710 2836 763 eumdem.

2916 816 3033 852 ITEM
3070 816 3213 853 ΑΗΔ.

2294 886 2671 955 Omnipotens
2703 888 3047 956 sempiterna
3084 889 3248 949 Deus,
3294 888 3392 959 qui
3425 905 3513 942 me
3560 900 3873 959 peccatrrem

2223 975 2392 1027 sacris
2438 976 2710 1029 altaribus
2763 983 2945 1028 astare
3019 975 3266 1037 voluisti,
3321 982 3377 1029 et
3427 979 3602 1031 sancti
3663 982 3875 1034 nominis

2221 1063 2302 1116 tui
2350 1064 2581 1117 laudare
2631 1065 2972 1133 potentiam;
3013 1064 3283 1125 concede,
3335 1081 3551 1135 qumso,
3594 1083 3689 1135 per
3737 1070 3875 1138 hujus

2222 1153 2563 1205 sacramenti
2614 1153 2971 1221 mysterium,
3034 1168 3291 1205 meorum
3342 1155 3480 1206 mihi
3524 1156 3735 1209 veniam
3764 1174 3873 1226 pec—

2221 1247 2498 1307 catorum,
2535 1246 2598 1293 ut
2627 1246 2739 1294 tua:
2772 1240 3054 1309 majestati
3083 1241 3257 1310 digne
3296 1241 3622 1295 ministrare
3672 1260 3875 1299 merear.

2223 1327 2347 1381 Per.

2860 1416 3033 1483 Super
3062 1416 3275 1470 Oblata.

2300 1505 2396 1569 Da,
2450 1520 2800 1573 quzesumus,
2851 1504 3293 1557 clementissime
3347 1506 3532 1571 Pater,
3587 1521 3689 1575 per
3741 1506 3879 1576 hujus

2227 1592 2531 1645 oblationis
2563 1593 2921 1662 mysterium,
2970 1608 3230 1645 meorum
3282 1592 3674 1658 mihi_veniam
3714 1610 3879 1662 pecca-

2224 1688 2435 1747 torum,
2466 1687 2525 1733 nt
2555 1698 2666 1734 non
2702 1682 2771 1733 ad
2803 1681 3077 1750 judicium
3111 1681 3318 1733 animae
3370 1698 3536 1747 meae,
3592 1682 3681 1735 sed
3723 1683 3782 1737 ad
3818 1685 3881 1736 in-

2222 1771 2600 1837 dulgentiam,
2636 1771 2803 1837 hujus
2845 1771 3265 1839 presbyteratus
3293 1770 3432 1823 ordo
3468 1771 3611 1825 mihi
3662 1772 3879 1841 proﬁciat

2222 1860 2654 1928 sempiternam.
2692 1860 2799 1911 Per
2818 1853 3147 1911 Dominum.

2932 1964 3212 2028 Praefatio.

2295 2071 2358 2123 D.
2393 2074 2449 2122 et
2471 2069 2689 2139 justum
2723 2074 2828 2137 est,
2870 2084 3056 2137 usque,
3116 2074 3325 2122 aeterne
3379 2069 3550 2122 Deus.
3594 2069 3696 2133 Qui
3738 2070 3877 2140 septi-

2220 2158 2419 2212 formis
2451 2158 2845 2211 ecclesiastica“:
2878 2157 3174 2227 dignitatis
3207 2157 3419 2226 gradus
3450 2159 3730 2227 septiplici
3760 2160 3877 2212 dono

2219 2246 2396 2298 sancti
2430 2247 2675 2317 Spiritus
2716 2247 3016 2312 decorasti,
3067 2252 3272 2315 praesta
3321 2246 3462 2299 mihi
3505 2247 3778 2316 propitius
3820 2247 3879 2300 fa-

2219 2335 2376 2387 mulo
2408 2341 2525 2401 tuo,
2561 2335 2826 2388 eumdem
2856 2336 2912 2387 in
2944 2336 3240 2387 sanctitate
3274 2335 3404 2387 vitae
3445 2334 3758 2403 promereri
3783 2332 3879 2401 Spi-

2218 2422 2388 2475 ritum
2419 2424 2788 2492 paracletum,
2816 2438 2985 2493 quem
3020 2422 3353 2491 unigenitus
3376 2421 3556 2475 Filius
3578 2428 3698 2473 tuus
3722 2420 3877 2474 Domi-

2219 2526 2324 2562 nus
2355 2511 2716 2564 nosterJesus
2732 2510 3112 2562 Christustuis
3126 2509 3393 2562 ﬁdelibus
3424 2508 3757 2561 mittendum
3781 2522 3877 2559 esse

2216 2597 2499 2666 promisit.
2536 2597 2641 2660 Qui
2680 2597 2820 2650 mihi
2869 2598 3149 2667 peccaturi
3194 2596 3476 2667 inspirare
3510 2597 3770 2667 dignetur
3810 2611 3878 2647 ca-

2216 2685 2440 2738 tholicae
2486 2685 2619 2738 ﬁdei
2686 2684 3039 2746 ﬁrmitatem,
3097 2692 3151 2738 et
3210 2690 3416 2738 sanctae
3466 2684 3751 2738 charitntis
3788 2688 3878 2735 tua

2216 2771 2574 2824 dulcedinem
2626 2788 2829 2841 meque
2866 2778 3093 2825 terrena
3138 2771 3432 2839 despicere
3470 2776 3532 2823 et
3566 2785 3749 2823 amare
3790 2783 3878 2821 coa-

2215 2859 2380 2913 lestia
2409 2860 2625 2913 doceat.
2656 2862 2763 2913 Per
2784 2860 3071 2914 Christum
3107 2859 3410 2912 Dominum
3438 2866 3719 2913 nostrum.

2751 2966 2884 3019 Post
2927 2967 3373 3021 Communionem.

2287 3070 2611 3137 Sumentes,
2670 3070 2905 3124 Domine
2965 3072 3132 3137 Deus,
3186 3071 3382 3124 salutis
3444 3076 3663 3125 nostra;
3732 3084 3878 3122 sacra-

2216 3165 2426 3225 menta,
2480 3165 2708 3227 praesta,
2770 3175 3117 3229 quaesumus,
3173 3165 3233 3211 ut
3276 3175 3475 3212 eorum
3540 3156 3874 3231 participatio.

2210 3246 2352 3299 mihi
2400 3246 2614 3300 famulo
2660 3252 2757 3300 tuo
2799 3246 2871 3300 ad
2913 3251 3251 3317 perpetuam
3311 3246 3585 3316 proﬁciat
3643 3247 3869 3299 salutem.

2213 3336 2337 3388 Per.

2977 3422 3125 3476 Alia.

2279 3516 2457 3566 Aures
2486 3516 2599 3564 tuae
2627 3510 2875 3579 pietatis,
2914 3510 3212 3564 mitissime
3265 3512 3429 3578 Deus,
3464 3512 3681 3565 inclina
3727 3506 3873 3579 preci-

2207 3600 2313 3655 bus
2373 3600 2536 3666 meis,
2598 3606 2653 3652 et
2710 3598 2894 3669 gratia
2946 3600 3121 3652 sancti
3182 3600 3427 3669 Spiritus
3483 3600 3741 3653 illumina
3799 3612 3874 3650 cor

2208 3705 2420 3754 meum,
2493 3695 2556 3741 ut
2606 3688 2720 3741 tuis
2773 3688 3055 3758 mysteriis
3114 3688 3283 3757 digne
3345 3688 3672 3741 ministrare
3733 3691 3871 3753 teque

2208 3783 2422 3832 aeterna
2442 3776 2714 3831 charitate
2750 3776 2989 3845 diligere
3020 3792 3260 3828 merear.
3298 3776 3422 3829 Per.

2938 3900 3162 3953 LXVIII.

2306 4021 2455 4058 MISSA
2497 4020 2687 4058 VOTIV’A
2728 4020 2828 4058 PRO
2863 4021 3044 4070 AHlCO,
3088 4022 3189 4059 YEL
3227 4021 3327 4058 PRO
3375 4021 3486 4065 QUO
3528 4020 3792 4059 VOLUBRIS.

2280 4110 2447 4175 Deus,
2488 4110 2593 4178 qui
2629 4109 2908 4179 justiﬁcas
2952 4110 3217 4179 impium,
3269 4116 3322 4163 et
3360 4126 3475 4164 non
3529 4112 3613 4165 vis
3660 4115 3868 4162 mortem

409 4209 493 4258 est
518 4207 830 4272 exoranda;
864 4207 1025 4275 cujus
1058 4208 1229 4260 etiam
1263 4207 1530 4275 pietatem
1559 4205 1857 4258 humiliter
1887 4202 2097 4272 implo-
2138 4235 2184 4289 Β
2207 4203 2590 4268 peccatorum,
2647 4200 3000 4267 majestatem
3052 4204 3206 4251 tuam
3255 4200 3591 4267 suppliciter
3641 4199 3870 4289 depreca-

408 4310 602 4346 ramus
656 4299 719 4346 ut
778 4300 1111 4349 cunctorum
1172 4297 1337 4350 nobis
1407 4295 1804 4349 remissionem
1880 4293 2098 4347 tribuas

409 4386 791 4451 peccatorum,
824 4389 1095 4453 actusque
1137 4391 1365 4436 nostros
1401 4383 1460 4435 in
1496 4385 1784 4435 voluntate
1819 4386 1916 4433 tua
1958 4379 2097 4433 diri-

408 4484 562 4537 gere,
599 4485 812 4539 nosque
844 4487 875 4523 a
914 4470 1131 4523 cunctis
1167 4470 1327 4524 malis
1372 4470 1625 4540 digneris
1665 4470 1915 4538 eripere;
1963 4484 2099 4538 qua-

409 4562 575 4609 tenus
600 4556 668 4609 ab
706 4556 970 4609 omnibus
1004 4557 1435 4610 adversitatibus
1468 4563 1565 4610 tua
1595 4556 1970 4625 opitulatione
2000 4556 2096 4609 de-

406 4643 581 4708 fendi,
616 4649 672 4696 et
700 4645 759 4697 in
788 4644 956 4698 bonis
987 4647 1254 4698 omnibus
1285 4644 1635 4708 conﬁrmari,
1676 4650 1730 4696 et
1760 4648 2099 4713 praesentem

409 4730 581 4784 vitam
607 4730 710 4784 sub
742 4738 838 4783 tua
863 4732 1278 4801 gubernatione
1302 4732 1724 4801 inculpabiliter
1764 4730 2098 4798 transigere,

407 4824 461 4871 et
490 4818 557 4873 ad
587 4823 881 4884 aeternam,
927 4820 1203 4885 largiente
1249 4824 1323 4884 te,
1370 4818 1612 4872 feliciter
1650 4815 1952 4887 pervenire
1998 4831 2101 4868 va-

407 4907 647 4960 leamus.
679 4908 783 4960 Per
814 4906 1120 4961 Christum.

948 5020 1078 5073 Post
1107 5021 1557 5079 Communionem.

480 5115 648 5180 Deus,
682 5113 783 5182 qui
822 5129 913 5166 me
947 5112 1247 5181 indignum
1283 5113 1455 5165 sacris
1506 5110 1809 5179 mysteriis,
1862 5126 2100 5179 corpore

408 5207 465 5255 et
492 5203 772 5272 sanguine
801 5200 1150 5254 dilectissimi
1196 5200 1319 5253 Filii
1350 5200 1434 5254 tui
1486 5198 1712 5253 Domini
1745 5199 1923 5251 nostri
1969 5199 2102 5252 Jesu

409 5290 640 5352 Christi,
692 5289 1013 5343 confortare
1062 5289 1330 5359 dignatus
1383 5304 1462 5351 es,
1513 5286 1808 5339 humiliter
1869 5285 2099 5338 obsecro

412 5378 860 5431 misericordiam
911 5382 1065 5431 tuam
1097 5384 1157 5430 ut
1186 5392 1301 5429 non
1342 5376 1413 5428 sit
1440 5375 1507 5428 ad
1559 5374 1842 5444 judicium
1893 5374 2101 5426 animas

411 5479 583 5529 meae;
642 5471 871 5534 prtesta,
921 5481 1140 5535 quaeso,
1191 5463 1451 5529 Domine,
1493 5461 1911 5532 indulgentiam
1960 5460 2101 5514 mihi

2208 4301 2339 4338 mur
2370 4292 2431 4338 ut
2460 4286 2739 4339 famulum
2775 4292 2936 4339 tuum
2972 4287 3034 4339 N.
3068 4286 3135 4339 de
3177 4292 3271 4338 tua
3306 4287 3691 4340 misericordia
3720 4282 3867 4337 conti-

2206 4373 2457 4439 dentem,
2518 4373 2731 4428 caelesti
2763 4379 3026 4442 protegas
3080 4373 3363 4443 benignus
3394 4374 3631 4438 auxilio,
3677 4379 3729 4426 et
3754 4368 3867 4423 assi-

2208 4462 2319 4513 dua
2352 4461 2706 4530 protectione
2735 4478 3052 4525 conserves,
3093 4468 3151 4514 ut
3181 4462 3281 4514 tibi
3317 4463 3536 4532 jugiter
3573 4462 3864 4520 famulatur,

2207 4554 2263 4602 et
2292 4550 2463 4603 nullis
2495 4548 2908 4603 tentationibus
2939 4566 2971 4602 a
3004 4556 3056 4601 te
3088 4556 3403 4618 separetur.
3437 4551 3565 4603 Per.

2846 4658 3026 4724 Super
3045 4656 3262 4711 Oblata.

2282 4743 2480 4812 IIujus,
2514 4743 2773 4806 Domine,
2808 4759 3156 4813 quaesumus,
3199 4744 3409 4797 virtute
3462 4740 3732 4813 mysterii,
3772 4743 3862 4791 ets

2207 4830 2456 4900 propriis
2480 4846 2583 4883 nos
2616 4831 2827 4884 munda
2850 4830 3089 4895 delictis,
3122 4837 3179 4883 et.
3208 4831 3489 4884 famulum
3524 4839 3683 4885 tuum
3718 4828 3771 4881 Ν.
3808 4824 3863 4875 ab

2208 4918 2478 4972 omnibus
2510 4919 2733 4972 absolve
2760 4920 3023 4988 peccatis.
3062 4921 3187 4973 Per.

2918 5026 3091 5089 Prazfa
3100 5030 3117 5077 ἱ
3123 5027 3172 5078 ἰο
3182 5065 3191 5075 .

2284 5111 2341 5163 D.
2383 5116 2440 5163 et
2484 5110 2699 5179 justum
2743 5116 2847 5169 est,
2895 5127 3079 5179 usque,
3124 5117 3336 5164 aaterue
3380 5111 3546 5164 Deus.
3584 5110 3861 5177 Imploran-

2210 5206 2295 5252 tes
2326 5203 2437 5251 tuae
2473 5199 2780 5268 majestatis
2825 5199 3299 5264 misericordiam,
3344 5205 3403 5252 ut
3452 5199 3659 5252 famulo
3696 5203 3782 5249 tuo
3809 5192 3861 5246 N.

2210 5286 2431 5338 veniam
2462 5303 2693 5340 suorum
2728 5287 2927 5356 largiri
2974 5288 3228 5356 digneris
3282 5294 3674 5357 peccatorum;
3717 5290 3772 5335 ut
3805 5278 3861 5332 ab

2213 5374 2482 5427 omnibus
2534 5375 2753 5428 inimici
2795 5376 3029 5429 vinculis
3073 5376 3365 5442 liberatus,
3410 5377 3524 5429 tuis
3571 5381 3683 5427 toto
3722 5368 3861 5425 corde

2210 5459 2491 5513 inhaereat
2521 5461 2824 5515 mandatis.
2862 5462 2924 5515 Et
2951 5466 3007 5514 te
3054 5462 3239 5514 solum
3275 5477 3503 5532 semper
3540 5464 3648 5514 tota
3684 5458 3858 5509 virtute
