4078 6180
189 225 291 278 8‘29

189 366 414 437 diligat,
452 374 509 422 et
537 370 604 422 ad
640 376 753 423 tua:
805 371 1153 442 quandoque
1185 371 1557 427 beatitudinis
1604 371 1882 425 visionem
1924 374 1967 425 Α

188 457 494 526 pervenire
530 463 835 512 mereatur.
871 460 996 512 Per.

757 566 882 618 Post
912 566 1322 620 Commnionem.

264 651 578 705 Puriﬁceut
636 668 761 718 nos,
816 654 1076 720 Domine,
1139 670 1488 724 quaesumus,
1535 660 1888 708 sacramenta

190 756 321 810 quas
371 741 741 812 sumpsimus,
792 747 850 795 et
881 743 1161 797 famulum
1200 749 1362 797 tuum
1414 745 1483 797 ab
1515 746 1671 797 omni
1722 745 1889 815 culpa

191 829 469 900 liberum?
510 846 630 883 esse
694 830 960 898 concede,
1025 836 1085 883 ut
1137 832 1235 901 qui
1294 833 1659 885 conscientiae
1723 838 1885 885 reatu

191 918 628 988 constringitur,
696 919 933 972 cmlestis
981 919 1219 973 remedii
1274 920 1633 989 plenitudine
1673 920 1889 989 glorie-

193 1011 303 1060 tur.
342 1009 448 1061 Per
483 1007 807 1061 Dominum.

956 1098 1124 1152 LXIX.

742 1218 895 1257 ΙΤΕΜ
946 1218 1091 1257 ΑιιΑ
1144 1217 1355 1258 MISSA.

266 1308 647 1376 Omnipotens
698 1309 1048 1377 sempiterna
1118 1311 1281 1374 Deus,
1340 1309 1609 1363 miserere
1672 1308 1890 1363 famulo

192 1401 294 1452 tuo
329 1398 393 1450 N.
428 1402 483 1451 et
509 1396 693 1465 dirige
729 1413 862 1450 eum
899 1398 1211 1451 secundum
1250 1403 1405 1450 tuam
1438 1398 1800 1451 clementiam
1833 1398 1890 1452 in

195 1486 349 1539 viam
370 1485 568 1538 salutis
594 1493 843 1551 interna,
878 1491 939 1537 ut
978 1492 1034 1539 te
1080 1486 1353 1549 donante,
1399 1485 1502 1538 tibi
1552 1486 1755 1554 placita
1786 1502 1891 1539 cu-

192 1574 340 1644 piat,
376 1576 431 1627 et
461 1578 577 1630 tota
605 1573 813 1627 virtute
842 1572 1116 1643 perﬁciat.
1152 1576 1259 1627 Per
1294 1574 1621 1628 Dominum.

339 1681 517 1734 Lectio
550 1680 802 1748 Epistolas
834 1681 891 1733 B.
930 1680 1095 1733 Pauli
1123 1680 1355 1746 apostoli
1387 1680 1460 1732 ad
1490 1680 1739 1733 Galatas.

267 1770 510 1832 Fratres,
562 1767 609 1820 si
667 1774 1097 1837 praeoccupatus
1140 1768 1315 1821 fuerit
1371 1769 1543 1820 homo
1589 1768 1647 1818 in
1694 1768 1887 1836 aliquo

193 1857 424 1921 delicto,
450 1873 567 1922 vos,
596 1856 695 1926 qui
722 1857 1047 1925 spirituales
1075 1857 1227 1919 estis,
1261 1858 1523 1910 instruite
1555 1856 1887 1925 hujusmodi

193 1944 252 1997 in
286 1949 496 2013 spiritu
529 1945 1006 1997 mansuetudinis.

391 2050 572 2104 Lectio
601 2054 776 2105 sancti
799 2052 1086 2118 Evangelii
1114 2051 1405 2105 secundum
1431 2053 1707 2105 Joannem.

264 2141 329 2193 In
362 2139 462 2193 illo
492 2145 771 2209 tempore,
805 2140 1108 2193 sublevatis
1138 2140 1301 2193 Jesus
1334 2140 1509 2193 oculis
1558 2141 1615 2191 in
1657 2140 1887 2205 cmlum,

192 2228 340 2282 dixit
375 2245 387 2281 :
423 2230 607 2293 Pater,
661 2244 815 2281 nunc
866 2229 934 2281 ad
994 2235 1048 2281 te
1077 2228 1267 2293 venio,
1299 2233 1355 2281 et
1414 2229 1533 2280 haec
1589 2229 1793 2297 loquor
1828 2228 1889 2279 in

193 2316 434 2378 mundo,
490 2322 555 2370 ut
603 2316 851 2370 habeant
897 2316 1172 2386 gaudium
1232 2331 1423 2369 meum
1476 2316 1776 2384 impletum
1830 2315 1887 2367 in

192 2403 534 2473 semetipsis.

929 2494 1161 2548 Secreta.

268 2581 556 2643 Proﬁciat,
591 2598 941 2652 quazsumus,
979 2581 1241 2640 Domine,
1296 2582 1418 2633 haec
1448 2580 1658 2633 oblatio
1714 2596 1888 2650 quam

191 2674 309 2722 tua:
366 2670 652 2739 simplices
710 2669 1000 2723 offerimus
1055 2668 1358 2735 majestati,
1413 2669 1479 2720 ad
1532 2669 1772 2721 salutem
1816 2668 1891 2721 fa-

191 2758 339 2811 muli
370 2758 453 2810 tui
492 2759 559 2811 N.
616 2765 679 2811 nt
710 2764 804 2811 tua
851 2758 1207 2827 providentia
1255 2758 1378 2825 ejus
1430 2757 1538 2809 vita
1586 2756 1737 2809 inter
1789 2757 1887 2809 ad-

194 2862 359 2899 versa
384 2852 440 2899 et
471 2862 743 2915 prospera
772 2846 982 2916 ubique
1015 2845 1317 2915 dirigatur.
1352 2847 1479 2899 Per.

759 2954 879 3006 Post
908 2953 1297 3007 Commnionem
1311 2991 1324 3005 .

262 3040 585 3104 Sumeutes,
622 3039 879 3104 Domine,
931 3046 1220 3110 perpetuae
1265 3043 1617 3093 sacramenta
1667 3039 1884 3103 salutis,

188 3134 350 3182 tuam
386 3129 764 3198 deprecamur
814 3128 1201 3194 clementiam,
1238 3134 1298 3180 ut
1346 3145 1448 3197 per
1496 3145 1561 3181 ea
1603 3127 1884 3181 famulum

188 3221 356 3269 tuum
387 3216 450 3269 N.
490 3216 559 3269 ab
591 3215 749 3269 omni
798 3216 1137 3270 adversitate
1192 3220 1477 3287 protegas.
1536 3217 1642 3271 Per
1693 3214 1883 3269 Domi-

186 3320 333 3357 num
368 3309 651 3357 nostrum.

967 3393 1118 3445 Alia.

266 3466 567 3534 Famnlum
599 3486 784 3546 tuum,
827 3496 1179 3551 quaesumus,
1227 3478 1490 3541 Domine,
1525 3483 1625 3533 tua
1663 3494 1890 3550 semper

187 3568 551 3640 protectione
590 3568 829 3636 custodi,
863 3574 928 3623 ut
970 3568 1151 3622 libera
1195 3567 1297 3621 tibi
1346 3572 1536 3621 mente
1585 3568 1884 3631 deserviat,

189 3663 248 3711 et
281 3664 337 3723 te
362 3661 722 3728 protegente,
745 3673 777 3711 a
804 3658 967 3711 malis
998 3657 1266 3711 omnibus
1296 3658 1369 3710 sit
1399 3672 1649 3710 securus.
1689 3658 1811 3710 Per.

973 3765 1113 3818 LXX.

858 3884 1009 3923 ITEM
1059 3884 1229 3923 ALIA.

258 3977 497 4039 Adesto,

183 4066 339 4118 hanc
369 4063 571 4118 famuli
601 4064 685 4117 tui
718 4065 783 4118 N.
816 4064 1166 4117 oblationem
1199 4064 1484 4132 benignus
1530 4081 1774 4127 assume,
1828 4071 1890 4119 ut

183 4153 289 4222 qui
319 4153 596 4206 auxilium
635 4159 748 4206 tua:
781 4152 1166 4206 miserationis
1216 4152 1511 4222 implorat,
1544 4158 1601 4206 et
1638 4154 1887 4207 sanctifi-

182 4240 439 4295 cationis
469 4241 712 4308 gratiam
743 4240 1042 4310 percipiat,
1073 4244 1129 4294 et
1159 4256 1287 4311 qua:
1327 4240 1421 4309 pie
1465 4246 1732 4310 precatur
1779 4243 1881 4296 ob-

182 4330 397 4384 tineat.
432 4328 553 4381 Per.

583 3976 843 4042 Domine,
929 3974 1446 4045 supplicationibus
1515 3975 1746 4041 nostris,
1834 3982 1891 4030 et

928 4418 1159 4471 Secreta.

261 4508 436 4560 Grata
471 4506 575 4558 tibi
604 4506 695 4565 sit,
728 4503 989 4566 Domine,
1028 4505 1150 4557 haec
1193 4504 1406 4558 oblatio
1455 4486 1656 4558 famuli
1686 4506 1766 4558 tui
1824 4506 1886 4559 N.

180 4607 371 4664 quam
404 4592 506 4644 tibi
551 4590 844 4645 offerimus
878 4592 937 4645 in
969 4592 1245 4646 honorem
1293 4592 1446 4646 beati
1499 4594 1562 4646 N.
1626 4595 1891 4661 martyris

178 4682 306 4747 tui;
344 4695 674 4750 quaesumus
706 4686 768 4733 ut
792 4679 979 4733 eidem
1010 4680 1272 4749 proﬁciat
1300 4682 1371 4739 ad
1397 4681 1656 4735 salutem.
1690 4683 1815 4735 Per.

814 4788 973 4852 Infra
1004 4788 1286 4841 actionem.

261 4876 424 4928 Hanc
480 4874 657 4941 igitur
701 4874 1075 4941 oblationem,
1124 4891 1297 4945 quam
1330 4875 1431 4929 tibi
1461 4876 1754 4930 offerimus
1786 4893 1888 4945 pro

178 4960 413 5015 famulo
446 4964 547 5011 tuo
579 4958 638 5010 N.
678 4965 741 5011 ut
798 4959 1053 5012 omnium
1108 4965 1467 5029 peccatorum
1515 4977 1748 5014 suorum
1791 4978 1881 5014 ve-

178 5048 354 5101 niam
384 5045 660 5114 consequi
700 5052 1009 5111 mereatur,
1045 5062 1395 5117 quaesumus,
1453 5048 1713 5115 Domine,
1760 5050 1891 5116 pla-

175 5141 351 5190 catus
402 5132 666 5203 accipias,
719 5138 775 5187 et
817 5134 1195 5187 miserationis
1241 5139 1354 5188 tua:
1398 5135 1657 5205 largitate
1698 5152 1892 5189 conce-

177 5225 311 5287 das,
368 5225 433 5273 ut
488 5220 587 5274 ﬁat
643 5221 694 5273 ei
752 5222 817 5275 ad
872 5222 1093 5275 veniam
1162 5223 1500 5276 delictorum
1554 5230 1609 5277 et
1658 5230 1889 5278 actuum

176 5310 687 5374 emendationem,
731 5316 794 5363 ut
824 5316 879 5363 et
934 5311 1026 5364 hic
1072 5313 1255 5364 valeat
1287 5312 1430 5365 bene
1475 5312 1683 5375 vivere,
1738 5318 1792 5365 et
1822 5313 1889 5366 ad

176 5404 470 5453 mternam
524 5398 936 5451 beatitudinem
986 5398 1225 5453 feliciter
1268 5400 1586 5469 pervenire.
1646 5401 1889 5472 Diesque

176 5491 443 5540 nostros.

1448 233 1655 298 LIBER
1694 234 2335 293 SACRAMENTORUM.

3590 241 3693 292 830

2569 372 2751 426 AdCo
2767 371 3111 442 mplendum.

2068 460 2246 529 Hujus
2282 499 2296 524 ,
2332 460 2590 524 Domine,
2652 477 3000 529 qumsumus,
3048 461 3259 513 virtute
3316 461 3568 531 mysterii
3634 466 3689 515 et

1996 565 2029 601 a
2068 548 2314 617 propriis
2345 547 2692 600 mundemur
2731 548 2985 613 occultis,
3023 554 3076 600 et
3100 550 3377 601 famulum
3409 555 3572 601 tuum
3620 549 3684 603 N.

1997 635 2070 688 ab
2102 634 2368 688 omnibus
2400 635 2629 687 absolve
2662 636 2926 704 peccatis.
2964 638 3088 690 Per.

2760 758 2929 812 LXXI.

2339 878 2528 918 HISSA
2578 878 2695 917 PRO
2740 878 2982 917 SALUTE
3028 879 3347 919 VIVORUM.

2070 952 2389 1019 Praetende,
2428 952 2686 1018 Domine,
2741 953 2970 1025 famulis
3002 960 3058 1006 et
3106 954 3426 1007 famulabus
3476 953 3587 1007 tuis
3620 955 3681 1007 N.

2000 1041 2291 1095 dexteram
2322 1042 2563 1109 cmlestis
2615 1041 2830 1105 auxilii,
2869 1048 2930 1094 ut
2968 1046 3021 1093 te
3072 1046 3189 1093 tolo
3236 1042 3403 1095 corde
3458 1043 3686 1111 perqui-

2000 1136 2147 1195 rant,
2182 1136 2239 1183 et
2268 1146 2395 1200 quas
2429 1130 2599 1200 digne
2643 1130 2937 1199 postulant
2966 1137 3363 1199 assequautur.
3422 1132 3528 1184 Per
3575 1134 3685 1185 Do-

2002 1219 2225 1271 minum
2261 1224 2539 1271 nostrum.

2729 1306 2960 1361 Secreta.

2072 1394 2411 1464 Propitiare,
2481 1394 2742 1461 Domine,
2798 1393 3313 1463 supplicationibus
3362 1393 3593 1459 nostris,
3635 1398 3690 1447 et

2000 1482 2101 1535 has
2140 1482 2458 1535 oblationes
2507 1482 2855 1535 famulorum
2914 1484 3376 1552 famularumque
3431 1489 3684 1547 tuarum,

2001 1587 2143 1641 quas
2175 1571 2276 1624 tibi
2327 1587 2430 1641 pro
2478 1571 2869 1624 incolumitate
2924 1587 3121 1624 eorum
3163 1571 3477 1635 offerimus,
3526 1570 3689 1624 beni-

1928 1669 1967 1721 B
2000 1675 2148 1728 gnus
2177 1675 2425 1728 assume,
2460 1666 2516 1712 et
2558 1666 2617 1712 ut
2656 1660 2867 1713 nullius
2925 1660 2996 1712 sit
3051 1660 3274 1713 irritum
3315 1666 3533 1723 votum,
3567 1660 3688 1712 nul-

1996 1749 2107 1801 lius
2158 1764 2331 1801 vacua
2381 1749 2717 1818 postulatio,
2776 1754 3000 1817 praesta,
3053 1763 3399 1817 quaesumus,
3454 1753 3514 1799 ut
3553 1764 3681 1817 quae

1995 1835 2243 1890 ﬁdeliter
2270 1836 2515 1906 petimus
2545 1837 2850 1889 efﬁcaciter
2879 1852 3317 1905 consequamur.
3350 1836 3471 1888 Per.

2578 1925 2670 1977 Ad
2703 1924 3125 1993 Complcudurn.}

2069 2012 2147 2064 Du
2179 2012 2406 2065 famulis
2438 2016 2495 2065 et
2524 2012 2844 2065 famulabus
2874 2012 3390 2081 tuis,§quaesnmus,
3429 2011 3683 2077 Domine,

1998 2100 2056 2153 in
2090 2107 2188 2153 tua
2240 2100 2347 2154 ﬁde
2389 2106 2445 2153 et
2486 2101 2811 2153 sinceritate
2864 2101 3263 2164 constantiam,
3301 2105 3362 2152 ut
3398 2100 3456 2151 in
3501 2100 3686 2152 chari-

1999 2194 2112 2243 tate
2142 2190 2335 2243 divina
2360 2189 2610 2255 formati,
2644 2189 2817 2242 nullis
2850 2188 3264 2242 tentationibus
3295 2188 3363 2241 ab
3398 2188 3518 2257 ejus
3547 2187 3688 2241 inte-

1998 2279 2202 2347 gritate
2235 2278 2535 2331 vallantur.
2572 2278 2678 2331 Per
2707 2277 3034 2331 Dominum.

2746 2393 2941 2446 LXXII.

2208 2517 2358 2555 ῙΤΕΜ
2408 2516 2554 2555 ALIA
2606 2515 2795 2554 MlSSA
2842 2515 2959 2554 PRO
3007 2514 3488 2553 FAMILIARIBUS.

2073 2599 2239 2661 Deus,
2273 2597 2372 2667 qui
2403 2597 2691 2650 charitatis
2724 2597 2870 2649 dona
2904 2612 3004 2665 per
3035 2596 3274 2663 gratiam
3306 2595 3485 2648 sancti
3514 2593 3689 2665 Spiri-

1997 2689 2088 2738 tus
2118 2688 2366 2749 j‘tnorum
2422 2685 2685 2738 cordibus
2724 2685 2979 2737 ﬁdelium
3030 2684 3307 2747 infudisti,
3341 2684 3412 2736 da
3463 2682 3690 2735 famulis

1999 2774 2132 2837 tuis,
2166 2791 2269 2844 pro
2319 2775 2525 2844 quibus
2573 2781 2729 2827 tuam
2765 2774 3139 2842 deprecamur
3185 2772 3566 2835 clementiam,
3599 2786 3687 2822 sa-

1998 2863 2177 2916 lutem
2214 2864 2419 2915 mentis
2450 2867 2505 2915 et
2534 2862 2808 2931 corporis,
2838 2867 2899 2913 ut
2932 2866 2984 2913 te
3013 2866 3133 2913 tota
3179 2860 3383 2912 virtute
3424 2859 3686 2924 diligant,

1931 2960 1970 3013 (ζ
2000 2956 2056 3003 et
2080 2966 2207 3019 quae
2261 2949 2364 3002 tibi
2404 2950 2611 3019 placita
2658 2955 2810 3012 sunt,
2856 2953 2977 3000 tota
3025 2947 3327 3000 dilectione
3368 2946 3684 3015 perﬁciant.

2000 3039 2107 3091 Per
2139 3038 2447 3091 Dominum
2483 3043 2763 3090 nostrum.

2136 3147 2314 3200 Lectio
2342 3146 2594 3213 Epistolas
2624 3144 2692 3196 Β.
2728 3143 2884 3197 Pauli
2903 3143 3137 3210 apostoli
3161 3142 3236 3195 ad
3260 3144 3542 3197 Romanos.

2072 3235 2313 3299 Fratres,
2349 3232 2594 3303 Spiritus
2632 3237 2824 3285 autem
2871 3232 3100 3300 adjuvat
3140 3230 3531 3284 inﬁrmitatem
3584 3246 3686 3284 uo-

1997 3328 2192 3375 stram.

2174 3430 2355 3484 Lectio
2384 3431 2559 3483 sancti
2589 3429 2877 3494 Evangelii
2905 3428 3196 3482 secundum
3223 3430 3505 3484 Joannem.

2067 3516 2383 3571 Sublevatis
2411 3517 2570 3570 Jesus
2593 3517 2771 3571 oculis
2802 3518 2857 3570 in
2881 3517 3106 3578 caslum,
3125 3517 3302 3571 dixit:
3329 3518 3511 3577 Pater,
3542 3532 3687 3586 quos

1999 3606 2203 3660 dedisti
2237 3606 2379 3660 mihi
2414 3607 2539 3659 volo
2576 3611 2639 3659 ut
2666 3606 2764 3659 ubi
2795 3622 2901 3676 ego
2934 3622 3080 3671 sum,
3105 3611 3161 3657 et
3191 3605 3275 3659 illi
3304 3605 3418 3658 siut
3440 3620 3682 3658 mecum.

2631 3714 2804 3781 Super
2834 3715 3049 3769 Oblata.

2071 3800 2352 3863 Miserere,
2392 3816 2742 3869 quaesumus,
2797 3800 3034 3853 Domine
3070 3801 3236 3864 Deus,
3288 3798 3518 3852 famulis
3550 3798 3681 3863 tuis,

1998 3904 2103 3957 pro
2161 3888 2368 3957 quibus
2426 3887 2532 3940 hoc
2585 3887 2925 3940 sacriﬁcium
2989 3887 3171 3941 laudis
3221 3893 3332 3940 tua:
3392 3885 3686 3941 offerimus

2001 3976 2303 4046 majestati,
2350 3981 2411 4029 ut
2442 3991 2543 4044 per
2582 3975 2700 4028 haec
2757 3979 2948 4028 sancta
3003 3990 3262 4045 superna:
3315 3973 3687 4027 beatitudinis

2000 4065 2240 4131 gratiam
2273 4065 2585 4127 obtineant,
2622 4070 2678 4116 et
2708 4064 2947 4133 gloriam
2978 4063 3347 4117 beatitudinis
3366 4062 3682 4134 acquirant.

2000 4155 2106 4207 Per
2140 4155 2465 4207 Dominum.

2694 4243 2979 4307 Praefatio.

2072 4331 2134 4384 D.
2168 4336 2225 4383 et
2248 4330 2469 4399 justum
2527 4334 2631 4395 est,
2689 4345 2876 4398 usque,
2936 4335 3148 4382 aeterne
3206 4330 3371 4382 Deus.
3425 4328 3687 4382 Clemen-

1997 4417 2136 4471 tiam
2168 4425 2324 4472 tuam
2356 4419 2551 4488 pronis
2583 4419 2868 4471 mentibus
2919 4419 3300 4480 obsecrantes,
3351 4424 3414 4469 ut
3442 4417 3689 4469 famulos

1999 4513 2147 4573 tuos,
2178 4523 2321 4575 quos
2353 4523 2527 4560 sacrae
2559 4507 2879 4559 dilectionis
2920 4506 3081 4558 nobis
3115 4506 3503 4558 familiaritate
3551 4521 3687 4559 cou-

1991 4595 2250 4663 junxisti.
2285 4594 2385 4646 tibi
2417 4594 2588 4646 facias
2616 4597 2735 4646 toto
2766 4594 2931 4646 corde
2959 4595 3261 4661 subjectos,
3296 4599 3358 4646 ut
3388 4599 3500 4646 tua!
3553 4594 3687 4646 cha-

1998 4683 2182 4736 ritatis
2212 4682 2415 4750 spiritu
2442 4681 2664 4750 repleti,
2718 4697 2748 4732 a
2781 4682 3022 4733 terrenis
3062 4682 3412 4734 mundentur
3459 4681 3687 4750 cupidi-

1996 4771 2227 4836 tatibus,
2261 4776 2315 4823 et
2375 4771 2589 4823 cmlesti
2650 4770 3023 4834 beatitudine,
3079 4776 3133 4823 te
3194 4771 3458 4832 donante,
3522 4770 3685 4841 digni

1998 4860 2337 4913 efﬁciantur.
2372 4860 2478 4911 Per
2509 4848 2798 4912 Christum
2836 4859 3157 4912 Dominum.

2536 4965 2665 5018 Post
2690 4966 3147 5020 Communionem.

2075 5052 2270 5107 Divina
2316 5052 2556 5106 libantes
2588 5055 2876 5124 mysteria,
2915 5070 3267 5123 quassumns,
3316 5054 3572 5121 Domine,
3622 5058 3686 5109 ut

2000 5144 2118 5196 11830
2148 5143 2418 5197 salutaria
2448 5150 2805 5197 sacramenta
2845 5144 2955 5197 illis
2996 5144 3297 5213 proﬁciant
3339 5145 3407 5196 ad
3442 5160 3684 5213 prospe-

1998 5229 2222 5280 ritatem
2279 5234 2333 5280 et
2370 5243 2583 5297 pacem,
2624 5246 2726 5298 pro
2778 5247 3021 5300 quorum
3078 5230 3380 5283 dilectione
3414 5231 3534 5283 haec
3573 5236 3686 5286 tua:

1998 5314 2311 5368 obtulimus
2338 5318 2643 5386 majestati.
2681 5319 2803 5371 Per.

2767 5406 2916 5458 Alia.

2070 5491 2236 5556 Deus,
2288 5492 2387 5561 qui
2434 5493 2753 5563 supplicum
2800 5497 3026 5546 tuorum
3086 5496 3209 5546 vota
3242 5508 3346 5562 per
3400 5492 3690 5548 charitatis
