4078 6180
394 252 486 308 831
1520 247 1857 301 GRIMALDI
1898 246 2413 302 SANGALLENSIS
2450 246 2742 303 ABBATIS
3760 248 3852 302 83!

394 384 573 439 ofticia
610 386 894 455 suscipere
952 382 1226 452 dignaris,
1274 380 1345 434 da
1401 380 1627 433 famulis
1676 380 1789 433 tuis
1835 381 1899 435 N.
1938 384 1994 434 et
2023 380 2087 435 N.
2130 384 2175 434 A
2205 380 2403 434 famuli
2430 381 2513 434 tui
2546 382 2608 434 N.
2642 380 2702 434 in
2732 380 2931 434 salutis
2964 385 3074 435 tuae
3100 380 3480 451 prosperitate
3527 380 3773 451 dispone,
3801 388 3853 435 ut

395 472 455 527 in
482 479 578 527 tua
607 473 881 544 proiicere
909 471 1235 534 dilectione,
1284 474 1344 522 ut
1372 468 1476 522 tibi
1524 485 1722 522 secura
1761 473 1949 522 mente
1980 469 2083 522 de-

394 560 664 625 serviant,
695 566 751 612 et
781 559 837 611 in
870 564 968 611 tua
998 574 1135 627 pace
1167 574 1393 626 semper
1423 559 1683 610 assistere
1733 564 2079 612 mereantur.

396 650 501 702 Per
533 648 835 702 Dominum
864 651 1143 699 nostrum.

1132 768 1354 823 LXXIII.

490 873 683 928 MISSA
724 873 862 927 PRO
903 874 1169 928 ABBATE
1211 874 1337 927 νει
1378 874 1990 929 CONGBEGATIONE.

468 979 608 1051 [eno
656 994 957 1034 sriscoro
1005 995 1119 1034 νει,
1174 994 1415 1035 POPULO
1461 996 1589 1034 SIBI
1635 980 2009 1053 couuisso.]

461 1085 838 1153 Omnipotens
873 1084 1220 1154 sempiterna
1271 1086 1439 1149 Deus,
1469 1086 1565 1154 qui
1610 1086 1746 1139 facis
1800 1086 2085 1139 mirabilia

392 1190 599 1243 magna
622 1174 795 1239 solus,
826 1174 1118 1243 praetende
1150 1190 1322 1243 super
1352 1174 1630 1227 famulum
1678 1181 1840 1228 tuum
1878 1176 1940 1228 Ν.
1980 1176 2079 1229 ab-

389 1263 605 1324 batem,
655 1264 741 1315 vel
791 1278 961 1331 super
1004 1262 1513 1331 congregationem
1574 1263 1656 1315 illi
1715 1264 2083 1318 commissam

392 1350 746 1420 [episcopum
782 1350 867 1401 vel
908 1365 1082 1417 super
1128 1350 1352 1418 plebem
1407 1350 1489 1402 illi
1537 1351 1943 1421 commissam],
1975 1351 2084 1422 spi-

390 1439 562 1493 ritum
603 1438 803 1509 gratia:
835 1438 1117 1502 salutaris,
1151 1442 1205 1489 et
1236 1444 1296 1489 ut
1332 1441 1387 1490 in
1426 1439 1657 1492 veritate
1688 1439 1791 1492 tibi
1833 1442 2081 1509 compla-

390 1532 571 1593 ceant,
625 1531 967 1596 perpetuum
1008 1526 1090 1578 eis
1134 1542 1322 1578 rorem
1374 1533 1487 1580 tute
1541 1526 1957 1581 benedictionis
1996 1528 2078 1581 in-

390 1615 579 1670 funde.
614 1616 739 1669 Per.

1026 1704 1199 1771 Super
1228 1703 1439 1758 Oblata.

462 1791 706 1853 Hostias,
744 1791 1003 1857 Domine,
1038 1791 1385 1845 famulorum
1420 1796 1653 1845 tuorum
1702 1794 1959 1861 placatus
1988 1792 2076 1845 in-

388 1881 578 1945 tende,
612 1885 667 1933 et
697 1896 837 1950 quas
867 1880 926 1933 in
959 1880 1234 1933 honorem
1270 1879 1516 1932 nominis
1546 1881 1630 1932 tui
1658 1880 1859 1933 devota
1889 1884 2080 1933 mente

386 1985 490 2040 pro
522 1969 602 2023 eis
639 1968 1015 2034 celebramus,
1069 1970 1346 2033 proiicere
1401 1968 1509 2021 sibi
1558 1968 1805 2022 sentiant
1847 1968 1915 2022 ad
1960 1984 2079 2022 me-

388 2059 595 2113 delam.
630 2059 755 2111 Per.

933 2148 1055 2200 Post
1084 2147 1534 2201 Communionem.

457 2233 608 2297 Quos
649 2233 862 2287 caalesti
908 2250 1126 2287 recreas
1179 2249 1417 2286 munere
1466 2238 1765 2303 perpetuo,
1816 2234 2075 2301 Domine,

387 2322 656 2375 comitare
701 2321 998 2392 prasidio;
1039 2328 1093 2375 et
1135 2337 1277 2391 quos
1312 2323 1499 2374 fovere
1540 2338 1653 2374 non
1709 2321 1941 2387 desinis,
1994 2323 2077 2376 di-

388 2426 529 2479 gnos
560 2410 684 2463 ﬁeri
716 2410 1060 2479 sempiterna
1091 2409 1486 2478 redemptione
1508 2410 1777 2463 concede.
1810 2411 1935 2463 Per.

1124 2534 1340 2588 LXXIV.

572 2652 915 2693 ORATH)IN
967 2654 1380 2693 MONASTERIO
1428 2654 1893 2694 HONACHORUM.

459 2743 625 2807 Deus,
658 2743 754 2811 qui
784 2743 1246 2797 renuntiautibus
1278 2745 1485 2797 saeculo
1522 2745 1877 2798 mansionem
1912 2762 2076 2816 paras

384 2830 443 2884 in
464 2831 637 2895 caelo,
688 2830 860 2883 dilata
900 2837 1092 2884 sancta
1140 2833 1309 2901 hujus
1360 2834 1816 2903 congregationis
1854 2840 2074 2904 tempo-

2194 469 2343 522 inter
2373 485 2574 523 omnes
2604 469 2708 522 via:
2749 474 2804 522 et
2831 469 2962 522 vitae
3013 470 3179 539 hujus
3235 470 3551 535 varietates,
3611 475 3703 522 tuo
3729 486 3854 524 sem-

2194 572 2294 627 per
2326 561 2658 627 protegatur
2687 556 2916 610 auxilio.
2955 558 3059 609 Per
3095 557 3420 610 Dominum.

2919 646 3151 699 Secreta.

2265 732 2602 801 Propitiare,
2660 732 2923 797 Domine,
2974 732 3490 801 supplicationibus
3546 732 3768 798 nostris,
3812 740 3859 788 et

2194 821 2294 874 has
2323 820 2643 873 oblationes
2675 836 2816 890 quas
2849 820 2954 873 tibi
2986 821 3277 873 otferimus
3307 836 3411 890 pro
3441 820 3651 874 famulo
3682 827 3772 875 tuo
3803 823 3856 875 N.

2192 910 2475 979 benignus
2506 924 2751 974 assume,
2785 914 2847 961 ut
2874 908 3023 961 viam
3057 909 3208 961 illius
3253 916 3309 961 et
3353 908 3707 978 praecedente
3753 926 3861 978 gra-

2192 997 2270 1050 tia
2301 1002 2396 1049 tua
2427 996 2659 1065 dirigas,
2693 1003 2749 1049 et
2778 996 3162 1065 subsequente
3195 996 3467 1049 comitare
3508 995 3771 1066 digneris,
3810 1002 3863 1049 ut

2192 1085 2261 1139 de
2302 1091 2429 1138 actu
2477 1091 2650 1154 atque
2691 1084 3086 1137 incolumitate
3136 1086 3256 1153 ejus
3302 1084 3612 1136 secundum
3662 1084 3862 1137 miseri-

2193 1172 2404 1226 cordiae
2435 1178 2547 1226 tute
2582 1172 2847 1243 praesidia
2869 1177 3241 1242 gaudeamus.
3273 1174 3381 1226 Per
3413 1171 3737 1226 Dominum.

2895 1262 3179 1326 Praefatio.

2265 1350 2327 1402 D.
2367 1353 2421 1401 et
2440 1348 2669 1418 justum
2697 1352 2799 1414 est,
2834 1364 3022 1415 usque,
3057 1356 3270 1401 aeterne
3322 1350 3486 1401 Deus.
3538 1352 3584 1400 Α
3632 1364 3743 1417 quo
3770 1348 3858 1400 de-

2192 1438 2365 1504 viare,
2400 1438 2578 1503 mori;
2630 1453 2821 1490 coram
2855 1455 2968 1507 quo
3002 1438 3317 1499 ambulare,
3370 1436 3557 1489 vivere
3604 1441 3727 1489 est:
3771 1434 3864 1499 Qui

2193 1526 2387 1579 fideles
2421 1531 2547 1579 tuos
2578 1526 2636 1579 in
2681 1532 2777 1579 tua
2807 1528 2895 1580 via
2942 1526 3194 1591 deducis,
3247 1530 3303 1577 et
3345 1524 3713 1577 miseratione
3760 1539 3866 1593 gra-

2191 1614 2423 1668 vissima
2453 1614 2511 1668 in
2546 1616 2842 1669 veritatem
2892 1615 3136 1668 inducis.
3188 1613 3296 1678 Qui
3325 1614 3591 1677 Abrahae,
3646 1614 3792 1667 Isaac
3819 1617 3866 1665 et

2189 1703 2380 1768 Jacob,
2444 1704 2505 1756 in
2562 1704 2860 1774 praesentis
2909 1703 3037 1756 vita!
3077 1707 3132 1758 et
3174 1703 3278 1755 viae
3327 1702 3633 1765 curriculo,
3675 1706 3862 1765 custos,

2191 1792 2303 1844 dux
2352 1797 2408 1844 et
2459 1808 2651 1845 comes
2696 1808 2817 1845 esse
2867 1791 3114 1858 voluisti,
3169 1796 3225 1845 et
3280 1791 3494 1845 famulo
3546 1795 3647 1843 tuo
3694 1789 3863 1843 Tobie

2190 1882 2456 1951 angelum
2492 1880 2767 1950 praevium
2820 1879 3152 1949 praestitisti.
3188 1879 3360 1947 Cujus
3406 1879 3741 1931 immensam
3778 1877 3864 1929 mi-

2189 1969 2551 2021 sericordiam
2588 1968 2927 2021 humillimis
2960 1967 3221 2037 precibus
3251 1967 3653 2036 imploramus,
3678 1969 3740 2019 ut
3770 1967 3862 2018 iter

2187 2056 2386 2110 famuli
2417 2057 2497 2109 tui
2533 2058 2595 2111 N.
2621 2073 2750 2109 cum
2784 2056 2899 2109 suis
2932 2056 2989 2109 in
3015 2056 3392 2125 prosperitate
3416 2056 3688 2125 dirigere,
3720 2069 3859 2107 eum-

2188 2162 2298 2216 que
2342 2146 2490 2198 inter
2518 2147 2621 2198 vias
2651 2152 2707 2197 et
2737 2145 2866 2198 vitae
2914 2145 3085 2215 hujus
3115 2145 3412 2197 varietates
3459 2144 3715 2212 digneris
3758 2158 3862 2195 cus-

2186 2234 2397 2299 todire;
2435 2239 2717 2304 quatenus
2749 2234 3079 2302 angelorum
3115 2238 3344 2286 tuorum
3375 2232 3649 2302 praesidio
3681 2231 3859 2295 fultus,

2187 2322 2590 2375 intercessione
2639 2338 2867 2393 quoque
2904 2328 3227 2374 sanctorum
3270 2320 3547 2385 munitus,
3596 2338 3629 2373 a
3668 2320 3863 2373 cunctis

2187 2410 2622 2463 adversitatibus
2676 2417 2773 2463 tua
2833 2410 3197 2463 miseratione
3240 2410 3526 2475 defensus,
3577 2408 3861 2479 profectio-

2188 2498 2276 2551 nis
2307 2505 2361 2552 et
2402 2498 2741 2553 reversionis
2774 2515 2891 2551 suae
2942 2499 3211 2552 felicitate
3260 2498 3493 2568 potitus,
3546 2503 3606 2551 et
3648 2512 3862 2565 compos

2186 2587 2456 2641 reddatur
2497 2588 2784 2657 justorum
2834 2592 3122 2653 votorum,
3154 2591 3208 2641 et
3256 2587 3325 2640 de
3375 2602 3615 2639 suorum
3657 2586 3862 2640 laetetur

2188 2676 2523 2729 remissione
2556 2680 2939 2745 peccatorum.
2977 2677 3082 2728 Per
3108 2674 3393 2728 Christum
3422 2674 3752 2728 Dominum.

2768 2764 2862 2818 Ad
2891 2763 3289 2831 Complendum.

2258 2855 2403 2906 Deus
2431 2851 2669 2906 infinitae
2707 2852 3112 2905 misericordue
3135 2857 3189 2903 et
3210 2850 3524 2919 majestatis
3552 2850 3858 2911 immensae,

386 2918 501 2971 rale
535 2918 923 2973 habitaculum
970 2920 1294 2974 caelestibus
1342 2922 1529 2985 bonis,
1574 2928 1638 2974 ut
1680 2922 1949 2975 fraternae
1983 2930 2068 2976 te-
2112 2968 2152 3022 Ο
2184 2958 2357 3013 quem
2389 2957 2492 2994 nec
2523 2941 2705 3010 Spatia
2738 2943 3013 3004 locorum.
3049 2956 3149 2993 nec
3198 2940 3500 2993 intervalla
3548 2943 3859 3008 temporum

384 3012 628 3059 neantur
672 3007 1007 3077 compagine
1054 3008 1367 3074 cbaritalis,
1419 3008 1719 3063 unanimes
1764 3010 2067 3063 continen-

382 3093 477 3147 tia:
509 3101 790 3163 praecepta
820 3096 1165 3163 custodiant,
1198 3096 1391 3159 sobrii,
1442 3097 1730 3166 simplices
1783 3103 1838 3150 et
1870 3098 2070 3168 quieti,

382 3183 560 3251 gratis
591 3183 698 3235 sibi
720 3183 911 3237 datam
943 3185 1188 3252 gratiam
1217 3184 1386 3236 fuisse
1416 3191 1787 3254 cognoscant;
1836 3201 2072 3239 concor-

382 3270 479 3324 det
508 3271 739 3324 illorum
770 3272 883 3324 vita
914 3288 1042 3325 cum
1094 3272 1348 3337 nomine,
1384 3273 1652 3341 professio
1696 3274 1973 3327 sentiatur
2014 3276 2073 3328 in

384 3375 578 3429 opere.
614 3361 737 3413 Per.

1136 3448 1320 3501 LXXV.

471 3566 708 3606 ORATIO
756 3567 872 3607 PRO
914 3566 1272 3607 FRATRIBUS
1318 3568 1383 3606 IN
1430 3568 1537 3607 VIA
1589 3568 1988 3610 DIRIGENDIS.

459 3657 605 3710 Deus
672 3657 770 3727 qui
825 3658 1201 3727 diligentibus
1262 3664 1340 3720 te,
1410 3658 1856 3714 misericordiam
1918 3668 2072 3715 tuam

382 3760 608 3815 semper
633 3746 941 3814 impendis,
970 3754 1027 3800 et
1058 3765 1090 3799 a
1122 3747 1501 3801 servientibus
1557 3748 1681 3813 tibi,
1720 3748 1781 3801 in
1826 3751 1980 3803 nulla
2014 3768 2073 3803 es

382 3832 613 3901 regione
642 3833 1013 3903 longinquus,
1050 3834 1233 3902 dirige
1261 3835 1406 3887 viam
1438 3835 1637 3888 famuli
1672 3837 1751 3889 tui
1784 3838 1843 3891 in
1873 3838 2072 3891 volun-

378 3924 494 3976 tate
523 3926 641 3988 tua,
675 3928 731 3975 et
760 3928 813 3975 te
840 3928 1179 3990 protectore,
1214 3929 1269 3975 et
1294 3929 1347 3975 te
1381 3924 1664 3993 praeduce,
1707 3941 1809 3995 per
1832 3926 2074 3995 justitiae

379 4009 613 4064 semitas
642 4009 763 4063 sine
793 4009 1110 4064 otfensione
1143 4011 1456 4081 gradiatur.
1490 4012 1615 4064 Per.

1117 4117 1331 4170 LXXVI.

548 4217 785 4257 ORATIO
831 4218 949 4258 PRO
998 4218 1446 4258 REDEUNTIBUS
1493 4220 1566 4258 DE
1614 4219 1899 4260 ITINBRB.

454 4290 829 4361 Omnipotens
868 4292 1213 4361 sempiterna
1261 4294 1429 4357 Deus,
1476 4298 1805 4347 nostrorum
1850 4300 2073 4365 tempo-

379 4394 509 4433 rum
567 4378 811 4451 vittaque
871 4380 1198 4450 dispositor,
1260 4380 1476 4432 famulo
1525 4386 1623 4434 tuo
1671 4382 1734 4434 N.
1788 4383 2073 4437 continua:

378 4468 810 4537 tranquillitatis
869 4468 1078 4539 largire
1134 4468 1473 4532 subsidium,
1526 4475 1589 4521 ut
1632 4485 1807 4540 quem
1849 4471 2071 4525 incolu-

380 4571 533 4610 mem
566 4556 815 4626 propriis
846 4557 1136 4610 laboribus
1167 4556 1483 4621 reddidisti,
1521 4563 1616 4610 tua
1666 4559 1839 4612 facias
1886 4564 2075 4629 prote-

379 4643 565 4697 ctione
593 4660 877 4699 securum.
909 4647 1015 4699 Per
1050 4646 1370 4699 Dominum.

1106 4752 1345 4805 LXXVII.

384 4851 1053 4893 ORATIOIN'ADVBNTU
1097 4854 2069 4897 FRATRUMISUPERVBNIENTIUI.

458 4943 603 4997 Deus
633 4944 939 4998 humilium
985 4945 1255 5007 visitatur,
1303 4946 1401 5016 qui
1445 4962 1548 4999 nos
1583 4947 1836 5000 fraterna
1892 4946 2071 5002 dilec-

382 5031 537 5085 tione
571 5033 902 5100 consolaris,
935 5035 1224 5102 praetende
1280 5035 1538 5088 societati
1570 5040 1777 5088 nostra:
1828 5036 2071 5105 gratiam

382 5124 564 5186 tuam,
596 5125 661 5173 ut
683 5136 783 5191 per
813 5137 910 5174 eos
949 5122 1007 5174 in
1042 5122 1251 5192 quibus
1302 5122 1544 5187 habitas,
1588 5128 1752 5176 tuum
1788 5123 1857 5177 'in
1910 5125 2073 5179 nobis

382 5208 695 5262 sentiamus
725 5209 1053 5262 adventum.
1090 5211 1196 5263 Per
1228 5208 1557 5263 Dominum.

1092 5316 1363 5370 LXXVIII.

743 5418 927 5459 MISSA
978 5419 1094 5459 PRO
1140 5420 1286 5459 ITBR
1334 5418 1716 5461 AGBNTIBUS.

451 5489 681 5556 Adesto,
734 5492 986 5557 Domine,
1020 5491 1536 5562 supplicationibus
1572 5492 1802 5555 nostris,
1833 5498 1887 5546 et
1922 5494 2071 5549 viam

2184 3030 2374 3083 abhis
2422 3045 2568 3099 quos
2624 3028 2804 3080 tueris
2857 3028 3198 3097 abjungunt,
3244 3027 3438 3080 adesto
3486 3027 3719 3080 famulis
3765 3026 3862 3079 tuis

2186 3120 2250 3172 N.
2287 3124 2340 3171 et
2363 3118 2425 3170 N.
2460 3117 2516 3169 in
2542 3122 2596 3169 te
2619 3116 2832 3185 ubique
2862 3116 3192 3181 tidentibus,
3227 3122 3282 3168 et
3313 3131 3414 3185 per
3444 3130 3681 3168 omnem
3708 3126 3860 3182 quam

2183 3206 2321 3260 ituri
2353 3212 2485 3258 sunt
2518 3204 2667 3257 viam
2699 3204 2809 3257 dux
2846 3204 2927 3256 eis
2967 3209 3021 3256 et
3052 3220 3242 3257 comes
3271 3220 3393 3255 esse
3424 3203 3695 3272 dignare;
3736 3199 3861 3253 nihil

2183 3294 2294 3348 illis
2326 3293 2683 3347 adversitatis
2728 3298 2948 3358 noceat,
3000 3292 3138 3345 nihil
3201 3291 3551 3346 difficultatis
3615 3290 3857 3344 obsistat:

2182 3389 2384 3437 cuncta
2441 3382 2521 3435 eis
2575 3382 2846 3445 salubria,
2907 3387 3111 3435 cuncta
3142 3381 3255 3433 sint
3314 3396 3614 3451 prospera,
3671 3384 3727 3432 et
3760 3376 3861 3441 sub

2185 3488 2292 3542 ope
2324 3472 2571 3525 dextera:
2618 3486 2756 3535 suae,
2809 3469 3092 3540 quidquid
3127 3469 3283 3537 justo
3331 3467 3681 3538 expetierint
3728 3464 3859 3518 desi-

2182 3561 2342 3614 derio
2373 3560 2545 3612 celeri
2583 3563 3010 3629 consequantur
3038 3557 3259 3611 eﬂ'ectu.
3291 3558 3397 3610 Per
3431 3555 3755 3609 Dominum.

2941 3647 3008 3716 [Λ
3018 3647 3114 3700 lia.

2254 3738 2516 3807 Sumpta,
2566 3735 2827 3799 Domine,
2889 3735 3129 3788 cmlestis
3181 3732 3524 3786 sacramenti
3585 3729 3858 3801 mysteria.

2184 3841 2535 3896 quaesumus,
2617 3824 2876 3889 Domine,
2933 3828 2995 3875 ut
3042 3823 3108 3875 ad
3159 3822 3604 3893 prosperitatem
3659 3815 3861 3873 itineris

2183 3914 2384 3968 famuli
2416 3913 2499 3966 tui
2535 3913 2596 3966 Ν.
2622 3911 2946 3981 proficiant,
2981 3915 3041 3963 ut
3067 3927 3195 3963 eum
3248 3911 3315 3964 ad
3368 3909 3643 3963 salutaria
3683 3909 3861 3960 cuncta

2181 4004 2517 4075 perducant.
2550 4003 2657 4055 Per
2683 4000 2988 4054 Dominum
3024 4000 3037 4068 ]

2581 4138 2766 4179 MISSA
2814 4138 2931 4177 PRO
2978 4136 3481 4177 NAVIGANTIBUS.

2924 4248 3141 4316 [χχιχ.

2255 4356 2423 4420 Deus,
2473 4354 2571 4425 qui
2647 4353 2986 4407 transtulisti
3036 4358 3223 4423 patres
3277 4356 3503 4404 nostros
3572 4366 3674 4419 per
3724 4361 3859 4415 mare

2181 4444 2460 4507 Rubrum,
2496 4449 2550 4496 et
2580 4442 2941 4495 transvexisti
2974 4458 3074 4512 per
3102 4456 3309 4510 aquam
3352 4440 3617 4505 nimiam,
3654 4437 3858 4491 laudem

2180 4531 2265 4587 tui
2300 4532 2545 4585 nominis
2603 4530 2990 4591 decantantes,
3049 4528 3331 4599 supplices
3379 4528 3773 4599 deprecamur,
3808 4526 3860 4575 ut

2180 4618 2240 4671 in
2269 4618 2373 4672 hac
2394 4619 2521 4671 navi
2546 4618 2792 4671 famulos
2812 4624 2940 4671 tuos
2967 4618 3211 4687 repulsis
3242 4616 3687 4670 adversitatibus
3708 4614 3855 4683 portu

2181 4722 2407 4775 semper
2470 4707 2728 4777 optabili,
2789 4722 3072 4775 cursuque
3126 4704 3432 4774 tranquillo
3486 4705 3720 4757 tuearis.
3766 4700 3857 4753 Per

2184 4796 2511 4849 Dominum.

2906 4884 3117 4937 Secreta
3131 4925 3142 4936 .

2253 4968 2506 5038 Suscipe,
2570 4969 2831 5033 Domine,
2873 4985 3223 5039 quaesumus,
3275 4982 3469 5037 preces
3528 4965 3853 5020 famulorum

2180 5058 2411 5109 tuorum
2439 5072 2568 5109 cum
2592 5056 2980 5110 oblationibus
3022 5058 3361 5117 hostiarum,
3414 5059 3467 5107 et
3519 5061 3615 5107 tua
3665 5056 3854 5120 myste-

2181 5143 2263 5196 ria
2298 5143 2649 5197 celebrantes
2700 5144 2769 5198 ab
2807 5146 3077 5197 omnibus
3127 5144 3369 5198 defende
3423 5142 3713 5213 periculis.
3770 5139 3858 5191 Per

2183 5231 2510 5285 Dominum.

2767 5321 2861 5375 Ad
2890 5321 3288 5389 Complendum.

2254 5409 2597 5463 Sanctificati
2664 5410 2856 5463 divino
2918 5410 3212 5480 mysterio,
3274 5410 3629 5478 majestatem
3694 5411 3856 5465 tuam,

2183 5497 2445 5563 Domine,
2475 5498 2805 5568 suppliciter
2829 5498 3206 5567 deprecamur
3234 5504 3290 5550 et
3319 5498 3589 5566 petimus,
3622 5500 3684 5548 ut
3732 5506 3856 5562 quos
