4038 6174
203 334 299 383 838
1512 327 1713 383 LIBER
1753 327 2390 384 SACRAMENTORUM.

201 459 360 514 donis
384 459 523 513 facis
550 458 871 513 coelestibus
912 458 1205 519 interesse,
1254 474 1357 528 per
1403 458 1626 528 lignum
1673 465 1881 513 sancta:
1921 468 1964 516 A

198 548 375 601 crucis
411 553 469 601 et
500 564 527 600 a
559 547 801 616 peccatis
831 546 1149 612 abstrahas,
1194 551 1249 599 et
1294 562 1326 599 a
1356 547 1623 617 periculis
1671 549 1888 601 cunctis

3589 334 3689 386 834

2631 460 2806 530 Super
2834 459 3045 515 Oblata.

2070 548 2442 614 Sacriﬁcium,
2480 548 2739 612 Domine,
2789 550 2941 619 quod
2992 550 3378 615 immolemus,
3432 551 3687 621 intende,

198 638 496 689 miseratus
526 637 751 705 eripias.
786 638 891 689 Per
920 636 1247 689 Dominum.

952 744 1139 798 LXXX.

679 863 869 903 MISSA
916 862 1034 902 PRO
1081 862 1403 903 PECCATIS.

262 937 494 1001 Exaudi,
553 937 812 1002 Domine,
865 951 1217 1005 quaesumus,
1265 936 1590 1006 supplicum
1667 951 1883 1006 preces,

195 1032 247 1078 et
275 1023 667 1078 confitentium
716 1024 818 1077 tibi
849 1040 1015 1093 parce
1049 1026 1313 1093 peccatis,
1347 1031 1411 1076 ut
1464 1025 1678 1093 pariter
1724 1025 1885 1077 nobis

193 1109 611 1177 indulgentiam
653 1108 872 1162 tribuas
920 1108 1207 1178 benignus
1260 1115 1314 1161 et
1347 1122 1565 1176 pacein.
1624 1109 1733 1161 Per
1777 1109 1881 1161 Do-

193 1197 434 1250 minum.

642 1288 815 1340 Lcetio
846 1286 1102 1338 Jeremia:
1129 1286 1424 1354 prophetar.

258 1373 314 1428 Si
343 1373 679 1444 iniquitates
706 1380 915 1427 nostra:
945 1373 1343 1427 contenderint
1387 1378 1581 1427 contra
1610 1391 1733 1435 nos,
1775 1376 1882 1427 Do-

194 1463 365 1526 mine,
420 1462 598 1515 Iibera
657 1479 780 1527 nos,
826 1477 1191 1533 qumsumus;
1246 1461 1331 1515 fac
1390 1466 1627 1532 prOpter
1675 1478 1883 1516 nomen

194 1556 373 1604 tuum.

389 1641 569 1693 Lectio
598 1642 776 1693 sancti
806 1642 1100 1711 Evangelii
1127 1640 1420 1693 secundum
1452 1641 1669 1694 Lucam.

260 1748 319 1801 In
348 1747 451 1799 illo
478 1752 759 1817 tempore,
795 1746 938 1799 dixit
966 1748 1127 1800 lesus
1158 1745 1451 1816 discipulis
1479 1745 1594 1798 suis
1631 1763 1642 1798 :
1680 1747 1881 1813 Petite,

195 1840 246 1888 et
274 1836 506 1889 dabitur
530 1835 715 1900 vobis;
759 1836 1020 1904 quaerite,
1069 1841 1125 1889 et
1174 1835 1505 1901 invenietis;
1554 1837 1793 1906 pulsate,
1828 1841 1884 1889 et

194 1922 479 1993 aperietur
518 1923 695 1975 vobis.
1305 1960 1311 1965 .

815 2012 988 2079 Super
1021 2012 1239 2066 Oblata.

257 2098 481 2152 Hostias
513 2098 635 2165 tibi,
674 2100 933 2165 Domine,
982 2100 1316 2170 placationis
1348 2099 1661 2167 offerimus,
1718 2106 1778 2153 ut
1828 2107 1884 2154 et

194 2187 387 2241 delicta
414 2194 611 2240 nostra
653 2188 954 2241 miseratus
986 2188 1257 2250 absolvas,
1316 2194 1372 2241 et
1422 2188 1682 2244 nutantia
1714 2189 1883 2243 corda

193 2279 251 2327 tu
280 2275 513 2346 dirigas.
547 2276 655 2329 Per
687 2276 1018 2329 Dominum.

894 2384 1172 2448 Praefatio.

263 2472 321 2523 D.
393 2479 452 2524 et
512 2473 732 2539 justum
804 2475 905 2537 est,
964 2486 1153 2541 usque,
1204 2476 1415 2523 aeterne
1488 2472 1653 2524 Deus.
1723 2472 1884 2525 Salva

198 2575 291 2612 nos
321 2574 387 2613 ex
437 2576 536 2613 ore
598 2559 776 2612 leonis
836 2559 1153 2623 suavissimi,
1214 2559 1313 2629 qui
1366 2559 1602 2628 rugiens
1658 2559 1883 2627 circuit,

196 2663 448 2718 querens
480 2648 550 2701 de
588 2648 807 2701 unitate.
843 2648 1097 2701 Ecclesia}
1132 2654 1261 2713 tum,
1296 2663 1467 2716 quem
1500 2648 1684 2717 rapiat
1710 2654 1880 2717 atque

197 2734 437 2789 devoret.
474 2736 583 2789 Sed
618 2740 697 2799 tu,
752 2734 1062 2788 fortissime
1115 2736 1353 2787 Domine
1400 2736 1469 2787 de
1524 2737 1679 2788 tribu
1715 2736 1879 2803 Juda,

196 2831 417 2877 contere
451 2823 795 2877 contrariam
851 2824 1074 2875 virtutis
1125 2840 1241 2876 sua:
1286 2823 1624 2893 nequitiam.
1658 2840 1762 2877 nos
1812 2824 1880 2878 ab

195 2911 380 2981 ignitis
413 2915 541 2983 ejus
589 2912 1123 2982 impugnationibus
1169 2912 1457 2978 liberatos,
1493 2928 1727 2981 corpore
1779 2930 1881 2966 nos

195 3017 477 3065 conserva,
513 3006 568 3055 et
596 3001 765 3054 corde
796 3000 1053 3071 puritica.
1082 3001 1189 3053 Per
1218 3000 1541 3054 Dominum.

792 3107 961 3166 Infra
990 3108 1270 3159 actionem.

262 3197 409 3250 Hanc
440 3196 619 3265 igitur
644 3194 1012 3262 oblationem,
1047 3194 1306 3261 Domine,
1360 3210 1533 3265 quam
1582 3195 1686 3248 tibi
1742 3196 1879 3249 ofl'e-

194 3284 365 3338 rimus
394 3301 503 3354 pro
556 3285 801 3352 peccatis
860 3290 1029 3353 atque
1081 3283 1498 3336 olfensiunibus
1530 3285 1763 3349 nostris,
1820 3291 1881 3338 ut

196 3374 449 3426 omnium
483 3374 819 3425 delictorum
864 3379 1192 3424 nostrorum
1233 3372 1626 3425 remissionem
1676 3389 1878 3427 conse-

196 3463 289 3531 qui
321 3467 632 3527 mereatur,
665 3476 1013 3531 quaesumus,
1050 3460 1307 3513 Domine.
1347 3461 1434 3514 Ut.

766 3566 861 3619 Ad
890 3566 1300 3635 Complendum.

262 3655 471 3707 Prmsta
526 3653 713 3718 nobis,
759 3659 971 3707 mterne
1033 3654 1307 3721 Salvator,
1367 3660 1427 3707 ut
1496 3654 1879 3724 pem-ipientes

195 3740 293 3794 hoc
339 3756 579 3795 munere
612 3742 837 3795 veniam
886 3747 1267 3812 peccatorum,
1329 3741 1597 3811 deinceps
1647 3748 1879 3812 peccata

195 3830 449 3883 vitemus.
481 3830 586 3883 Per
621 3830 950 3884 Dominum.

946 3937 1103 3991 Alia.

257 4022 422 4089 Deus,
460 4024 551 4076 cui
594 4024 894 4094 proprium
951 4031 1035 4077 est
1082 4039 1308 4093 semper
1354 4024 1614 4077 misereri
1668 4028 1725 4078 et
1752 4040 1877 4095 par-

192 4124 328 4176 cere,
388 4112 613 4183 suscipe
658 4112 1120 4181 deprecationem
1165 4117 1439 4179 nostram,
1474 4118 1537 4165 ut
1582 4128 1723 4183 quos
1770 4114 1876 4168 de-

192 4198 448 4255 lictorum
502 4208 702 4255 catena
734 4202 1095 4271 constringit,
1147 4202 1436 4255 miseratio
1485 4206 1594 4255 tum
1645 4202 1875 4272 pietatis

193 4288 458 4344 absolvat.
487 4292 592 4344 Per
624 4290 946 4345 Dominum.

922 4416 1134 4470 LXXXI.

554 4537 904 4578 ORATH)IN
950 4537 1249 4577 TEMPORB
1295 4537 1506 4577 BELLL

255 4627 627 4697 Omnipotens
675 4632 731 4681 et
776 4628 1096 4682 misericors
1144 4630 1311 4691 Dens,
1348 4646 1381 4681 a
1439 4629 1720 4683 bellorum
1774 4645 1879 4683 nos

193 4729 540 4783 quaesumus,
592 4718 824 4771 turbine
884 4718 972 4771 fac
1024 4718 1265 4787 quietos,
1328 4718 1464 4788 quia
1514 4718 1675 4773 nobis
1730 4718 1880 4772 bona

194 4810 386 4858 cuncta
416 4806 739 4875 praastabis,
773 4806 818 4859 si
850 4822 1047 4876 pacem
1083 4806 1309 4861 dederis
1340 4812 1395 4861 et
1427 4808 1634 4861 mentis
1668 4812 1725 4861 et
1749 4824 1875 4862 cor-

195 4893 361 4959 poris.
395 4894 502 4948 Per
535 4895 861 4949 Dominum.

911 5021 1149 5075 LXXXII.

588 5141 779 5181 MISSA
826 5142 887 5181 IN
937 5142 1235 5182 TEMPORB
1281 5144 1476 5183 BELLL

261 5230 427 5300 Deus,
486 5248 798 5303 regnorum
853 5234 1111 5287 omnium
1157 5250 1476 5305 regumque
1528 5234 1876 5300 dominator,

196 5319 287 5387 qui
318 5336 416 5374 nos
446 5327 501 5375 et
526 5323 897 5391 percutienda
944 5340 1110 5377 sanas
1160 5330 1215 5377 et
1245 5324 1592 5394 ignoscendo
1644 5340 1875 5377 conser-

197 5421 302 5469 vas.
351 5411 637 5479 praetende
695 5412 860 5465 nobis
916 5412 1366 5466 misericordiam
1410 5418 1591 5480 tuam,
1629 5417 1693 5465 ut
1725 5416 1876 5464 tran-

197 5495 464 5561 quillitate
504 5499 658 5568 pacis
706 5504 803 5552 tua
850 5505 1129 5569 potestate
1188 5498 1434 5565 ﬁrmata,
1495 5500 1564 5553 ad
1621 5498 1877 5553 remedia

197 5584 547 5637 correctionis
574 5590 825 5639 utamur.
859 5587 964 5639 Per
991 5586 1317 5640 Dominum.

1998 640 2062 689 ut
2090 639 2161 689 ab
2188 638 2343 690 omni
2379 654 2483 690 nos
2518 643 2685 691 exuat
2732 638 3011 690 bellorum
3049 639 3328 708 nequitia,
3378 644 3434 691 et
3481 640 3542 693 in
3575 646 3687 694 tuae

1997 726 2364 794 protectionis
2396 726 2696 780 securitate
2728 728 3056 779 constituat.
3093 728 3199 780 Per
3232 727 3559 782 Dominum.

2700 834 2979 898 Prw/atto.

2070 918 2132 971 D.
2169 923 2225 972 et
2261 920 2482 988 justum
2540 924 2644 979 est.
2699 934 2886 988 usque,
2945 925 3157 973 aeterne
3216 922 3381 974 Deus.
3446 922 3560 975 Sub
3591 938 3687 975 cu-

1990 1007 2083 1074 jus
2110 1008 2404 1075 potestatis
2426 1008 2677 1074 :arbitrio
2704 1008 2962 1061 omnium
2996 1024 3308 1075 regnorum
3366 1010 3691 1063 continetur

1997 1100 2263 1163 potestas,
2335 1101 2388 1147 te
2422 1096 2717 1149 humiliter
2770 1098 3169 1165 deprecamur,
3219 1104 3285 1151 ut
3332 1098 3690 1167 principibus

1996 1181 2203 1232 nostris
2231 1181 2518 1250 propitius
2569 1182 2764 1235 adesse
2799 1183 3087 1252 digneris;
3140 1190 3203 1237 ut
3254 1186 3352 1253 qui
3383 1190 3478 1238 tua
3517 1201 3686 1254 expe-

1995 1272 2124 1319 tunt
2154 1284 2210 1320 se
2254 1270 2606 1338 protectione
2655 1270 2907 1337 defendi,
2960 1272 3225 1325 omnibus
3281 1272 3391 1326 sint
3434 1273 3690 1327 hostibus

1995 1355 2276 1410 fortiores.
2313 1359 2419 1410 Per
2449 1358 2760 1412 Christum.
2824 1422 2825 1425 η

2524 1467 2647 1519 Post
2695 1468 3155 1521 Communionem.

2065 1550 2419 1605 Sacrosancti
2468 1554 2722 1622 corporis
2770 1558 2829 1607 et
2879 1554 3177 1624 sanguinis
3234 1554 3463 1608 Domini
3509 1556 3691 1608 nostri

1990 1640 2120 1692 Jesu
2152 1640 2361 1693 Christi
2418 1642 2727 1695 refectione
2777 1644 3043 1712 vegetati,
3104 1643 3389 1712 supplices
3441 1648 3494 1695 te
3528 1659 3691 1711 roga-

1926 1761 1962 1813 Β
1996 1743 2141 1790 mus,
2177 1729 2543 1798 omnipotens
2586 1731 2754 1793 Deus,
2807 1736 2868 1782 ut
2906 1729 3011 1782 hoc
3046 1732 3302 1783 remedio
3357 1732 3589 1783 salutari
3623 1730 3691 1783 ab

1992 1816 2250 1869 omnium
2287 1824 2652 1886 peccatorum
2711 1834 2812 1871 nos
2859 1818 3200 1888 contagione
3234 1819 3521 1887 puritices,
3577 1822 3691 1870 eta

1994 1904 2383 1972 periculorum
2477 1906 2704 1959 munias
2757 1906 3084 1959 incursione
3150 1912 3505 1959 cunctorum.
3584 1906 3692 1958 Per

1994 1993 2281 2047 eumdem.

2713 2083 2975 2138 LXXXIII.

2642 2204 2782 2243 ALIA
2834 2204 3043 2244 MISSA.

2063 2276 2441 2346 Omnipotens
2508 2277 2674 2341 Deus,
2739 2278 3047 2332 Christiani
3104 2278 3355 2332 nominis
3421 2279 3687 2333 inimicos

1990 2364 2217 2430 virtute,
2288 2382 2641 2435 quaesumus,
2696 2371 2806 2419 tuae
2866 2366 3183 2436 comprime
3239 2367 3571 2436 majestatis,
3623 2373 3688 2421 ut

1991 2452 2237 2521 populus
2264 2458 2395 2505 tuus
2418 2454 2622 2507 ettidei
2656 2454 2984 2519 integritate
3014 2456 3258 2520 laetetur,
3284 2461 3337 2506 et
3360 2465 3684 2525 temporum

1986 2542 2399 2611 tranquillitate
2436 2558 2663 2612 semper
2693 2543 2955 2595 exsultet.
2994 2544 3098 2596 Per
3130 2544 3458 2597 Dominum.

2720 2649 2954 2704 Secreta.

2062 2736 2260 2804 Hujus,
2306 2737 2567 2803 Domine,
2618 2754 2967 2807 qiimsumus,
3021 2736 3229 2789 virtute
3287 2737 3564 2807 mysterii,
3632 2743 3686 2791 et

1992 2843 2019 2876 a
2056 2825 2261 2878 nostris
2312 2828 2659 2879 mundemur
2690 2826 2947 2892 occultis,
2982 2832 3038 2878 et
3083 2824 3151 2878 ab
3200 2825 3561 2878 inimicorum
3617 2826 3683 2879 li-

1990 2912 2259 2966 beremur
2289 2914 2531 2967 insidiis.
2572 2914 2675 2967 Per
2706 2914 3033 2966 Dominum.

2576 3019 2673 3072 Ad
2698 3019 3098 3087 Complendum.

2064 3107 2315 3161 Viviticet
2402 3124 2525 3172 nos,
2586 3108 2862 3169 Domine,
2910 3107 3279 3177 participatio
3355 3108 3436 3159 tui
3493 3114 3683 3162 sancta

1990 3195 2265 3265 mysterii,
2327 3200 2379 3247 et
2436 3196 2651 3264 pariter
2706 3194 2868 3247 nobis
2915 3195 3298 3262 expiationem
3361 3196 3572 3249 tribuat
3628 3200 3683 3249 et

1992 3282 2310 3337 munimen.
2348 3284 2454 3337 Per
2487 3283 2814 3337 Dominum.

2698 3407 2967 3461 LXXXIV.

2535 3529 2686 3568 ITEM
2736 3529 2883 3568 ALIA
2931 3528 3146 3569 MISSA.

2063 3621 2230 3686 Deus,
2262 3620 2359 3690 qui
2386 3619 2745 3689 providentia
2776 3625 2873 3673 tua
2896 3618 3143 3673 coelestia
3173 3617 3341 3671 simul
3374 3622 3429 3671 et
3456 3623 3683 3673 terrena

1991 3708 2326 3774 moderaris,
2370 3708 2684 3779 propitiare
2724 3708 3177 3762 Christianorum
3212 3707 3380 3761 rebus
3433 3712 3489 3759 et
3531 3706 3681 3776 regi-

1987 3796 2116 3861 bus,
2152 3802 2215 3849 ut
2243 3797 2429 3849 omnis
2464 3795 2714 3850 hostium
2763 3797 3058 3862 fortitudo,
3110 3801 3161 3850 te
3210 3812 3315 3866 pro
3364 3796 3526 3849 nobis
3566 3812 3681 3866 pu-

1987 3891 2222 3955 gnante,
2252 3886 2572 3955 frangatur.
2612 3887 2716 3938 Per
2748 3885 3070 3940 Dominum.

2624 3993 2797 4060 Super
2825 3992 3037 4045 Oblata.

2059 4080 2397 4149 Propitiare,
2430 4080 2689 4144 Domine,
2724 4079 2985 4149 precibus
3029 4082 3085 4131 et
3104 4076 3306 4130 hostiis
3332 4077 3679 4132 famulorum

1985 4173 2239 4235 tuorum,
2264 4175 2321 4222 et
2354 4176 2589 4239 propter
2620 4183 2830 4221 nomen
2863 4173 3024 4220 tuum
3073 4165 3381 4221 Christiani
3428 4166 3678 4220 nominis

1985 4258 2224 4312 defende
2275 4265 2543 4325 rectores,
2583 4263 2644 4310 ut
2690 4257 2843 4309 salus
2893 4254 3262 4308 servientium
3314 4253 3415 4308 tibi
3462 4254 3679 4323 princi-

1915 4328 2120 4415 l)pum
2168 4361 2275 4414 pax
2328 4351 2562 4399 tuorum
2608 4344 2789 4414 possit
2823 4359 2943 4397 esse
2990 4343 3355 4414 populorum.
3410 4342 3517 4395 Per
3568 4342 3678 4395 Do-

1987 4432 2233 4487 minum.

2532 4523 2655 4575 Post
2685 4523 3133 4577 Communionem.

2060 4628 2323 4697 Protege.
2358 4626 2621 4689 Domine,
2660 4626 2904 4681 famulos
2934 4632 3057 4681 tuos
3114 4627 3383 4681 subsidiis
3432 4625 3587 4696 pacis
3619 4629 3678 4677 et

1985 4715 2260 4785 corporis,
2295 4719 2351 4768 et
2399 4714 2752 4784 spiritalibus
2811 4716 3107 4769 enutriens
3164 4731 3260 4768 eos
3310 4713 3597 4767 alimentis
3647 4729 3678 4765 a

1986 4803 2206 4857 cunctis
2247 4802 2504 4857 hostibus
2538 4801 2711 4856 redde
2745 4819 2987 4856 securos.
3024 4803 3131 4856 Per
3162 4803 3486 4857 Dominum.

2718 4927 2948 4983 LXXXV.

2545 5046 2735 5089 IISSA
2781 5048 2899 5089 PRO
2946 5047 3121 5087 PACB.

2062 5143 2229 5208 Deus,
2262 5158 2295 5195 a
2354 5157 2467 5212 quo
2523 5147 2714 5195 sancta
2771 5140 3073 5204 desideria,
3121 5144 3271 5193 recta
3329 5137 3568 5192 consilia
3620 5142 3678 5192 et

1980 5231 2136 5300 justa
2169 5237 2301 5284 sunt
2330 5247 2521 5300 opera,
2549 5230 2620 5285 da
2652 5232 2828 5285 servis
2858 5231 2972 5285 tuis
3002 5230 3161 5283 illam
3212 5244 3383 5299 quam
3430 5226 3676 5281 mundus

1986 5336 2099 5373 non
2128 5326 2315 5390 potest
2341 5320 2477 5374 dare
2518 5336 2737 5389 pacem,
2770 5325 2832 5373 ut
2860 5324 2914 5373 et
2943 5320 3110 5372 corda
3141 5323 3336 5371 nostra
3391 5315 3677 5370 mandatis

1984 5409 2098 5462 tuis
2129 5410 2342 5477 dedita,
2386 5416 2441 5463 et
2470 5409 2720 5463 hostium
2772 5409 2994 5462 sublata
3036 5406 3363 5471 formidine,
3415 5411 3678 5477 tempora

1985 5498 2099 5551 sint
2130 5504 2227 5552 tua
2280 5500 2636 5569 protectione
2691 5498 3025 5567 tranquilla.
3060 5497 3167 5550 Per
3214 5494 3522 5549 Dominum
3568 5510 3671 5548 no-

1985 5593 2184 5640 strum.
