4078 6180
404 302 506 353 835
1558 299 1893 353 GRIMALDI
1935 298 2458 358 SANGALLENSIS
2495 304 2788 361 ABBATIS
3772 322 3857 373 836

1045 432 1220 500 Super
1249 432 1463 488 Oblata.

474 541 643 605 Deus,
711 539 809 610 qui
861 540 1155 594 credentes
1210 538 1269 591 in
1325 543 1379 592 te
1437 539 1680 609 populos
1733 541 1906 594 nullis
1958 542 2097 596 sinis

402 628 627 684 concuti
660 629 991 695 terroribus,
1027 629 1266 697 dignare
1298 644 1495 696 preces
1534 635 1589 681 et
1630 628 1844 683 hostias
1894 631 2095 684 dicata:

404 718 504 772 tibi
548 716 729 787 plebis
771 718 1077 787 suscipere,
1132 723 1194 769 ut
1252 733 1358 785 pax
1408 722 1507 769 tua
1560 717 1773 786 pietate
1832 735 2095 773 concessa

400 806 848 860 Christianorum
883 806 1025 859 ﬁnes
1057 806 1127 859 ab
1160 805 1315 858 omni
1350 806 1512 859 hoste
1554 806 1724 860 faciat
1778 823 1901 860 esse
1932 826 2093 860 seru-

398 911 509 949 ros.
542 896 646 950 Per
678 894 1003 948 Dominum.

2140 438 2187 489 A
2219 437 2319 490 tibi
2352 438 2617 492 exhibeat
2647 442 2994 508 servitutem,
3028 448 3084 496 et
3123 446 3543 515 propitiationis
3578 454 3686 504 tum
3712 453 3856 506 bene-

2206 526 2336 579 ficia
2369 544 2597 597 semper
2626 529 2899 583 inveniat.
2935 532 3041 584 Per
3065 532 3394 589 Dominum.

2976 638 3133 690 Alia.

2274 741 2498 807 Averte,
2532 740 2792 806 Domine,
2826 759 3174 813 quaesumus,
3228 762 3260 798 a
3303 745 3561 802 ﬁdelibus
3597 752 3700 805 tuis
3744 770 3855 808 cun-

2203 834 2323 882 ctos
2381 829 2684 883 miseratus
2740 847 2985 898 errores,
3046 839 3102 886 et
3143 835 3513 891 saevientium
3563 840 3857 895 morborum

2202 917 2425 987 depelle
2465 919 2801 988 perniciem,
2852 925 2917 973 ut
2971 937 3114 991 quos
3174 923 3375 977 merite
3406 924 3655 996 ﬂagellas
3697 930 3857 984 devios

2200 1005 2391 1060 foveas
2419 1012 2517 1061 tua
2544 1007 2915 1062 miseratione
2945 1015 3247 1064 correctos.
3278 1014 3384 1066 Per
3415 1015 3727 1069 Dominum.

2891 1133 3201 1188 LXXXVIII.

2609 1253 2795 1294 MISSA
2842 1256 2961 1295 PRO
3006 1257 3476 1299 CONTENTIONE.

2271 1342 2643 1413 Omnipotens
2693 1348 3037 1417 sempiterna
3090 1350 3255 1415 Deus,
3299 1351 3397 1421 qui
3449 1354 3699 1423 superbis
3726 1356 3859 1409 resis-

937 1002 1063 1054 Post
1091 1001 1537 1055 Communionem.

467 1110 635 1176 Deus,
661 1112 852 1161 auctor
878 1106 1033 1176 pacis
1063 1112 1119 1160 et
1148 1112 1389 1171 amator,
1440 1123 1613 1176 quem
1643 1124 1832 1176 nosse,
1866 1108 2087 1176 vivere;

395 1198 488 1252 cui
518 1197 748 1261 servire,
786 1211 1028 1265 regnare
1059 1202 1172 1261 est;
1209 1201 1442 1265 protege
1476 1196 1546 1248 ab
1577 1197 1845 1250 omnibus
1901 1198 2093 1269 impn-

395 1285 764 1357 gnationidus
796 1284 1081 1353 supplices
1118 1290 1266 1349 tuos,
1303 1290 1361 1337 ut
1393 1284 1492 1354 qui
1522 1285 1581 1338 in
1629 1286 1957 1340 defensione
1992 1294 2090 1340 tua

395 1375 738 1429 conﬁdimus
779 1373 991 1427 nullius
1030 1373 1357 1427 hostilitatis
1397 1390 1556 1427 arma
1599 1375 1928 1431 timeamus.
1980 1377 2089 1430 Per

395 1464 722 1520 Dominum.
1110 1521 1115 1527 ,

1112 1551 1371 1604 LXXXVI.

593 1674 782 1715 MISSA
832 1674 903 1712 DE
948 1673 1333 1719 QUACUNQUE
1377 1672 1883 1713 TRIBULATIONE.

460 1766 812 1822 Ineﬂ‘abilem
870 1765 1320 1818 misericordiam
1371 1770 1552 1831 tuam,
1610 1765 1868 1831 Domine,
1917 1767 2080 1819 nobis

389 1860 697 1912 clementer
728 1854 980 1919 ostende,
1015 1857 1079 1906 ut
1108 1854 1278 1906 simul
1311 1870 1413 1906 nos
1445 1858 1499 1906 et
1528 1871 1559 1906 a
1592 1854 1831 1923 peccatis
1887 1870 2078 1922 exuas,

390 1950 446 1999 et
471 1963 500 1998 a
531 1944 715 2015 pmnis
745 1958 883 2013 quas
916 1956 1020 2011 pro
1055 1941 1142 1994 his
1191 1957 1499 2008 meremur,
1554 1942 1780 2012 eripias.
1837 1944 1941 1997 Per
1972 1946 2081 1998 Do-

390 2034 613 2088 minum
646 2034 927 2085 nostrum.

1020 2120 1194 2187 Super
1232 2118 1449 2171 Oblata.

460 2227 722 2283 Puriﬁcet
758 2242 885 2295 nos,
921 2224 1184 2293 Domine,
1241 2240 1589 2295 quaesumus,
1640 2226 1894 2280 muneris
1936 2245 2080 2298 prse-

389 2317 565 2373 sentis
589 2315 823 2378 oblatio,
864 2318 920 2367 et
953 2314 1159 2383 dignos
1212 2329 1372 2366 sacra
1417 2313 1855 2384 participatione
1905 2316 2077 2387 perii-

385 2408 515 2461 ciat.
551 2407 671 2459 Per.

1090 2490 1372 2554 Praefatio.

456 2602 521 2654 D.
593 2603 648 2652 et
706 2598 924 2667 justum
1009 2597 1109 2659 est,
1178 2608 1365 2661 usque,
1460 2598 1670 2649 (eterna
1734 2598 1902 2653 Deus.
1971 2598 2078 2662 Qui

385 2693 690 2761 propterea
714 2686 845 2755 jure
884 2682 1052 2754 punis
1084 2687 1361 2745 errantes,
1410 2687 1465 2735 et
1507 2683 1819 2738 clementer
1862 2686 2077 2740 refoves

386 2778 708 2847 castigatos,
745 2779 805 2827 ut
835 2789 936 2826 nos
961 2789 991 2824 a
1025 2770 1186 2823 malis
1230 2770 1498 2839 operibus
1552 2771 1865 2841 abstrahas,
1917 2780 1974 2828 et
2006 2775 2076 2829 ad

383 2868 537 2923 bona
571 2864 830 2920 facienda
859 2865 1185 2925 convertas;
1225 2858 1321 2929 qui
1361 2876 1472 2913 non
1507 2860 1588 2913 vis
1624 2862 1881 2916 invenire
1923 2865 2074 2934 quod

383 2957 641 3020 damnes,
673 2953 769 3007 sed
798 2968 917 3004 esse
948 2949 1137 3019 potius
1167 2948 1320 3017 quod
1353 2965 1620 3017 corones;
1657 2952 1757 3021 qui
1789 2968 1917 3005 cum
1968 2969 2072 3022 pro

383 3048 591 3101 nostris
621 3018 840 3098 meritis
856 3040 1073 3111 jugiter
1106 3052 1398 3091 meremur
1437 3039 1635 3110 afﬂigi,
1669 3046 1729 3093 tu
1760 3044 1946 3094 tamen
1980 3042 2074 3110 ju—
2114 3018 2153 3071 ί)

384 3136 594 3191 dicium
629 3134 699 3187 ad
748 3131 1170 3200 correptionem
1215 3136 1522 3198 temperas,
1576 3145 1691 3183 non
1734 3136 2075 3200 perpetuam

384 3236 607 3274 exerces
638 3220 704 3272 ad
739 3234 985 3287 poenam,
1035 3218 1187 3287 juste
1214 3217 1367 3270 enim
1418 3216 1673 3285 corrigis,
1724 3221 1780 3268 et
1834 3217 2077 3269 clemen-

382 3316 471 3365 ter
513 3309 781 3379 ignoscis,
825 3308 883 3359 in
944 3296 1187 3376 utroque
1230 3321 1414 3370 verax,
1474 3304 1529 3356 in
1565 3311 1805 3374 utroque
1860 3304 2075 3357 miscri-

383 3414 535 3465 cors;
587 3395 687 3466 qui
743 3410 845 3447 nos
876 3399 933 3447 et
978 3410 1010 3446 a
1055 3396 1175 3463 lege
1208 3392 1483 3462 disponis,
1536 3397 1598 3445 ut
1646 3393 1960 3446 coercendo
2014 3392 2072 3446 in

384 3494 660 3540 internum
690 3484 877 3554 perire
911 3499 1027 3535 non
1054 3482 1228 3543 sinas,
1263 3486 1312 3533 et
1348 3480 1633 3550 parcendo
1679 3480 1927 3550 spatium
1979 3481 2075 3533 tri-

381 3574 525 3628 buas
560 3571 920 3642 corrigendi;
955 3570 1053 3641 qui
1086 3570 1213 3623 ideo
1246 3570 1408 3622 malis
1437 3568 1816 3639 prmsentibus
1856 3586 1958 3623 nos
1981 3572 2075 3623 fla-

383 3662 667 3734 gellas,ut
697 3661 767 3714 ad
800 3659 948 3713 bona
980 3660 1171 3712 futura
1205 3658 1511 3728 perducas;
1559 3658 1688 3711 ideo
1740 3658 1905 3711 bonis
1940 3665 2075 3712 tem-

382 3750 681 3821 poralibus
712 3747 1044 3813 consolaris,
1079 3751 1141 3799 ut
1173 3747 1242 3799 de
1276 3746 1643 3816 sempiternis
1673 3746 1843 3800 facias
1876 3750 2075 3801 certio-

314 3904 321 3909 ,
384 3857 495 3906 res,
527 3856 641 3909 quo
673 3845 727 3892 te
758 3843 813 3891 et
841 3838 900 3890 in
931 3836 1217 3907 prosperis
1250 3839 1302 3888 et
1334 3836 1391 3886 in
1423 3834 1677 3888 adversis
1722 3836 1816 3904 pia
1848 3853 2075 3907 semper

384 3928 741 3983 confessione
787 3927 1107 3980 laudemus.
1158 3926 1264 3978 Per
1313 3924 1601 3977 Christum
1646 3925 1951 3978 Dominum
1984 3942 2075 3979 no-

385 4025 588 4073 stram.

923 4089 1045 4140 Post
1076 4085 1535 4138 Communioncm.

455 4198 686 4260 Praesta,
740 4193 1004 4259 Domine,
1057 4206 1409 4261 quaesumus,
1461 4194 1522 4242 ut
1566 4189 1808 4242 terrenis
1860 4189 2071 4244 effecti-

384 4284 491 4339 bus
538 4282 770 4352 expiati,
819 4281 887 4334 ad
946 4278 1181 4349 superni
1232 4278 1649 4348 plenitudinem
1709 4280 2067 4348 sacramenti,
2111 4315 2154 4368 Β

385 4372 546 4442 cujus
595 4368 899 4424 libavimus
948 4374 1159 4435 sancta,
1210 4367 1529 4420 tendamus.
1604 4368 1712 4420 Per
1764 4368 2072 4422 Dominum

385 4464 667 4513 nostrum.

1085 4525 1369 4581 LXXXVII.

690 4648 898 4689 -MISSA
941 4648 1061 4688 PRO
1114 4647 1308 4687 PESTE
1353 4645 1751 4686 ANIMALIUM.

458 4744 624 4810 Deus,
658 4742 756 4813 qui
787 4740 1075 4794 laboribus
1106 4740 1409 4792 hominum
1438 4738 1608 4791 etiam
1640 4739 1708 4791 de
1741 4737 1914 4791 mutis
1944 4738 2074 4791 ani-

384 4833 630 4888 malibus
675 4830 879 4884 solatia
907 4829 1254 4898 subrogasti,
1297 4827 1581 4897 supplices
1627 4832 1680 4879 te
1712 4842 1981 4897 rogamus
2012 4832 2077 4880 ut

384 4922 503 4975 sine
535 4921 743 4991 quibus
786 4934 900 4972 non
948 4918 1122 4970 alitur
1164 4916 1417 4968 humana
1462 4915 1713 4969 conditio
1767 4916 1971 4969 nostris
1998 4916 2076 4969 fa-

382 5010 499 5065 cias
533 5009 724 5063 usibus
757 5024 871 5061 non
896 5006 1103 5076 perire.
1136 5005 1241 5057 Per
1286 5004 1609 5058 Dominum.

1114 5112 1345 5165 Secreta.

453 5203 774 5269 Sacriliciis,
834 5200 1094 5264 Domine,
1128 5200 1383 5268 placatus
1436 5198 1660 5262 oblatis,
1701 5214 1869 5268 opem
1917 5203 2073 5253 tuam

356 5280 600 5347 nostris
631 5288 987 5361 temporibus
1015 5289 1325 5341 clementer
1356 5286 1644 5355 impende.

977 5396 1099 5447 Post
1130 5396 1586 5445 Communianem.

456 5485 917 5539 Benedictionem
949 5489 1127 5548 tuam,
1167 5482 1427 5545 Domine,
1462 5470 1709 5550 populus
1752 5481 1936 5535 fidelis
1982 5496 2073 5534 ac-

380 5573 573 5644 cipiat,
605 5590 720 5644 qua
749 5587 989 5641 corpore
1030 5572 1276 5623 salvatus
1323 5585 1389 5623 ac
1418 5576 1636 5635 mente,
1678 5574 1734 5624 et
1757 5586 2074 5639 congruam

2198 1430 2290 1496 tis,
2326 1436 2383 1485 et
2434 1432 2677 1502 gratiam
2730 1441 2964 1504 praestas
3015 1436 3354 1504 humilibus,
3407 1439 3616 1507 tribue,
3662 1459 3857 1513 quasu-

2198 1535 2344 1589 mus,
2377 1525 2444 1574 ut
2474 1538 2590 1575 non
2631 1522 3091 1594 indignationem
3124 1529 3281 1580 tuam
3332 1543 3701 1596 provocemus
3728 1534 3856 1597 elati,

2196 1608 2292 1661 sed
2327 1610 2754 1679 propitiationis
2805 1619 2918 1667 tuas
2961 1615 3254 1685 capiamus
3284 1616 3437 1671 dona
3486 1618 3737 1689 subjecti.
3773 1622 3859 1673 Per

2123 1720 2162 1772 Β
2197 1698 2502 1752 Dominum
2534 1704 2816 1754 nostrum.

2923 1788 3159 1846 Secreta.

2262 1892 2342 1946 Ab
2388 1893 2543 1947 omni
2596 1898 2756 1947 reatu
2808 1910 2929 1957 nos,
2982 1896 3243 1965 Domine,
3296 1904 3485 1954 sancta
3525 1918 3653 1972 qua:
3681 1906 3855 1959 tracta-

2192 1976 2319 2034 mus
2351 1982 2666 2048 absolvant,
2710 1988 2765 2036 et
2810 1984 3005 2038 eadem
3040 1987 3309 2041 muniant
3348 2004 3380 2041 a
3423 1989 3594 2043 totius
3642 1993 3857 2061 pravita-

2190 2069 2260 2123 tis
2286 2069 2536 2124 incursu.
2566 2072 2676 2125 Per
2703 2071 3033 2127 Dominum.

2737 2179 2867 2232 Post
2901 2181 3350 2237 Communionem.

2260 2265 2412 2328 Quos
2478 2265 2746 2329 refecisti,
2810 2268 3075 2335 Domine,
3132 2270 3345 2324 caelesti
3415 2273 3701 2341 mysterio,
3752 2292 3857 2344 pro-

2188 2351 2328 2421 priis
2361 2357 2416 2403 et
2462 2352 2685 2418 alienis,
2746 2368 3096 2422 quesumns,
3130 2356 3475 2426 propitiatus
3512 2359 3735 2415 absolve
3770 2362 3856 2414 de-

2187 2438 2357 2500 lictis,
2392 2444 2456 2491 nt
2487 2440 2680 2492 divino
2738 2455 2974 2495 munere
3028 2443 3343 2511 purificatis
3396 2448 3689 2502 mentibus
3743 2464 3853 2517 per-

2186 2527 2464 2581 fruamur.
2499 2529 2607 2581 Per
2636 2528 2965 2583 Dominum.

2954 2635 3107 2690 Alia.

2257 2722 2482 2785 Praesta,
2533 2737 2882 2791 quaesumus,
2924 2726 3289 2794 omnipotens
3334 2728 3500 2794 Dens,
3543 2734 3607 2783 ut
3650 2746 3856 2800 semper

2185 2810 2548 2863 rationabilis
2581 2812 2943 2880 meditantes,
2980 2829 3108 2883 quas
3138 2814 3243 2867 tibi
3285 2822 3419 2869 sunt
3463 2818 3671 2886 placita
3703 2825 3754 2871 et
3780 2820 3850 2872 di-

2183 2898 2284 2950 ctis
2311 2913 2693 2968 exsequamur
2715 2905 2770 2952 et
2794 2898 2973 2953 factis.
3009 2901 3115 2953 Per
3149 2902 3472 2957 Dominum.

2904 3024 3167 3079 LXXXIX.

2350 3142 2539 3182 MISSA
2592 3142 2839 3183 CONTRA
2885 3144 3145 3186 JUDICES
3194 3148 3358 3187 MALE
3404 3151 3711 3191 AGENTES.

2257 3236 2515 3289 Ecclesiae
2543 3241 2671 3297 tuae,
2708 3238 2970 3302 Domine,
3004 3254 3198 3307 preces
3241 3242 3493 3310 placatus
3532 3244 3773 3305 admitte,
3804 3248 3852 3296 ut

2184 3323 2466 3377 destitutis
2516 3325 2950 3378 adversitatibus
2992 3327 3297 3393 universis,
3354 3346 3551 3384 secura
3598 3332 3697 3385 tibi
3742 3347 3852 3385 ser-

2182 3413 2297 3466 viat
2324 3412 2605 3467 libertate.
2638 3414 2744 3466 Per
2783 3414 3112 3469 Dominum.

2909 3520 3142 3575 Secreta.

2253 3609 2492 3678 Protege
2532 3624 2653 3672 nos,
2716 3608 2977 3673 Domine,
3025 3625 3373 3679 quaesumus,
3439 3611 3551 3665 tuis
3589 3613 3852 3683 mysteriis

2183 3697 2512 3763 servientes,
2549 3702 2612 3749 ut
2641 3696 2847 3750 divinis
2907 3698 3073 3751 rebus
3121 3703 3177 3750 et
3230 3715 3472 3769 corpore
3526 3701 3851 3755 famulemur

2183 3791 2239 3837 et
2266 3791 2477 3838 mente.
2514 3787 2618 3838 Per
2645 3785 2951 3839 Dominum
2980 3791 3261 3839 nostrum.

2721 3893 2845 3944 Post
2875 3892 3326 3947 Communionem.

2253 3980 2611 4047 Quaesumus,
2654 3980 2892 4033 Domine
2941 3981 3085 4032 Dens
3135 3986 3342 4045 noster,
3385 3985 3449 4033 ut
3490 3998 3636 4052 quos
3675 3982 3848 4036 divina

2180 4068 2388 4122 tribuis
2437 4067 2870 4137 participatione
2925 4068 3176 4137 gaudere
3232 4067 3499 4121 humanis
3548 4086 3663 4124 non
3710 4072 3847 4124 sinas

2182 4156 2473 4226 subjacere
2525 4156 2809 4226 periculis.
2860 4156 2966 4210 Per
3011 4156 3319 4211 Dominum
3368 4161 3625 4213 nostrum
3676 4162 3844 4214 Jesnm

2182 4246 2490 4301 Christum.

2971 4332 3081 4387 XC.

2525 4452 2709 4493 MISSA
2758 4419 3529 4505 CONTRAXOBLOQUENTBS.

2257 4545 2487 4612 Praesta,
2522 4561 2871 4616 quaesumus,
2928 4546 3189 4614 Domine,
3243 4555 3307 4603 ut
3355 4553 3640 4606 mentium
3679 4567 3844 4622 repro‘

2180 4632 2389 4687 borum
2424 4650 2535 4687 non
2566 4649 2831 4688 curemus
2862 4635 3218 4706 obloquium,
3251 4639 3349 4692 sed
3378 4641 3580 4695 eadem
3604 4642 3848 4712 pravitate

2183 4724 2397 4776 calcata
2426 4739 2746 4789 exoramus,
2799 4728 2859 4776 ut
2898 4740 3001 4777 nec
3033 4727 3236 4779 terreri
3281 4744 3384 4781 nos
3434 4729 3849 4785 lacerationibus

2183 4810 2421 4880 patiaris
2449 4811 2699 4880 injustis,
2749 4828 2850 4865 nec
2891 4814 3157 4883 captiosis
3208 4816 3639 4873 adulationibus
3683 4816 3851 4887 impli-

2184 4901 2322 4967 cari,
2350 4900 2443 4953 sed
2476 4900 2663 4969 potius
2691 4917 2880 4954 amare
2915 4918 3043 4971 quas
3074 4905 3356 4974 principis.
3400 4908 3508 4960 Per
3542 4908 3849 4961 Dominum.

2907 5009 3139 5063 Secreta.

2256 5095 2499 5161 Oblatio,
2562 5095 2825 5161 Domine,
2916 5096 3029 5148 tuis
3108 5098 3427 5167 aspectibus
3500 5098 3848 5159 immolanda,

2184 5199 2537 5253 quaesumus,
2572 5187 2633 5235 ut
2672 5190 2729 5236 et
2762 5200 2861 5236 nos
2883 5183 2952 5236 ab
2987 5184 3255 5238 omnibus
3288 5186 3438 5239 vitiis
3479 5194 3737 5258 potenter
3774 5185 3853 5239 ab-

2184 5274 2381 5337 solvat,
2416 5276 2473 5324 et
2504 5287 2534 5324 a
2565 5271 2781 5323 cunctis
2809 5271 3077 5325 defendat
3107 5271 3376 5327 inimicis.
3410 5276 3518 5329 Per
3548 5276 3848 5330 Dominum.

2728 5380 2853 5431 Post
2883 5378 3329 5433 Communionem.

2255 5485 2488 5547 Praesta,
2561 5484 2821 5547 Domine,
2867 5500 3218 5553 qumsumus,
3268 5490 3332 5539 ut
3368 5502 3470 5556 per
3515 5487 3635 5541 huic
3680 5490 3854 5539 sancta

2184 5587 2311 5641 qua:
2335 5570 2717 5639 sumpsimus,
2751 5570 3122 5624 dissimulatis
3174 5568 3619 5627 lacerationibns
3662 5574 3853 5639 impro-
