4078 6180
172 305 266 358 837
1478 301 1688 356 LIBER
1727 301 2340 357 SACRAMENTORUM

170 437 393 501 borum,
432 434 651 500 eadem,
684 437 738 487 te
771 434 1150 503 gubernante,
1186 414 1317 503 quae
1351 438 1503 486 recta
1555 436 1687 485 sunt
1717 449 1849 485 cau-
1898 436 1944 487 A

168 526 277 579 tius
308 539 710 594 exsequamur.
746 524 856 576 Per
888 522 1219 575 Dominum.

403 789 639 828 ORATIO
683 789 762 828 AD
808 788 1095 828 PLUVIAM
1142 786 1633 826 POSTULANDAM.

240 881 470 937 Terram
522 886 702 947 tuam,
780 878 1045 945 Domine,
1124 893 1296 948 quam
1353 876 1597 929 vidimus
1651 875 1864 929 nostris

170 968 551 1038 inquitatibus
580 968 984 1031 tabescentem,
1041 966 1362 1020 cmlestibus
1408 965 1570 1034 aquis
1602 965 1864 1031 infunde,

171 1063 342 1126 atque
374 1056 552 1126 irriga
597 1055 889 1109 beneﬁciis
942 1055 1139 1124 gratiae
1170 1053 1555 1123 sempiternae.
1614 1054 1722 1106 Per
1752 1053 1864 1105 Do-

171 1145 416 1198 minum.

948 1232 1100 1285 Alia.

240 1340 321 1392 Da
348 1338 534 1405 nobis,
563 1337 826 1403 Domine,
859 1352 1211 1407 quaesumus,
1244 1336 1496 1405 pluviam
1529 1336 1861 1400 salutarem,

170 1433 223 1481 et
253 1427 471 1480 aridam
513 1432 677 1480 terras
725 1426 926 1480 faciem
972 1424 1201 1478 ﬂuentis
1231 1423 1555 1477 cmlestibus
1610 1424 1864 1493 dignan-

170 1521 257 1570 ter
281 1515 547 1569 infunde.
578 1516 683 1568 Per
712 1513 1023 1567 Dominum
1048 1518 1328 1567 nostrum.

930 1646 977 1689 A
991 1637 1087 1690 lia.

239 1746 618 1816 Omnipotens
650 1743 996 1813 sempiterne
1046 1745 1208 1807 Deus,
1262 1741 1361 1812 qui
1400 1742 1581 1795 salvas
1641 1758 1858 1808 omnes,

172 1840 224 1886 et
256 1834 551 1887 neminem
581 1833 664 1884 vis
685 1834 893 1901 perire,
917 1831 1076 1901 aperi
1098 1830 1312 1883 fontem
1341 1829 1709 1898 benignitatis
1732 1836 1863 1897 tuae,

173 1928 223 1975 et
258 1927 474 1975 terram
532 1921 747 1974 aridam
799 1920 962 1989 aquis
1012 1918 1217 1971 ﬂuenti
1275 1918 1520 1971 caelestis
1564 1918 1868 1987 dignanter

171 2010 431 2064 infunde.
468 2010 573 2063 Per
612 2008 921 2062 Dominum
955 2013 1238 2060 nostrum.

945 2146 1101 2201 XCII.

427 2287 613 2328 HISSA
656 2290 734 2329 AD
780 2287 1067 2327 Ρλιυγιλω
1119 2287 1612 2327 POSTULANDAM.

240 2382 415 2446 Deus,
446 2382 505 2433 in
539 2396 653 2450 quo
701 2380 965 2445 vivimus,
1028 2395 1328 2432 movemur
1372 2383 1428 2432 et
1475 2396 1693 2443 sumus,
1737 2380 1862 2449 plu-

169 2472 319 2524 viam
353 2470 524 2522 nobis
554 2469 740 2522 tribue
771 2474 1211 2538 congruentem,
1246 2473 1306 2521 ut
1336 2468 1715 2538 praesentibus
1739 2468 1867 2522 sub-

168 2559 331 2613 sidiis
362 2558 714 2611 sufﬁcienter
767 2556 964 2622 adniti,
1015 2557 1366 2626 sempiterna
1415 2556 1740 2610 ﬁducialius
1770 2572 1866 2626 ap-

167 2656 453 2717 petamus.
490 2647 614 2700 Per.

962 2717 1111 2769 Alia.

238 2824 465 2878 Delicta
520 2822 842 2893 fragilitatis
898 2826 1129 2888 nostra},
1194 2820 1460 2886 Domine,
1510 2837 1861 2891 qiiazsumus,

168 2914 480 2965 miseratus
509 2911 759 2976 absolve,
785 2914 840 2962 et
870 2925 1149 2979 aquarum
1185 2908 1433 2962 subsidia
1463 2911 1657 2979 priebe
1699 2910 1865 2963 acele-

172 3002 373 3063 situm,
426 2998 635 3069 quibus
682 3005 909 3051 terrena
962 2997 1217 3051 conditio
1270 3002 1520 3066 vegetata
1578 2998 1864 3052 subsistat.
1909 3020 1949 3073 ρ

166 3090 277 3143 Per
312 3087 627 3142 Dominum
660 3092 940 3140 nostrum.

900 3210 1132 3264 Secreta.

237 3317 482 3382 Oblatis,
524 3315 787 3380 Domine,
837 3314 1061 3384 placare
1116 3315 1468 3381 muneribus,
1502 3319 1552 3368 et
1588 3322 1863 3385 opportu-

163 3421 314 3459 num
343 3406 510 3459 nobts
540 3404 724 3458 tribue
755 3404 961 3473 pluviae
1011 3405 1344 3457 sulticieutis
1383 3402 1681 3457 auxilium.
1740 3406 1864 3458 Per.

751 3525 843 3579 Ad
884 3526 1293 3594 Comptendum.

232 3634 421 3688 Tuere
453 3650 578 3699 nos,
606 3632 870 3699 Domine,
904 3647 1253 3701 quaesumus,
1290 3636 1387 3685 tua
1418 3635 1608 3684 sancta
1643 3647 1868 3686 sumen-

158 3726 272 3788 tes,
304 3728 365 3776 et
392 3722 464 3775 ab
496 3720 765 3775 omnibus
796 3719 1055 3791 propitus
1088 3720 1316 3774 absolve
1345 3720 1609 3790 peccatis.
1639 3720 1765 3773 Per.

929 3843 1110 3898 XCIII.

315 3965 555 4006 ORATIO
599 3968 676 4005 AD
732 3965 1195 4006 POSTULANDAM
1242 3964 1720 4003 SERENITATEM.

230 4058 488 4113 Domine
548 4060 713 4121 Deus,
772 4058 871 4127 qui
922 4058 980 4111 in
1024 4057 1292 4126 mysterio
1340 4072 1619 4127 aquarum
1670 4057 1867 4110 salutis

152 4151 281 4200 tuae
351 4145 515 4198 nobis
568 4151 928 4198 sacramenta
982 4145 1237 4211 sanxisti,
1294 4145 1500 4198 exaudi
1544 4146 1863 4198 orationem

148 4236 375 4306 papiili
408 4235 514 4299 tui,
550 4240 605 4287 et
624 4234 762 4302 jube
790 4240 1034 4287 terrores
1065 4235 1471 4287 inundantium
1493 4250 1709 4286 cessare
1731 4235 1867 4304 plu-

3568 311 3673 363 838

2703 435 2942 489 Secreta.

2048 538 2368 591 Praeveniat
2403 554 2523 601 nos,
2585 554 2941 608 quiesumus,
3001 541 3253 609 Domine,
3302 544 3485 611 gratia
3550 548 3671 611 tua,

1976 642 2204 694 semper
2232 634 2289 678 et
2318 627 2717 695 subsequatur,
2761 634 2819 680 et
2872 628 2972 681 has
3011 632 3350 692 oblationes,
3378 648 3519 701 quas
3566 648 3671 701 pro

1972 716 2219 784 peccatis
2252 715 2459 767 nostris
2488 714 2707 767 nomini
2738 723 2835 768 tuo
2867 719 3275 772 consecraudas
3328 721 3659 784 deferimus,

1975 805 2258 873 benignus
2290 820 2535 869 assume,
2571 810 2632 856 ut
2664 821 2767 873 per
2818 805 3281 860 intercessionem
3331 822 3655 863 sanctorum

1974 897 2206 945 tuorum
2237 894 2454 945 cunctis
2484 891 2649 944 nobis
2679 892 2982 962 proﬁciant
3005 894 3071 947 ad
3103 898 3363 949 salutem.
3396 898 3518 950 Per.

2551 1016 2644 1070 Ad
2679 1017 3091 1085 Complendum.

2047 1140 2209 1193 Plebs
2280 1145 2396 1205 tua,
2448 1140 2707 1208 Domine,
2758 1142 2945 1210 capiat
3001 1158 3174 1195 sacras
3241 1142 3661 1200 benedictionis

1975 1235 2372 1296 augmentum,
2406 1233 2463 1281 et
2490 1230 2738 1298 copiosis
2772 1230 3179 1284 beneficiorum
3210 1239 3439 1285 tuorum
3473 1235 3665 1288 suble-

1972 1324 2135 1371 vetur
2166 1318 2413 1381 auxiliis,
2466 1333 2595 1387 quae
2643 1319 2819 1371 tantis
2866 1319 3343 1374 iutercessionum
3394 1323 3661 1392 depreca-

1972 1407 2224 1460 tionibus
2249 1407 2569 1476 adjuvatur.
2605 1408 2713 1460 Per
2738 1408 3068 1462 Dominum.

2743 1548 2893 1604 XCV.

2128 1670 2319 1710 MISSA
2366 1671 2442 1709 AD
2506 1669 2970 1709 REPELLENDAM
3018 1671 3510 1715 TEMPESTATEM.

2049 1757 2219 1823 Deus,
2254 1758 2352 1827 qui
2386 1758 2646 1810 omnium
2689 1773 2878 1810 rerum
2920 1759 3037 1811 tibi
3068 1762 3439 1814 servientium
3495 1767 3664 1815 natu-

1976 1863 2097 1900 ram
2131 1862 2234 1916 per
2264 1847 2414 1916 ipsos
2446 1852 2637 1898 motus
2665 1845 2812 1899 aeris
2844 1847 2915 1899 ad
2957 1847 3175 1900 cultum
3208 1854 3319 1901 tua?
3351 1850 3663 1919 majestatis

1976 1935 2249 2001 instituis,
2284 1934 2761 2004 tranquillitatem
2795 1934 2957 1987 nobis
2990 1936 3396 1989 misericordia:
3452 1945 3565 1991 tum
3596 1938 3662 2007 [Γ.

1977 2022 2371 2077 misericordia
2426 2020 2568 2093 tua],
2624 2022 2858 2075 remotis
2928 2024 3135 2092 largire
3197 2026 3535 2078 terroribus.
3603 2031 3667 2080 ut

1975 2111 2136 2182 cujus
2194 2111 2338 2165 iram
2370 2111 2723 2181 expiavimus
2775 2111 3138 2165 clementiam
3170 2115 3501 2166 sentiamus.
3539 2116 3663 2168 Per.

2742 2220 2792 2268 Α
2803 2217 2896 2269 lia.

2046 2324 2092 2375 Α
2120 2322 2288 2376 domo
2317 2326 2435 2385 tua,
2469 2337 2821 2391 quaesumus,
2859 2322 3115 2389 Domine,
3150 2323 3432 2393 spiritales
3466 2323 3663 2394 nequi-

1976 2411 2068 2464 tiac
2113 2411 2524 2481 reppellantur,
2582 2417 2636 2464 et
2691 2410 2976 2464 aeriarum
3022 2412 3276 2466 discedat
3336 2413 3661 2483 malignitas

1975 2505 2403 2570 tempestatum.
2436 2500 2544 2553 Per
2573 2499 2903 2553 Dominum.

3643 1598 3673 1618 δ

2709 2626 2942 2679 Secreta.

2046 2731 2369 2795 Olferimns,
2404 2730 2887 2798 Domine,landes
2913 2735 2969 2783 et
2999 2746 3258 2796 munera,
3303 2749 3406 2803 pro
3438 2750 3667 2788 conces-r

1975 2820 2050 2873 sis
2088 2820 2379 2873 beneficiis
2421 2820 2632 2888 gratias
2680 2819 3010 2886 referentes,
3044 2826 3099 2872 et
3131 2837 3233 2890 pro
3291 2823 3668 2877 concedendis

1977 2924 2206 2977 semper
2235 2908 2574 2977 suppliciter
2600 2907 2990 2975 deprecantes.
3025 2909 3150 2963 Per.

2553 3030 2645 3085 Ad
2684 3032 3085 3099 Complendum.

2048 3137 2425 3207 Omnipotens
2473 3137 2819 3207 sempiterna
2866 3137 3035 3204 Deus,
3088 3138 3185 3207 qui
3244 3155 3345 3191 nos
3395 3145 3449 3192 et
3503 3140 3664 3194 casti-

1977 3227 2167 3296 gando
2217 3243 2401 3292 sanas,
2439 3231 2494 3279 et
2535 3225 2882 3296 ignoscendo
2923 3241 3243 3291 conservas,
3297 3232 3502 3295 praesta
3533 3245 3666 3298 sup-

1974 3315 2218 3384 plicibus
2252 3315 2380 3380 tuis,
2415 3321 2478 3367 ut
2506 3320 2562 3367 et
2582 3314 3090 3384 tranquillitatibus
3122 3315 3294 3385 hujus
3314 3322 3520 3385 optata),
3545 3333 3672 3369 con-

1978 3402 2269 3456 solationis
2299 3404 2585 3469 laetemur,
2620 3408 2675 3456 et
2705 3403 2858 3456 dono
2890 3408 3002 3456 tuae
3033 3403 3261 3473 pietatis
3300 3420 3526 3475 semper
3552 3412 3671 3459 uta-

1976 3508 2125 3545 mur.
2164 3493 2288 3545 Per.

2728 3597 2906 3651 XCVI.

1976 3755 2271 3796 ORATIONES
2337 3755 2400 3792 ΕΤ
2456 3754 2655 3792 PRECES
2715 3753 2882 3792 SUPER
2934 3755 3309 3801 PCENITENTEH,
3383 3756 3667 3794 CONFITEN-

2046 3845 2151 3883 TE)!
2208 3844 2433 3882 PECCATA
2483 3845 2578 3881 SUA
2629 3842 2773 3881 MORE
2826 3844 3006 3882 SOLITO
3047 3845 3203 3883 FERIA
3243 3845 3295 3882 IV
3341 3845 3499 3883 INFRA
3540 3845 3673 3891 QUA-

2050 3930 2495 3971 DRAGESIMAM.

2049 4060 2281 4127 Exaudi,
2312 4059 2570 4123 Domine,
2623 4074 2817 4129 preces
2850 4063 3090 4126 nostras,
3146 4064 3201 4111 et
3240 4058 3343 4111 tibi
3384 4059 3666 4112 conﬁten-

1976 4150 2118 4204 tium
2170 4165 2338 4218 parce
2388 4147 2647 4218 peccatis,
2709 4153 2771 4200 ut
2830 4163 2974 4217 quos
3039 4146 3405 4200 conscientiae
3478 4156 3667 4201 reatus

1976 4241 2221 4303 accusat,
2253 4236 2614 4304 indulgentia
2644 4242 2757 4288 tuae
2790 4235 3171 4289 miserationis
3221 4236 3497 4291 absolvat.
3538 4238 3661 4289 Per.

148 4327 417 4388 viarum,
453 4324 1053 4393 tlagellumqueliujus
1082 4323 1347 4375 elementi
1381 4322 1448 4374 ad
1489 4320 1751 4375 etfectum
1780 4321 1864 4373 tui
1905 4321 1948 4374 D
2054 4323 2371 4378 Prasveniat
2400 4322 2552 4375 hunc
2598 4322 2875 4374 famulum
2933 4327 3117 4387 tuum,
3168 4339 3517 4392 quaesumus,
3560 4324 3669 4377 Do-

149 4418 441 4466 converte
501 4411 776 4480 mysterii,
812 4412 911 4480 qui
960 4416 1023 4463 ut
1078 4427 1136 4463 se
1182 4409 1655 4479 regenerantibus
1703 4409 1869 4479 aquis

145 4498 431 4569 gaudent
483 4505 732 4562 renatos,
789 4498 1076 4567 gaudeant
1142 4496 1231 4549 bis
1280 4496 1691 4565 castigantibus
1749 4511 1869 4549 esse

145 4592 479 4639 correctos.
512 4587 618 4639 Per
651 4587 979 4639 Dominum.

946 4689 1096 4743 Alia.

223 4778 605 4843 Quaesumus,
658 4776 1026 4847 omnipotens
1082 4779 1246 4843 Deus,
1280 4777 1645 4831 clementiam
1687 4781 1867 4842 tuam,

142 4873 217 4919 ut
302 4866 713 4919 inundantiam
772 4881 1031 4919 coerceas
1075 4866 1369 4930 imbrium,
1431 4870 1487 4917 et
1520 4864 1869 4917 hilaritatem

143 4956 241 5008 tui
269 4956 469 5008 vultus
498 4955 663 5008 nobis
686 4954 969 5024 impertiri
997 4953 1271 5023 digneris.
1305 4954 1413 5006 Per
1443 4952 1771 5006 Dominum.

932 5079 1104 5132 XCIV.

347 5200 538 5241 HISSA
586 5201 663 5240 AD
709 5200 1177 5241 POSTULANDAM
1224 5199 1704 5239 SERBNITATEM.

222 5293 321 5348 Ad
360 5296 413 5344 te
447 5309 571 5355 nos,
600 5292 867 5357 Domine,
902 5294 1215 5345 clamantes
1244 5292 1467 5357 exaudi,
1507 5297 1562 5343 et
1600 5291 1748 5343 aeris
1778 5306 1872 5342 se-

140 5382 481 5435 renitatem
532 5381 696 5432 nobis
740 5381 928 5432 tribue
974 5379 1448 5448 supplicantibus,
1508 5382 1570 5430 ut
1624 5378 1724 5447 qui
1768 5393 1871 5448 pro

134 5469 422 5541 peccatis
467 5469 676 5521 nostris
715 5467 867 5537 juste
918 5468 1253 5535 affligimur,
1326 5466 1714 5519 misericordia
1774 5475 1873 5519 tua

134 5557 583 5630 praeveniente,
612 5557 978 5610 clementiam
1009 5557 1341 5610 sentiamus.
1377 5556 1501 5609 Per.

1978 4413 2154 4475 mine,
2205 4410 2598 4463 misericordia
2648 4415 2767 4474 tua,
2808 4414 2873 4463 ut
2903 4426 3104 4463 omnes
3152 4411 3487 4481 iniquitates
3543 4413 3667 4482 ejus

1976 4501 2146 4554 celeri
2167 4500 2528 4568 indulgentia
2548 4499 2863 4552 deleantur.
2901 4500 3028 4552 Per.

2046 4589 2253 4643 Adesto
2309 4587 2822 4657 supplicationibus
2858 4586 3086 4651 nostris,
3146 4603 3252 4640 nec
3305 4588 3376 4641 sit
3432 4588 3500 4641 ab
3558 4589 3668 4643 hoc

1975 4676 2192 4731 famulo
2246 4681 2341 4729 tuo
2398 4675 2717 4727 clementia:
2779 4682 2891 4727 tua:
2956 4675 3270 4746 longinqua
3328 4676 3670 4730 miseratio:

1980 4762 2217 4812 vulnera
2248 4774 2405 4823 sana,
2438 4758 2679 4827 ejusque
2710 4758 2937 4810 remitte
2966 4765 3214 4827 peccata,
3249 4766 3313 4812 ut
3344 4760 3516 4813 nullis
3548 4778 3581 4812 a
3618 4766 3673 4814 te

1978 4846 2382 4917 iniquitatibus
2426 4849 2742 4915 separatus,
2779 4845 2883 4898 tibi
2915 4846 3157 4899 Domino
3211 4863 3436 4916 semper
3485 4847 3672 4901 valeat

1978 4934 2291 4987 adhaerere.
2325 4934 2450 4986 Per.

2051 5023 2288 5076 Domine
2326 5023 2469 5075 Deus
2500 5025 2712 5085 noster,
2767 5020 2867 5090 qui
2914 5019 3231 5074 offensione
3288 5028 3483 5075 nostra
3550 5037 3674 5076 non

1974 5111 2242 5175 vincaris,
2278 5108 2376 5161 sed
2407 5108 2787 5161 satisfactione
2837 5108 3097 5177 placaris,
3155 5110 3392 5177 respice,
3438 5125 3672 5179 quaesu-

1979 5216 2127 5265 mus,
2161 5199 2231 5251 ad
2265 5199 2415 5251 hunc
2450 5198 2724 5250 famulum
2781 5204 2964 5261 tuum,
3022 5196 3119 5265 qui
3153 5214 3210 5249 se
3244 5199 3350 5250 tibi
3409 5215 3672 5267 peccasse

1978 5289 2228 5359 graviter
2252 5287 2573 5340 comitetur.
2626 5287 2809 5339 Tuum
2865 5292 2948 5337 est
2978 5286 3133 5337 enim
3165 5287 3521 5340 ablutionem
3562 5288 3671 5341 cri-

1983 5378 2204 5430 minum
2238 5377 2392 5442 daie,
2449 5381 2502 5428 et
2548 5376 2770 5428 veniam
2806 5380 3073 5443 praestare
3136 5376 3517 5444 peccantibus,
3572 5376 3674 5447 qui

1982 5466 2195 5528 dixisti,
2256 5464 2648 5534 paenitentiam
2706 5470 2759 5516 te
2820 5464 2986 5515 malle
3054 5469 3438 5532 peccatorum,
3500 5481 3675 5534 quam

1978 5562 2245 5609 mortem.
2280 5554 2534 5607 Concede
2582 5568 2738 5621 ergo,
2771 5552 3042 5620 Domine,
3085 5553 3215 5619 lioc,
3250 5558 3311 5605 ut
3365 5551 3466 5605 tibi
3493 5553 3677 5621 paeni-
