4078 6180
168 310 246 363 an
1456 309 1663 365 LIBER
1701 310 2344 367 SACRAMENTORUM.
3003 290 3023 307 °
3547 316 3650 368 842

956 438 1043 492 CI.

298 542 797 583 RECONCILIATIO
820 526 1256 582 ‘PleTBNTlS
1294 542 1372 581 AD
1412 544 1701 584 MORTEM.

223 634 571 703 Majestatem
622 640 802 697 tuam,
839 634 1102 698 Domine,
1131 634 1417 703 supplices
1451 635 1847 705 deprecamur,

164 730 218 776 ut
266 724 399 776 hinc
445 723 662 775 famulo
712 728 813 776 tuo
865 724 928 776 N.
962 724 1136 792 longo
1195 724 1461 793 squalore
1495 724 1849 793 pmnitentim

161 816 459 874 macerato,
498 811 882 864 miserationis
926 816 1039 864 tua:
1069 810 1293 863 veniam
1328 811 1525 880 largiri
1560 810 1847 880 digneris,

163 905 235 966 ut,
266 899 685 968 nuptialiveste
714 904 966 967 recepta,
995 898 1063 952 ad
1096 899 1352 968 regalem
1388 915 1668 966 mensam,
1699 899 1849 953 unde

162 988 366 1057 ejectus
395 987 601 1054 fuerat,
628 994 916 1041 mereatur
942 988 1202 1041 introire.
1254 988 1380 1042 Per.

944 1094 1053 1147 Cll.

225 1199 390 1235 Μῐεελε
414 1198 467 1235 IN
494 1198 704 1237 AGENDA
730 1198 1057 1237 MORTUORUM
1100 1198 1201 1236 PRO
1233 1198 1519 1236 FRATRIBUS
1559 1198 1777 1237 NOSTRIS

808 1285 1188 1326 DEFUNCTIS.

224 1377 392 1442 Deus,
435 1375 614 1429 veniae
661 1376 902 1446 largitor
957 1380 1013 1430 et
1059 1376 1329 1430 humanae
1359 1376 1560 1429 salutis
1604 1379 1846 1441 amator,

163 1480 484 1535 quesumus
510 1465 875 1519 clementiam
908 1468 1066 1518 tuam
1103 1470 1165 1518 ut
1198 1468 1411 1518 nostra:
1444 1464 1851 1534 congregatio-

161 1552 241 1605 nis
288 1553 514 1617 fratres,
551 1552 649 1622 qui
699 1570 764 1606 ex
804 1554 909 1607 hoc
940 1555 1147 1607 saeculo
1180 1555 1552 1619 transierunt,
1584 1553 1750 1606 beato
1782 1553 1845 1605 Ν.

162 1647 394 1710 patrono
430 1648 627 1696 nostro
654 1642 1063 1709 intercedente,
1107 1644 1175 1697 ad
1218 1647 1508 1714 perpetua:
1531 1641 1849 1696 beatitudi-

162 1730 238 1782 nis
267 1731 625 1785 consortium
680 1732 979 1801 pervenire
1034 1733 1332 1786 concedas.
1384 1733 1490 1785 Per
1540 1730 1849 1784 Dominum

166 1824 443 1873 nostrum.

788 1910 962 1979 Super
1005 1910 1221 1963 Oblata.

226 2015 394 2080 Deus,
424 2015 587 2085 cujus
616 2015 1019 2068 misericordias
1051 2032 1167 2068 non
1194 2020 1279 2069 est
1308 2030 1604 2080 numerus,
1629 2012 1852 2083 suscipe

163 2103 444 2172 propitius
511 2119 709 2172 preces
765 2103 1108 2157 humilitatis
1153 2109 1383 2168 nostrae,
1438 2107 1493 2157 et
1549 2102 1851 2155 animabus

162 2192 365 2260 quibus
422 2191 507 2245 tui
551 2192 801 2244 nominis
853 2191 1058 2245 dedisti
1113 2192 1551 2255 confessionem,
1601 2207 1704 2261 per
1735 2191 1853 2244 haec

162 2285 515 2334 sacramenta
567 2280 764 2334 salutis
806 2286 1015 2335 nostra:
1048 2287 1386 2336 cunctorum
1420 2281 1608 2334 tribue
1649 2280 1849 2334 remis-

160 2368 379 2422 sionem
401 2374 791 2440 peccatorum.
820 2370 947 2423 Per.

769 2494 936 2560 Infra
964 2496 1245 2547 actionem.

226 2598 387 2650 Hanc
420 2597 595 2667 igitur
629 2598 998 2664 oblationem,
1058 2614 1228 2669 quam
1279 2597 1384 2651 tibi
1415 2597 1706 2652 offerimus
1746 2614 1850 2668 pro

156 2686 461 2738 animabus
516 2686 759 2740 fratrum
809 2692 1157 2754 nostrorum,
1191 2702 1545 2756 quassamus.
1580 2688 1849 2755 Domine,

153 2775 411 2842 placatus
441 2773 694 2839 intende,
730 2791 829 2845 pro
864 2775 1073 2845 quibus
1106 2774 1388 2844 majestati
1423 2778 1535 2829 tuae
1567 2774 1852 2843 supplices

156 2862 456 2915 fundimus
486 2878 703 2931 preces,
750 2869 813 2917 ut
865 2881 958 2917 eas
997 2864 1058 2917 in
1089 2880 1332 2917 numero
1365 2870 1696 2917 sanctorum
1722 2868 1851 2916 tuo-

155 2965 283 3003 rum
345 2950 453 3004 tibi
505 2951 853 3021 placentium
914 2952 1221 3022 dignanter
1280 2953 1547 3019 ascribas,
1608 2952 1853 3022 Diesque

157 3046 408 3094 nostros.

704 3133 828 3186 Post
868 3133 1315 3189 Communionem.

223 3237 468 3301 Praesta,
515 3252 868 3306 quaesumus,
928 3238 1251 3291 misericors
1315 3239 1483 3303 Deus,
1532 3241 1595 3291 ut
1643 3236 1853 3291 animm

151 3340 256 3394 pro
297 3325 514 3395 quibus
540 3327 649 3380 hoc
678 3326 1019 3380 sacrificium
1050 3326 1236 3380 laudis
1257 3330 1366 3380 tuaa
1410 3326 1703 3381 offerimus
1731 3343 1853 3379 ma-

146 3414 372 3483 jestati,
432 3429 537 3484 per
577 3416 749 3485 hujus
797 3416 1066 3470 virtutem
1125 3416 1469 3470 sacramenti
1521 3432 1553 3469 a
1611 3416 1855 3484 peccatis

150 3504 433 3557 omnibus
462 3504 725 3574 expiatas,
756 3506 896 3559 lucis
927 3510 1223 3575 perpetuae
1251 3511 1304 3559 te
1350 3506 1680 3573 miserante,
1722 3520 1854 3573 per-

147 3591 378 3662 cipiant
405 3592 838 3648 beatitudinem.
872 3595 1000 3648 Per.

939 3719 1088 3771 Alia.

220 3825 401 3888 Deus,
434 3822 550 3875 vita
578 3822 920 3891 viventium,
962 3838 1090 3892 spes
1120 3822 1518 3890 morientium,
1551 3823 1701 3875 salus
1733 3838 1857 3875 om-

143 3911 319 3965 nium
360 3911 425 3964 in
470 3916 523 3964 te
555 3912 931 3981 sperantium,
980 3916 1188 3982 praesta
1226 3911 1513 3981 propitius
1556 3916 1621 3964 ut
1651 3911 1858 3963 animos

145 4001 331 4070 hujus
392 4000 855 4070 congregationis
905 4006 963 4053 et
1047 4000 1308 4053 omnium
1364 3999 1455 4052 hic
1502 3998 1860 4068 requiescen-

142 4088 324 4153 tium,
410 4103 443 4139 a
505 4092 713 4140 nostras
790 4087 1155 4141 mortalitatis
1230 4087 1484 4141 tenebris
1558 4086 1857 4150 absoluta},

142 4180 407 4243 patrono
467 4180 664 4228 nostro
705 4176 873 4229 beato
909 4176 972 4229 N.
1018 4176 1431 4242 intercedente,
1464 4175 1523 4227 in
1582 4178 1862 4245 perpetua

145 4279 289 4317 cum
310 4264 527 4317 sanctis
555 4266 665 4317 tuis
696 4264 822 4319 luce
854 4266 1138 4319 laetentur.
1175 4267 1298 4319 Per.

144 4396 170 4419 ⁸
213 4404 272 4441 IN
330 4404 422 4440 ωε
475 4404 840 4442 DEPOSITIONIS
882 4405 1134 4442 DEFUNCTI
1180 4405 1271 4454 III,
1313 4404 1412 4442 νει
1450 4404 1546 4453 νη,
1591 4402 1693 4440 VEL
1732 4402 1852 4439 XXX.

222 4495 455 4548 Adesto
487 4510 839 4563 quaesumus,
882 4495 1142 4559 Domine,
1180 4510 1283 4564 pro
1330 4492 1521 4546 anima
1549 4492 1750 4546 famuli
1784 4490 1866 4545 tui

145 4584 245 4649 N.,
285 4582 386 4636 cui
414 4583 474 4635 in
497 4583 853 4651 depositione
886 4600 988 4636 sua
1022 4584 1275 4636 officium
1308 4580 1867 4635 commemorationis

141 4670 585 4741 impendimus,
615 4674 680 4724 ut
708 4671 755 4723 si
782 4686 897 4741 qua
924 4672 977 4725 ei
999 4671 1287 4724 saecularis
1311 4670 1462 4723 mala
1492 4669 1739 4735 inhaesit,
1772 4671 1871 4721 aut

144 4760 374 4814 vitium
405 4759 700 4813 mundiale
732 4759 945 4826 infecit,
981 4761 1132 4814 dono
1163 4764 1277 4813 tute
1304 4759 1537 4829 pietatis
1572 4758 1869 4828 indulgeas

144 4857 208 4904 et
242 4854 543 4919 extergas.
579 4849 705 4902 Per.

952 4939 1109 4991 Alia.

225 5044 610 5109 Quaesumus,
654 5042 918 5109 Domine,
956 5043 1165 5096 animae
1203 5042 1406 5095 famuli
1440 5041 1526 5095 tui
1565 5042 1655 5101 N.,

147 5401 281 5451 tuae
309 5410 633 5466 perennem
664 5395 924 5450 infunde.
958 5397 1066 5449 Per
1098 5394 1427 5449 Dominum.

1713 5056 1877 5111 cujus

144 5132 437 5195 tertium,
486 5131 574 5183 vel
619 5131 954 5200 septimum,
997 5132 1086 5183 vel
1134 5130 1490 5183 tricesimum
1549 5129 1741 5183 obitus
1791 5128 1881 5181 sui

143 5221 325 5275 diem
390 5235 934 5288 commemoramus,
994 5224 1320 5273 sanctorum
1400 5223 1631 5271 tuorum
1713 5222 1881 5287 atque

146 5311 491 5363 electorum
523 5308 733 5377 largire
756 5308 1129 5373 consortium,
1174 5311 1229 5361 et
1256 5322 1443 5360 rorem
1477 5306 1885 5360 misericordia:

2058 441 2239 495 Lectio
2269 442 2523 510 Epistolas
2550 444 2610 496 B.
2640 444 2800 497 Pauli
2829 445 3062 513 apostoli
3089 445 3164 498 ad
3200 446 3529 501 Corinthios.

2039 547 2277 614 Fratres,
2308 564 2435 601 ecce
2466 549 2802 618 mysterium
2849 551 3009 603 vobis
3055 551 3202 606 dico.
3255 553 3466 607 Omnes
3521 553 3645 624 qui-

1959 634 2091 688 dem
2114 652 2496 706 resurgemus,
2530 639 2623 690 sed
2648 654 2764 691 non
2796 655 2993 692 omnes
3026 640 3485 695 immutabimur.

2081 741 2371 809 Sequentia
2401 746 2579 796 sancti
2608 747 2897 811 Evangelii
2926 748 3217 801 secundum
3242 751 3521 803 Joannem.

2030 829 2091 881 Iu
2120 829 2219 882 illo
2251 835 2529 899 tempore,
2563 831 2705 884 dixit
2733 832 2947 886 Martha
3004 836 3073 888 ad
3105 837 3299 890 lesum
3335 852 3347 890 ;
3383 837 3646 901 Domine,

1958 918 2006 970 si
2038 916 2239 971 fuisses
2261 918 2373 985 hic,
2404 919 2582 973 frater
2612 936 2771 973 meus
2801 937 2915 974 non
2950 922 3149 977 fuisset
3181 930 3458 979 mortuus.

2596 1027 2776 1095 Super
2806 1028 3021 1082 Oblata.

2027 1113 2258 1178 Adesto,
2297 1115 2556 1177 Domine,
2591 1115 3107 1184 supplicationibus
3140 1120 3370 1185 nostris,
3406 1124 3463 1173 et
3502 1120 3649 1174 hanc

1958 1200 2328 1268 oblationem,
2359 1218 2533 1272 quam
2566 1203 2667 1257 tibi
2698 1202 2991 1258 offerimus
3025 1206 3098 1259 ob
3132 1206 3287 1259 diem
3336 1206 3648 1277 depositio-

1959 1289 2049 1342 nis
2073 1290 2325 1356 tertium,
2357 1292 2440 1343 vel
2472 1292 2805 1360 septimum,
2842 1294 2927 1347 vel
2964 1293 3338 1362 tricesimum,
3387 1312 3493 1365 pro
3527 1296 3651 1349 ani-

1960 1395 2054 1432 ma
2091 1379 2292 1433 famuli
2339 1380 2425 1433 tui
2486 1383 2548 1434 N.
2614 1383 2874 1452 placidus
2922 1384 3011 1438 vel
3064 1385 3351 1455 benignus
3402 1402 3650 1440 assume.

1960 1469 2085 1522 Per.

2660 1561 2934 1613 Praefatio.

2660 1562 2775 1612 Prae
2807 1563 2934 1613 atto.

2034 1647 2097 1699 D.
2142 1651 2197 1699 et
2230 1647 2451 1716 justum
2494 1652 2596 1710 est,
2644 1562 2813 1714 usun’
2844 1651 2948 1701 Per
2999 1649 3287 1703 Christum
3343 1650 3651 1704 Dominum

1891 1739 1931 1790 Β
1961 1740 2243 1788 nostrum.
2277 1736 2384 1789 Per
2413 1751 2586 1805 quem
2618 1737 2769 1789 salus
2802 1737 3024 1802 mundi,
3068 1754 3173 1806 per
3202 1754 3376 1808 quem
3407 1738 3522 1791 vita
3551 1740 3655 1793 ho-

1962 1824 2206 1888 minum,
2248 1830 2368 1893 per
2424 1839 2596 1893 quem
2654 1826 3025 1878 ressurreetio
3091 1832 3470 1881 mortuorum.
3550 1830 3657 1881 Per

1960 1912 2150 1982 ipsum
2183 1918 2258 1979 te,
2286 1912 2544 1976 Domine,
2581 1913 2915 1982 suppliciter
2948 1913 3340 1983 deprecamur,
3368 1922 3428 1968 ut
3446 1916 3656 1970 animas

1962 2000 2163 2053 famuli
2195 1999 2276 2053 tui
2308 1999 2401 2065 N.,
2435 2000 2594 2069 cujus
2617 2000 2993 2070 depositionis
3016 2002 3166 2055 diem
3192 2004 3250 2056 N.
3275 2004 3651 2071 celebramus,

1962 2089 2378 2157 indulgentiam
2412 2088 2607 2158 largiri
2643 2089 2897 2158 digneris
2928 2095 3283 2160 perpetuam,
3318 2097 3488 2161 atque
3519 2108 3653 2145 cou-

1961 2177 2129 2247 tagiis
2182 2176 2540 2230 mortalitatis
2592 2183 2841 2245 exulaui,
2902 2178 2963 2231 in
3021 2183 3248 2233 internae
3325 2180 3656 2234 salvationis

1961 2272 2183 2337 partem
2206 2265 2489 2319 restituas.
2527 2268 2632 2320 Per
2662 2283 2855 2336 quem.

2562 2374 2725 2438 Infra
2763 2376 3045 2427 actionem.

2034 2464 2189 2516 Hanc
2220 2460 2394 2532 igitur
2424 2461 2798 2527 oblationem,
2828 2462 3086 2527 Domine,
3121 2479 3293 2532 quam
3326 2462 3430 2516 tibi
3459 2463 3657 2517 offeri-

1962 2566 2087 2603 mus
2108 2566 2209 2619 pro
2232 2549 2422 2602 anima
2440 2549 2639 2602 famuli
2682 2550 2761 2602 tui
2794 2550 2882 2615 N.,
2907 2549 3069 2618 cujus
3090 2550 3464 2620 depositionis
3502 2551 3656 2605 diem

1962 2638 2219 2702 tertium,
2261 2638 2594 2707 septimum.
2627 2639 2710 2690 vel
2735 2636 3099 2691 tricesimum
3131 2638 3505 2703 celebramus,
3542 2654 3655 2709 quo

1963 2726 2219 2797 deposito
2292 2742 2550 2795 corpore,
2626 2726 2880 2778 animam
2939 2726 3044 2778 tibi
3112 2727 3356 2779 creatori
3409 2727 3659 2780 reddidit

1964 2832 2136 2886 quam
2168 2814 2395 2879 dedisti,
2435 2830 2538 2883 pro
2584 2830 2698 2883 quo
2723 2813 2969 2880 petimus
3003 2814 3255 2867 divinam
3290 2816 3656 2868 clementiam

1961 2909 2139 2965 tuam,
2166 2909 2249 2968 ut,
2286 2903 2485 2955 mortis
2506 2902 2745 2955 vinculis
2787 2902 3101 2967 absolutus,
3148 2904 3392 2956 transire
3442 2920 3656 2956 merea-

1963 2997 2058 3046 tur
2087 2992 2153 3044 ad
2188 2991 2379 3045 vitam.
2417 2992 2521 3043 Per
2551 2990 2843 3043 Christum
2876 2991 3184 3044 Dominum
3217 2997 3505 3048 nostrum.

2499 3096 2628 3150 Post
2667 3097 3123 3149 Communionem.

2034 3201 2411 3271 Omnipotens
2459 3200 2810 3269 sempiterna
2885 3202 3028 3253 Deus
3081 3201 3358 3254 collocare
3419 3202 3656 3271 dignare

1965 3306 2171 3359 corpus
2201 3293 2257 3343 et
2288 3288 2541 3343 animam
2576 3294 2630 3343 et
2677 3289 2944 3359 spiritum
3001 3290 3201 3342 famuli
3244 3290 3325 3343 tui
3358 3291 3445 3356 N.,
3498 3291 3658 3360 cujus

1964 3378 2119 3432 diem
2172 3378 2428 3444 tertium,
2490 3378 2819 3448 septimum,
2876 3378 2961 3431 vel
3010 3378 3361 3431 tricesimum
3414 3378 3530 3431 sive
3560 3380 3657 3432 de-

1965 3466 2312 3537 positionem
2363 3466 2739 3532 celebramus,
2809 3466 2868 3519 in
2913 3466 3131 3520 sinibus
3191 3467 3454 3534 Abrahae,
3505 3468 3660 3521 Isaac

1968 3561 2025 3609 et
2047 3556 2242 3621 Jacob,
2286 3560 2348 3609 ut
2380 3570 2510 3608 cum
2541 3554 2659 3608 dies
2688 3554 3000 3624 agnitionis
3052 3560 3167 3608 tum
3221 3556 3458 3621 venerit,
3509 3557 3659 3610 inter

1967 3648 2193 3698 sanctos
2223 3649 2279 3698 et
2304 3643 2514 3697 electos
2535 3648 2661 3696 tuos
2693 3659 2826 3697 eum
2853 3644 3175 3697 resuscitari
3207 3644 3528 3714 praecipias.

1969 3734 2093 3786 Per.

2290 3816 2410 3857 PRO
2453 3817 2644 3857 CUJUS
2688 3816 2899 3857 ΔΝΙΜΔ
2945 3817 3337 3857 DUBITATUR.

2043 3908 2417 3978 Omnipotens
2465 3913 2523 3961 et
2580 3906 2904 3961 misericors
2937 3909 3104 3974 Deus,
3142 3908 3373 3974 inclina,
3420 3925 3655 3979 quassu—

1972 4013 2120 4063 mus,
2155 3996 2505 4050 venerabiles
2536 4012 2701 4049 aures
2751 4000 2878 4049 tuas
2944 3996 3015 4049 ad
3066 3996 3298 4066 exiguas
3331 4013 3526 4065 preces
3556 4014 3656 4050 no-

1974 4090 2138 4149 stras,
2200 4101 2340 4154 quas
2390 4084 2512 4153 [leg.
2564 4082 2793 4153 quibus]
2853 4088 2983 4136 ante
3043 4086 3411 4152 conspectum
3474 4083 3659 4152 maje-

1976 4173 2135 4226 statis
2159 4177 2272 4225 tuae
2298 4190 2401 4242 pro
2448 4173 2635 4225 anima
2662 4172 2864 4225 famuli
2895 4172 2978 4224 tui
3011 4173 3072 4225 N.
3114 4172 3411 4224 humiliter
3462 4172 3664 4241 depre-

1975 4278 2192 4327 camur,
2216 4267 2280 4314 ut
2311 4262 2448 4315 dum
2490 4261 2557 4315 de
2581 4262 2856 4331 qualitate
2896 4261 3025 4314 vitae
3059 4260 3182 4330 ejus
3228 4260 3562 4327 diffidimus,
3598 4262 3668 4314 de

1906 4335 1948 4389 Ῑ)
1979 4351 2325 4405 abundantia
2348 4350 2575 4420 pietatis
2605 4356 2718 4404 tua:
2749 4352 3131 4415 consolemur,
3169 4354 3224 4403 et
3254 4350 3298 4402 si
3344 4350 3412 4403 ad
3440 4351 3668 4420 plenam

1974 4439 2197 4492 veniam
2238 4440 2445 4492 anima:
2480 4438 2661 4507 ipsius
2723 4439 2983 4492 obtinere
3015 4454 3129 4491 non
3184 4454 3510 4508 possumus,
3564 4440 3667 4493 sal-

1978 4532 2094 4582 tem
2122 4527 2211 4581 vel
2262 4527 2410 4579 inter
2462 4526 2584 4594 ipsa
2639 4530 2927 4580 tormenta
2975 4542 3105 4595 quae
3158 4525 3398 4580 forsitan
3432 4527 3669 4596 patitur,

1978 4614 2389 4669 abundantiam
2433 4613 2867 4667 miseratiouum
2899 4619 3131 4667 tuarum
3163 4614 3499 4670 sentiamus.
3534 4617 3664 4669 Per.

2615 4720 2789 4788 Super
2819 4720 3033 4773 Oblata.

2048 4828 2297 4898 Suscipe,
2363 4826 2807 4881 clementissime
2864 4827 3049 4891 Pater,
3103 4842 3204 4897 pro
3254 4842 3675 4881 commemora-

1980 4915 2133 4969 tione
2162 4914 2363 4967 famuli
2405 4916 2485 4967 tui
2535 4913 2599 4967 N.
2638 4913 2880 4966 hostiam
2913 4915 3251 4983 placationis
3280 4921 3336 4969 et
3366 4914 3574 4980 laudis,
3613 4922 3681 4968 ut

1983 5002 2322 5057 sacrificium
2357 5001 2664 5055 oblationis
2691 5002 2991 5070 praesentis
3029 5002 3111 5055 ~ad
3147 5002 3519 5073 refrigerium
3554 5003 3677 5056 ani-

1988 5107 2093 5145 mm
2128 5091 2269 5161 ejus,
2298 5093 2352 5143 te
2386 5089 2716 5155 miserante,
2752 5091 3071 5161 perveniat.
3108 5092 3232 5144 Per.

2527 5199 2654 5251 Post
2695 5198 3148 5252 Communionem.

2065 5301 2448 5372 Sumpsimus,
2485 5302 2747 5367 Domine,
2783 5302 3033 5371 corporis
3072 5307 3128 5355 et
3159 5300 3453 5371 sanguinis
3483 5300 3565 5353 tui
3596 5316 3682 5354 re-

1996 5391 2204 5455 media,
2238 5390 2601 5445 obsecrantes
2636 5391 2947 5460 majestatis
2977 5395 3089 5444 tum
3132 5389 3497 5443 clementiam
3543 5395 3607 5442 ut
3633 5394 3689 5443 et

227 5564 257 5588 ⁸
295 5552 396 5607 Ad
419 5552 781 5607 bunclocum
813 5553 1038 5607 videtur
1066 5553 1322 5607 alludere
1355 5552 1538 5605 Ama].
1582 5551 1678 5607 lib.
1709 5567 1760 5604 IV
1791 5550 1861 5604 de
1891 5550 2037 5603 Eccl.
2071 5548 2244 5613 ofﬁc,
2284 5564 2332 5600 c.
2368 5550 2457 5602 42.

508 5641 802 5703 PATROL.
851 5640 1076 5703 CXXI.

3294 5640 3368 5696 27
