4038 6174
403 277 506 330 843
1060 286 1082 305 ⁸

405 412 724 466 viventibus
747 412 860 465 sint
892 412 1086 478 tutela,
1122 414 1177 463 et
1207 410 1488 464 defunctis
1519 411 1818 466 obtineant
1848 413 2095 466 veniam.
2139 417 2180 468 A

405 503 511 556 Per
541 503 847 556 Dominum
880 504 1157 554 nostrum.

844 711 1027 749 MISSA
1084 709 1274 748 liNlUS
1322 709 1665 748 DEFUNCTI.

409 801 417 809 ’
473 801 866 871 Omnipotens,
913 801 1259 869 sempiterne
1305 803 1468 863 Deus,
1505 801 1596 853 cui
1650 816 1944 870 nunquam
1974 800 2095 854 sine

404 907 500 959 spe
545 891 949 944 misericordim
997 890 1373 958 supplicatur,
1415 889 1732 959 propitiare
1766 889 1974 943 animm
2009 889 2099 942 fa-

405 979 547 1034 muli
579 980 662 1032 tui
685 980 748 1032 N.
784 984 845 1032 ut
877 979 974 1048 qui
1011 978 1079 1031 de
1117 980 1218 1030 hac
1247 977 1360 1029 vita
1393 977 1451 1030 in
1477 979 1559 1030 tui
1607 977 1858 1030 nominis
1889 977 2102 1030 confes-

405 1068 563 1120 sione
613 1067 872 1130 decessit,
933 1071 1257 1118 sanctorum
1343 1070 1574 1117 tuorum
1638 1081 1878 1118 numero
1930 1065 2102 1117 facias

405 1157 727 1225 aggregari.
762 1157 865 1208 Per
902 1155 1228 1207 Dominum.

1044 1261 1217 1328 Super
1248 1259 1463 1313 Oblata.

483 1368 1191 1438 Propitiare,qumsumus,
1233 1365 1498 1430 Domine,
1542 1364 1748 1417 animm
1787 1363 1988 1416 famuli
2023 1363 2103 1417 lui

411 1457 498 1520 N.,
546 1473 648 1526 pro
717 1473 830 1526 qua
879 1456 981 1508 tibi
1037 1456 1252 1508 hostias
1303 1453 1639 1524 placationis
1693 1452 2012 1515 offerimus,
2050 1457 2106 1505 et

409 1547 544 1615 quia
572 1545 631 1598 in
673 1546 776 1598 hac
808 1547 930 1598 luce
960 1545 1020 1598 in
1066 1544 1178 1597 fide.
1213 1542 1422 1595 mansit
1466 1541 1760 1603 catholica,
1795 1541 1856 1593 in
1911 1540 2104 1594 futura

409 1634 520 1686 vita
551 1634 674 1702 ejus
697 1633 996 1686 retributio
1034 1632 1404 1684 condonetur.
1439 1632 1560 1682 Per.
1775 1637 1778 1640 '

1013 1741 1169 1804 Infra
1209 1740 1493 1790 actionem.

484 1847 634 1899 Hanc
665 1845 842 1913 igitur
869 1845 1244 1908 oblationem,
1278 1859 1449 1912 quam
1485 1843 1585 1894 tibi
1610 1859 1714 1911 pro
1749 1841 1946 1912 requie
1978 1841 2101 1893 ani-

411 1950 519 1986 mm.
571 1933 766 1986 famuli
817 1933 898 1985 tui
953 1934 1014 1985 Ν.
1063 1932 1373 1990 offerimus,
1433 1947 1784 2000 qumsumus,
1831 1929 2094 1994 Domine,

411 2022 668 2090 placatus
695 2021 958 2090 accipias,
996 2025 1052 2073 et
1082 2025 1181 2072 tua
1219 2021 1430 2089 pietate.
1465 2020 1741 2071 concedas
1775 2024 1855 2082 ut,
1892 2022 2102 2070 morta-

414 2110 589 2162 litatis
622 2110 862 2162 nexibus
888 2109 1161 2170 absoluta,
1225 2110 1372 2160 inter
1404 2108 1602 2160 fideles
1635 2114 1763 2160 tuos
1818 2111 2105 2160 mereatur

414 2199 626 2251 habere
659 2198 1008 2267 portionem.
1047 2199 1152 2250 Per
1183 2197 1488 2250 Christum.

957 2306 1080 2358 Post
1120 2306 1570 2358 Commmu’onem.

487 2412 716 2475 Prmsta,
751 2425 1099 2480 qumsumus,
1135 2411 1496 2477 omnipotens
1534 2409 1698 2470 Deus,
1744 2411 1807 2457 ut
1852 2405 2100 2458 animam

411 2498 611 2551 famuli
649 2499 730 2551 tui
781 2499 843 2551 Ν.
881 2498 948 2550 ab
980 2497 1198 2566 angelis
1226 2496 1366 2548 lucis
1399 2500 1742 2564 SUSI‘PPtalIl,
1789 2495 1846 2545 iu
1880 2510 2104 2563 prmpa-

413 2588 547 2639 ratis
572 2587 909 2640 habitaculis
963 2586 1164 2639 deduci
1211 2586 1382 2637 facias
1413 2585 1730 2637 beatorum.
1771 2585 1874 2636 Per
1907 2583 2106 2635 Domi—

414 2691 552 2727 num
587 2679 867 2727 nostrum.

1191 2763 1320 2814 CIV.

565 2867 751 2906 MISSA
804 2842 920 2905 P'RO
963 2865 1288 2905 DEFKTNCTO
1336 2865 1540 2903 NIIPER
1587 2864 1962 2903 BAPTIZATO.

486 2958 652 3021 Deus,
703 2957 802 3027 qui
835 2957 902 3011 ad
937 2958 1162 3010 cmleste
1199 2971 1439 3025 regnum
1474 2954 1704 3007 nonnisi
1755 2954 1968 3006 renatis
2019 2970 2108 3006 ex-

415 3062 564 3116 aqua
597 3051 652 3099 et
694 3046 903 3115 Spiritu
939 3051 1132 3099 sancto
1165 3045 1366 3115 pandis
1416 3044 1738 3110 introitum,
1790 3042 2108 3112 multiplica

414 3151 588 3204 super
617 3135 866 3187 animam
910 3134 1110 3188 famuli
1142 3133 1222 3187 tui
1261 3135 1321 3187 Ν.
1358 3131 1806 3185 misericordiam
1842 3138 2021 3194 tuam,
2054 3136 2110 3182 et

415 3224 506 3276 cui
538 3223 758 3275 donasti
800 3224 1083 3276 cmlestem
1117 3227 1172 3274 et
1223 3221 1740 3274 incontaminatum
1796 3219 2103 3271 transitum

416 3315 543 3380 post
571 3310 842 3378 baptismi
878 3314 1323 3375 sacramentum,
1364 3309 1431 3360 da
1456 3308 1505 3360 ei
1541 3314 1886 3360 aeternorum
1920 3307 2106 3377 pleni-

415 3398 676 3451 tudinem
705 3399 1065 3467 gaudiorum.
1101 3399 1204 3451 Per
1238 3396 1542 3450 Dominum
1577 3401 1857 3449 nostrum.

1147 3504 1377 3556 Sec-rcta.

488 3609 826 3678 Propitiare,
882 3609 1141 3675 Domine,
1189 3607 1697 3678 supplicationibus
1755 3605 1964 3659 nostris
2005 3621 2107 3675 pro

417 3699 609 3751 anima
641 3699 840 3751 famuli
875 3698 952 3751 tui
1009 3700 1096 3762 N.,
1147 3714 1250 3767 fro
1280 3715 1393 3767 qua
1423 3696 1522 3748 tibi
1556 3687 1852 3748 offerimus
1888 3693 2109 3746 sacrifi-

413 3788 565 3840 cium
618 3788 826 3852 laudis,
895 3793 957 3841 ut
989 3804 1112 3840 eam
1164 3794 1489 3839 sanctorum
1537 3790 1767 3838 tuorum
1817 3783 2106 3836 consortio

414 3877 628 3930 sociare
651 3875 923 3946 digneris.
953 3877 1076 3929 Per.

1020 3984 1180 4048 Infra
1219 3984 1500 4035 actionem.

489 4073 642 4124 Hauc
695 4071 874 4140 igitur
921 4070 1270 4123 oblationem
1302 4085 1472 4138 quam
1505 4066 1608 4120 tibi
1661 4064 1954 4120 offerimus
2002 4079 2107 4132 pro

415 4160 609 4212 anima
651 4159 848 4211 famuli
911 4159 991 4209 tui
1126 4157 1412 4225 benignus
1441 4169 1688 4217 assume,
1740 4167 1988 4221 eumque
2018 4167 2105 4204 re-

415 4246 804 4314 generationis
838 4246 985 4297 fontc
1021 4250 1327 4312 purgatum
1361 4249 1416 4296 et
1456 4242 1722 4312 periculis
1773 4245 1900 4292 vitm
1935 4239 2106 4308 hujus

415 4340 672 4394 exutum,
707 4334 1004 4385 beatorum
1056 4347 1296 4384 numero
1348 4331 1603 4400 digneris
1648 4330 1896 4383 inserere
1930 4329 2106 4398 spiri-

415 4427 600 4474 tuum.
639 4423 741 4474 Per
763 4421 1049 4474 Christum
1075 4419 1381 4472 Dominum
1407 4423 1685 4472 nostrum.

953 4527 1076 4579 Post
1116 4526 1562 4580 Commum'onem.

486 4613 822 4685 Propitiare,
859 4615 1115 4676 Domine,
1147 4615 1355 4666 animm
1386 4613 1582 4665 famuli
1610 4611 1693 4664 tui
1727 4611 1810 4674 N.,
1841 4615 1902 4663 ut
1931 4627 2104 4681 quem

414 4705 472 4758 in
503 4703 616 4758 fine
651 4704 810 4756 istius
840 4704 968 4755 vitm
1002 4702 1450 4774 regenerationis
1502 4701 1656 4754 fonte
1689 4702 2002 4765 mandasti,
2038 4701 2103 4753 ad

415 4793 657 4848 emlestis
688 4791 848 4862 regni
883 4792 1290 4846 beatitudinem
1325 4793 1493 4844 facias
1521 4790 1837 4861 pervenire.
1872 4791 1995 4843 Per.

1210 4900 1312 4952 (LV.

486 5006 634 5042 MISSA
677 5004 777 5041 PRO
819 5003 1103 5040 I)EFL'.\'CTlS
1145 5003 1593 5040 DESIDERANTIDUS
1635 5002 2026 5047 PtENth-INTIAM,

770 5092 841 5131 ET
891 5089 1124 5130 MINIME
1155 5091 1744 5138 (IONSEQUENTIBUS.

481 5185 536 5237 Si
589 5184 716 5254 quis
749 5183 1144 5254 paenitentiam
1193 5187 1410 5252 petens,
1449 5183 1582 5234 dum
1629 5183 1890 5235 sacerdos
1929 5197 2099 5234 vene-

414 5274 508 5341 rit,
550 5274 720 5326 fuerit
759 5272 945 5326 officio
977 5272 1187 5338 liugua-
1237 5272 1506 5340 privatus,
1555 5271 1929 5323 constitutum
1963 5269 2100 5322 utsi

413 5359 620 5414 idonea
647 5361 970 5414 testimonia
996 5362 1098 5413 hoc
1130 5359 1396 5425 dixerint,
1433 5366 1487 5411 et
1512 5359 1628 5428 ipse
1655 5376 1758 5428 per
1789 5364 1978 5413 motus
2006 5359 2103 5412 ali-

413 5460 554 5513 quos
581 5447 866 5510 satisfacil,
899 5447 1159 5500 sacerdos
1195 5447 1433 5515 impleat
1489 5445 1680 5498 omnia
1727 5446 1873 5499 circa
1908 5447 2094 5515 poeni-

413 5536 650 5585 tentem.

1539 275 1879 330 GRIMALDI
1921 275 2444 331 SANGALLENSIS
2482 275 2780 330 ABBATIS
3324 280 3333 306 '
3793 279 3880 331 Sit

2956 414 3164 466 Oratio.

2279 520 2658 588 Omnipotens
2689 525 2747 572 et
2802 519 3128 572 misericors
3166 520 3314 572 Deus
3343 520 3402 572 in
3435 520 3602 590 cujus
3655 521 3879 575 humana

2207 607 2456 680 conditio
2488 611 2782 677 potestate
2840 607 3121 674 consistit,
3171 607 3423 661 animam
3484 609 3683 662 famuli
3717 610 3794 662 tui
3826 611 3877 662 Ν.

2210 711 2552 765 qumsumus
2584 696 2654 748 ab
2687 696 2957 748 omnibus
2979 697 3206 749 absolve
3236 697 3504 765 peccatis,
3538 702 3594 750 et
3625 699 3878 766 pmniteu-

2209 785 2303 836 tim
2331 784 2601 850 fructum,
2638 801 2812 854 quem
2846 786 3106 836 Voluntas
3136 785 3256 854 ejus
3308 786 3544 854 optavit,
3583 793 3876 854 pri-eventus

2211 874 2578 938 mortalitate,
2615 889 2730 927 non
2763 873 2984 943 perdat.
3021 875 3126 926 Per
3159 874 3467 927 Dominum
3499 881 3776 930 nostrum.

2842 980 3015 1047 Super
3048 979 3262 1033 Oblata.

2279 1086 2597 1140 Satisfaciat
2655 1086 2776 1152 tibi,
2841 1086 3098 1150 Domine,
3149 1102 3502 1156 quaesumus,
3569 1103 3674 1156 pro
3716 1089 3877 1140 anima

2210 1172 2410 1227 famuli
2442 1176 2524 1227 tui
2562 1175 2624 1227 Ν.
2661 1174 2924 1226 sacrificii
2955 1176 3250 1242 prmsentis
3281 1175 3519 1240 oblatio,
3555 1182 3612 1228 et
3643 1182 3875 1244 peccato-

2212 1279 2339 1315 rum
2371 1263 2594 1314 veniam
2621 1278 2792 1332 quam
2827 1263 3102 1332 qumsivit,
3153 1263 3426 1324 inveniat,
3463 1270 3519 1316 et
3565 1264 3714 1334 quod
3763 1265 3874 1317 otti-

2211 1349 2532 1419 ciolingum
2584 1351 2822 1420 implere
2856 1365 2971 1402 non
3007 1351 3215 1419 potuit,
3247 1350 3586 1404 desideratm
3623 1353 3876 1422 paeniten-

2212 1439 2306 1492 tim
2339 1440 2806 1508 compensatione
2834 1439 3130 1508 percipiat.
3163 1441 3287 1492 Per.

2820 1547 2978 1610 Infra
3006 1548 3288 1598 actionem.

2287 1653 2439 1703 Hanc
2475 1651 2650 1718 igitur
2687 1651 3057 1712 oblationem,
3093 1668 3262 1721 quam
3310 1652 3410 1704 tibi
3483 1653 3770 1705 offerimus
3797 1669 3880 1722 pro

2215 1740 2406 1792 anima
2437 1739 2637 1792 famuli
2671 1739 2869 1796 tui
2900 1740 3060 1807 cujus
3084 1741 3234 1792 diem
3259 1740 3635 1809 depositionis
3666 1741 3882 1794 celebra-

2216 1844 2364 1890 mus,
2416 1844 2765 1896 quaesumus,
2822 1829 3082 1883 Domine.
3135 1833 3195 1880 ut
3240 1831 3494 1897 placatus
3545 1830 3799 1898 accipias,
3839 1836 3880 1881 et

2214 1916 2491 1969 ineffabili
2521 1916 2727 1985 pii-tate
2753 1917 3080 1976 concordas,
3116 1918 3347 1984 utquod
3385 1919 3620 1987 exsequi
3652 1935 3878 1986 praeven-

2216 2011 2306 2057 tus
2339 2004 2667 2056 conditione
2704 2005 2952 2064 mortali,
2981 2005 3298 2057 ministerio
3326 2007 3539 2074 lingum
3565 2023 3678 2059 non
3701 2008 3875 2076 potuit,

2218 2096 2503 2143 mereatur
2524 2091 2885 2158 indulgentia
2914 2093 3264 2160 Sirmpiterna
3295 2110 3306 2146 :
3341 2093 3578 2162 diesque
3602 2101 3809 2146 nostros
3835 2094 3878 2146 in

2215 2185 2316 2232 tua
2337 2195 2472 2249 pace
2504 2179 2836 2247 disponens.

2752 2287 2877 2337 Post
2905 2285 3360 2337 Communioncm.

2290 2391 2458 2448 Deus,
2488 2407 2518 2442 a
2554 2406 2666 2460 quo
2700 2395 2963 2459 speratur
2994 2390 3229 2443 humani
3266 2391 3524 2460 corporis
3553 2408 3720 2445 omne
3751 2391 3874 2461 quod

2217 2478 2432 2532 bonum
2483 2483 2584 2543 est,
2640 2479 2826 2530 tribue
2885 2496 2988 2548 per
3018 2481 3138 2532 bmc
3188 2486 3401 2546 sancta,
3450 2497 3790 2547 qumsumus,
3833 2486 3880 2533 ut

2217 2568 2363 2620 sicut
2415 2567 2623 2619 animm
2657 2568 2856 2620 famuli
2910 2568 2992 2620 tui
3141 2570 3488 2638 pmnitentim
3522 2570 3588 2638 [Γ.
3623 2570 3880 2640 poeniten-

2217 2654 2379 2724 tiam]
2414 2655 2554 2707 velle
2587 2655 2832 2716 donasti,
2875 2656 2954 2708 sic
2995 2657 3408 2726 indulgentiam
3450 2661 3643 2712 tribue
3671 2660 3881 2711 misera-

2218 2749 2308 2796 tus
2340 2749 2615 2812 optatam.
2651 2746 2756 2797 Per
2799 2745 3131 2798 Dominum.

2999 2852 3132 2905 CVI.

2147 3001 2186 3055 Ο
2331 2953 2518 2993 Μ158Α
2559 2954 2621 2992 ΙΝ
2671 2955 3162 2993 ANNIVERSARIO
3219 2956 3414 2995 UNHIS
3463 2956 3789 2995 DEFUNCTI.

2291 3043 2520 3106 Prmsta,
2559 3044 2812 3108 Domine,
2847 3061 3199 3113 qumsumus,
3257 3051 3320 3096 ut
3351 3045 3544 3098 anima
3585 3045 3774 3098 famuli
3811 3044 3877 3098 tui

2218 3132 2306 3190 N.,
2337 3131 2497 3200 cujus
2545 3133 3002 3186 anniversarium
3047 3133 3420 3203 depositionis
3450 3135 3602 3186 diem
3657 3135 3874 3187 celebra-

2215 3235 2360 3285 mus,
2399 3219 2485 3271 his
2515 3225 2753 3288 purgata
2783 3221 3094 3285 sarcificiis,
3140 3221 3563 3291 indulgentiam
3597 3224 3802 3292 pariter
3829 3227 3870 3273 et

2215 3309 2475 3377 requiem
2511 3309 2698 3377 capiat
2718 3310 3152 3379 sempiternam.
3190 3312 3314 3363 Per.

2855 3417 3032 3484 Super
3055 3417 3270 3472 Oblata.

2290 3519 2626 3588 Propitiare,
2680 3522 2942 3583 Domine,
2991 3523 3506 3591 supplicationibus
3547 3523 3748 3577 nostris
3789 3539 3872 3592 pro

2223 3609 2414 3661 anima
2463 3613 2517 3660 et
2573 3608 2777 3677 spiritu
2829 3610 3026 3662 famuli
3087 3611 3211 3670 tui.,
3261 3610 3423 3679 cujus
3481 3611 3652 3663 hodie
3717 3626 3876 3663 annua

2219 3697 2338 3749 dies
2373 3695 2580 3764 agitur,
2615 3713 2714 3764 pro
2744 3713 2856 3766 qua
2887 3697 2987 3750 tibi
3022 3697 3314 3751 offerimus
3336 3698 3676 3751 sacrificium
3699 3697 3873 3758 laudis,

2223 3790 2287 3838 ut
2317 3800 2440 3836 eam
2477 3790 2802 3838 sanctorum
2841 3791 3068 3840 tuorum
3105 3787 3390 3842 consortio
3436 3788 3651 3840 sociare
3706 3788 3874 3857 digne-

2221 3873 2318 3926 ris.
2357 3874 2464 3926 Per
2492 3874 2819 3927 Dominum.

2823 3983 2989 4047 Infra
3021 3985 3302 4036 actionem.

2290 4086 2445 4138 Hanc
2486 4085 2661 4155 igitur
2703 4087 3072 4153 oblationem,
3109 4087 3371 4152 Domine,
3420 4104 3594 4158 quam
3637 4087 3736 4141 tibi
3763 4085 3873 4140 offe-

2220 4174 2398 4226 rimus
2448 4190 2550 4242 pro
2611 4175 2800 4228 anima
2833 4176 3033 4228 famuli
3067 4176 3149 4228 tui
3182 4177 3270 4240 N.,
3315 4177 3477 4244 cujus
3512 4177 3677 4231 hodie
3709 4189 3868 4228 annua

2148 4263 2336 4353 Ddies
2393 4264 2599 4331 agitur,
2662 4281 3010 4333 qumsumus,
3049 4265 3304 4334 placatus
3347 4266 3603 4332 intende,
3666 4278 3874 4333 namque

2218 4351 2585 4404 mortalitatis
2648 4353 2884 4405 nexibus
2937 4354 3272 4415 absolutam,
3321 4354 3472 4407 inter
3530 4359 3658 4408 tuos
3711 4353 3875 4407 fideles

2217 4438 2508 4491 ministros
2534 4439 2744 4493 habere
2771 4447 3102 4511 perpetuam
3132 4442 3335 4510 juoeas
3359 4443 3701 4512 portionem.
3725 4443 3873 4506 Quam

2218 4526 2592 4581 oblationem.

2754 4619 2876 4671 Post
2906 4619 3359 4673 Comma-nionem.

2286 4721 2535 4792 Suscipe,
2575 4723 2839 4788 Domine,
2873 4740 3070 4794 preces
3097 4733 3321 4778 nostras
3352 4743 3458 4796 pro
3487 4727 3677 4780 anima
3705 4720 3870 4779 famuli

2215 4811 2296 4864 tui
2357 4812 2445 4877 N.,
2505 4816 2565 4864 ut
2604 4812 2649 4863 si
2694 4829 2820 4882 qum
2883 4813 2933 4865 ei
2970 4814 3210 4866 maculm
3258 4813 3326 4866 de
3360 4815 3604 4869 terrenis
3633 4812 3872 4881 contagiis

2216 4900 2601 4965 adbmserunt,
2631 4899 2985 4953 remissionis
3017 4906 3128 4954 tum
3164 4901 3563 4957 misericordia
3593 4905 3870 4958 deleantur.

2216 4989 2322 5040 Per
2352 4988 2682 5041 Dominum.

2982 5077 3140 5132 CVII.

2455 5180 2644 5218 MISSA
2692 5180 3124 5220 PLURIMORUM
3179 5181 3668 5222 DEFUNCTORUM.

2285 5269 2628 5339 Propitiare,
2667 5271 2928 5338 Domine,
2971 5288 3322 5341 quaesumus,
3371 5274 3668 5327 animabus
3715 5273 3875 5326 famu-

2212 5357 2397 5410 lorum
2457 5359 2925 5430 famularumque
2974 5366 3200 5415 tuarum
3265 5362 3654 5417 misericordia
3683 5358 3874 5429 sempi-

2208 5450 2390 5510 terna,
2459 5452 2521 5498 ut
2578 5448 2917 5501 mortalibus
2970 5449 3213 5503 nexibus
3279 5451 3584 5519 expeditae,
3638 5452 3726 5504 lux
3793 5459 3872 5499 eas

2209 5538 2420 5609 aeterna
2448 5534 2756 5604 possideat.
2791 5537 2917 5590 Per.
