4038 6174
211 282 315 334 84Ξί

654 412 831 465 Lectio
862 412 995 465 libri
1019 414 1472 469 Machabzorum.

286 499 344 551 In
406 499 609 553 diebus
641 499 775 565 illis,
833 500 920 552 vir
962 501 1305 556 fortissimus
1351 504 1540 571 Iudas,
1601 505 1905 560 collatione

205 584 376 649 facta,
429 586 733 639 duodecim
767 587 947 639 millia
979 588 1280 641 drachmas
1312 592 1534 659 argenti
1591 592 1747 646 misit
1778 590 1903 647 Ilie-

206 674 585 744 rosolymam,
617 675 807 727 offerri
839 692 905 728 ea
933 676 1010 728 ibi
1041 692 1145 745 pro
1176 680 1419 746 peccatis
1450 684 1830 734 mortuorum.

352 764 643 831 Sequentia
670 766 847 817 sancti
868 766 1148 831 Evangelii
1170 767 1459 821 secundum
1480 772 1759 823 Joannem.

280 852 345 904 In
382 852 479 905 illo
508 857 784 922 tempore,
819 852 962 905 dixit
1006 854 1166 906 Jesus
1200 855 1464 924 dicipulis
1495 858 1612 910 suis
1645 874 1658 910 :
1722 858 1902 912 Omne
1936 882 1942 887 ·

203 940 363 1010 quod
396 940 492 993 dat
524 940 665 993 mihi
696 942 880 1003 Pater,
904 940 975 993 ad
1007 957 1096 993 me
1128 942 1334 997 veniet.

871 1028 1047 1097 Super
1077 1030 1294 1083 Oblata.

279 1116 499 1169 Hostias
532 1116 656 1181 tibi,
692 1116 948 1183 Domine,
983 1118 1191 1171 humili
1240 1119 1560 1188 placatione
1592 1121 1905 1177 deferimus

203 1209 271 1257 ut
323 1205 533 1257 anima:
590 1205 941 1259 famulorum
1000 1206 1466 1278 famularumque
1526 1217 1754 1264 tuarum
1802 1228 1905 1281 per

199 1293 329 1345 Ι]ωο
388 1293 724 1363 placationis
773 1294 959 1359 officia
1000 1300 1158 1349 tuam
1211 1297 1653 1353 misericordiam
1702 1316 1903 1353 conse-

203 1389 485 1451 quantur.
522 1384 649 1436 Per.
1408 1375 1419 1383 ’

923 1475 1201 1539 Praefatio.

276 1562 343 1614 D.
380 1564 435 1613 et
465 1560 686 1629 justum
737 1565 840 1626 est,
876 1577 1062 1629 usque,
1118 1579 1220 1632 per
1274 1563 1560 1618 Christum
1596 1566 1903 1621 Dominum

206 1654 496 1701 nostrum.
531 1648 705 1715 Cujus
736 1664 956 1701 sacram
990 1652 1312 1719 passionem
1346 1668 1451 1722 pro
1481 1653 1905 1707 immortalibus

201 1742 260 1789 et
301 1737 449 1789 bene
490 1737 916 1805 quiescentibus
946 1739 1249 1791 animabus
1280 1740 1401 1794 sine
1444 1741 1615 1794 dubio
1649 1743 1903 1795 celebra—
1946 1716 1985 1768 Β

142 1819 149 1825 ”
202 1842 361 1879 mus.
398 1827 504 1877 Pro
548 1825 637 1877 his
668 1826 976 1895 prmcipue,
1018 1827 1227 1896 quibus
1276 1830 1539 1882 secunda:
1600 1830 1906 1883 nativitatis

204 1913 457 1980 gratiam
504 1912 840 1979 praestitisti.
902 1916 1021 1976 Quo
1072 1915 1331 1983 exemplo
1362 1916 1493 1967 Jesu
1550 1915 1757 1969 Christi
1803 1917 1908 1969 Do-

205 2000 356 2054 mini
386 1999 585 2063 nostri,
645 2006 940 2069 cceperunt
972 2017 1091 2053 csse
1150 2002 1217 2054 de
1250 2004 1669 2057 resurrectione
1700 2005 1901 2057 securi.

205 2088 434 2157 Quippe
468 2088 563 2157 qui
595 2088 776 2140 fecisti
799 2104 925 2157 quae
950 2104 1063 2141 non
1088 2094 1266 2152 erant,
1299 2096 1462 2160 potes
1494 2108 1755 2161 separare
1778 2110 1907 2163 qua:

205 2176 459 2228 fuerant.
508 2177 570 2228 Et
606 2176 1040 2229 resurrectionis
1089 2177 1291 2231 futurae
1339 2179 1504 2232 nobis
1544 2181 1906 2248 documenta,

205 2280 331 2316 non
366 2265 553 2316 solum
604 2280 708 2332 per
763 2264 1153 2333 propheticam
1199 2271 1255 2318 et
1293 2267 1663 2336 apostolicam
1700 2269 1904 2321 doctri-

208 2368 369 2415 nam,
400 2353 498 2405 sed
532 2352 784 2420 ejusdem
822 2353 1110 2421 Unigeniti
1142 2354 1225 2406 tui
1278 2354 1679 2423 Redemptoris
1728 2356 1909 2409 nostri

205 2441 630 2493 resurrectione
666 2441 892 2494 dedisti.
949 2441 1015 2493 Ut
1041 2442 1192 2511 quod
1228 2458 1329 2511 per
1358 2444 1664 2512 prophetas
1696 2448 1780 2496 est
1806 2460 1906 2497 an-

207 2530 565 2593 nuntiatum,
599 2546 701 2599 per
720 2530 1007 2599 apostolos
1027 2530 1321 2596 traditum,
1347 2531 1525 2599 ipsius
1549 2532 1910 2585 resurrectio.

207 2619 299 2671 nis
334 2618 599 2687 exemplo
632 2618 1029 2672 sitfirmatum.
1068 2620 1194 2671 Per.

818 2709 988 2773 Infra
1020 2710 1301 2761 actionem.

283 2796 440 2847 Hanc
482 2794 657 2863 igitur
687 2794 1061 2861 oblationem,
1096 2812 1268 2865 quam
1301 2795 1403 2849 tibi
1440 2811 1541 2866 pro
1571 2797 1769 2867 requie
1794 2798 1910 2850 ani-

208 2899 441 2937 marum
461 2883 814 2937 famulorum
836 2884 1300 2955 famularumque
1326 2889 1557 2939 tuarum
1590 2885 1905 2952 offerimus,

1529 286 1729 342 LIBER
1770 287 1986 344 SACRA
1998 290 2413 347 MENTORUM.
3609 306 3710 359 846

1942 420 2315 492 Alarumque
2375 427 2604 477 tuarum
2680 425 3134 483 misericordiam
3189 434 3437 488 concede
3494 451 3708 507 perpe-

2012 514 2191 575 tuam,
2231 517 2289 563 ut
2318 511 2399 564 eis
2429 514 2684 581 proficiat
2725 515 2781 568 in
2808 522 3085 570 internum
3144 522 3299 589 quod
3329 522 3390 575 in
3420 528 3475 577 te
3506 540 3702 595 spera-

2014 604 2221 652 verunt
2238 605 2293 653 et
2322 601 2706 655 crediderunt.
2745 606 2849 657 Per
2882 606 3208 661 Dominum.

2156 706 2336 759 Lectio
2366 706 2496 760 libri
2535 708 2894 777 Apocalypsis
2922 712 2991 765 Β.
3034 716 3259 768 Joannis
3290 720 3543 784 apostoli.

2076 792 2146 846 In
2208 794 2408 848 diebus
2449 796 2583 861 illis,
2642 800 2831 851 audivi
2892 817 3084 854 vocem
3122 803 3190 855 de
3243 806 3383 858 cmlo
3417 806 3700 862 dicentem

2016 880 2178 935 mihi.

2127 990 2423 1056 Sequentia
2452 995 2627 1045 sancti
2662 996 2947 1061 Evangelii
2974 998 3264 1051 secundum
3301 1001 3592 1056 Joannem.

2086 1078 2150 1131 In
2180 1079 2277 1131 illo
2309 1084 2587 1150 tempore,
2622 1083 2763 1135 dixit
2820 1086 2978 1138 Jesus
3010 1086 3306 1156 discipulis
3362 1091 3512 1145 suis:
3575 1092 3693 1146 Nisi

2017 1168 2496 1222 manducaveritis
2518 1187 2747 1224 carnem
2784 1174 2908 1225 Filii
2934 1174 3205 1227 hominis.

2652 1278 2826 1345 Super
2849 1278 3063 1332 Oblata.

2088 1361 2203 1430 His,
2228 1378 2579 1432 quaesumus,
2619 1366 2880 1432 Domine,
2924 1369 3175 1437 placatus
3236 1369 3467 1425 intende
3502 1390 3702 1427 mune-

2016 1451 2193 1517 ribus,
2231 1457 2284 1505 et
2324 1454 2476 1522 quod
2522 1454 2589 1507 ad
2628 1456 2851 1509 laudem
2885 1458 2969 1510 tui
3024 1460 3277 1512 nominis
3322 1462 3706 1531 supplicantes

2015 1540 2329 1605 offerimus,
2360 1542 2427 1594 ad
2478 1543 2891 1611 indulgentiam
2960 1548 3224 1615 proficiat
3278 1549 3703 1607 defunctorum.

2016 1629 2122 1680 Per
2153 1630 2456 1683 Dominum
2486 1640 2766 1685 nostrum.

2558 1740 2677 1791 Post
2714 1741 3171 1794 Communionem.

2088 1824 2401 1894 Supplices,
2436 1841 2782 1895 qumsiinius,
2815 1829 3073 1892 Domine,
3110 1846 3213 1899 pro
3266 1830 3567 1885 animabus
3617 1834 3705 1887 fa-

2018 1912 2307 1965 mulorum
2348 1913 2809 1984 famularumque
2846 1924 3069 1969 tuarum
3116 1934 3309 1986 preces
3337 1920 3702 1987 effundimus,

2018 2005 2314 2068 sperantes
2356 2005 2418 2053 ut
2476 2002 2753 2072 quidquid
2813 2006 3246 2059 conversatione
3299 2014 3708 2063 contraxerunt

2020 2090 2295 2155 humana,
2330 2092 2383 2142 et
2417 2091 2729 2144 clementer
2767 2092 3085 2163 indulgeas,
3121 2103 3177 2147 et
3224 2095 3278 2148 in
3314 2102 3546 2151 tuorum
3578 2099 3708 2152 sede

1984 2184 1989 2185 '
2018 2178 2334 2232 laetantium
2360 2180 2670 2233 constituas
2701 2182 3151 2251 redemptorum.
3181 2185 3304 2237 Per.

2814 2289 2913 2342 CX.

2472 2392 2661 2429 MISSA
2713 2392 2773 2429 IN
2825 2392 3267 2433 COEMBTERIIS.

2094 2480 2260 2542 Deus,
2289 2481 2452 2549 cujus
2512 2482 2872 2535 miseratione
2906 2482 3111 2535 animae
3168 2484 3424 2537 fidelium
3481 2486 3709 2555 requie-

2020 2572 2207 2632 scunt,
2241 2567 2469 2620 famulis
2508 2569 2621 2621 tuis
2657 2570 2719 2621 Ν.
2756 2575 2812 2622 et
2849 2572 2913 2622 Ν.
2946 2574 3001 2622 et
3030 2571 3297 2624 omnibus
3328 2572 3419 2625 hic
3450 2573 3509 2625 in
3550 2574 3709 2627 Chri-

2021 2660 2107 2708 sto
2191 2656 2640 2725 quiescentibus,
2706 2658 2772 2710 de
2832 2658 3117 2728 propitius
3174 2660 3396 2714 veniam
3453 2668 3711 2731 peccato-

2020 2760 2171 2805 rum,
2219 2748 2300 2808 ut,
2362 2762 2392 2797 a
2444 2746 2662 2798 cunctis
2736 2748 2988 2800 reatibus
3071 2748 3335 2811 absoluti,
3404 2750 3525 2803 sine
3598 2753 3711 2804 fine

2018 2834 2305 2887 laetentur.

2660 2906 2832 2973 Super
2858 2906 3069 2960 Oblata.

204 2989 563 3043 (ῐυεὲδυπιυδ,
625 2973 884 3037 Domine,
954 2974 1236 3043 Propitius
1271 2974 1513 3038 intuere,
1578 2979 1634 3028 et
1662 2975 1908 3027 concede
1949 3013 1988 3067 ρ
2092 2993 2199 3044 Pro
2222 2992 2523 3045 animabus
2556 2992 2907 3045 famulorum
2949 2998 3177 3049 tuorum
3214 2998 3276 3050 N.
3330 3002 3386 3050 et
3420 2999 3482 3051 Ν,
3525 3003 3581 3049 et
3620 2997 3711 3050 hic

201 3067 265 3114 ut
289 3061 539 3116 mortuis
566 3061 747 3131 prosit
776 3061 847 3115 ad
907 3063 1152 3127 veniam,
1189 3064 1340 3133 quod
1400 3062 1619 3116 cunctis
1666 3062 1905 3115 viventi-

201 3150 309 3203 bus
364 3165 693 3220 praeparare
745 3150 1010 3220 dignatus
1062 3167 1122 3204 es
1152 3152 1219 3205 ad
1275 3151 1604 3205 medelam:
1667 3150 1903 3220 diesque

200 3244 453 3292 nostros.

759 3330 881 3381 Post
907 3329 1351 3383 Communionem.

272 3416 597 3482 Inveniant,
623 3431 975 3486 quaesumus,
1010 3417 1270 3481 Domine,
1301 3416 1508 3469 animae
1556 3416 1901 3471 famulorum

199 3506 671 3575 famularumque
701 3510 954 3569 tuarum,
979 3506 1353 3575 omniumque
1386 3505 1446 3558 in
1478 3507 1699 3559 Christo
1735 3507 1899 3575 quie-

200 3596 513 3659 scentium,
546 3594 690 3646 lucis
714 3599 945 3646 aeternae
992 3594 1366 3660 consortium,
1401 3594 1501 3664 qui
1527 3594 1585 3647 in
1618 3595 1724 3647 hac
1775 3596 1902 3647 luce

198 3686 398 3755 positi,
432 3688 598 3737 tuum
625 3684 913 3737 consecuti
943 3687 1076 3735 sunt
1106 3687 1547 3737 sacramentum.
1584 3684 1707 3737 Per.

961 3772 1141 3826 CVIII.

752 3875 902 3915 ITEM
949 3875 1099 3914 ALIA
1149 3875 1362 3915 MISSA.

272 3946 559 4003 Fidelium
614 3949 761 4001 Deus
811 3949 1071 4000 omnium
1120 3948 1384 4001 conditor
1444 3950 1501 4001 et
1550 3948 1897 4017 redemptor,

202 4038 506 4092 animabus
536 4037 884 4090 famulorum
914 4036 1373 4107 famularumque
1406 4043 1653 4097 tuarum,
1686 4037 1902 4105 |remis-

201 4126 425 4179 sionem
479 4129 813 4177 cunctorum
858 4124 1044 4177 tribue
1088 4130 1476 4194 peccatorum,
1508 4129 1571 4177 ut
1600 4124 1901 4195 indulgen-

199 4213 338 4268 tiam
373 4229 549 4283 quam
582 4228 811 4281 semper
841 4216 1182 4281 optaverunt
1218 4212 1326 4281 piis
1382 4213 1900 4283 supplicationibus

198 4306 649 4373 consequantur.
685 4303 791 4355 Per
822 4302 1149 4355 Dominum.

934 4392 1172 4445 Secreta.

268 4478 515 4545 Hostias,
551 4494 901 4546 quaesumus,
942 4477 1200 4541 Domine,
1229 4493 1371 4547 quas
1400 4478 1505 4530 tibi
1534 4493 1637 4546 pro
1669 4477 1897 4530 anima-

199 4567 308 4620 bus
367 4567 717 4620 famulorum
767 4566 1229 4636 famularumque
1288 4572 1517 4619 tuarum
1579 4566 1895 4630 offerimus,

198 4656 552 4726 propitiatus
581 4656 836 4721 intende,
872 4660 929 4708 ut
965 4656 1171 4724 quibus
1192 4654 1686 4708 fideiCbristiana:
1718 4654 1898 4707 meri-

200 4749 323 4797 tum
370 4744 680 4807 contulisti,
731 4743 908 4797 dones
970 4748 1023 4796 et
1069 4744 1394 4813 praemium.
1441 4744 1552 4795 Per
1594 4742 1899 4796 Dominum

206 4839 493 4886 nostrum.

740 4922 866 4974 Post
905 4920 1370 4974 Communionem.

272 5009 609 5068 Animabus,
644 5023 988 5079 quaesumus,
1020 5007 1279 5069 Domine,
1330 5007 1683 5061 famulorum
1716 5006 1907 5060 famu-

204 5114 452 5169 rumque
507 5104 733 5152 tnarnm
787 5098 967 5151 oratio
1019 5096 1281 5166 proficiat
1326 5095 1794 5167 supplicantium,
1848 5100 1912 5147 ut

206 5203 295 5240 eas
328 5192 387 5241 et
440 5204 474 5240 a
503 5187 745 5257 peccatis
788 5203 980 5250 exuas,
1038 5191 1095 5240 et
1142 5190 1255 5238 tua!
1287 5184 1706 5253 redempsiouis
1737 5184 1910 5238 facias

207 5290 323 5328 esse
354 5274 684 5345 participes.
722 5276 849 5327 Per.

1001 5360 1128 5415 CIX.

754 5464 908 5504 ITEM
962 5464 1109 5503 ALIA
1158 5463 1373 5503 MISSA.

280 5538 612 5601 Animabus,
650 5554 1001 5607 quaesumus,
1038 5538 1303 5599 Domine,
1342 5536 1688 5589 famulorum
1727 5536 1914 5588 famu-

2018 3080 2284 3133 omnium
2342 3081 2753 3134 catholicorum
2807 3082 3222 3137 dormientium
3277 3086 3549 3149 hostiam,
3624 3087 3708 3139 Do

2012 3168 2189 3233 mino,
2239 3168 2459 3237 suscipe
2510 3168 2815 3237 benignus,
2861 3170 3132 3236 oblatam,
3191 3176 3250 3226 ut
3300 3174 3402 3226 hoc
3434 3174 3708 3228 sacrificio

2012 3255 2310 3327 singulari,
2372 3257 2615 3311 vinculis
2670 3258 2972 3314 horrendae
3028 3260 3232 3313 mortis
3290 3262 3474 3329 exuti,
3536 3263 3709 3317 vitam

2011 3351 2342 3401 mereantur
2371 3352 2664 3400 aeternam.
2696 3347 2819 3400 Per.

2624 3436 2781 3501 Infra
2812 3441 3093 3491 actionem.

2084 3524 2235 3577 Hanc
2267 3528 2445 3593 igitur
2476 3524 2854 3589 oblationem,
2889 3541 3063 3595 quam
3090 3525 3194 3579 tibi
3230 3525 3541 3591 offerimus,
3597 3528 3711 3581 Do-

2012 3612 2185 3671 mine,
2216 3628 2318 3681 pro
2347 3617 2582 3665 tuorum
2632 3612 2831 3681 requie
2873 3613 3221 3666 famulorum
3270 3620 3326 3666 et
3365 3615 3711 3669 famularum

2012 3702 2075 3754 N.
2110 3706 2167 3753 et
2224 3702 2287 3753 N.
2338 3706 2394 3753 et
2433 3700 2692 3753 omnium
2740 3700 2995 3755 fidelium
3054 3702 3465 3756 catholicorum
3519 3704 3708 3758 ortbo-
3774 3740 3779 3745 -

2010 3789 2309 3853 doxorum,
2354 3788 2413 3839 in
2461 3787 2565 3840 hac
2606 3788 2838 3841 basilica
2879 3789 2935 3841 in
2998 3789 3218 3843 Christo
3268 3790 3707 3860 quiescentium,

2010 3880 2066 3929 et
2111 3876 2209 3946 qui
2257 3876 2314 3929 in
2354 3874 2588 3928 circuitu
2632 3875 2804 3944 hujus
2826 3876 3077 3930 ecclesiae
3124 3880 3518 3947 requiescunt,
3561 3896 3711 3949 qum-

2010 3981 2226 4029 sumus,
2258 3964 2518 4027 Domine,
2556 3964 2810 4032 placatus
2867 3963 3130 4034 accipias,
3164 3970 3228 4018 ut
3259 3982 3363 4034 per
3396 3967 3516 4019 haec
3550 3968 3708 4020 salu-

2010 4052 2082 4106 tis
2119 4052 2387 4105 humanaz
2438 4050 2686 4105 subsidia
2739 4051 2799 4105 in
2828 4057 3060 4107 tuorum
3093 4068 3333 4106 numero
3386 4054 3710 4124 redempto-

2010 4156 2162 4206 rum,
2196 4144 2345 4193 sorte
2367 4143 2646 4209 perpetua
2677 4145 3043 4215 censeantur.
3087 4142 3209 4194 Per.

2549 4248 2680 4301 Post
2712 4250 3171 4301 Communionem.

2083 4355 2248 4417 Deus,
2285 4353 2543 4406 fidelium
2578 4353 2773 4405 lumen
2806 4353 3152 4415 animarum,
3188 4353 3381 4407 adesto
3413 4356 3701 4425 supplica-

2004 4441 2259 4494 tionibus
2292 4440 2512 4497 nostris,
2547 4445 2601 4491 et
2647 4440 2719 4491 da
2752 4440 2982 4493 famulis
3028 4440 3112 4492 vel
3146 4440 3470 4495 famulabus
3499 4443 3609 4496 tuis
3640 4445 3703 4498 Ν.

2007 4533 2063 4581 et.
2094 4528 2158 4580 Ν.
2192 4528 2279 4579 vel
2312 4540 2559 4595 quorum
2609 4541 2850 4594 corpora
2895 4527 2985 4579 hic
3014 4527 3400 4595 requiescunt,
3440 4529 3717 4598 refrigerii

2007 4615 2221 4675 sedem,
2258 4612 2463 4683 quietis
2494 4612 2930 4677 beatitudinem,
2970 4614 3203 4666 luminis
3235 4616 3580 4671 claritatem.
3611 4618 3719 4670 Per

2010 4702 2341 4757 Dominum.

2803 4786 2935 4839 CXI.

2016 4914 2165 4951 MISSA
2206 4911 2305 4949 PRO
2344 4909 2539 4946 SALUTE
2566 4907 2838 4957 VIVORUI,
2883 4909 2984 4945 γει,
3021 4910 3077 4945 IN
3110 4908 3335 4947 AGENDA
3364 4910 3718 4948 HORTUORUI.

2086 5003 2421 5057 Sanctorum
2475 5003 2706 5051 tuorum
2768 4997 3287 5064 intercessionibus,
3350 5016 3719 5069 quaesumus,

2022 5092 2288 5157 Domine,
2321 5094 2378 5143 et
2400 5104 2505 5141 nos
2538 5091 2795 5157 protege.
2828 5090 2883 5140 et
2914 5087 3141 5140 famulis
3169 5092 3219 5140 et
3244 5089 3565 5142 famulabus
3586 5090 3720 5161 tuis,

2021 5194 2268 5249 quorum
2318 5176 2934 5229 commemorationem
2999 5174 3241 5241 agimus,
3318 5177 3403 5229 vel
3478 5192 3723 5246 quorum

2022 5267 2413 5335 eleemosynas
2445 5264 2786 5333 recepimus,
2826 5280 2921 5316 seu
2982 5263 3155 5315 etiam
3185 5262 3272 5315 his
3305 5263 3403 5333 qui
3435 5264 3595 5316 nobis
3652 5264 3727 5317 fa-

2023 5355 2353 5410 miliaritate
2400 5354 2586 5423 juncti
2615 5357 2743 5405 sunt
2807 5350 3258 5404 misericordiam
3305 5357 3461 5405 tuam
3509 5352 3727 5424 ubique

2024 5443 2337 5515 prmtende,
2397 5447 2475 5501 ut,
2508 5442 2578 5493 ab
2619 5439 2891 5493 omnibus
2922 5439 3457 5508 impngnationibus
3488 5441 3727 5503 defensi,

2027 5540 2121 5585 tua
2152 5532 2372 5600 opitula
2402 5530 2533 5583 ione
2598 5530 2879 5589 alventur,
2914 5532 2966 5578 et
3000 5528 3221 5579 animas
3264 5527 3612 5581 famulorum
3646 5527 3728 5578 fa-
