4038 6174
340 298 442 353 847

1470 293 1804 348 GRIMALDI
1846 295 2354 352 SANGALLENSIS
2392 293 2690 351 ABBATIS
3734 299 3825 351 8i8

341 435 747 505 mularumque
777 437 1009 487 tuarum
1047 429 1310 483 omnium
1352 428 1615 483 videlicet
1646 429 1903 483 ﬁdelium
1937 447 2029 484 ca-
2074 434 2119 487 A
2145 431 2273 485 dam
2308 447 2539 485 omnem
2568 435 2908 501 potestatem
2942 430 3179 495 inimici,
3208 436 3263 485 et
3313 432 3505 502 ipsum
3534 432 3823 487 inimicum

341 523 689 576 tholicorum
721 520 1196 583 orthodoxorum,
1232 533 1484 587 quorum
1527 518 2034 571 commemoratio-

343 624 477 663 nem
507 608 751 677 agimus,
796 610 853 658 et
889 621 1135 675 quorum
1197 620 1442 673 corpora
1470 604 1531 657 in
1563 604 1670 657 hoc
1716 605 2035 659 monastrio

344 696 726 767 requiescunt,
773 692 863 746 vel
896 708 1147 763 quorum
1187 692 1426 746 nomina
1482 696 1612 745 ante
1643 696 1906 746 sanctum
1959 694 2038 746 al-

340 790 459 839 tare
491 789 656 837 tuum
684 782 895 853 scripta
921 781 1117 835 adesse
1137 782 1424 847 videntur,
1456 780 1769 835 electorum
1801 787 2035 835 tuorum

336 875 580 944 jungere
611 871 869 942 digneris
899 870 1203 923 consortio.
1240 871 1347 923 Per
1382 870 1710 925 Dominum.

1076 993 1307 1047 Secreta.

416 1112 731 1182 Propitiare
790 1109 1051 1175 Domine,
1110 1108 1635 1177 supplicationibus
1692 1108 1926 1175 nostris,
1981 1111 2038 1161 et

340 1202 442 1255 has
472 1199 792 1255 oblationes
818 1213 959 1267 quas
991 1213 1092 1267 pro
1136 1196 1526 1249 incolumitate
1566 1195 1915 1250 famulorum
1947 1196 2035 1249 fa-

342 1294 746 1361 mularumque
775 1294 1025 1349 tuarum,
1057 1294 1111 1341 et
1132 1304 1234 1358 pro
1265 1287 1566 1342 animabus
1599 1288 1858 1341 omnium
1892 1287 2035 1342 ﬁde-

342 1382 484 1434 lium
510 1380 924 1433 catholicorum
974 1377 1449 1442 orthodoxorum,
1507 1393 1756 1447 quorum
1800 1377 2036 1430 nomina

340 1474 472 1523 ante
523 1474 784 1521 sanctum
825 1466 1003 1519 altare
1035 1471 1198 1519 tuum
1238 1465 1446 1534 scripta
1495 1465 1692 1518 adesse
1745 1465 2030 1532 videntur,

343 1556 565 1610 nomini
598 1561 695 1609 tuo
725 1550 1133 1608 cOnsecrandas
1186 1552 1514 1619 deferimus,
1569 1553 1854 1621 benignus
1884 1569 2036 1606 assu-

342 1661 454 1710 me,
514 1649 575 1697 ut
624 1641 886 1695 sacriﬁcii
946 1640 1247 1711 praesentis
1290 1640 1503 1693 oblatio
1549 1640 1617 1693 ad
1667 1640 2029 1711 refrigerium

342 1732 663 1786 animarum
691 1745 914 1794 eorum,
948 1734 999 1782 te
1032 1728 1359 1794 miserante,
1394 1726 1709 1797 perveniat.
1746 1729 1869 1780 Per.

890 1844 1018 1896 Post
1040 1844 1491 1898 Communionem.

416 1959 680 2013 Puriﬁcet
701 1974 825 2025 nos,
858 1973 1206 2027 quaesumus,
1244 1957 1505 2021 Domine,
1539 1960 1595 2009 et
1625 1955 1805 2009 divini
1844 1970 2033 2007 sacra-

342 2047 521 2100 menti
550 2046 857 2116 perceptio,
899 2050 953 2097 et
996 2044 1247 2111 gloriosa
1277 2049 1605 2096 sanctorum
1630 2048 1863 2095 tuorum
1914 2058 2036 2095 ora-

342 2136 444 2201 tio,
474 2139 529 2188 et
562 2134 863 2187 animabus
894 2133 1239 2185 famulorum
1274 2132 1738 2201 famularumque
1780 2135 2031 2194 tuarum,
2068 2166 2085 2178 .

343 2239 592 2293 quorum
667 2221 1273 2275 commemorationem
1330 2220 1577 2289 agimus,
1638 2219 2035 2272 remissionem

342 2317 676 2365 cunctorum
709 2309 895 2362 tribue
926 2315 1310 2379 peccatorum,
1338 2314 1399 2360 ut
1424 2307 1841 2377 indulgentiam
1861 2321 2035 2376 quam

343 2414 567 2469 semper
601 2404 958 2468 Optaverunt,
991 2397 1103 2466 piis
1134 2395 1647 2467 supplicationibus
1686 2411 2039 2465 consequan-

342 2493 455 2542 tur.
500 2490 625 2541 Per.

1119 2574 1269 2627 CXll.

867 2702 1183 2742 BXORCISM
1202 2703 1272 2741 US
1317 2702 1521 2741 SALIS.

414 2806 682 2859 Exorcizo
726 2808 780 2857 te
812 2808 1070 2856 creatura
1128 2802 1280 2867 salis,
1314 2816 1419 2870 per
1459 2802 1637 2879 D‘eum
1672 2800 1882 2866 vivum,
1934 2816 2036 2879 per

276 2960 277 2963 η
344 2895 523 2947 Deum
551 2908 771 2953 verum,
818 2904 921 2961 per
956 2892 1136 2944 Deum
1181 2896 1463 2954 sanctum,
1497 2905 1600 2959 per
1634 2891 1809 2942 Deum
1843 2890 1942 2959 qui
1983 2894 2036 2942 te

340 2998 445 3053 per
476 2982 720 3035 Eliseum
748 2980 1090 3051 prophetam
1123 2980 1184 3031 in
1215 2994 1422 3048 aquam
1452 2979 1601 3031 mitti
1624 2978 1815 3047 jussit,
1852 2984 1910 3031 ut
1956 2994 2037 3031 sa-

343 3078 576 3125 naretur
605 3071 874 3123 sterilitas
905 3084 1091 3138 aquae,
1127 3073 1189 3120 ut
1224 3067 1488 3120 efﬁciaris
1523 3068 1603 3119 sal
1654 3066 2035 3119 exorcizatum

339 3160 401 3213 in
428 3160 670 3212 salutem
726 3158 1102 3221 credentium,
1144 3162 1201 3208 et
1251 3156 1326 3207 sis
1369 3154 1637 3207 omnibus
1672 3159 1725 3207 te
1754 3155 2033 3207 sumenti-

338 3249 443 3302 bus
466 3248 674 3301 sanitas
701 3247 908 3299 animas
932 3251 987 3298 et
1018 3244 1291 3313 corporis,
1327 3249 1382 3295 et
1416 3242 1653 3313 effugiat
1714 3249 1883 3311 atque
1928 3242 2035 3295 dis-

339 3338 500 3389 cedat
530 3336 599 3389 ab
649 3352 714 3388 eo
752 3334 877 3386 loco
920 3349 1035 3403 quo
1068 3348 1331 3401 aspersus
1358 3331 1532 3383 fueris
1565 3331 1751 3383 omnis
1790 3332 2033 3399 phanta-

339 3427 423 3479 sia
453 3430 509 3478 et
534 3423 811 3493 nequitia,
860 3422 946 3474 vel
1000 3420 1245 3472 versutia
1274 3418 1568 3471 diabolica:
1626 3418 1861 3483 fraudis,
1910 3434 2032 3471 om-

340 3514 542 3583 nisque
586 3511 819 3581 spiritus
867 3508 1221 3575 immundus,
1267 3506 1563 3576 adjuratus
1592 3523 1696 3575 per
1742 3522 1875 3560 eum
1929 3507 2032 3576 qui

337 3606 611 3654 venturus
637 3603 719 3651 est
744 3596 1001 3666 judicare
1031 3596 1183 3649 vivos
1213 3600 1269 3648 et
1298 3599 1579 3647 mortuos.

1093 3736 1275 3792 CXIII.

874 3867 1260 3908 BENEDICTIO
1288 3866 1492 3907 SALlS.

408 3973 751 4026 Immensam
794 3969 1163 4023 clementiam
1195 3973 1376 4036 tuam,
1409 3966 1778 4035 omnipotens
1817 3969 2029 4019 aeterne

335 4060 506 4128 Deus,
540 4058 837 4112 humiliter
866 4058 1267 4126 imploramus,
1312 4061 1375 4107 ut
1404 4054 1549 4107 hanc
1580 4058 1904 4106 creaturam
1932 4067 2029 4104 sa-

333 4147 425 4215 lis,
457 4164 629 4217 quam
658 4147 715 4199 in
750 4162 912 4197 usuin
939 4144 1164 4213 generis
1218 4142 1460 4196 humani
1491 4140 1753 4202 tribuisti,
1786 4139 2026 4192 benedi-

332 4251 459 4288 cere
490 4243 545 4287 et
571 4234 923 4286 sanctilicare
965 4239 1061 4284 tua
1115 4232 1324 4300 pietate
1369 4230 1644 4299 digneris,
1706 4235 1769 4281 ut
1801 4228 1875 4281 sit
1904 4244 2027 4280 om-

331 4322 500 4377 nibus
530 4322 888 4375 sumentibus
920 4320 1069 4373 salus
1114 4318 1321 4372 mentis
1353 4322 1409 4370 et
1454 4316 1730 4386 corporis,
1763 4322 1820 4370 et
1866 4316 2028 4386 quid-

332 4410 470 4480 quid
520 4426 588 4463 ex
617 4425 685 4463 eo
734 4413 946 4461 tactum
980 4408 1061 4460 vel
1098 4423 1419 4476 respersum
1450 4405 1643 4471 fuerit,
1693 4410 1883 4459 careat
1913 4405 2022 4458 im-

329 4498 633 4564 munditia,
674 4497 951 4551 liberetur
979 4514 1010 4550 a
1034 4496 1232 4562 noxia;
1273 4511 1390 4548 non
1429 4493 1545 4548 illic
1570 4494 1819 4548 resideat
1849 4493 2021 4563 spiri-

327 4592 418 4641 tus
448 4588 743 4657 pestilens,
778 4602 893 4639 nou
931 4602 1071 4639 aura
1118 4600 1515 4654 corrumpens.
1552 4582 1855 4637 Discedent
1888 4599 2019 4636 om-

327 4692 427 4730 nes
447 4676 664 4729 insidiae
694 4676 924 4728 latentis
958 4674 1200 4739 inimici,
1252 4679 1314 4727 ut
1363 4672 1409 4726 si
1437 4672 1577 4743 quid
1619 4676 1705 4725 est
1733 4672 1889 4742 quod
1921 4675 2021 4724 aut

326 4764 708 4819 incolumitati
746 4763 1125 4817 habitantium
1156 4761 1386 4822 invidet,
1447 4766 1546 4814 aut
1576 4759 1784 4830 quieti,
1823 4775 2020 4829 asper-

324 4853 481 4907 sione
512 4854 685 4924 hujus
714 4868 879 4922 aquae
901 4850 1156 4920 etfugiat,
1192 4854 1255 4904 ut
1301 4849 1605 4903 salubritas
1644 4864 1748 4919 per
1790 4848 2017 4901 invoca-

322 4942 535 4996 tionem
596 4942 677 4995 tui
712 4940 960 4994 nominis
1017 4939 1298 5009 expedita,
1331 4939 1401 4991 ab
1434 4938 1701 4991 omnibus
1732 4937 1803 4991 sit
1836 4937 2017 5007 impu-

325 5031 691 5101 gnationibus
723 5029 971 5084 defensa.
1010 5029 1136 5080 Per.

1082 5142 1257 5195 CXIV.

846 5269 1250 5312 BXORCISMUS
1299 5270 1495 5317 ΔΟυΔζ.

395 5375 679 5440 Exorcizo,
731 5380 784 5428 te
829 5379 1090 5427 creatura
1127 5389 1291 5443 aqum
1341 5372 1401 5425 in
1428 5371 1667 5425 nomine
1706 5370 1804 5424 Dei
1834 5372 2014 5425 Patris

320 5464 756 5533 omnipotentis,
789 5470 844 5517 et
874 5464 932 5517 in
968 5462 1201 5516 nomine
1251 5464 1383 5516 Jesu
1445 5460 1655 5516 Christi
1710 5461 1836 5513 Filii
1890 5462 2013 5531 ejus

319 5551 547 5605 Domini
580 5553 779 5619 nostri,
821 5556 883 5606 ut
922 5553 1024 5606 ﬁas
1075 5568 1225 5621 aqua
1265 5549 1612 5605 excorcizata
1643 5550 1713 5604 ad
1747 5549 2010 5620 etfugan-

2068 1734 2115 1784 A

2147 520 2437 574 eradicare
2486 525 2543 573 et
2604 520 2930 589 explantare
2988 520 3173 572 valeas
3230 520 3373 589 {cum
3422 522 3644 590 angelis
3724 523 3830 575 suis

2148 607 2495 677 apostaticis,
2526 624 2631 678 per
2658 608 2927 662 virtutem
2974 608 3199 661 Domini
3230 609 3411 662 nostri
3446 611 3575 662 Jesu
3608 610 3829 674 Christi,

2146 697 2245 767 qui
2274 701 2429 753 vent.

2921 785 3076 839 CXV.

2687 907 3070 946 BBNEDICTIO
3097 907 3305 953 AQUJE.

2218 997 2387 1062 Deus,
2448 996 2547 1067 qui
2604 997 2673 1051 ad
2716 998 2956 1050 salutem
3011 998 3249 1051 humani
3308 998 3537 1068 geueris
3594 998 3834 1051 maxima

2144 1100 2388 1155 qumque
2427 1090 2779 1138 sacramenta
2820 1085 2878 1137 in
2909 1101 3190 1155 aquarum
3230 1086 3610 1140 substantiam
3643 1086 3830 1139 condi-

2145 1174 2298 1239 disti,
2330 1173 2522 1227 adesto
2550 1174 2830 1243 propitius
2860 1174 3315 1227 invocationihus
3346 1175 3581 1239 nostris,
3615 1181 3673 1228 et
3728 1177 3833 1229 ele-

2144 1268 2336 1315 mento
2385 1262 2516 1316 huic
2554 1263 2912 1316 multimodis
2945 1263 3444 1332 puriﬁcationibus
3492 1269 3830 1334 praeparato,

2144 1352 2412 1405 virtutem
2469 1357 2578 1404 tua;
2660 1351 3072 1405 benedictionis
3139 1351 3399 1417 infunde,
3472 1358 3535 1405 ut
3581 1358 3834 1405 creatura

2144 1440 2429 1509 mysteriis
2486 1439 2600 1493 tuis
2650 1440 2921 1505 serviens,
2978 1440 3049 1493 ad
3130 1440 3486 1509 abjiciendos
3545 1440 3831 1494 daemones

2143 1528 2489 1598 morbosque
2515 1527 2830 1598 pellendos,
2864 1528 3070 1581 divinae
3103 1528 3302 1597 gratiae
3334 1533 3524 1581 sumat
3550 1528 3830 1593 etfectum,

2144 1621 2206 1669 ut
2235 1616 2513 1686 quidquid
2573 1616 2632 1668 in
2689 1615 2953 1669 domibus
2986 1617 3070 1669 vel
3106 1618 3165 1669 in
3222 1617 3360 1669 locis
3411 1616 3675 1669 ﬁdelium
3726 1616 3836 1669 haec

2144 1704 2298 1758 unda
2352 1705 2706 1775 resperserit,
2765 1711 2956 1758 careat
3010 1705 3398 1770 immunditia,
3470 1705 3746 1757 liberetur
3809 1721 3838 1757 a

2144 1808 2293 1846 noxa
2322 1810 2333 1847 :
2366 1810 2480 1846 non
2510 1794 2625 1846 illic
2664 1793 2910 1846 resideat
2938 1793 3173 1863 spiritus
3213 1794 3507 1863 pestilens,
3556 1809 3679 1846 non
3709 1809 3837 1845 aura

2143 1898 2537 1953 corrumpens.
2594 1882 2894 1935 Discedant
2935 1898 3133 1935 omnes
3175 1883 3397 1935 insidiae
3448 1883 3681 1935 latentis
3734 1882 3833 1935 ini-

2145 1971 2298 2038 mici,
2331 1977 2387 2023 et
2426 1971 2472 2023 si
2499 1970 2632 2041 quid
2658 1970 3033 2023 incolumitati
3063 1970 3448 2023 habitantium
3504 1971 3720 2024 invidet
3743 1975 3832 2023 aut

2145 2058 2342 2128 quieti,
2369 2060 2699 2128 aspersione
2732 2059 2905 2129 hujus
2934 2075 3097 2129 aqua:
3132 2058 3387 2128 effugiat,
3445 2064 3508 2112 ut
3537 2060 3831 2112 salubritas

2143 2162 2248 2216 per
2278 2148 2695 2200 invocationem
2749 2148 2830 2200 iui
2862 2147 3111 2200 nominis
3142 2147 3411 2217 expetita,
3446 2148 3517 2200 ab
3562 2148 3826 2201 omnibus

2145 2236 2216 2289 sit
2244 2236 2781 2306 impugnationibus
2805 2236 3055 2290 defensa.
3092 2237 3197 2289 Per
3224 2236 3555 2290 Dominum.

2898 2359 3073 2413 CXVI.

2360 2481 2746 2521 BENBDICTIO
2784 2481 2965 2521 SALIS
2998 2482 3069 2521 ΕΤ
3108 2482 3289 2528 ΑΩΗᾸΞ
3328 2482 3626 2523 PARITER.

2578 2592 2680 2644 Hic
2706 2592 2946 2644 mittitur
2977 2591 3063 2644 sal
3092 2592 3153 2644 in
3183 2606 3405 2660 aquam.

2216 2697 2383 2763 Deus,
2418 2696 2641 2749 invictae
2666 2696 2889 2748 virtutis
2911 2701 3130 2761 auctor,
3157 2696 3637 2766 etinseparabilis
3666 2697 3731 2767 [Γ.
3755 2697 3831 2751 in-

2145 2782 2512 2855 superabilis]
2547 2784 2775 2853 imperii
2804 2800 2901 2838 rex
2925 2801 2987 2837 ac
3019 2801 3245 2854 semper
3270 2786 3616 2855 magniﬁcus
3644 2787 3830 2839 trium-

2145 2874 2370 2943 phator,
2416 2874 2515 2943 qui
2560 2873 2811 2926 adversas
2866 2873 3276 2927 dominationis
3336 2875 3485 2927 vires
3543 2875 3822 2945 reprimis,

2147 2962 2247 3032 qui
2268 2962 2489 3015 inimici
2515 2962 2775 3031 rugentis
2831 2963 3105 3016 saevitiam
3136 2979 3392 3032 superas,
3441 2964 3543 3033 qui
3593 2964 3824 3017 hostiles

2075 3032 2115 3087 (ἶ
2147 3051 2429 3121 nequitias
2474 3057 2679 3119 potens
2740 3067 3053 3121 expugnas,
3104 3056 3159 3103 te
3216 3032 3471 3105 Domine,
3516 3057 3819 3107 trementes

2143 3156 2207 3193 ac
2247 3140 2533 3209 supplices
2591 3139 2967 3209 deprecamur
2997 3156 3061 3193 ac
3091 3139 3358 3210 petimus,
3390 3146 3450 3194 ut
3501 3140 3652 3194 hanc
3678 3158 3823 3194 crea-

2142 3234 2329 3282 turam
2358 3230 2491 3281 salis
2523 3236 2578 3281 et
2606 3245 2772 3298 aqua:
2802 3229 3108 3298 dignanter
3146 3229 3386 3299 accipias
3405 3270 3421 3296 ,
3454 3229 3740 3300 benignus
3768 3230 3824 3282 il-

2143 3319 2365 3383 lustres,
2402 3316 2629 3386 pietatis
2674 3325 2786 3371 tuae
2846 3334 3003 3371 more
3038 3317 3377 3385 sauctiﬁces,
3406 3322 3467 3371 ut
3499 3319 3820 3389 ubicunque

2141 3405 2313 3459 fuerit
2345 3406 2619 3475 dispersa,
2644 3422 2745 3476 per
2777 3405 3195 3459 invocationem
3247 3407 3427 3460 sancti
3458 3407 3543 3460 tui
3581 3407 3823 3461 nominis

2139 3495 2325 3550 omnis
2378 3495 2665 3549 infestatio
2712 3495 2998 3548 immundi
3052 3495 3285 3565 spiritus
3346 3496 3676 3565 abjiciatur,
3717 3501 3822 3549 ter-

2138 3600 2349 3654 rorque
2380 3584 2651 3638 venenosi
2685 3584 2966 3653 serpentis
2994 3585 3194 3653 procul
3218 3585 3485 3653 pellatur,
3513 3590 3569 3637 et
3588 3600 3821 3655 praesen—

2137 3673 2217 3726 tia
2246 3674 2425 3726 sancti
2455 3672 2703 3743 Spiritus
2751 3673 2915 3727 nobis
2976 3672 3426 3726 misericordiam
3481 3678 3638 3726 tuam
3696 3690 3817 3743 pos-

2138 3761 2398 3815 centibus
2429 3762 2642 3831 ubique
2673 3761 2867 3815 adesse
2897 3760 3186 3831 dignetur.
3232 3763 3336 3815 Per
3366 3762 3690 3815 Dominum.

2882 3884 3081 3940 CXVII.

2245 4005 2487 4045 ORATIO
2521 4006 2776 4052 QUANDO
2817 4006 2981 4053 AQUA
3020 4005 3384 4047 SPARGITUR
3434 4007 3496 4047 IN
3537 4007 3715 4047 DOHO.

2207 4114 2421 4168 Exaudi
2481 4131 2605 4181 nos,
2666 4115 2903 4168 Domine
2963 4120 3172 4181 sancte,
3230 4116 3394 4170 Pater
3434 4118 3814 4187 omnipotens,

2136 4209 2347 4257 aeterne
2380 4205 2547 4269 Deus,
2582 4212 2637 4256 et
2664 4206 2889 4257 mittere
2924 4205 3161 4273 dignare
3192 4206 3465 4275 angelum
3497 4212 3657 4259 tuum
3687 4222 3814 4259 san-

2066 4328 2109 4382 Β
2135 4299 2291 4346 ctum
2320 4292 2388 4346 de
2419 4292 2592 4359 caelis,
2625 4292 2724 4363 qui
2756 4294 3059 4359 custodiat,
3092 4293 3297 4361 foveat,
3323 4301 3605 4366 protegat,
3633 4296 3814 4347 visitet

2136 4386 2191 4434 et
2222 4379 2489 4435 defendat
2510 4396 2709 4434 omnes
2734 4380 3056 4435 habitantes
3087 4381 3147 4435 in
3179 4382 3287 4435 hoc
3321 4383 3807 4437 habitaculo.Per.

2865 4505 3092 4559 CXVIII.

2646 4626 3030 4667 BENEDICTIO
3070 4626 3306 4667 DOMUS.

2198 4717 2432 4780 Adesto,
2474 4717 2732 4783 Domine,
2764 4717 3283 4787 supplicationibus
3328 4719 3557 4786 nostris,
3592 4724 3645 4773 et
3673 4719 3806 4772 hanc

2129 4806 2363 4860 domum
2387 4806 2600 4859 serenis
2630 4806 2809 4860 oculis
2835 4812 2949 4860 tua:
2971 4807 3197 4877 pietatis
3226 4807 3482 4875 illustra;
3516 4809 3805 4862 descendat

2127 4911 2300 4967 super
2344 4895 2667 4949 habitantes
2694 4896 2753 4949 in
2786 4912 2851 4949 ea
2902 4897 3101 4965 gratia:
3144 4901 3257 4950 tute
3298 4898 3456 4967 larga
3480 4897 3803 4959 benedictio,

2128 4989 2190 5037 ut
2218 4984 2276 5037 in
2308 4983 2389 5036 eis
2422 4983 2757 5037 manufactis
2789 4984 3129 5039 habitaculis
3160 5001 3289 5038 cum
3332 4986 3667 5041 salubritate
3697 5002 3804 5040 ma-

2128 5078 2348 5141 nentes,
2375 5071 2486 5143 ipsi
2507 5075 2669 5126 tuum
2701 5089 2931 5143 semper
2953 5073 3068 5127 sint
3117 5073 3529 5130 habitaculum.
3568 5077 3690 5129 Per.

2897 5181 3045 5234 Alia.

2198 5285 2413 5339 Exaudi
2458 5301 2584 5350 nos,
2637 5285 2879 5339 Domine
2929 5291 3140 5350 sancte,
3194 5288 3363 5341 Pater
3437 5288 3803 5358 omnipotens,

2124 5380 2333 5427 aeterne
2369 5374 2539 5439 Deus,
2564 5381 2628 5427 ut
2659 5375 2704 5427 si
2737 5391 2849 5445 qua
2866 5380 3003 5429 sunt
3042 5376 3297 5443 adversa,
3324 5377 3371 5429 si
3402 5394 3516 5447 qua
3536 5376 3805 5431 contraria

2125 5464 2183 5515 in
2216 5463 2321 5516 hac
2361 5462 2530 5515 domo
2552 5462 2751 5516 famuli
2783 5463 2867 5516 tui
2893 5465 2982 5531 N.,
3017 5464 3356 5518 auctoritate
3371 5465 3680 5536 majestatis
3701 5470 3799 5518 tua:

2123 5551 2429 5621 pellantur.
2455 5551 2560 5605 Per
2592 5552 2905 5606 Dominum
2936 5557 3218 5607 nostrum.
