4078 6180
268 291 369 342 849)
1579 292 1786 347 LIBER
1828 293 2459 350 SACRAMENTORUM.
3656 301 3757 351 850

1030 423 1196 476 CXIX.

663 542 904 584 ORATIO
950 542 1196 584 CONTRA
1248 544 1560 584 FULGURA.

260 633 519 686 Primum
567 640 867 703 spargatur
905 650 1049 702 aqua
1092 635 1385 701 benedicta,
1428 641 1479 689 et
1510 640 1701 705 postea
1738 635 1957 690 dicatur

934 725 1109 775 oratio
1136 724 1277 775 ista:

334 826 730 894 Omnipotens,
766 828 1113 897 sempiterne
1147 829 1315 889 Deus,
1349 844 1515 897 parce
1542 828 1951 896 metuentibus,

257 920 317 967 et
360 915 673 985 propitiare
723 916 1095 987 supplicibus,
1132 922 1198 970 ut
1229 924 1359 986 post
1389 918 1588 971 noxios
1629 917 1791 987 ignes
1843 933 1954 971 nu-

256 1002 419 1056 bium
451 1008 509 1056 et
536 1003 651 1057 vim
682 1006 1083 1073 procellarum,
1124 1006 1183 1059 in
1216 1005 1515 1060 materiam
1545 1010 1798 1061 transeat
1825 1006 1956 1060 lau-

256 1090 347 1145 dis
374 1092 745 1146 comminatio
778 1094 1095 1163 potestatis.
1130 1096 1256 1148 Per.

1032 1200 1181 1254 CXX.

257 1300 501 1341 ORATIO
543 1301 744 1341 SUPER
792 1302 950 1342 VASA
998 1303 1062 1341 1N
1110 1302 1261 1343 LOCO
1307 1303 1591 1351 ANTIQUO
1637 1303 1951 1343 REPBRTA.

325 1391 726 1461 Omnipotens,
780 1393 1129 1462 sempiterno
1180 1395 1351 1462 Deus,
1398 1393 1586 1447 insere
1636 1398 1691 1447 te
1748 1393 1953 1448 officiis

252 1480 489 1541 nostris.
527 1486 583 1534 et
627 1481 746 1534 hinc
777 1483 1002 1535 vascula
1031 1488 1151 1535 arte
1181 1481 1457 1535 fabricata
1489 1482 1814 1552 gentilium,
1861 1499 1952 1535 su-

250 1567 558 1622 blimitatis
608 1573 721 1623 tuae
768 1570 1025 1640 potentia
1063 1570 1142 1624 ita
1185 1570 1498 1624 emundare
1546 1570 1823 1641 digneris,
1873 1575 1953 1636 ut,

252 1657 415 1710 omni
436 1658 806 1713 immunditia
830 1660 1089 1729 depulsa,
1125 1660 1239 1712 sint
1268 1660 1379 1713 tuis
1398 1659 1662 1714 fidelibus
1693 1666 1953 1730 tempore

250 1745 409 1816 pacis
440 1751 610 1817 atque
640 1747 1070 1818 tranquillitatis
1103 1748 1329 1801 utenda.
1365 1750 1489 1801 Per.

1016 1855 1190 1909 CXXI.

789 1956 1172 1997 BENEDICTIO
1216 1957 1427 1997 PUTEI.

324 2050 733 2119 Deprecamur,
768 2047 1030 2115 Domine,
1065 2048 1426 2102 clementiam
1461 2049 1690 2119 pietatis
1724 2054 1857 2116 tuas,
1890 2054 1952 2103 ut

250 2153 467 2209 aquam
510 2138 665 2207 putei
708 2136 880 2207 hujus
927 2137 1143 2191 coalesti
1173 2136 1572 2191 benedictione
1613 2138 1949 2204 sanctiﬁces,
2016 2158 2027 2165 -

251 2231 307 2279 et
361 2226 433 2279 ad
483 2241 848 2279 communem
894 2225 1068 2278 vitam
1100 2226 1372 2280 concedas
1422 2227 1730 2291 salubrem,
1770 2232 1825 2280 et
1873 2227 1952 2281 ita

250 2331 315 2367 ex
366 2330 432 2367 eo
466 2314 663 2383 fugare
700 2314 954 2385 digneris
1005 2331 1237 2368 omnem
1272 2316 1568 2369 diabolica?
1615 2316 1949 2371 tentationis

247 2403 572 2467 incursum,
629 2407 690 2455 ut
722 2403 1051 2473 quicunque
1083 2418 1146 2456 ex
1182 2418 1248 2455 eo
1292 2401 1363 2455 ab
1394 2403 1527 2455 hinc
1559 2402 1813 2456 hauserit
1862 2404 1948 2458 bi-

246 2489 489 2551 beritve,
544 2492 626 2544 vel
662 2491 721 2545 in
765 2492 1114 2562 quibuslibet
1144 2492 1479 2545 necessariis
1510 2492 1708 2546 usibus
1750 2493 1950 2545 hausta

248 2596 403 2649 aqua
454 2596 586 2634 usus
619 2581 809 2646 fuerit,
852 2580 1027 2634 totius
1077 2580 1301 2634 virtutis
1343 2597 1406 2633 ac
1452 2580 1712 2634 sanitatis
1755 2581 1947 2634 dulce-

247 2669 388 2722 dine
421 2669 774 2738 perfruatur,
797 2672 858 2722 ut
878 2668 983 2721 tibi
1013 2684 1241 2739 semper
1261 2667 1659 2722 sanctiﬁcatori
1681 2673 1737 2721 et
1766 2668 1945 2721 salva-

245 2756 365 2810 tori
400 2759 661 2811 omnium
695 2757 935 2812 Domino
966 2757 1177 2828 gratias
1208 2772 1377 2827 agere
1408 2762 1713 2810 mereatur.
1752 2757 1872 2809 Per.

998 2864 1199 2918 CXXII.

575 2964 961 3008 BENEDICTIO
1008 2969 1146 3008 UVB
1192 2968 1312 3008 VBL
1350 2962 1375 2987 ⁸
1420 2968 1621 3009 PAVE.

316 3056 584 3123 Benedic,
624 3058 886 3123 Domine,
930 3059 1033 3113 hos
1063 3059 1278 3112 fructus
1312 3075 1486 3112 novos
1530 3075 1651 3113 uvae
1684 3060 1799 3113 sive
1848 3059 1937 3113 fa-

240 3162 348 3211 ve,
406 3162 553 3216 quos
586 3151 665 3211 tu,
721 3148 981 3214 Domine,
1014 3164 1116 3217 per
1162 3164 1348 3201 rorem
1382 3148 1526 3209 caeli,
1561 3154 1619 3201 et
1664 3148 1944 3202 inundan-

240 3235 388 3287 tiam
440 3235 787 3303 pluviarum,
825 3241 881 3289 et
912 3242 1173 3306 tempora
1199 3252 1399 3289 serena
1433 3242 1603 3306 atque
1633 3236 1943 3305 tranquilla

239 3323 310 3376 ad
343 3324 743 3377 maturitatem
775 3325 1085 3395 perducere
1118 3324 1386 3395 dignatus
1420 3340 1498 3389 es,
1526 3325 1594 3378 ad
1629 3324 1944 3394 percipien-

240 3412 388 3465 dum
433 3412 599 3465 nobis
648 3428 775 3466 cum
823 3413 1137 3483 gratiarum
1172 3412 1417 3479 actione,
1464 3414 1520 3465 in
1554 3412 1787 3466 nomine
1829 3414 1940 3467 Do-

238 3500 391 3554 mini
418 3501 600 3554 nostri
622 3502 747 3555 Jesu
783 3501 1014 3563 Christi,
1048 3501 1146 3571 qui
1174 3506 1385 3554 tecum.

978 3607 1208 3661 CXXIII.

570 3709 954 3750 BENEDICTIO
992 3710 1069 3749 AB
1109 3710 1346 3750 FRUGBS
1393 3709 1615 3750 NOVAS.

312 3782 562 3838 Domine
612 3788 827 3852 sancte,
878 3785 1044 3837 Pater
1083 3784 1469 3854 omnipotens,
1506 3788 1718 3837 teterne
1771 3784 1935 3850 Deus,

235 3872 338 3943 qui
370 3873 581 3926 caelum
614 3878 669 3926 et
697 3878 932 3940 terram,
962 3888 1117 3925 mare
1150 3876 1206 3925 et
1235 3872 1434 3925 omnia
1459 3874 1685 3939 creasti,
1717 3876 1772 3925 te
1803 3888 1939 3942 sup-

237 3962 419 4031 plices
452 3976 785 4031 quaasumus
827 3964 888 4014 ut
922 3962 1075 4015 hunc
1113 3961 1363 4015 fructum
1393 3977 1607 4014 novum
1637 3960 1936 4015 benedice-

237 4065 298 4102 re
335 4052 395 4102 et
427 4049 781 4103 sanctiﬁcarc
814 4049 1087 4119 digneris,
1124 4053 1180 4102 et
1215 4049 1597 4120 multiplicare
1638 4049 1935 4103 abundan-

236 4142 325 4190 ter
372 4136 749 4191 offerentibus
778 4138 902 4203 tibi,
936 4142 1001 4191 ut
1030 4136 1251 4206 repleas
1282 4154 1482 4191 eorum
1516 4139 1767 4205 cellaria,
1808 4154 1939 4191 cum

236 4225 581 4279 fortitudine
624 4226 898 4279 frumenti
930 4231 987 4279 et
1028 4225 1166 4291 vini,
1215 4232 1283 4279 ut
1312 4226 1569 4280 laetantes
1598 4227 1657 4280 in
1694 4227 1794 4289 eis,
1847 4242 1936 4278 re-

236 4314 430 4367 ferant
481 4312 582 4366 tibi
632 4314 745 4367 Deo
787 4314 1171 4383 omnipotenti
1220 4315 1416 4368 laudes
1462 4320 1517 4367 et
1555 4315 1785 4385 gratias.
1837 4315 1941 4368 Per
1980 4318 2022 4371 Ι)

239 4403 581 4458 Dominum.

986 4474 1202 4528 CXXIV.

432 4594 818 4635 BENEDICTIO
863 4594 940 4634 AD
984 4594 1192 4634 OMNIA
1237 4594 1373 4642 ρυλε
1417 4594 1756 4634 νοιυεῐιιε.

315 4686 590 4749 Benedic,
641 4686 899 4752 Domine,
952 4691 1269 4740 creaturam
1316 4686 1504 4751 istam,
1548 4690 1611 4739 ut
1639 4686 1713 4740 sit
1755 4702 1938 4740 reme-

240 4775 409 4829 dium
446 4776 693 4853 salutare
726 4775 924 4843 generi
957 4776 1233 4841 humano,
1269 4779 1325 4828 et
1349 4780 1555 4845 praesta
1588 4790 1692 4845 per
1722 4775 1944 4829 invoca-

239 4864 467 4917 tionem
523 4863 774 4916 nominis
820 4863 923 4931 tui,
963 4869 1025 4917 ut
1078 4864 1405 4935 quicunque
1454 4880 1522 4917 ex
1570 4880 1634 4918 ea
1685 4880 1943 4934 sumpse-

242 4953 338 5010 rit.
398 4953 656 5023 corporis
688 4953 991 5006 sanitatem
1035 4958 1088 5007 et
1130 4953 1334 5006 anima;
1366 4954 1601 5007 tutelam
1646 4952 1940 5025 percipiat.

242 5043 376 5095 Per.

1007 5111 1196 5165 CXXV.

659 5215 1045 5256 BENEDICTIO
1094 5200 1308 5273 [rarus
1355 5200 1554 5270 non].

319 5306 593 5373 Benedic,
646 5307 903 5369 Domine,
949 5311 1275 5361 creaturam
1332 5306 1499 5360 istam
1560 5306 1742 5378 panis,
1798 5306 1939 5361 sicut

245 5394 597 5449 benedixisti
645 5394 898 5465 quinque
924 5410 1105 5465 panes
1133 5395 1195 5448 in
1226 5394 1475 5464 deserto,
1508 5400 1573 5449 ut
1603 5412 1801 5449 omnes
1835 5411 1939 5465 gu-

320 5563 346 5588 ι
380 5554 534 5608 More
570 5557 826 5608 veterum
855 5569 1059 5609 censeo
1084 5558 1227 5621 {uvae
1260 5554 1373 5625 legi
1402 5571 1506 5625 pro
1534 5555 1695 5623 faba.

1994 427 2043 482 Α
2070 426 2283 477 stantes
2326 441 2393 478 ex
2424 440 2511 489 eo,
2555 426 2836 495 accipiant
2879 432 2995 479 tam
3026 427 3282 496 corporis
3332 442 3507 498 quam
3549 428 3758 480 anima:

2068 512 2390 567 sanitatem.
2428 515 2551 568 Per.

2798 604 3015 657 CXXVI.

2556 731 2793 772 ORATIO
2840 733 3002 771 ANTE
3046 734 3269 773 CIBUM.

2135 833 2323 887 Reﬁce
2355 826 2479 897 nos',
2532 833 2789 896 Domine,
2822 834 2987 886 donis
3028 834 3158 893 tuis,
3197 840 3252 887 et
3282 835 3591 903 opulentiae
3643 840 3754 888 tua;

2063 920 2327 991 largitate
2359 927 2637 975 sustenta.
2670 925 2774 975 Per
2798 922 3101 975 Dominum
3134 928 3417 978 nostrum.

2833 1038 2984 1091 Alia.

2134 1123 2395 1191 Benedic,
2451 1125 2712 1191 Domine,
2743 1125 2893 1179 dona
2924 1131 3039 1192 tua,
3085 1142 3213 1196 quae.
3248 1127 3317 1179 de
3344 1130 3441 1179 tua
3489 1127 3754 1196 largitate

2060 1226 2256 1264 sumus
2282 1212 2589 1281 sumpturi.
2628 1214 2734 1265 Per
2766 1213 3078 1266 Dominum
3114 1219 3398 1268 nostrum.

2785 1328 3029 1382 CXXVII.

2502 1440 2730 1481 ORATIO
2776 1442 2975 1480 SUPER
3026 1441 3312 1480 MENSAM.

2135 1540 2554 1593 Benedicantur
2592 1542 2775 1605 nobis,
2833 1542 3093 1608 Domine,
3146 1541 3297 1609 dona
3340 1547 3456 1609 tua,
3506 1558 3634 1610 quae
3685 1541 3755 1594 de

2062 1630 2159 1680 tua
2207 1628 2469 1698 largitate
2503 1630 2668 1683 nobis
2712 1630 2779 1683 ad
2809 1630 3128 1683 remedium
3174 1630 3415 1684 deducta
3446 1635 3600 1698 sunt,
3654 1630 3755 1700 qui

1993 1724 2032 1776 Β
2062 1730 2121 1769 es
2153 1717 2299 1769 Deus
2328 1717 2664 1771 benedictus
2695 1718 2753 1772 in
2786 1720 3011 1772 sascula.

2831 1835 2978 1887 Alia.

2131 1920 2349 1974 Sanctae
2386 1920 2483 1973 Dei
2524 1922 2815 1991 genitricis
2843 1921 3051 1987 Mariae,
3102 1922 3363 1991 gloriosas
3398 1926 3453 1974 et
3502 1921 3749 1974 inteme-

2060 2012 2193 2061 ratas
2253 2009 2492 2079 virginis
2552 2010 2926 2076 orationibus,
2986 2012 3138 2082 quod
3199 2010 3365 2064 nobis
3418 2010 3749 2080 appositum

2060 2101 2164 2161 est,
2218 2098 2569 2168 Redemptor
2616 2100 2876 2152 omnium
2927 2100 3242 2153 benedicat.
3287 2101 3394 2152 Per
3441 2098 3750 2151 Dominum

2059 2188 2338 2238 nostrum.

2829 2278 2983 2330 Alia.

2132 2363 2285 2418 Beati
2335 2365 2509 2429 Petri,
2543 2366 2818 2435 principis
2862 2367 3272 2436 apostolorum,
3306 2363 3746 2418 interventioni—

2058 2452 2182 2517 bus,
2218 2468 2347 2522 quae
2378 2452 2541 2505 nobis
2576 2455 2645 2505 ad
2678 2454 2995 2507 remedium
3028 2459 3159 2508 sunt
3189 2454 3442 2523 probata.
3487 2452 3744 2506 Christus

2058 2540 2232 2594 Filius
2266 2540 2363 2593 Dei
2395 2540 2709 2594 benedicat.

2768 2632 3035 2685 CXXVIII.

2554 2751 2792 2791 ORATIO
2831 2752 2980 2791 POST
3025 2752 3247 2791 CIBUM.

2127 2849 2349 2916 Satiati,
2397 2851 2657 2915 Domine,
2690 2851 2997 2921 opulentiae
3028 2856 3139 2904 tua:
3174 2852 3357 2917 donis,
3393 2851 3494 2905 tibi
3533 2849 3746 2920 gratias

2054 2937 2281 3007 agimus
2314 2954 2417 3008 pro
2450 2938 2536 2990 his
2567 2954 2717 3007 quas,
2755 2947 2805 2992 te
2837 2941 3137 3008 largiente,
3172 2940 3545 3009 suscepimus,
3581 2938 3743 2991 obse-

1984 3020 2274 3078 Ccrantes
2345 3026 2798 3080 misericordiam
2855 3032 3011 3080 tuam
3069 3033 3129 3079 ut
3188 3029 3341 3097 quod
3409 3026 3743 3095 corporibus

2054 3113 2261 3167 nostris
2310 3114 2696 3167 necessarium
2753 3114 2879 3179 fuit,
2930 3114 3218 3167 mentibus
3265 3130 3378 3167 non
3430 3114 3501 3167 sit
3540 3129 3743 3166 onero-

2052 3218 2197 3256 sum.
2234 3204 2337 3256 Per
2367 3203 2671 3256 Dominum
2708 3208 2991 3257 nostrum.

2822 3320 2972 3373 Alia.

2118 3405 2348 3459 Satiasti
2396 3422 2517 3470 nos,
2559 3408 2816 3473 Domine,
2850 3408 2919 3461 de
2948 3408 3059 3461 tuis
3089 3406 3253 3461 donis
3285 3422 3348 3459 ac
3378 3405 3545 3472 datis,
3578 3406 3737 3474 reple

2050 3510 2154 3549 nos
2201 3495 2270 3548 de
2303 3500 2398 3549 tua
2431 3496 2850 3564 misericordia,
2882 3497 3018 3567 quia
3050 3501 3110 3549 tu
3141 3512 3201 3549 es
3233 3494 3590 3557 benedictus,
3643 3492 3743 3563 qui

2050 3599 2181 3637 cum
2212 3586 2323 3637 Deo
2349 3587 2511 3637 Patre
2539 3589 2594 3637 et
2621 3586 2833 3654 Spiritu
2854 3590 3044 3638 sancto
3069 3586 3209 3639 vivis
3239 3589 3296 3639 et
3313 3600 3539 3654 regnas,
3577 3584 3741 3648 Deus,

2049 3687 2153 3741 per
2182 3672 2378 3725 omnia
2408 3673 2616 3726 saecula
2649 3673 3011 3727 saeculorum.

2782 3787 2997 3842 CXXIX.

2528 3908 2766 3947 ORATIO
2813 3908 2875 3947 IN
2924 3908 3267 3947 SACRARIO.

2120 4003 2494 4073 Omnipotens
2539 4010 2596 4058 et
2640 4004 2975 4081 misericors~
3007 4006 3177 4068 Deus,
3231 4003 3330 4075 qui
3381 4002 3739 4055 sacerdotum

2048 4092 2366 4147 ministerio
2416 4092 2483 4146 ad
2517 4093 2617 4147 tibi
2671 4093 3036 4147 serviendum
3067 4099 3118 4146 et
3169 4092 3606 4162 supplicandum
3655 4090 3742 4144 uti

2049 4181 2323 4251 dignaris,
2376 4198 2708 4251 quaesumus
2767 4183 3111 4236 immensam
3160 4180 3526 4235 clementiam
3580 4184 3739 4234 tuam

2047 4277 2112 4324 ut
2151 4270 2433 4341 quidquid
2486 4271 2656 4324 modo
2705 4272 3021 4333 visitamus,
3057 4271 3277 4335 visites;
3312 4269 3591 4339 quidquid
3641 4269 3739 4322 be-

2051 4358 2389 4423 nedicimus,
2434 4360 2771 4425 benedicas;
2811 4360 2996 4431 sitque
3042 4360 3111 4413 ad
3147 4366 3353 4413 nostras
3404 4358 3746 4411 humilitatis

2048 4447 2372 4513 introitum,
2420 4455 2745 4501 sanctorum
2801 4453 3034 4502 tuorum
3083 4448 3304 4501 meritis
3355 4447 3493 4517 fuga
3531 4447 3743 4501 deamo-

2050 4552 2211 4599 num,
2242 4536 2429 4607 angeli
2461 4535 2615 4605 pacis
2647 4537 2959 4606 ingressus.
2987 4538 3094 4591 Per
3125 4535 3453 4590 Dominum.

2803 4652 2969 4707 CXXX
2979 4690 2990 4704 .

2178 4772 2415 4812 onum
2462 4772 2565 4812 UBl
2614 4760 3028 4812 vesnum“
3072 4769 3612 4813 consenvmrun.

2126 4866 2294 4930 Deus,
2355 4865 2454 4935 qui
2504 4863 2914 4916 famulantibus
2960 4863 3063 4917 tibi
3118 4862 3322 4917 mentis
3375 4866 3431 4914 et
3488 4860 3745 4929 corporis

2052 4952 2304 5007 subsidia
2348 4952 2792 5005 misericorditer
2835 4953 3080 5023 largiris,
3130 4949 3358 5021 praesta,
3391 4963 3743 5019 quaesumus,

2051 5048 2118 5097 ut
2158 5058 2285 5112 quas
2334 5042 2423 5095 his
2454 5042 2632 5112 pietas
2664 5048 2757 5095 tua
2804 5042 2860 5095 in
2893 5059 3027 5095 usus
3075 5045 3129 5094 et
3178 5039 3493 5093 necessaria
3540 5052 3745 5107 corpo-

2052 5146 2183 5185 rum
2210 5130 2559 5184 famulorum
2592 5137 2822 5184 tuorum
2854 5130 3111 5195 contulit,
3144 5130 3455 5181 clementer
3494 5125 3743 5179 abunda-

2053 5236 2115 5273 re
2148 5224 2203 5272 et
2233 5235 2565 5273 conservare
2606 5219 2813 5284 facias;
2848 5224 2907 5272 ut
2940 5219 3027 5271 bis
3071 5215 3320 5270 exterius
3358 5219 3605 5282 utentes,
3652 5213 3742 5267 in-

2052 5308 2231 5362 terius
2271 5308 2611 5363 indumento
2643 5308 2834 5361 amicti
2857 5306 3119 5377 justitiw,
3154 5305 3341 5358 devoti
3384 5319 3611 5373 semper
3640 5302 3741 5355 tibi

2052 5396 2297 5451 existere
2332 5402 2678 5452 mereantur.
2716 5397 2841 5450 Per.
