4078 6180
385 336 479 385 851
1518 325 1730 379 GRIMA
1743 324 1851 378 LDI
1892 324 2406 381 SANGALLENSIS
2443 321 2740 377 ABBATIS
3762 326 3851 374 8232

1120 457 1331 511 CXXXI.

820 562 1057 601 ORATIO
1106 561 1167 601 IN
1216 558 1640 599 REFECTORIO.

458 655 832 724 Omnipotens
907 659 964 705 et
1030 651 1355 705 misericors
1433 652 1603 715 Deus,
1665 649 1766 721 qui
1834 649 2079 702 famulos

387 748 514 796 tuos
562 742 621 794 in
652 741 757 793 hac
792 740 964 794 domo
998 740 1101 792 alis
1146 738 1453 791 refectione
1482 738 1716 802 carnali,
1751 737 1943 790 cibum
1992 738 2079 789 vel

387 834 611 900 potum,
644 832 697 880 te
737 826 1130 889 benedicente,
1173 841 1301 878 cum
1333 825 1647 895 gratiarum
1687 823 1909 877 actione
1952 838 2081 893 per-

385 916 624 985 cipiant,
660 921 715 969 et
742 916 834 969 hic
865 920 921 968 et
940 916 996 967 in
1025 920 1304 968 aeternum
1321 929 1424 983 per
1450 920 1503 967 te
1538 928 1764 983 semper
1793 912 1931 966 salvi
1958 928 2079 967 esse

390 1008 743 1058 mercantur.
780 1005 886 1055 Per
919 1004 1244 1056 Dominum.

1111 1106 1348 1160 CXXXII.

824 1209 1061 1249 ORATIO
1108 1210 1169 1248 IN
1224 1208 1650 1249 DORMITORIO.

460 1301 723 1363 Benedic,
766 1300 1029 1368 Domine,
1060 1300 1166 1352 hoc
1210 1300 1555 1352 famulorum
1590 1305 1820 1353 tuorum
1862 1298 2079 1352 dormi-

387 1388 622 1452 torium,
652 1388 751 1458 qui
773 1404 891 1441 non
920 1388 1135 1442 dormis
1162 1404 1349 1458 neque
1372 1387 1668 1455 dormitas,
1700 1388 1797 1457 qui
1829 1388 2079 1441 custodis

389 1477 577 1541 Israel,
612 1478 857 1530 famulos
888 1482 1016 1529 tuos
1046 1476 1104 1529 in
1136 1478 1239 1529 hac
1268 1477 1440 1529 domo
1472 1476 1828 1545 quiescentes
1858 1477 2080 1545 postla-

386 1566 608 1631 borem,
654 1565 877 1619 custodi
912 1566 982 1618 ab
1022 1566 1387 1619 illusionibus
1419 1566 1888 1634 phantasmaticis
1920 1566 2077 1619 Sata-

390 1672 516 1709 nas:
566 1655 890 1725 vigilantes,
922 1654 983 1707 in
1033 1655 1329 1724 praeceptis
1364 1655 1471 1707 tuis
1502 1654 1855 1707 meditentur
1891 1670 1903 1707 :
1947 1654 2077 1707 dor-

387 1742 651 1808 mientes,
703 1748 757 1797 te
796 1759 900 1812 per
928 1759 1192 1813 saporem
1232 1743 1501 1809 sentiant,
1555 1746 1610 1795 et
1644 1742 1734 1794 hic
1764 1746 1819 1795 et
1866 1741 2078 1811 ubique

391 1832 742 1885 defensionis
767 1837 881 1886 tua:
903 1832 1109 1885 auxilio
1128 1832 1483 1885 muniantur.
1511 1832 1615 1885 Per
1635 1830 1943 1884 Dominum
1975 1847 2078 1884 no-

389 1927 589 1975 strum.

1096 1991 1371 2045 CXXXIII.

867 2095 1105 2135 ORATIO
1154 2095 1215 2133 IN
1263 2093 1600 2133 CELLARIO.

465 2187 839 2256 Omnipotens
870 2192 925 2239 et
973 2187 1296 2239 misericors
1342 2187 1512 2253 Deus,
1542 2184 1642 2255 qui
1673 2185 1886 2256 ubique
1934 2202 2080 2256 pra:—

392 2292 522 2329 sens
550 2293 629 2339 es,
670 2276 1025 2345 majestatem
1055 2281 1209 2329 tuam
1245 2274 1580 2345 suppliciter
1606 2274 1983 2345 deprecamur
2023 2281 2083 2329 ut

392 2365 523 2417 huic
570 2366 963 2435 promptuario
1013 2364 1196 2435 gratia
1244 2368 1339 2417 tua
1381 2364 1577 2417 adesse
1611 2363 1899 2433 dignetur,
1951 2381 2081 2434 quae

392 2458 593 2506 cuncta
623 2452 857 2506 adversa
885 2454 954 2506 ab
989 2469 1055 2506 eo
1087 2453 1346 2522 repellat,
1381 2458 1437 2506 et
1465 2452 1875 2506 abundantiam
1913 2453 2082 2508 bene-

393 2542 660 2595 dictionis
695 2546 805 2593 tuae
834 2542 1067 2610 largiter
1098 2540 1379 2593 infundat.
1417 2542 1523 2593 Per
1552 2540 1881 2595 Dominum.

1109 2646 1368 2700 CXXXIV.

833 2750 1070 2788 ORATIO
1118 2750 1181 2787 IN
1227 2747 1633 2787 SCRIPTORIO.

463 2842 801 2896 Benedicere
847 2840 1120 2911 digneris,
1170 2840 1429 2905 Domine,
1461 2839 1569 2892 hoc
1600 2839 1961 2910 scriptorium
1994 2838 2076 2892 fa-

390 2932 681 2984 mulorum
734 2936 987 2995 tuorum,
1038 2936 1093 2983 et
1141 2946 1339 2982 omnes
1388 2928 1709 2982 habitantes
1757 2928 1816 2981 in
1866 2945 1953 2994 eo,
2018 2933 2081 2981 ut

388 3109 580 3174 fuerit,
609 3125 779 3162 sensu
809 3108 1060 3178 capiant,
1087 3123 1259 3177 opere
1292 3106 1609 3176 perficiant.
1638 3107 1761 3159 Per.

1120 3214 1350 3266 CXXXV.

852 3317 1088 3357 ORATIO
1136 3317 1198 3355 IN
1248 3315 1614 3354 IIOSPITALI.

462 3408 836 3479 Omnipotens
873 3412 927 3461 et
961 3407 1283 3461 misericors
1316 3407 1480 3472 Deus,
1515 3405 1614 3474 qui
1644 3420 1702 3458 es
1727 3405 1926 3458 doctor
1956 3420 2080 3459 cor-

393 3498 554 3550 dium
584 3499 967 3550 humanorum
1000 3501 1055 3548 et
1087 3494 1357 3563 magister
1380 3494 1739 3562 angelorum,
1770 3498 1825 3545 te
1852 3493 2082 3547 humili-

391 3589 479 3636 ter
525 3598 856 3653 quaesumus
906 3587 969 3634 ut
1020 3581 1284 3634 cordibus
1329 3580 1678 3633 famulorum
1727 3584 1959 3633 tuorum
2010 3580 2082 3633 ob

392 3672 634 3741 gratiam
702 3669 1057 3723 salutationis
1128 3670 1314 3722 locum
1384 3668 1533 3720 hunc
1596 3668 2084 3738 frequentantium

394 3775 622 3828 semper
652 3759 848 3812 adesse
888 3758 1166 3828 digneris;
1220 3759 1289 3809 sit
1318 3773 1521 3809 eorum
1557 3773 1743 3810 sermo
1777 3758 1837 3810 in
1876 3757 2083 3811 timore

395 3853 493 3901 tuo
542 3847 779 3919 ignitus,
831 3853 1002 3916 atque
1050 3848 1164 3899 sale
1207 3847 1486 3913 conditus,
1542 3847 1783 3901 utilitate
1832 3847 2083 3916 proximi

395 3936 617 4005 plenus,
667 3939 731 3987 ut
790 3951 920 3988 cum
978 3934 1109 3987 hinc
1168 3934 1536 3988 advenientes
1605 3936 1955 4002 recesserint,
2015 3936 2084 3989 de

396 4025 656 4095 exemplo
688 4039 889 4077 eorum
919 4023 1162 4093 gloriam
1190 4024 1274 4075 tui
1308 4023 1560 4076 nominis
1592 4024 1923 4093 praedicent.
1958 4025 2079 4077 Per.

1108 4130 1365 4184 CXXXVI.

708 4232 944 4271 ORATIO
992 4232 1053 4271 IN
1105 4232 1270 4270 DOMO
1318 4232 1766 4272 INFIRMORUM.

470 4324 845 4393 Omnipotens
897 4327 952 4375 et
998 4322 1316 4375 misericors
1367 4324 1532 4387 Deus,
1583 4339 1911 4392 qumsumus
1970 4325 2078 4378 im-
2121 4325 2165 4378 D

399 4428 656 4465 mensam
703 4413 974 4480 pietatem
1003 4415 1161 4464 tuam
1205 4416 1265 4463 ut
1303 4411 1367 4465 ad
1404 4412 1704 4465 introitum
1746 4413 2087 4467 humilitatis

400 4505 608 4553 nostrae
655 4500 759 4553 hos
810 4500 1052 4553 famulos
1100 4505 1229 4553 tuos
1274 4500 1379 4553 hoc
1430 4500 1489 4553 in
1536 4501 1860 4555 habitaculo
1909 4503 2088 4557 fessos

393 4590 666 4659 jacentes,
717 4588 1007 4642 salutifere
1057 4589 1284 4641 visitare
1326 4588 1597 4658 digneris,
1648 4597 1711 4643 ut
1757 4590 1904 4644 sicut
1950 4592 2086 4644 visi-

398 4677 552 4743 tasti,
614 4677 876 4743 Domine,
936 4678 1193 4745 Tobiam,
1244 4683 1299 4730 et
1356 4678 1574 4743 Saram,
1632 4694 1859 4733 socrum
1910 4680 2084 4747 Petri,

396 4782 762 4837 puerumque
804 4766 1184 4833 Centtirionis,
1236 4766 1317 4819 ita
1349 4772 1405 4819 et
1435 4767 1527 4819 isti
1559 4767 1801 4836 pristina
1846 4768 2086 4821 sanitate

399 4854 605 4909 anima:
634 4854 1006 4925 corporisque
1036 4860 1284 4923 recepta,
1328 4856 1642 4923 gratiarum
1686 4854 1791 4908 tibi
1818 4855 1879 4909 in
1909 4858 2085 4910 eccle-

399 4942 483 4996 sia
510 4952 604 4999 tua
630 4944 878 4996 referant
904 4942 1207 4995 actionem.
1244 4944 1351 4995 Per
1382 4943 1711 4997 Dominum.

1089 5049 1383 5103 CXXXVII.

947 5151 1186 5192 ORATIO
1236 5153 1295 5191 IN
1345 5153 1533 5191 ΑΒΕΔ.

470 5225 813 5298 Multiplica,
874 5225 1147 5291 Domine,
1208 5242 1379 5295 super
1454 5242 1558 5279 nos
1637 5226 2085 5281 misericordiam

398 5322 579 5379 tuam,
612 5320 669 5369 et
716 5330 910 5384 preces
948 5318 1167 5367 nostras
1198 5314 1486 5383 propitius
1517 5314 1785 5368 exaudire
1825 5315 2083 5386 dignare,

398 5409 453 5457 et
492 5404 635 5457 sicut
668 5402 946 5457 exaudisti
992 5402 1273 5455 famulum
1304 5409 1469 5456 tuum
1512 5419 1705 5473 regem
1741 5404 1936 5471 David,
1986 5404 2087 5475 qui

470 5568 494 5593 ⁸
524 5561 641 5613 Vox
672 5566 945 5629 usurpata
969 5576 1002 5614 a
1030 5560 1239 5614 Gallica
1270 5576 1401 5613 voce
1435 5562 1683 5615 Lardier.

2109 458 2155 509 A
2183 459 2235 508 te
2269 454 2329 507 in
2360 469 2488 506 arca
2518 452 2733 506 hostias
2757 452 3049 507 offerendo
3078 452 3341 521 placavit,
3378 452 3452 505 ita
3478 451 3684 518 veniat,
3716 467 3851 521 qua:-

2188 557 2400 603 sumus,
2460 556 2631 610 super
2686 540 2831 593 hanc
2898 554 3092 592 aream
3153 542 3393 608 speratae
3465 538 3852 593 benedictionis

2186 630 2436 696 ubertas,
2471 634 2533 683 ut
2566 627 2767 698 repleti
2821 627 3079 696 frugibus
3110 628 3244 694 tuis,
3294 628 3363 681 de
3392 634 3489 682 tua
3515 644 3736 699 semper
3760 629 3853 682 mi-

2187 718 2497 773 sericordia
2528 716 2862 789 gloriemur.
2903 719 3023 769 Par.
3355 727 3368 739 '

2877 821 3191 877 CXXXVIII.

2660 944 2896 985 ORATIO
2942 944 3007 983 IN
3055 943 3407 984 GRANARIO.

2260 1038 2631 1107 Omnipotens
2685 1042 2742 1090 et
2789 1036 3108 1090 misericors
3168 1038 3334 1102 Deus,
3386 1035 3484 1105 qui
3535 1034 3856 1089 benedixisti

2186 1127 2394 1181 horrea
2424 1125 2654 1196 Joseph,
2689 1141 2881 1179 aream
2914 1124 3209 1191 Gedeonis,
3247 1130 3304 1178 et
3332 1124 3536 1183 adhuc,
3569 1124 3718 1194 quod
3746 1138 3853 1176 ma-

2181 1216 2277 1285 jus
2324 1219 2425 1280 est,
2451 1214 2603 1283 jacta
2632 1220 2797 1267 terra:
2828 1214 3047 1267 semina
3075 1228 3307 1282 surgere
3338 1212 3471 1265 facis
3498 1229 3631 1266 cum
3678 1213 3857 1266 fenore

2188 1304 2407 1368 messis,
2450 1308 2505 1356 te
2550 1303 2842 1356 humiliter
2886 1317 3219 1372 quaesumus
3248 1306 3312 1354 ut
3353 1300 3497 1353 sicut
3525 1301 3597 1354 ad
3646 1300 3857 1370 petitio-

2189 1409 2321 1447 nem
2357 1392 2555 1445 famuli
2582 1391 2665 1444 tui
2699 1391 2851 1457 Elite,
2887 1407 3001 1443 nou
3034 1390 3215 1443 defuit
3246 1390 3432 1443 viduae
3463 1389 3668 1453 farina,
3696 1389 3770 1442 ita
3798 1390 3857 1442 ad

2188 1487 2398 1535 nostra:
2445 1479 2740 1550 pravitatis
2786 1479 3078 1549 suffragia,
3132 1478 3264 1531 huic
3295 1478 3500 1530 horreo
3533 1478 3859 1531 famulorum

2188 1578 2421 1625 tuorum
2447 1586 2561 1623 non
2603 1568 2748 1622 desit
2774 1568 3193 1621 benedictionis
3226 1571 3341 1619 tua).
3371 1564 3737 1618 abundantia.
3770 1566 3860 1619 Per

2190 1659 2516 1713 Dominum.

2910 1726 3167 1780 CXXXIX.

2681 1847 2917 1888 ORATIO
2964 1848 3027 1886 IN
3075 1845 3399 1886 PISTRINO.

2263 1942 2656 1995 Sanctificetur
2700 1940 2862 1993 istius
2894 1939 3138 1992 officina:
3178 1940 3353 2005 locus,
3392 1936 3651 2002 Domine,
3688 1940 3741 1988 et
3784 1934 3857 1987 fu-

2192 2035 2359 2100 getur
2380 2031 2448 2084 ab
2473 2047 2538 2083 eo
2563 2028 3094 2083 omnisimmuudus
3113 2028 3346 2097 spiritus
3368 2043 3469 2096 per
3490 2026 3754 2077 virtutem
3778 2024 3860 2075 Do-

2190 2118 2336 2172 mini
2384 2118 2561 2173 nostri
2608 2120 2735 2173 Jesu
2782 2117 3010 2177 Christi,
3065 2118 3346 2186 deturque
3400 2114 3666 2168 omnibus
3706 2113 3757 2165 in
3802 2127 3857 2163 eo

2190 2207 2684 2261 commorantibus
2741 2206 2972 2270 sanitas,
3043 2206 3287 2269 claritas,
3358 2204 3637 2267 hilaritas,
3698 2206 3858 2271 prote-

2190 2302 2357 2365 gente
2437 2312 2500 2348 ac
2561 2300 2927 2348 conservante
2986 2295 3279 2364 majestate
3332 2299 3452 2361 tua,
3515 2290 3859 2360 omnipotens

2192 2386 2359 2438 Deus.
2394 2384 2499 2448 Qui
2530 2384 2687 2437 vivis.

2962 2453 3102 2507 CXL.

2686 2576 2923 2615 ORATIO
2970 2576 3031 2615 IN
3080 2574 3379 2621 COQL'INA.

2265 2670 2416 2721 Deus
2469 2674 2705 2735 aeterne,
2761 2673 2893 2721 ante
2956 2667 3118 2736 cujus
3174 2669 3544 2734 conspectum
3611 2663 3860 2716 assistunt

2190 2756 2402 2825 angeli,
2454 2762 2510 2810 et
2553 2757 2713 2826 cujus
2745 2766 2889 2809 nutu
2936 2759 3216 2823 reguntur
3246 2754 3528 2819 universa,
3577 2752 3671 2821 qui
3706 2750 3860 2803 etiam

2192 2844 2522 2897 necessariis
2568 2846 2834 2897 humana:
2865 2843 3187 2912 fragilitatis
3222 2849 3316 2893 tua
3345 2840 3556 2910 pietate
3586 2840 3859 2892 consulere

2191 2949 2311 2986 non
2342 2933 2577 2993 desinis,
2604 2938 2657 2986 te
2684 2932 2980 2985 humiliter
3002 2931 3375 2999 imploramus
3406 2936 3468 2982 ut
3492 2928 3859 2981 habitaculum

308 3020 309 3023 X
387 3019 667 3090 quidquid
712 3020 802 3073 hic
830 3020 1154 3073 diViﬂill‘um
1188 3017 1607 3088 Ξετίρίυτδτιιω
1650 3016 1717 3070 ab
1752 3016 1832 3070 eis
1866 3018 2074 3071 lectum
2114 3032 2155 3089 (ζ
2190 3024 2351 3078 istius
2384 3023 2630 3076 officinae
2675 3023 2771 3076 illa
2810 3022 3211 3076 benedictione
3260 3020 3590 3089 perfundas,
3626 3018 3727 3089 qui
3774 3033 3861 3086 per

2195 3129 2398 3166 manus
2431 3112 2615 3165 Elisaei
2642 3113 2937 3181 prophetae
2966 3111 3025 3163 in
3050 3110 3161 3163 olla
3184 3108 3474 3162 eremitica
3498 3114 3693 3177 gustus
3721 3123 3859 3158 ama-

2190 3202 2443 3255 rissimos
2486 3201 2817 3263 dulcorasti,
2852 3204 2906 3252 et
2937 3215 3163 3267 semper
3195 3198 3285 3250 hic
3314 3204 3425 3250 tuae
3468 3194 3860 3249 benedictionis

2191 3290 2355 3359 copia
2388 3289 2764 3353 redundante,
2800 3289 2995 3341 laudes
3030 3287 3134 3340 tibi
3162 3286 3431 3350 referant,
3467 3284 3609 3337 servi
3640 3284 3742 3345 tui,
3775 3282 3859 3352 qui

2190 3379 2288 3431 das
2319 3394 2505 3431 escam
2543 3377 2701 3430 omni
2732 3377 2910 3444 carni,
2945 3381 3000 3430 et
3030 3376 3216 3444 reples
3250 3390 3421 3427 omne
3454 3373 3665 3427 animal
3705 3374 3855 3425 bene-

2192 3465 2444 3519 dictione
2478 3466 2721 3518 salvator
2754 3464 2975 3517 mundi.
3011 3461 3116 3528 Qui
3146 3462 3284 3515 vivis
3316 3468 3370 3515 et
3403 3477 3628 3532 regnas.

2958 3588 3124 3641 CXLI.

2635 3709 2873 3749 ORATIO
2920 3710 2981 3749 IN
3031 3708 3356 3749 LARDARIO
3397 3702 3441 3745 ⁸.

2265 3801 2646 3871 Omnipotens
2692 3807 2748 3854 et
2777 3801 3104 3854 misericors
3142 3802 3308 3864 Deus,
3342 3800 3440 3869 qui
3487 3799 3859 3852 necessitatem

2194 3890 2431 3943 humani
2483 3890 2709 3960 generis
2755 3892 3064 3943 clementer
3129 3889 3472 3959 praevidens,
3537 3886 3861 3941 adminicula

2193 3978 2536 4047 temporalia
2582 3977 2889 4045 contulisti,
2932 3978 3229 4031 humiliter
3267 3978 3642 4047 imploramus
3688 3982 3747 4029 ut
3778 3976 3859 4027 be-

2194 4066 2458 4119 nedicere
2489 4066 2741 4135 digneris
2771 4066 2874 4119 hoc
2918 4066 3224 4119 lardarium
3255 4066 3601 4118 famulorum
3629 4071 3859 4121 tuorum,

2195 4161 2259 4207 ut
2311 4156 2461 4225 quod
2505 4155 2597 4207 hic
2651 4160 2749 4208 tua
2801 4154 3191 4208 misericordia
3235 4155 3327 4225 pie
3375 4155 3637 4220 contulit,
3682 4158 3860 4206 nostro

2195 4244 2401 4297 merito
2432 4258 2550 4297 non
2577 4243 2864 4312 depereat.
2900 4244 3027 4296 Per.

2942 4365 3135 4419 CXLII.

2630 4488 2869 4527 onum
2915 4488 2977 4526 1N
3028 4488 3363 4527 mmmam
3407 4476 3448 4525 ιι.

2266 4577 2638 4647 Omnipotens
2681 4577 3030 4647 sempiterna
3066 4579 3231 4643 Deus,
3266 4578 3428 4646 cujus
3459 4576 3730 4646 sapientia
3769 4574 3860 4627 ho-

2194 4665 2410 4719 minem
2440 4665 2648 4731 docuit,
2685 4674 2748 4718 ut
2782 4665 2989 4718 domus
3035 4666 3157 4719 btec
3191 4671 3410 4719 careret
3437 4664 3737 4735 aliquando
3770 4660 3859 4715 fri-

2196 4770 2334 4824 gore
2366 4772 2399 4807 a
2448 4754 2737 4807 vicinitate
2769 4753 2937 4821 ignis,
2988 4759 3041 4807 te
3073 4770 3426 4823 quaesumus,
3462 4760 3522 4806 ut
3561 4768 3747 4808 omnes
3776 4751 3859 4803 ha.

2194 4842 2461 4909 bitantes,
2508 4843 2595 4896 vel
2646 4842 3051 4895 convenientes
3096 4842 3156 4895 in
3200 4858 3286 4907 ea,
3338 4847 3566 4895 careant
3610 4843 3666 4895 in
3709 4838 3857 4891 corde

2197 4930 2551 4985 inﬁdelitatis
2601 4930 2810 5000 frigore
2859 4946 2891 4983 a
2940 4930 3163 4985 fervore
3203 4930 3355 5001 ignis
3388 4930 3631 4999 Spiritus
3681 4925 3854 4981 sancti.

2196 5021 2323 5073 Per.

2932 5107 3159 5161 CXLIII.

2942 5229 3256 5269 INTROITU
3309 5229 3551 5269 PORT.E.

2267 5319 2506 5373 Domine
2534 5320 2661 5373 Iesu
2696 5318 2934 5381 Christe,
2973 5320 3072 5389 qui
3101 5320 3408 5375 introitum
3442 5327 3725 5390 portarum
3748 5316 3858 5370 Hie-

2196 5407 2444 5461 rusalem
2493 5409 2715 5462 salvans
2764 5409 3151 5477 sanctificasti,
3190 5410 3327 5463 dum
3377 5409 3679 5480 splendore
3712 5419 3855 5476 gem-

2542 5228 2781 5268 ORATIO
2828 5229 2893 5268 IN

2264 5566 2289 5607 ι)
2317 5564 2657 5620 Caminatum
2693 5568 2927 5634 usurpat
2957 5579 3062 5634 pro
3091 5566 3321 5619 camino.
