  <div class='ocr_page' id='page_1' title='image "/cluster/home/n/w/nwhite01/storage/ocr_20150623/121/hvd.32044054759832/432.png"; bbox 0 0 4038 6174; ppageno 0'>
   <div class='ocr_carea' id='block_1_1' title="bbox 155 233 2342 310">
    <p class='ocr_par' dir='ltr' id='par_1_1' title="bbox 155 233 2342 310">
     <span class='ocr_line' id='line_1_1' title="bbox 155 233 2342 310; baseline -0.004 0"><span class='ocrx_word' id='word_1_1' title='bbox 155 260 252 310; x_wconf 65' lang='lat'>8:53</span> <span class='ocrx_word' id='word_1_2' title='bbox 443 233 446 236; x_wconf 79' lang='grc'><em>’</em></span> <span class='ocrx_word' id='word_1_3' title='bbox 1455 252 1662 306; x_wconf 80' lang='lat' dir='ltr'>l.lBER</span> <span class='ocrx_word' id='word_1_4' title='bbox 1705 249 2342 305; x_wconf 70' lang='lat' dir='ltr'>SACRAMENTORUM.</span> 
     </span>
    </p>
   </div>
   <div class='ocr_carea' id='block_1_2' title="bbox 3545 255 3648 307">
    <p class='ocr_par' dir='ltr' id='par_1_2' title="bbox 3545 255 3648 307">
     <span class='ocr_line' id='line_1_2' title="bbox 3545 255 3648 307; baseline -0.049 -4"><span class='ocrx_word' id='word_1_5' title='bbox 3545 255 3648 307; x_wconf 56' lang='grc'>834</span> 
     </span>
    </p>
   </div>
   <div class='ocr_carea' id='block_1_3' title="bbox 147 367 3646 454">
    <p class='ocr_par' dir='ltr' id='par_1_3' title="bbox 147 367 3646 454">
     <span class='ocr_line' id='line_1_3' title="bbox 147 367 3646 454; baseline 0 -16"><span class='ocrx_word' id='word_1_6' title='bbox 147 401 367 440; x_wconf 89' lang='lat' dir='ltr'>marum</span> <span class='ocrx_word' id='word_1_7' title='bbox 392 386 693 454; x_wconf 73' lang='lat' dir='ltr'>duodecim</span> <span class='ocrx_word' id='word_1_8' title='bbox 731 383 972 436; x_wconf 75' lang='lat' dir='ltr'>totidem</span> <span class='ocrx_word' id='word_1_9' title='bbox 1006 367 1407 451; x_wconf 78' lang='lat' dir='ltr'>Apostolorum</span> <span class='ocrx_word' id='word_1_10' title='bbox 1433 382 1666 435; x_wconf 85' lang='lat' dir='ltr'>nomina</span> <span class='ocrx_word' id='word_1_11' title='bbox 1699 397 1832 450; x_wconf 70' lang='lat' dir='ltr'>prse-</span> <span class='ocrx_word' id='word_1_12' title='bbox 1870 381 1914 434; x_wconf 87' lang='lat' dir='ltr'><strong>A</strong></span> <span class='ocrx_word' id='word_1_13' title='bbox 1944 385 2241 450; x_wconf 77' lang='lat' dir='ltr'>captorum</span> <span class='ocrx_word' id='word_1_14' title='bbox 2285 386 2514 433; x_wconf 91' lang='lat' dir='ltr'>tuorum</span> <span class='ocrx_word' id='word_1_15' title='bbox 2570 382 2785 434; x_wconf 80' lang='lat' dir='ltr'>lumine</span> <span class='ocrx_word' id='word_1_16' title='bbox 2832 382 3172 448; x_wconf 69' lang='lat' dir='ltr'>gradientes,</span> <span class='ocrx_word' id='word_1_17' title='bbox 3225 389 3279 436; x_wconf 89' lang='lat' dir='ltr'>te</span> <span class='ocrx_word' id='word_1_18' title='bbox 3327 385 3529 438; x_wconf 91' lang='lat' dir='ltr'>ducem</span> <span class='ocrx_word' id='word_1_19' title='bbox 3561 402 3646 438; x_wconf 90' lang='lat' dir='ltr'>se-</span> 
     </span>
    </p>
   </div>
   <div class='ocr_carea' id='block_1_4' title="bbox 145 470 1834 543">
    <p class='ocr_par' dir='ltr' id='par_1_4' title="bbox 145 470 1834 543">
     <span class='ocr_line' id='line_1_4' title="bbox 145 470 1834 543; baseline -0.003 -16"><span class='ocrx_word' id='word_1_20' title='bbox 145 474 400 543; x_wconf 87' lang='lat' dir='ltr'>signasti,</span> <span class='ocrx_word' id='word_1_21' title='bbox 423 477 478 525; x_wconf 86' lang='lat' dir='ltr'>et</span> <span class='ocrx_word' id='word_1_22' title='bbox 506 473 603 542; x_wconf 85' lang='lat' dir='ltr'>qui</span> <span class='ocrx_word' id='word_1_23' title='bbox 629 488 729 540; x_wconf 90' lang='lat' dir='ltr'>per</span> <span class='ocrx_word' id='word_1_24' title='bbox 749 487 1029 537; x_wconf 82' lang='lat' dir='ltr'>organum</span> <span class='ocrx_word' id='word_1_25' title='bbox 1056 471 1457 540; x_wconf 72' lang='lat' dir='ltr'>propheticum</span> <span class='ocrx_word' id='word_1_26' title='bbox 1486 470 1797 540; x_wconf 81' lang='lat' dir='ltr'>promisisti</span> <span class='ocrx_word' id='word_1_27' title='bbox 1822 487 1834 522; x_wconf 88' lang='lat'>:</span> 
     </span>
    </p>
   </div>
   <div class='ocr_carea' id='block_1_5' title="bbox 145 561 1839 626">
    <p class='ocr_par' dir='ltr' id='par_1_5' title="bbox 145 561 1839 626">
     <span class='ocr_line' id='line_1_5' title="bbox 145 561 1839 626; baseline -0.003 -10"><span class='ocrx_word' id='word_1_28' title='bbox 145 563 355 626; x_wconf 71' lang='lat' dir='ltr'>Lauda,</span> <span class='ocrx_word' id='word_1_29' title='bbox 402 562 760 623; x_wconf 79' lang='lat' dir='ltr'>Hierusalem,</span> <span class='ocrx_word' id='word_1_30' title='bbox 821 561 1119 620; x_wconf 72' lang='lat' dir='ltr'>Dominum,</span> <span class='ocrx_word' id='word_1_31' title='bbox 1177 562 1306 626; x_wconf 76' lang='lat' dir='ltr'>quia</span> <span class='ocrx_word' id='word_1_32' title='bbox 1365 561 1693 624; x_wconf 78' lang='lat' dir='ltr'>confortavit</span> <span class='ocrx_word' id='word_1_33' title='bbox 1759 574 1839 611; x_wconf 87' lang='lat' dir='ltr'>se-</span> 
     </span>
    </p>
   </div>
   <div class='ocr_carea' id='block_1_6' title="bbox 146 647 1841 718">
    <p class='ocr_par' dir='ltr' id='par_1_6' title="bbox 146 647 1841 718">
     <span class='ocr_line' id='line_1_6' title="bbox 146 647 1841 718; baseline -0.001 -17"><span class='ocrx_word' id='word_1_34' title='bbox 146 666 234 703; x_wconf 85' lang='lat' dir='ltr'>rus</span> <span class='ocrx_word' id='word_1_35' title='bbox 260 656 550 718; x_wconf 80' lang='lat' dir='ltr'>portarum</span> <span class='ocrx_word' id='word_1_36' title='bbox 581 654 816 712; x_wconf 82' lang='lat' dir='ltr'>tuarum,</span> <span class='ocrx_word' id='word_1_37' title='bbox 852 653 901 700; x_wconf 82' lang='lat' dir='ltr'>et</span> <span class='ocrx_word' id='word_1_38' title='bbox 927 647 1202 699; x_wconf 63' lang='lat' dir='ltr'>benedixit</span> <span class='ocrx_word' id='word_1_39' title='bbox 1239 649 1379 714; x_wconf 79' lang='lat' dir='ltr'>ﬁlios</span> <span class='ocrx_word' id='word_1_40' title='bbox 1416 652 1531 700; x_wconf 84' lang='lat' dir='ltr'>tuos</span> <span class='ocrx_word' id='word_1_41' title='bbox 1572 650 1628 699; x_wconf 80' lang='lat' dir='ltr'>in</span> <span class='ocrx_word' id='word_1_42' title='bbox 1665 653 1711 718; x_wconf 80' lang='lat' dir='ltr'>te</span> <span class='ocrx_word' id='word_1_43' title='bbox 1740 663 1752 699; x_wconf 90' lang='lat'><strong>:</strong></span> <span class='ocrx_word' id='word_1_44' title='bbox 1787 651 1841 700; x_wconf 84' lang='lat' dir='ltr'>te</span> 
     </span>
    </p>
   </div>
   <div class='ocr_carea' id='block_1_7' title="bbox 147 715 1842 808">
    <p class='ocr_par' dir='ltr' id='par_1_7' title="bbox 147 735 1842 808">
     <span class='ocr_line' id='line_1_7' title="bbox 147 735 1842 808; baseline -0.002 -17"><span class='ocrx_word' id='word_1_45' title='bbox 147 754 502 808; x_wconf 64' lang='lat' dir='ltr'>quaesumus,</span> <span class='ocrx_word' id='word_1_46' title='bbox 529 742 588 789; x_wconf 92' lang='lat' dir='ltr'>ut</span> <span class='ocrx_word' id='word_1_47' title='bbox 619 752 796 804; x_wconf 86' lang='lat' dir='ltr'>ponas</span> <span class='ocrx_word' id='word_1_48' title='bbox 827 751 1025 787; x_wconf 88' lang='lat' dir='ltr'>omnes</span> <span class='ocrx_word' id='word_1_49' title='bbox 1059 736 1203 788; x_wconf 84' lang='lat' dir='ltr'>ﬁnes</span> <span class='ocrx_word' id='word_1_50' title='bbox 1261 735 1466 788; x_wconf 89' lang='lat' dir='ltr'>domus</span> <span class='ocrx_word' id='word_1_51' title='bbox 1498 735 1657 788; x_wconf 84' lang='lat' dir='ltr'>istius</span> <span class='ocrx_word' id='word_1_52' title='bbox 1721 751 1842 788; x_wconf 87' lang='lat' dir='ltr'>san—</span> 
     </span>
    </p>
   </div>
   <div class='ocr_carea' id='block_1_8' title="bbox 147 824 1840 891">
    <p class='ocr_par' dir='ltr' id='par_1_8' title="bbox 147 824 1840 891">
     <span class='ocr_line' id='line_1_8' title="bbox 147 824 1840 891; baseline -0.002 -11"><span class='ocrx_word' id='word_1_53' title='bbox 147 833 249 880; x_wconf 73' lang='lat' dir='ltr'>ctae</span> <span class='ocrx_word' id='word_1_54' title='bbox 280 825 474 880; x_wconf 65' lang='grc' dir='ltr'>Μειτίῖὲ</span> <span class='ocrx_word' id='word_1_55' title='bbox 507 830 562 878; x_wconf 91' lang='lat' dir='ltr'>et</span> <span class='ocrx_word' id='word_1_56' title='bbox 610 824 788 877; x_wconf 77' lang='lat' dir='ltr'>sancti</span> <span class='ocrx_word' id='word_1_57' title='bbox 838 824 988 877; x_wconf 87' lang='lat' dir='ltr'>Petri</span> <span class='ocrx_word' id='word_1_58' title='bbox 1047 839 1268 891; x_wconf 89' lang='lat' dir='ltr'>pacem,</span> <span class='ocrx_word' id='word_1_59' title='bbox 1319 831 1382 876; x_wconf 92' lang='lat' dir='ltr'>ut</span> <span class='ocrx_word' id='word_1_60' title='bbox 1413 825 1682 877; x_wconf 76' lang='lat' dir='ltr'>velociter</span> <span class='ocrx_word' id='word_1_61' title='bbox 1712 840 1840 876; x_wconf 88' lang='lat' dir='ltr'>cur-</span> 
     </span>
    </p>
   </div>
   <div class='ocr_carea' id='block_1_9' title="bbox 150 911 1838 979">
    <p class='ocr_par' dir='ltr' id='par_1_9' title="bbox 150 911 1838 979">
     <span class='ocr_line' id='line_1_9' title="bbox 150 911 1838 979; baseline -0.003 -12"><span class='ocrx_word' id='word_1_62' title='bbox 150 931 304 978; x_wconf 86' lang='lat' dir='ltr'>rens,</span> <span class='ocrx_word' id='word_1_63' title='bbox 337 913 582 967; x_wconf 89' lang='lat' dir='ltr'>interius</span> <span class='ocrx_word' id='word_1_64' title='bbox 603 928 788 964; x_wconf 90' lang='lat' dir='ltr'>sermo</span> <span class='ocrx_word' id='word_1_65' title='bbox 823 919 952 962; x_wconf 89' lang='lat' dir='ltr'>tuus</span> <span class='ocrx_word' id='word_1_66' title='bbox 983 911 1150 979; x_wconf 87' lang='lat' dir='ltr'>adipe</span> <span class='ocrx_word' id='word_1_67' title='bbox 1202 911 1474 963; x_wconf 77' lang='lat' dir='ltr'>frumenti</span> <span class='ocrx_word' id='word_1_68' title='bbox 1519 911 1684 963; x_wconf 84' lang='lat' dir='ltr'>satiet</span> <span class='ocrx_word' id='word_1_69' title='bbox 1713 926 1838 975; x_wconf 90' lang='lat' dir='ltr'>eos;</span> 
     </span>
    </p>
   </div>
   <div class='ocr_carea' id='block_1_10' title="bbox 148 997 1844 1072">
    <p class='ocr_par' dir='ltr' id='par_1_10' title="bbox 148 997 1844 1072">
     <span class='ocr_line' id='line_1_10' title="bbox 148 997 1844 1072; baseline -0.004 -16"><span class='ocrx_word' id='word_1_70' title='bbox 148 1003 392 1072; x_wconf 86' lang='lat' dir='ltr'>Spiritus</span> <span class='ocrx_word' id='word_1_71' title='bbox 429 1007 656 1054; x_wconf 89' lang='lat' dir='ltr'>sanctus</span> <span class='ocrx_word' id='word_1_72' title='bbox 693 999 960 1052; x_wconf 82' lang='lat' dir='ltr'>defendat</span> <span class='ocrx_word' id='word_1_73' title='bbox 985 997 1135 1061; x_wconf 91' lang='lat' dir='ltr'>illos,</span> <span class='ocrx_word' id='word_1_74' title='bbox 1197 1003 1260 1051; x_wconf 89' lang='lat' dir='ltr'>ut</span> <span class='ocrx_word' id='word_1_75' title='bbox 1291 1014 1588 1067; x_wconf 87' lang='lat' dir='ltr'>nunquam</span> <span class='ocrx_word' id='word_1_76' title='bbox 1633 999 1714 1052; x_wconf 88' lang='lat' dir='ltr'>eis</span> <span class='ocrx_word' id='word_1_77' title='bbox 1746 1015 1844 1051; x_wconf 88' lang='lat' dir='ltr'>no-</span> 
     </span>
    </p>
   </div>
   <div class='ocr_carea' id='block_1_11' title="bbox 148 1087 1844 1160">
    <p class='ocr_par' dir='ltr' id='par_1_11' title="bbox 148 1087 1844 1160">
     <span class='ocr_line' id='line_1_11' title="bbox 148 1087 1844 1160; baseline -0.004 -15"><span class='ocrx_word' id='word_1_78' title='bbox 148 1108 272 1145; x_wconf 86' lang='lat' dir='ltr'>cere</span> <span class='ocrx_word' id='word_1_79' title='bbox 298 1090 608 1160; x_wconf 79' lang='lat' dir='ltr'>praevaleat</span> <span class='ocrx_word' id='word_1_80' title='bbox 644 1087 930 1153; x_wconf 90' lang='lat' dir='ltr'>inimicus,</span> <span class='ocrx_word' id='word_1_81' title='bbox 959 1087 1053 1139; x_wconf 88' lang='lat' dir='ltr'>sed</span> <span class='ocrx_word' id='word_1_82' title='bbox 1088 1103 1285 1139; x_wconf 88' lang='lat' dir='ltr'>omnes</span> <span class='ocrx_word' id='word_1_83' title='bbox 1318 1087 1638 1140; x_wconf 80' lang='lat' dir='ltr'>habitantes</span> <span class='ocrx_word' id='word_1_84' title='bbox 1689 1087 1844 1139; x_wconf 89' lang='lat' dir='ltr'>inte-</span> 
     </span>
    </p>
   </div>
   <div class='ocr_carea' id='block_1_12' title="bbox 148 1175 1845 1244">
    <p class='ocr_par' dir='ltr' id='par_1_12' title="bbox 148 1175 1845 1244">
     <span class='ocr_line' id='line_1_12' title="bbox 148 1175 1845 1244; baseline -0.003 -13"><span class='ocrx_word' id='word_1_85' title='bbox 148 1180 262 1233; x_wconf 90' lang='lat' dir='ltr'>rius</span> <span class='ocrx_word' id='word_1_86' title='bbox 299 1195 458 1243; x_wconf 90' lang='lat' dir='ltr'>voce,</span> <span class='ocrx_word' id='word_1_87' title='bbox 495 1179 686 1240; x_wconf 89' lang='lat' dir='ltr'>corde,</span> <span class='ocrx_word' id='word_1_88' title='bbox 727 1183 781 1229; x_wconf 89' lang='lat' dir='ltr'>et</span> <span class='ocrx_word' id='word_1_89' title='bbox 833 1191 1004 1244; x_wconf 89' lang='lat' dir='ltr'>opere</span> <span class='ocrx_word' id='word_1_90' title='bbox 1034 1175 1360 1239; x_wconf 90' lang='lat' dir='ltr'>decantent,</span> <span class='ocrx_word' id='word_1_91' title='bbox 1391 1175 1644 1228; x_wconf 83' lang='lat' dir='ltr'>dicentes</span> <span class='ocrx_word' id='word_1_92' title='bbox 1676 1192 1687 1228; x_wconf 94' lang='lat'>:</span> <span class='ocrx_word' id='word_1_93' title='bbox 1739 1176 1845 1228; x_wconf 83' lang='lat' dir='ltr'>Ma-</span> 
     </span>
    </p>
   </div>
   <div class='ocr_carea' id='block_1_13' title="bbox 144 1265 1836 1338">
    <p class='ocr_par' dir='ltr' id='par_1_13' title="bbox 144 1265 1836 1338">
     <span class='ocr_line' id='line_1_13' title="bbox 144 1265 1836 1338; baseline -0.002 -18"><span class='ocrx_word' id='word_1_94' title='bbox 144 1284 291 1338; x_wconf 88' lang='lat' dir='ltr'>gnus</span> <span class='ocrx_word' id='word_1_95' title='bbox 334 1269 615 1321; x_wconf 84' lang='lat' dir='ltr'>Dominus</span> <span class='ocrx_word' id='word_1_96' title='bbox 649 1271 836 1318; x_wconf 83' lang='lat' dir='ltr'>noster</span> <span class='ocrx_word' id='word_1_97' title='bbox 874 1266 1034 1317; x_wconf 85' lang='lat' dir='ltr'>Jesus</span> <span class='ocrx_word' id='word_1_98' title='bbox 1086 1265 1360 1329; x_wconf 82' lang='lat' dir='ltr'>Christus,</span> <span class='ocrx_word' id='word_1_99' title='bbox 1394 1270 1448 1317; x_wconf 88' lang='lat' dir='ltr'>et</span> <span class='ocrx_word' id='word_1_100' title='bbox 1483 1281 1694 1333; x_wconf 86' lang='lat' dir='ltr'>magna</span> <span class='ocrx_word' id='word_1_101' title='bbox 1723 1265 1836 1317; x_wconf 87' lang='lat' dir='ltr'>vir-</span> 
     </span>
    </p>
   </div>
   <div class='ocr_carea' id='block_1_14' title="bbox 145 1353 1842 1425">
    <p class='ocr_par' dir='ltr' id='par_1_14' title="bbox 145 1353 1842 1425">
     <span class='ocr_line' id='line_1_14' title="bbox 145 1353 1842 1425; baseline -0.002 -16"><span class='ocrx_word' id='word_1_102' title='bbox 145 1362 234 1410; x_wconf 89' lang='lat' dir='ltr'>tus</span> <span class='ocrx_word' id='word_1_103' title='bbox 267 1357 488 1425; x_wconf 88' lang='lat' dir='ltr'>ejus,et</span> <span class='ocrx_word' id='word_1_104' title='bbox 520 1354 813 1423; x_wconf 72' lang='lat' dir='ltr'>sapientiae</span> <span class='ocrx_word' id='word_1_105' title='bbox 838 1355 960 1421; x_wconf 83' lang='lat' dir='ltr'>ejus</span> <span class='ocrx_word' id='word_1_106' title='bbox 993 1369 1108 1404; x_wconf 89' lang='lat' dir='ltr'>non</span> <span class='ocrx_word' id='word_1_107' title='bbox 1140 1358 1224 1404; x_wconf 89' lang='lat' dir='ltr'>est</span> <span class='ocrx_word' id='word_1_108' title='bbox 1257 1368 1550 1406; x_wconf 82' lang='lat' dir='ltr'>numerus.</span> <span class='ocrx_word' id='word_1_109' title='bbox 1577 1353 1683 1417; x_wconf 82' lang='lat' dir='ltr'>Qui</span> <span class='ocrx_word' id='word_1_110' title='bbox 1711 1369 1842 1406; x_wconf 89' lang='lat' dir='ltr'>cum</span> 
     </span>
    </p>
   </div>
   <div class='ocr_carea' id='block_1_15' title="bbox 144 1441 1844 1512">
    <p class='ocr_par' dir='ltr' id='par_1_15' title="bbox 144 1441 1844 1512">
     <span class='ocr_line' id='line_1_15' title="bbox 144 1441 1844 1512; baseline -0.002 -14"><span class='ocrx_word' id='word_1_111' title='bbox 144 1447 308 1498; x_wconf 80' lang='lat' dir='ltr'>Patre</span> <span class='ocrx_word' id='word_1_112' title='bbox 337 1451 395 1497; x_wconf 90' lang='lat' dir='ltr'>et</span> <span class='ocrx_word' id='word_1_113' title='bbox 423 1442 635 1512; x_wconf 89' lang='lat' dir='ltr'>Spiritu</span> <span class='ocrx_word' id='word_1_114' title='bbox 671 1447 864 1493; x_wconf 78' lang='lat' dir='ltr'>sancto</span> <span class='ocrx_word' id='word_1_115' title='bbox 897 1441 1033 1492; x_wconf 86' lang='lat' dir='ltr'>vivis</span> <span class='ocrx_word' id='word_1_116' title='bbox 1064 1446 1120 1494; x_wconf 90' lang='lat' dir='ltr'>et</span> <span class='ocrx_word' id='word_1_117' title='bbox 1151 1456 1355 1509; x_wconf 84' lang='lat' dir='ltr'>regnas</span> <span class='ocrx_word' id='word_1_118' title='bbox 1389 1442 1554 1506; x_wconf 85' lang='lat' dir='ltr'>Deus,</span> <span class='ocrx_word' id='word_1_119' title='bbox 1589 1458 1691 1511; x_wconf 89' lang='lat' dir='ltr'>per</span> <span class='ocrx_word' id='word_1_120' title='bbox 1723 1458 1844 1494; x_wconf 84' lang='lat' dir='ltr'>om-</span> 
     </span>
    </p>
   </div>
   <div class='ocr_carea' id='block_1_16' title="bbox 153 1531 875 1585">
    <p class='ocr_par' dir='ltr' id='par_1_16' title="bbox 153 1531 875 1585">
     <span class='ocr_line' id='line_1_16' title="bbox 153 1531 875 1585; baseline -0.007 0"><span class='ocrx_word' id='word_1_121' title='bbox 153 1534 245 1585; x_wconf 89' lang='lat' dir='ltr'>nia</span> <span class='ocrx_word' id='word_1_122' title='bbox 272 1532 486 1585; x_wconf 66' lang='lat' dir='ltr'>saecula</span> <span class='ocrx_word' id='word_1_123' title='bbox 516 1531 875 1583; x_wconf 70' lang='lat' dir='ltr'>saeculorum.</span> 
     </span>
    </p>
   </div>
   <div class='ocr_carea' id='block_1_17' title="bbox 885 1618 1098 1671">
    <p class='ocr_par' dir='ltr' id='par_1_17' title="bbox 885 1618 1098 1671">
     <span class='ocr_line' id='line_1_17' title="bbox 885 1618 1098 1671; baseline -0.009 0"><span class='ocrx_word' id='word_1_124' title='bbox 885 1618 1098 1671; x_wconf 76' lang='lat' dir='ltr'>CXLIV.</span> 
     </span>
    </p>
   </div>
   <div class='ocr_carea' id='block_1_18' title="bbox 214 1720 1765 1763">
    <p class='ocr_par' dir='ltr' id='par_1_18' title="bbox 214 1720 1765 1763">
     <span class='ocr_line' id='line_1_18' title="bbox 214 1720 1765 1763; baseline -0.004 0"><span class='ocrx_word' id='word_1_125' title='bbox 214 1722 584 1763; x_wconf 71' lang='lat' dir='ltr'>ORATIONES</span> <span class='ocrx_word' id='word_1_126' title='bbox 625 1721 1071 1761; x_wconf 72' lang='lat' dir='ltr'>MATUTINALES</span> <span class='ocrx_word' id='word_1_127' title='bbox 1113 1721 1180 1758; x_wconf 84' lang='lat' dir='ltr'>ET</span> <span class='ocrx_word' id='word_1_128' title='bbox 1219 1720 1765 1759; x_wconf 70' lang='lat' dir='ltr'>YESPEHTINALES.</span> 
     </span>
    </p>
   </div>
   <div class='ocr_carea' id='block_1_19' title="bbox 819 1794 1186 1848">
    <p class='ocr_par' dir='ltr' id='par_1_19' title="bbox 819 1794 1186 1848">
     <span class='ocr_line' id='line_1_19' title="bbox 819 1794 1186 1848; baseline -0.005 -1"><span class='ocrx_word' id='word_1_129' title='bbox 819 1794 1186 1848; x_wconf 76' lang='lat' dir='ltr'>Matutiuales.</span> 
     </span>
    </p>
   </div>
   <div class='ocr_carea' id='block_1_20' title="bbox 212 1881 1841 1954">
    <p class='ocr_par' dir='ltr' id='par_1_20' title="bbox 212 1881 1841 1954">
     <span class='ocr_line' id='line_1_20' title="bbox 212 1881 1841 1954; baseline -0.002 -17"><span class='ocrx_word' id='word_1_130' title='bbox 212 1885 493 1938; x_wconf 74' lang='lat' dir='ltr'>Matutine</span> <span class='ocrx_word' id='word_1_131' title='bbox 543 1883 861 1954; x_wconf 88' lang='lat' dir='ltr'>supplicum</span> <span class='ocrx_word' id='word_1_132' title='bbox 922 1888 1068 1945; x_wconf 86' lang='lat' dir='ltr'>vota,</span> <span class='ocrx_word' id='word_1_133' title='bbox 1119 1881 1378 1942; x_wconf 87' lang='lat' dir='ltr'>Domine,</span> <span class='ocrx_word' id='word_1_134' title='bbox 1422 1881 1703 1950; x_wconf 89' lang='lat' dir='ltr'>propitius</span> <span class='ocrx_word' id='word_1_135' title='bbox 1755 1882 1841 1934; x_wconf 91' lang='lat' dir='ltr'>in-</span> 
     </span>
    </p>
   </div>
   <div class='ocr_carea' id='block_1_21' title="bbox 147 1969 1845 2036">
    <p class='ocr_par' dir='ltr' id='par_1_21' title="bbox 147 1969 1845 2036">
     <span class='ocr_line' id='line_1_21' title="bbox 147 1969 1845 2036; baseline -0.002 -10"><span class='ocrx_word' id='word_1_136' title='bbox 147 1979 330 2036; x_wconf 87' lang='lat' dir='ltr'>tuere,</span> <span class='ocrx_word' id='word_1_137' title='bbox 364 1978 420 2025; x_wconf 87' lang='lat' dir='ltr'>et</span> <span class='ocrx_word' id='word_1_138' title='bbox 472 1973 690 2026; x_wconf 86' lang='lat' dir='ltr'>occulta</span> <span class='ocrx_word' id='word_1_139' title='bbox 729 1971 914 2024; x_wconf 88' lang='lat' dir='ltr'>cordis</span> <span class='ocrx_word' id='word_1_140' title='bbox 945 1970 1123 2023; x_wconf 87' lang='lat' dir='ltr'>nostri</span> <span class='ocrx_word' id='word_1_141' title='bbox 1155 1971 1409 2022; x_wconf 82' lang='lat' dir='ltr'>remedio</span> <span class='ocrx_word' id='word_1_142' title='bbox 1446 1978 1556 2022; x_wconf 70' lang='lat' dir='ltr'>tua:</span> <span class='ocrx_word' id='word_1_143' title='bbox 1598 1969 1845 2023; x_wconf 82' lang='lat' dir='ltr'>claritica</span> 
     </span>
    </p>
   </div>
   <div class='ocr_carea' id='block_1_22' title="bbox 145 2059 1847 2131">
    <p class='ocr_par' dir='ltr' id='par_1_22' title="bbox 145 2059 1847 2131">
     <span class='ocr_line' id='line_1_22' title="bbox 145 2059 1847 2131; baseline -0.001 -17"><span class='ocrx_word' id='word_1_144' title='bbox 145 2061 397 2131; x_wconf 87' lang='lat' dir='ltr'>pietatis,</span> <span class='ocrx_word' id='word_1_145' title='bbox 429 2068 487 2114; x_wconf 90' lang='lat' dir='ltr'>et</span> <span class='ocrx_word' id='word_1_146' title='bbox 515 2060 796 2114; x_wconf 88' lang='lat' dir='ltr'>desideria</span> <span class='ocrx_word' id='word_1_147' title='bbox 830 2059 1128 2112; x_wconf 86' lang='lat' dir='ltr'>tenebrosa</span> <span class='ocrx_word' id='word_1_148' title='bbox 1158 2074 1275 2110; x_wconf 90' lang='lat' dir='ltr'>non</span> <span class='ocrx_word' id='word_1_149' title='bbox 1307 2064 1543 2111; x_wconf 85' lang='lat' dir='ltr'>teneant</span> <span class='ocrx_word' id='word_1_150' title='bbox 1577 2075 1719 2128; x_wconf 87' lang='lat' dir='ltr'>quos</span> <span class='ocrx_word' id='word_1_151' title='bbox 1752 2059 1847 2112; x_wconf 84' lang='lat' dir='ltr'>lux</span> 
     </span>
    </p>
   </div>
   <div class='ocr_carea' id='block_1_23' title="bbox 144 2147 1098 2218">
    <p class='ocr_par' dir='ltr' id='par_1_23' title="bbox 144 2147 1098 2218">
     <span class='ocr_line' id='line_1_23' title="bbox 144 2147 1098 2218; baseline -0.004 -16"><span class='ocrx_word' id='word_1_152' title='bbox 144 2151 392 2203; x_wconf 83' lang='lat' dir='ltr'>ccelestis</span> <span class='ocrx_word' id='word_1_153' title='bbox 423 2149 620 2218; x_wconf 64' lang='lat' dir='ltr'>gratiae</span> <span class='ocrx_word' id='word_1_154' title='bbox 637 2147 938 2217; x_wconf 84' lang='lat' dir='ltr'>reparavit.</span> <span class='ocrx_word' id='word_1_155' title='bbox 974 2148 1098 2199; x_wconf 88' lang='lat' dir='ltr'>Per.</span> 
     </span>
    </p>
   </div>
   <div class='ocr_carea' id='block_1_24' title="bbox 214 2235 1847 2307">
    <p class='ocr_par' dir='ltr' id='par_1_24' title="bbox 214 2235 1847 2307">
     <span class='ocr_line' id='line_1_24' title="bbox 214 2235 1847 2307; baseline -0.001 -17"><span class='ocrx_word' id='word_1_156' title='bbox 214 2238 624 2307; x_wconf 82' lang='lat' dir='ltr'>Omnipotens,</span> <span class='ocrx_word' id='word_1_157' title='bbox 657 2235 1002 2304; x_wconf 87' lang='lat' dir='ltr'>sempiterne</span> <span class='ocrx_word' id='word_1_158' title='bbox 1039 2236 1204 2298; x_wconf 90' lang='lat' dir='ltr'>Deus,</span> <span class='ocrx_word' id='word_1_159' title='bbox 1239 2235 1386 2302; x_wconf 90' lang='lat' dir='ltr'>apud</span> <span class='ocrx_word' id='word_1_160' title='bbox 1419 2250 1588 2304; x_wconf 83' lang='lat' dir='ltr'>quem</span> <span class='ocrx_word' id='word_1_161' title='bbox 1622 2251 1847 2304; x_wconf 88' lang='lat' dir='ltr'>semper</span> 
     </span>
    </p>
   </div>
   <div class='ocr_carea' id='block_1_25' title="bbox 145 2322 1844 2392">
    <p class='ocr_par' dir='ltr' id='par_1_25' title="bbox 145 2322 1844 2392">
     <span class='ocr_line' id='line_1_25' title="bbox 145 2322 1844 2392; baseline -0.002 -13"><span class='ocrx_word' id='word_1_162' title='bbox 145 2327 287 2379; x_wconf 82' lang='lat' dir='ltr'>nihil</span> <span class='ocrx_word' id='word_1_163' title='bbox 327 2328 638 2380; x_wconf 90' lang='lat' dir='ltr'>obscurum</span> <span class='ocrx_word' id='word_1_164' title='bbox 671 2329 771 2389; x_wconf 87' lang='lat' dir='ltr'>est,</span> <span class='ocrx_word' id='word_1_165' title='bbox 821 2324 965 2376; x_wconf 84' lang='lat' dir='ltr'>nihil</span> <span class='ocrx_word' id='word_1_166' title='bbox 1018 2324 1408 2387; x_wconf 89' lang='lat' dir='ltr'>tenebrosum,</span> <span class='ocrx_word' id='word_1_167' title='bbox 1438 2322 1652 2386; x_wconf 89' lang='lat' dir='ltr'>emitte,</span> <span class='ocrx_word' id='word_1_168' title='bbox 1688 2340 1844 2392; x_wconf 67' lang='lat' dir='ltr'>quaa-</span> 
     </span>
    </p>
   </div>
   <div class='ocr_carea' id='block_1_26' title="bbox 143 2411 1848 2481">
    <p class='ocr_par' dir='ltr' id='par_1_26' title="bbox 143 2411 1848 2481">
     <span class='ocr_line' id='line_1_26' title="bbox 143 2411 1848 2481; baseline -0.003 -11"><span class='ocrx_word' id='word_1_169' title='bbox 143 2432 368 2481; x_wconf 86' lang='lat' dir='ltr'>sumus,</span> <span class='ocrx_word' id='word_1_170' title='bbox 409 2414 673 2477; x_wconf 90' lang='lat' dir='ltr'>Domine,</span> <span class='ocrx_word' id='word_1_171' title='bbox 708 2414 894 2466; x_wconf 87' lang='lat' dir='ltr'>lucem</span> <span class='ocrx_word' id='word_1_172' title='bbox 924 2417 1080 2464; x_wconf 87' lang='lat' dir='ltr'>tuam</span> <span class='ocrx_word' id='word_1_173' title='bbox 1112 2411 1172 2463; x_wconf 90' lang='lat' dir='ltr'>in</span> <span class='ocrx_word' id='word_1_174' title='bbox 1233 2411 1497 2464; x_wconf 86' lang='lat' dir='ltr'>cordibus</span> <span class='ocrx_word' id='word_1_175' title='bbox 1528 2412 1755 2478; x_wconf 89' lang='lat' dir='ltr'>nostris,</span> <span class='ocrx_word' id='word_1_176' title='bbox 1784 2416 1848 2466; x_wconf 90' lang='lat' dir='ltr'>ut</span> 
     </span>
    </p>
   </div>
   <div class='ocr_carea' id='block_1_27' title="bbox 141 2499 1844 2569">
    <p class='ocr_par' dir='ltr' id='par_1_27' title="bbox 141 2499 1844 2569">
     <span class='ocr_line' id='line_1_27' title="bbox 141 2499 1844 2569; baseline -0.004 -11"><span class='ocrx_word' id='word_1_177' title='bbox 141 2505 558 2558; x_wconf 84' lang='lat' dir='ltr'>mandatorum</span> <span class='ocrx_word' id='word_1_178' title='bbox 588 2507 818 2555; x_wconf 90' lang='lat' dir='ltr'>tuorum</span> <span class='ocrx_word' id='word_1_179' title='bbox 865 2501 985 2569; x_wconf 87' lang='lat' dir='ltr'>lege</span> <span class='ocrx_word' id='word_1_180' title='bbox 1010 2504 1297 2568; x_wconf 89' lang='lat' dir='ltr'>percepta,</span> <span class='ocrx_word' id='word_1_181' title='bbox 1349 2499 1409 2552; x_wconf 91' lang='lat' dir='ltr'>in</span> <span class='ocrx_word' id='word_1_182' title='bbox 1461 2499 1552 2552; x_wconf 90' lang='lat' dir='ltr'>via</span> <span class='ocrx_word' id='word_1_183' title='bbox 1580 2505 1676 2552; x_wconf 88' lang='lat' dir='ltr'>tua</span> <span class='ocrx_word' id='word_1_184' title='bbox 1723 2516 1844 2552; x_wconf 89' lang='lat' dir='ltr'>am-</span> 
     </span>
    </p>
   </div>
   <div class='ocr_carea' id='block_1_28' title="bbox 142 2588 1346 2659">
    <p class='ocr_par' dir='ltr' id='par_1_28' title="bbox 142 2588 1346 2659">
     <span class='ocr_line' id='line_1_28' title="bbox 142 2588 1346 2659; baseline -0.005 -13"><span class='ocrx_word' id='word_1_185' title='bbox 142 2593 430 2656; x_wconf 87' lang='lat' dir='ltr'>bulantes,</span> <span class='ocrx_word' id='word_1_186' title='bbox 465 2590 604 2644; x_wconf 90' lang='lat' dir='ltr'>nihil</span> <span class='ocrx_word' id='word_1_187' title='bbox 635 2590 924 2659; x_wconf 87' lang='lat' dir='ltr'>patiamur</span> <span class='ocrx_word' id='word_1_188' title='bbox 955 2588 1185 2642; x_wconf 84' lang='lat' dir='ltr'>erroris.</span> <span class='ocrx_word' id='word_1_189' title='bbox 1223 2590 1346 2640; x_wconf 85' lang='lat' dir='ltr'>Per.</span> 
     </span>
    </p>
   </div>
   <div class='ocr_carea' id='block_1_29' title="bbox 213 2675 1842 2750">
    <p class='ocr_par' dir='ltr' id='par_1_29' title="bbox 213 2675 1842 2750">
     <span class='ocr_line' id='line_1_29' title="bbox 213 2675 1842 2750; baseline -0.005 -15"><span class='ocrx_word' id='word_1_190' title='bbox 213 2685 388 2744; x_wconf 89' lang='lat' dir='ltr'>Deus,</span> <span class='ocrx_word' id='word_1_191' title='bbox 425 2681 527 2750; x_wconf 88' lang='lat' dir='ltr'>qui</span> <span class='ocrx_word' id='word_1_192' title='bbox 555 2679 856 2748; x_wconf 80' lang='lat' dir='ltr'>vigilantes</span> <span class='ocrx_word' id='word_1_193' title='bbox 890 2678 945 2729; x_wconf 91' lang='lat' dir='ltr'>in</span> <span class='ocrx_word' id='word_1_194' title='bbox 982 2677 1244 2730; x_wconf 86' lang='lat' dir='ltr'>laudibus</span> <span class='ocrx_word' id='word_1_195' title='bbox 1286 2675 1398 2728; x_wconf 86' lang='lat' dir='ltr'>tuis</span> <span class='ocrx_word' id='word_1_196' title='bbox 1433 2676 1645 2728; x_wconf 71' lang='lat' dir='ltr'>ccelesti</span> <span class='ocrx_word' id='word_1_197' title='bbox 1688 2693 1842 2728; x_wconf 82' lang='lat' dir='ltr'>mer-</span> 
     </span>
    </p>
   </div>
   <div class='ocr_carea' id='block_1_30' title="bbox 141 2763 1844 2832">
    <p class='ocr_par' dir='ltr' id='par_1_30' title="bbox 141 2763 1844 2832">
     <span class='ocr_line' id='line_1_30' title="bbox 141 2763 1844 2832; baseline -0.005 -8"><span class='ocrx_word' id='word_1_198' title='bbox 141 2771 274 2824; x_wconf 88' lang='lat' dir='ltr'>cede</span> <span class='ocrx_word' id='word_1_199' title='bbox 299 2784 661 2832; x_wconf 87' lang='lat' dir='ltr'>remuneras,</span> <span class='ocrx_word' id='word_1_200' title='bbox 691 2766 952 2818; x_wconf 88' lang='lat' dir='ltr'>tenebras</span> <span class='ocrx_word' id='word_1_201' title='bbox 978 2767 1046 2817; x_wconf 89' lang='lat' dir='ltr'>de</span> <span class='ocrx_word' id='word_1_202' title='bbox 1076 2764 1346 2816; x_wconf 88' lang='lat' dir='ltr'>cordibus</span> <span class='ocrx_word' id='word_1_203' title='bbox 1371 2763 1580 2816; x_wconf 89' lang='lat' dir='ltr'>nostris</span> <span class='ocrx_word' id='word_1_204' title='bbox 1622 2764 1844 2816; x_wconf 83' lang='lat' dir='ltr'>auferre</span> 
     </span>
    </p>
   </div>
   <div class='ocr_carea' id='block_1_31' title="bbox 141 2852 1841 2929">
    <p class='ocr_par' dir='ltr' id='par_1_31' title="bbox 141 2852 1841 2929">
     <span class='ocr_line' id='line_1_31' title="bbox 141 2852 1841 2929; baseline -0.006 -16"><span class='ocrx_word' id='word_1_205' title='bbox 141 2857 424 2929; x_wconf 85' lang='lat' dir='ltr'>digneris,</span> <span class='ocrx_word' id='word_1_206' title='bbox 479 2862 541 2909; x_wconf 90' lang='lat' dir='ltr'>ut</span> <span class='ocrx_word' id='word_1_207' title='bbox 583 2854 884 2924; x_wconf 86' lang='lat' dir='ltr'>splendore</span> <span class='ocrx_word' id='word_1_208' title='bbox 933 2853 1170 2906; x_wconf 85' lang='lat' dir='ltr'>luminis</span> <span class='ocrx_word' id='word_1_209' title='bbox 1199 2852 1283 2905; x_wconf 86' lang='lat' dir='ltr'>tui</span> <span class='ocrx_word' id='word_1_210' title='bbox 1332 2867 1560 2922; x_wconf 89' lang='lat' dir='ltr'>semper</span> <span class='ocrx_word' id='word_1_211' title='bbox 1589 2852 1841 2921; x_wconf 86' lang='lat' dir='ltr'>gaudea-</span> 
     </span>
    </p>
   </div>
   <div class='ocr_carea' id='block_1_32' title="bbox 144 2943 1093 3000">
    <p class='ocr_par' dir='ltr' id='par_1_32' title="bbox 144 2943 1093 3000">
     <span class='ocr_line' id='line_1_32' title="bbox 144 2943 1093 3000; baseline -0.009 1"><span class='ocrx_word' id='word_1_212' title='bbox 144 2964 290 3000; x_wconf 89' lang='lat' dir='ltr'>mus.</span> <span class='ocrx_word' id='word_1_213' title='bbox 335 2948 443 3000; x_wconf 83' lang='lat' dir='ltr'>Per</span> <span class='ocrx_word' id='word_1_214' title='bbox 475 2943 779 2998; x_wconf 91' lang='lat' dir='ltr'>Dominum</span> <span class='ocrx_word' id='word_1_215' title='bbox 814 2947 1093 2994; x_wconf 88' lang='lat' dir='ltr'>nostrum.</span> 
     </span>
    </p>
   </div>
   <div class='ocr_carea' id='block_1_33' title="bbox 210 3028 1842 3101">
    <p class='ocr_par' dir='ltr' id='par_1_33' title="bbox 210 3028 1842 3101">
     <span class='ocr_line' id='line_1_33' title="bbox 210 3028 1842 3101; baseline -0.006 -12"><span class='ocrx_word' id='word_1_216' title='bbox 210 3035 437 3090; x_wconf 85' lang='lat' dir='ltr'>Gratias</span> <span class='ocrx_word' id='word_1_217' title='bbox 481 3033 583 3086; x_wconf 91' lang='lat' dir='ltr'>tibi</span> <span class='ocrx_word' id='word_1_218' title='bbox 643 3031 887 3101; x_wconf 88' lang='lat' dir='ltr'>agimus,</span> <span class='ocrx_word' id='word_1_219' title='bbox 927 3028 1163 3082; x_wconf 88' lang='lat' dir='ltr'>Domine</span> <span class='ocrx_word' id='word_1_220' title='bbox 1191 3032 1402 3094; x_wconf 84' lang='lat' dir='ltr'>sancte,</span> <span class='ocrx_word' id='word_1_221' title='bbox 1455 3029 1622 3081; x_wconf 87' lang='lat' dir='ltr'>Pater</span> <span class='ocrx_word' id='word_1_222' title='bbox 1652 3029 1842 3081; x_wconf 91' lang='lat' dir='ltr'>omni—</span> 
     </span>
    </p>
   </div>
   <div class='ocr_carea' id='block_1_34' title="bbox 144 3116 1844 3195">
    <p class='ocr_par' dir='ltr' id='par_1_34' title="bbox 144 3116 1844 3195">
     <span class='ocr_line' id='line_1_34' title="bbox 144 3116 1844 3195; baseline -0.006 -16"><span class='ocrx_word' id='word_1_223' title='bbox 144 3131 377 3195; x_wconf 87' lang='lat' dir='ltr'>potens,</span> <span class='ocrx_word' id='word_1_224' title='bbox 436 3130 648 3175; x_wconf 67' lang='lat' dir='ltr'>aeterne</span> <span class='ocrx_word' id='word_1_225' title='bbox 703 3121 869 3184; x_wconf 85' lang='lat' dir='ltr'>Deus,</span> <span class='ocrx_word' id='word_1_226' title='bbox 919 3118 1017 3188; x_wconf 90' lang='lat' dir='ltr'>qui</span> <span class='ocrx_word' id='word_1_227' title='bbox 1067 3134 1170 3170; x_wconf 91' lang='lat' dir='ltr'>nos</span> <span class='ocrx_word' id='word_1_228' title='bbox 1220 3119 1289 3170; x_wconf 88' lang='lat' dir='ltr'>de</span> <span class='ocrx_word' id='word_1_229' title='bbox 1348 3123 1632 3168; x_wconf 83' lang='lat' dir='ltr'>transacto</span> <span class='ocrx_word' id='word_1_230' title='bbox 1666 3116 1844 3168; x_wconf 91' lang='lat' dir='ltr'>noctis</span> 
     </span>
    </p>
   </div>
   <div class='ocr_carea' id='block_1_35' title="bbox 145 3204 1840 3284">
    <p class='ocr_par' dir='ltr' id='par_1_35' title="bbox 145 3204 1840 3284">
     <span class='ocr_line' id='line_1_35' title="bbox 145 3204 1840 3284; baseline -0.006 -17"><span class='ocrx_word' id='word_1_231' title='bbox 145 3213 331 3284; x_wconf 87' lang='lat' dir='ltr'>spatio</span> <span class='ocrx_word' id='word_1_232' title='bbox 394 3213 465 3264; x_wconf 88' lang='lat' dir='ltr'>ad</span> <span class='ocrx_word' id='word_1_233' title='bbox 527 3208 840 3263; x_wconf 82' lang='lat' dir='ltr'>matutinas</span> <span class='ocrx_word' id='word_1_234' title='bbox 885 3208 1054 3259; x_wconf 87' lang='lat' dir='ltr'>horas</span> <span class='ocrx_word' id='word_1_235' title='bbox 1116 3207 1428 3274; x_wconf 82' lang='lat' dir='ltr'>perducere</span> <span class='ocrx_word' id='word_1_236' title='bbox 1461 3204 1731 3273; x_wconf 86' lang='lat' dir='ltr'>dignatus</span> <span class='ocrx_word' id='word_1_237' title='bbox 1762 3220 1840 3270; x_wconf 86' lang='lat' dir='ltr'>es,</span> 
     </span>
    </p>
   </div>
   <div class='ocr_carea' id='block_1_36' title="bbox 93 3287 1844 3371">
    <p class='ocr_par' dir='ltr' id='par_1_36' title="bbox 93 3287 1844 3371">
     <span class='ocr_line' id='line_1_36' title="bbox 93 3287 1844 3371; baseline -0.007 -15"><span class='ocrx_word' id='word_1_238' title='bbox 93 3287 100 3291; x_wconf 44' lang='grc'><em>’</em></span> <span class='ocrx_word' id='word_1_239' title='bbox 145 3315 485 3371; x_wconf 61' lang='lat' dir='ltr'>quaesumus</span> <span class='ocrx_word' id='word_1_240' title='bbox 516 3304 578 3350; x_wconf 90' lang='lat' dir='ltr'>ut</span> <span class='ocrx_word' id='word_1_241' title='bbox 627 3297 804 3350; x_wconf 91' lang='lat' dir='ltr'>dones</span> <span class='ocrx_word' id='word_1_242' title='bbox 843 3295 1008 3348; x_wconf 85' lang='lat' dir='ltr'>nobis</span> <span class='ocrx_word' id='word_1_243' title='bbox 1055 3294 1207 3347; x_wconf 92' lang='lat' dir='ltr'>diem</span> <span class='ocrx_word' id='word_1_244' title='bbox 1248 3294 1402 3346; x_wconf 91' lang='lat' dir='ltr'>hunc</span> <span class='ocrx_word' id='word_1_245' title='bbox 1445 3293 1565 3344; x_wconf 89' lang='lat' dir='ltr'>sine</span> <span class='ocrx_word' id='word_1_246' title='bbox 1617 3298 1844 3360; x_wconf 88' lang='lat' dir='ltr'>peccato</span> 
     </span>
    </p>
   </div>
   <div class='ocr_carea' id='block_1_37' title="bbox 143 3381 1845 3456">
    <p class='ocr_par' dir='ltr' id='par_1_37' title="bbox 143 3381 1845 3456">
     <span class='ocr_line' id='line_1_37' title="bbox 143 3381 1845 3456; baseline -0.006 -12"><span class='ocrx_word' id='word_1_247' title='bbox 143 3390 416 3452; x_wconf 87' lang='lat' dir='ltr'>transire,</span> <span class='ocrx_word' id='word_1_248' title='bbox 454 3391 738 3456; x_wconf 86' lang='lat' dir='ltr'>quatenus</span> <span class='ocrx_word' id='word_1_249' title='bbox 772 3385 840 3438; x_wconf 88' lang='lat' dir='ltr'>ad</span> <span class='ocrx_word' id='word_1_250' title='bbox 875 3398 1172 3452; x_wconf 87' lang='lat' dir='ltr'>vesperum</span> <span class='ocrx_word' id='word_1_251' title='bbox 1207 3388 1261 3434; x_wconf 87' lang='lat' dir='ltr'>et</span> <span class='ocrx_word' id='word_1_252' title='bbox 1309 3396 1536 3450; x_wconf 88' lang='lat' dir='ltr'>semper</span> <span class='ocrx_word' id='word_1_253' title='bbox 1585 3381 1687 3435; x_wconf 83' lang='lat' dir='ltr'>tibi</span> <span class='ocrx_word' id='word_1_254' title='bbox 1735 3382 1845 3434; x_wconf 89' lang='lat' dir='ltr'>Deo</span> 
     </span>
    </p>
   </div>
   <div class='ocr_carea' id='block_1_38' title="bbox 143 3470 1513 3545">
    <p class='ocr_par' dir='ltr' id='par_1_38' title="bbox 143 3470 1513 3545">
     <span class='ocr_line' id='line_1_38' title="bbox 143 3470 1513 3545; baseline -0.007 -14"><span class='ocrx_word' id='word_1_255' title='bbox 143 3479 356 3545; x_wconf 86' lang='lat' dir='ltr'>gratias</span> <span class='ocrx_word' id='word_1_256' title='bbox 390 3475 728 3530; x_wconf 85' lang='lat' dir='ltr'>referamus.</span> <span class='ocrx_word' id='word_1_257' title='bbox 762 3473 868 3524; x_wconf 89' lang='lat' dir='ltr'>Per</span> <span class='ocrx_word' id='word_1_258' title='bbox 896 3470 1199 3525; x_wconf 91' lang='lat' dir='ltr'>Dominum</span> <span class='ocrx_word' id='word_1_259' title='bbox 1233 3474 1513 3522; x_wconf 79' lang='lat' dir='ltr'>nostrum.</span> 
     </span>
    </p>
   </div>
   <div class='ocr_carea' id='block_1_39' title="bbox 211 3556 1844 3633">
    <p class='ocr_par' dir='ltr' id='par_1_39' title="bbox 211 3556 1844 3633">
     <span class='ocr_line' id='line_1_39' title="bbox 211 3556 1844 3633; baseline -0.007 -13"><span class='ocrx_word' id='word_1_260' title='bbox 211 3568 603 3633; x_wconf 77' lang='lat' dir='ltr'>Exsurgentes</span> <span class='ocrx_word' id='word_1_261' title='bbox 669 3563 738 3614; x_wconf 92' lang='lat' dir='ltr'>de</span> <span class='ocrx_word' id='word_1_262' title='bbox 795 3560 1081 3613; x_wconf 87' lang='lat' dir='ltr'>cubilibus</span> <span class='ocrx_word' id='word_1_263' title='bbox 1128 3557 1259 3622; x_wconf 90' lang='lat' dir='ltr'>tuis,</span> <span class='ocrx_word' id='word_1_264' title='bbox 1321 3557 1597 3610; x_wconf 84' lang='lat' dir='ltr'>auxilium</span> <span class='ocrx_word' id='word_1_265' title='bbox 1648 3556 1844 3623; x_wconf 80' lang='lat' dir='ltr'>gratiae</span> 
     </span>
    </p>
   </div>
   <div class='ocr_carea' id='block_1_40' title="bbox 136 3645 1846 3717">
    <p class='ocr_par' dir='ltr' id='par_1_40' title="bbox 136 3645 1846 3717">
     <span class='ocr_line' id='line_1_40' title="bbox 136 3645 1846 3717; baseline -0.008 -8"><span class='ocrx_word' id='word_1_266' title='bbox 136 3661 251 3709; x_wconf 58' lang='lat' dir='ltr'>tua;</span> <span class='ocrx_word' id='word_1_267' title='bbox 285 3652 616 3713; x_wconf 87' lang='lat' dir='ltr'>matutinis,</span> <span class='ocrx_word' id='word_1_268' title='bbox 650 3648 908 3713; x_wconf 89' lang='lat' dir='ltr'>Domine,</span> <span class='ocrx_word' id='word_1_269' title='bbox 940 3646 1708 3717; x_wconf 87' lang='lat' dir='ltr'>precibusimploramns,ut,</span> <span class='ocrx_word' id='word_1_270' title='bbox 1736 3645 1846 3697; x_wconf 91' lang='lat' dir='ltr'>dis-</span> 
     </span>
    </p>
   </div>
   <div class='ocr_carea' id='block_1_41' title="bbox 138 3733 1844 3802">
    <p class='ocr_par' dir='ltr' id='par_1_41' title="bbox 138 3733 1844 3802">
     <span class='ocr_line' id='line_1_41' title="bbox 138 3733 1844 3802; baseline -0.006 -5"><span class='ocrx_word' id='word_1_271' title='bbox 138 3744 319 3797; x_wconf 90' lang='lat' dir='ltr'>cussis</span> <span class='ocrx_word' id='word_1_272' title='bbox 387 3741 644 3794; x_wconf 89' lang='lat' dir='ltr'>tenebris</span> <span class='ocrx_word' id='word_1_273' title='bbox 701 3738 996 3802; x_wconf 89' lang='lat' dir='ltr'>vitiorum,</span> <span class='ocrx_word' id='word_1_274' title='bbox 1053 3735 1346 3788; x_wconf 87' lang='lat' dir='ltr'>ambulare</span> <span class='ocrx_word' id='word_1_275' title='bbox 1403 3749 1729 3786; x_wconf 89' lang='lat' dir='ltr'>mereamur</span> <span class='ocrx_word' id='word_1_276' title='bbox 1784 3733 1844 3786; x_wconf 93' lang='lat' dir='ltr'>in</span> 
     </span>
    </p>
   </div>
   <div class='ocr_carea' id='block_1_42' title="bbox 137 3829 760 3886">
    <p class='ocr_par' dir='ltr' id='par_1_42' title="bbox 137 3829 760 3886">
     <span class='ocr_line' id='line_1_42' title="bbox 137 3829 760 3886; baseline -0.013 1"><span class='ocrx_word' id='word_1_277' title='bbox 137 3833 264 3886; x_wconf 90' lang='lat' dir='ltr'>luce</span> <span class='ocrx_word' id='word_1_278' title='bbox 296 3831 604 3883; x_wconf 89' lang='lat' dir='ltr'>virtutum.</span> <span class='ocrx_word' id='word_1_279' title='bbox 637 3829 760 3880; x_wconf 90' lang='lat' dir='ltr'>Per.</span> 
     </span>
    </p>
   </div>
   <div class='ocr_carea' id='block_1_43' title="bbox 204 3910 1841 3977">
    <p class='ocr_par' dir='ltr' id='par_1_43' title="bbox 204 3910 1841 3977">
     <span class='ocr_line' id='line_1_43' title="bbox 204 3910 1841 3977; baseline -0.007 -4"><span class='ocrx_word' id='word_1_280' title='bbox 204 3922 280 3974; x_wconf 89' lang='lat' dir='ltr'>Te</span> <span class='ocrx_word' id='word_1_281' title='bbox 318 3921 514 3972; x_wconf 91' lang='lat' dir='ltr'>lucem</span> <span class='ocrx_word' id='word_1_282' title='bbox 569 3929 760 3968; x_wconf 86' lang='lat' dir='ltr'>veram</span> <span class='ocrx_word' id='word_1_283' title='bbox 795 3918 850 3965; x_wconf 90' lang='lat' dir='ltr'>et</span> <span class='ocrx_word' id='word_1_284' title='bbox 893 3911 1033 3965; x_wconf 92' lang='lat' dir='ltr'>lucis</span> <span class='ocrx_word' id='word_1_285' title='bbox 1072 3916 1386 3977; x_wconf 88' lang='lat' dir='ltr'>auctorem,</span> <span class='ocrx_word' id='word_1_286' title='bbox 1450 3911 1710 3972; x_wconf 88' lang='lat' dir='ltr'>Domine,</span> <span class='ocrx_word' id='word_1_287' title='bbox 1743 3910 1841 3963; x_wconf 90' lang='lat' dir='ltr'>de-</span> 
     </span>
    </p>
   </div>
   <div class='ocr_carea' id='block_1_44' title="bbox 143 3999 1842 4076">
    <p class='ocr_par' dir='ltr' id='par_1_44' title="bbox 143 3999 1842 4076">
     <span class='ocr_line' id='line_1_44' title="bbox 143 3999 1842 4076; baseline -0.005 -16"><span class='ocrx_word' id='word_1_288' title='bbox 143 4021 478 4076; x_wconf 87' lang='lat' dir='ltr'>precamur,</span> <span class='ocrx_word' id='word_1_289' title='bbox 536 4011 594 4057; x_wconf 89' lang='lat' dir='ltr'>ut</span> <span class='ocrx_word' id='word_1_290' title='bbox 642 4002 896 4070; x_wconf 79' lang='lat' dir='ltr'>digneris</span> <span class='ocrx_word' id='word_1_291' title='bbox 945 4018 976 4054; x_wconf 88' lang='lat' dir='ltr'>a</span> <span class='ocrx_word' id='word_1_292' title='bbox 1020 4000 1187 4054; x_wconf 90' lang='lat' dir='ltr'>nobis</span> <span class='ocrx_word' id='word_1_293' title='bbox 1241 3999 1506 4053; x_wconf 80' lang='lat' dir='ltr'>tenebras</span> <span class='ocrx_word' id='word_1_294' title='bbox 1556 3999 1842 4068; x_wconf 88' lang='lat' dir='ltr'>depellere</span> 
     </span>
    </p>
   </div>
   <div class='ocr_carea' id='block_1_45' title="bbox 141 4088 1645 4160">
    <p class='ocr_par' dir='ltr' id='par_1_45' title="bbox 141 4088 1645 4160">
     <span class='ocr_line' id='line_1_45' title="bbox 141 4088 1645 4160; baseline -0.005 -13"><span class='ocrx_word' id='word_1_295' title='bbox 141 4098 449 4160; x_wconf 87' lang='lat' dir='ltr'>vitiorum,</span> <span class='ocrx_word' id='word_1_296' title='bbox 480 4099 537 4147; x_wconf 91' lang='lat' dir='ltr'>et</span> <span class='ocrx_word' id='word_1_297' title='bbox 567 4092 877 4146; x_wconf 81' lang='lat' dir='ltr'>clariﬁcare</span> <span class='ocrx_word' id='word_1_298' title='bbox 911 4106 1012 4143; x_wconf 91' lang='lat' dir='ltr'>nos</span> <span class='ocrx_word' id='word_1_299' title='bbox 1047 4090 1170 4142; x_wconf 91' lang='lat' dir='ltr'>luce</span> <span class='ocrx_word' id='word_1_300' title='bbox 1200 4088 1493 4141; x_wconf 86' lang='lat' dir='ltr'>virtutum.</span> <span class='ocrx_word' id='word_1_301' title='bbox 1523 4089 1645 4140; x_wconf 89' lang='lat' dir='ltr'>Per.</span> 
     </span>
    </p>
   </div>
   <div class='ocr_carea' id='block_1_46' title="bbox 215 4176 1840 4251">
    <p class='ocr_par' dir='ltr' id='par_1_46' title="bbox 215 4176 1840 4251">
     <span class='ocr_line' id='line_1_46' title="bbox 215 4176 1840 4251; baseline -0.006 -14"><span class='ocrx_word' id='word_1_302' title='bbox 215 4185 444 4239; x_wconf 85' lang='lat' dir='ltr'>Veritas</span> <span class='ocrx_word' id='word_1_303' title='bbox 476 4188 594 4248; x_wconf 89' lang='lat' dir='ltr'>tua,</span> <span class='ocrx_word' id='word_1_304' title='bbox 629 4195 979 4251; x_wconf 58' lang='lat' dir='ltr'>quaesumus,</span> <span class='ocrx_word' id='word_1_305' title='bbox 1036 4177 1292 4243; x_wconf 89' lang='lat' dir='ltr'>Domine,</span> <span class='ocrx_word' id='word_1_306' title='bbox 1343 4177 1526 4229; x_wconf 86' lang='lat' dir='ltr'>luceat</span> <span class='ocrx_word' id='word_1_307' title='bbox 1561 4177 1614 4228; x_wconf 92' lang='lat' dir='ltr'>in</span> <span class='ocrx_word' id='word_1_308' title='bbox 1657 4176 1840 4229; x_wconf 87' lang='lat' dir='ltr'>cordi-</span> 
     </span>
    </p>
   </div>
   <div class='ocr_carea' id='block_1_47' title="bbox 141 4264 1767 4335">
    <p class='ocr_par' dir='ltr' id='par_1_47' title="bbox 141 4264 1767 4335">
     <span class='ocr_line' id='line_1_47' title="bbox 141 4264 1767 4335; baseline -0.006 -8"><span class='ocrx_word' id='word_1_309' title='bbox 141 4275 243 4327; x_wconf 88' lang='lat' dir='ltr'>bus</span> <span class='ocrx_word' id='word_1_310' title='bbox 275 4271 516 4335; x_wconf 86' lang='lat' dir='ltr'>nostris,</span> <span class='ocrx_word' id='word_1_311' title='bbox 544 4275 601 4322; x_wconf 88' lang='lat' dir='ltr'>et</span> <span class='ocrx_word' id='word_1_312' title='bbox 627 4267 815 4321; x_wconf 88' lang='lat' dir='ltr'>omnis</span> <span class='ocrx_word' id='word_1_313' title='bbox 844 4267 1059 4320; x_wconf 87' lang='lat' dir='ltr'>falsitas</span> <span class='ocrx_word' id='word_1_314' title='bbox 1089 4265 1340 4318; x_wconf 83' lang='lat' dir='ltr'>destruat</span> <span class='ocrx_word' id='word_1_315' title='bbox 1369 4264 1605 4317; x_wconf 86' lang='lat' dir='ltr'>inimici.</span> <span class='ocrx_word' id='word_1_316' title='bbox 1643 4266 1767 4317; x_wconf 80' lang='lat' dir='ltr'>Per.</span> 
     </span>
    </p>
   </div>
   <div class='ocr_carea' id='block_1_48' title="bbox 208 4353 1841 4425">
    <p class='ocr_par' dir='ltr' id='par_1_48' title="bbox 208 4353 1841 4425">
     <span class='ocr_line' id='line_1_48' title="bbox 208 4353 1841 4425; baseline -0.007 -9"><span class='ocrx_word' id='word_1_317' title='bbox 208 4360 490 4416; x_wconf 88' lang='lat' dir='ltr'>Sensibus</span> <span class='ocrx_word' id='word_1_318' title='bbox 520 4358 750 4420; x_wconf 90' lang='lat' dir='ltr'>nostris,</span> <span class='ocrx_word' id='word_1_319' title='bbox 785 4370 1138 4425; x_wconf 59' lang='lat' dir='ltr'>quiesumus,</span> <span class='ocrx_word' id='word_1_320' title='bbox 1167 4353 1425 4419; x_wconf 89' lang='lat' dir='ltr'>Domine,</span> <span class='ocrx_word' id='word_1_321' title='bbox 1490 4353 1684 4405; x_wconf 89' lang='lat' dir='ltr'>lumen</span> <span class='ocrx_word' id='word_1_322' title='bbox 1716 4369 1841 4404; x_wconf 88' lang='lat' dir='ltr'>san-</span> 
     </span>
    </p>
   </div>
   <div class='ocr_carea' id='block_1_49' title="bbox 139 4440 1842 4516">
    <p class='ocr_par' dir='ltr' id='par_1_49' title="bbox 139 4440 1842 4516">
     <span class='ocr_line' id='line_1_49' title="bbox 139 4440 1842 4516; baseline -0.006 -14"><span class='ocrx_word' id='word_1_323' title='bbox 139 4456 295 4503; x_wconf 90' lang='lat' dir='ltr'>ctum</span> <span class='ocrx_word' id='word_1_324' title='bbox 330 4448 618 4516; x_wconf 89' lang='lat' dir='ltr'>benignus</span> <span class='ocrx_word' id='word_1_325' title='bbox 648 4444 904 4504; x_wconf 84' lang='lat' dir='ltr'>infunde,</span> <span class='ocrx_word' id='word_1_326' title='bbox 940 4450 1006 4496; x_wconf 90' lang='lat' dir='ltr'>ut</span> <span class='ocrx_word' id='word_1_327' title='bbox 1034 4441 1136 4495; x_wconf 85' lang='lat' dir='ltr'>tibi</span> <span class='ocrx_word' id='word_1_328' title='bbox 1159 4456 1383 4510; x_wconf 88' lang='lat' dir='ltr'>semper</span> <span class='ocrx_word' id='word_1_329' title='bbox 1416 4440 1595 4493; x_wconf 89' lang='lat' dir='ltr'>simus</span> <span class='ocrx_word' id='word_1_330' title='bbox 1631 4440 1842 4508; x_wconf 89' lang='lat' dir='ltr'>devoti,</span> 
     </span>
    </p>
   </div>
   <div class='ocr_carea' id='block_1_50' title="bbox 137 4527 1844 4605">
    <p class='ocr_par' dir='ltr' id='par_1_50' title="bbox 137 4527 1844 4605">
     <span class='ocr_line' id='line_1_50' title="bbox 137 4527 1844 4605; baseline -0.006 -15"><span class='ocrx_word' id='word_1_331' title='bbox 137 4538 304 4605; x_wconf 84' lang='lat' dir='ltr'>cujus</span> <span class='ocrx_word' id='word_1_332' title='bbox 335 4533 620 4604; x_wconf 87' lang='lat' dir='ltr'>sapientia</span> <span class='ocrx_word' id='word_1_333' title='bbox 647 4531 823 4585; x_wconf 88' lang='lat' dir='ltr'>creati</span> <span class='ocrx_word' id='word_1_334' title='bbox 854 4546 1050 4582; x_wconf 89' lang='lat' dir='ltr'>sumus</span> <span class='ocrx_word' id='word_1_335' title='bbox 1082 4534 1138 4581; x_wconf 89' lang='lat' dir='ltr'>et</span> <span class='ocrx_word' id='word_1_336' title='bbox 1170 4527 1530 4598; x_wconf 85' lang='lat' dir='ltr'>providentia</span> <span class='ocrx_word' id='word_1_337' title='bbox 1563 4527 1844 4596; x_wconf 87' lang='lat' dir='ltr'>guberna-</span> 
     </span>
    </p>
   </div>
   <div class='ocr_carea' id='block_1_51' title="bbox 142 4621 1094 4679">
    <p class='ocr_par' dir='ltr' id='par_1_51' title="bbox 142 4621 1094 4679">
     <span class='ocr_line' id='line_1_51' title="bbox 142 4621 1094 4679; baseline -0.013 1"><span class='ocrx_word' id='word_1_338' title='bbox 142 4643 293 4679; x_wconf 88' lang='lat' dir='ltr'>mur.</span> <span class='ocrx_word' id='word_1_339' title='bbox 329 4627 440 4678; x_wconf 88' lang='lat' dir='ltr'>Per</span> <span class='ocrx_word' id='word_1_340' title='bbox 473 4621 779 4675; x_wconf 89' lang='lat' dir='ltr'>Dominum</span> <span class='ocrx_word' id='word_1_341' title='bbox 815 4624 1094 4670; x_wconf 90' lang='lat' dir='ltr'>nostrum.</span> 
     </span>
    </p>
   </div>
   <div class='ocr_carea' id='block_1_52' title="bbox 147 4703 1844 4785">
    <p class='ocr_par' dir='ltr' id='par_1_52' title="bbox 147 4703 1844 4785">
     <span class='ocr_line' id='line_1_52' title="bbox 147 4703 1844 4785; baseline -0.006 -18"><span class='ocrx_word' id='word_1_342' title='bbox 147 4774 163 4785; x_wconf 52' lang='grc'><strong><em>,</em></strong></span> <span class='ocrx_word' id='word_1_343' title='bbox 210 4716 336 4767; x_wconf 87' lang='lat' dir='ltr'>Tua</span> <span class='ocrx_word' id='word_1_344' title='bbox 371 4727 496 4775; x_wconf 90' lang='lat' dir='ltr'>nos,</span> <span class='ocrx_word' id='word_1_345' title='bbox 529 4708 767 4762; x_wconf 88' lang='lat' dir='ltr'>Domine</span> <span class='ocrx_word' id='word_1_346' title='bbox 811 4706 1017 4758; x_wconf 87' lang='lat' dir='ltr'>veritas</span> <span class='ocrx_word' id='word_1_347' title='bbox 1065 4720 1293 4773; x_wconf 89' lang='lat' dir='ltr'>semper</span> <span class='ocrx_word' id='word_1_348' title='bbox 1323 4704 1634 4771; x_wconf 88' lang='lat' dir='ltr'>illuminet,</span> <span class='ocrx_word' id='word_1_349' title='bbox 1674 4709 1730 4756; x_wconf 90' lang='lat' dir='ltr'>et</span> <span class='ocrx_word' id='word_1_350' title='bbox 1775 4703 1844 4757; x_wconf 86' lang='lat' dir='ltr'>ab</span> 
     </span>
    </p>
   </div>
   <div class='ocr_carea' id='block_1_53' title="bbox 140 4791 1628 4871">
    <p class='ocr_par' dir='ltr' id='par_1_53' title="bbox 140 4791 1628 4871">
     <span class='ocr_line' id='line_1_53' title="bbox 140 4791 1628 4871; baseline -0.008 -16"><span class='ocrx_word' id='word_1_351' title='bbox 140 4803 300 4855; x_wconf 88' lang='lat' dir='ltr'>omni</span> <span class='ocrx_word' id='word_1_352' title='bbox 343 4797 630 4871; x_wconf 84' lang='lat' dir='ltr'>pravitate</span> <span class='ocrx_word' id='word_1_353' title='bbox 669 4795 936 4849; x_wconf 89' lang='lat' dir='ltr'>defendat</span> <span class='ocrx_word' id='word_1_354' title='bbox 966 4798 1137 4862; x_wconf 88' lang='lat' dir='ltr'>atque</span> <span class='ocrx_word' id='word_1_355' title='bbox 1169 4791 1471 4845; x_wconf 82' lang='lat' dir='ltr'>custodiat.</span> <span class='ocrx_word' id='word_1_356' title='bbox 1504 4793 1628 4844; x_wconf 88' lang='lat' dir='ltr'>Per.</span> 
     </span>
    </p>
   </div>
   <div class='ocr_carea' id='block_1_54' title="bbox 216 4879 1846 4961">
    <p class='ocr_par' dir='ltr' id='par_1_54' title="bbox 216 4879 1846 4961">
     <span class='ocr_line' id='line_1_54' title="bbox 216 4879 1846 4961; baseline -0.008 -18"><span class='ocrx_word' id='word_1_357' title='bbox 216 4890 406 4961; x_wconf 79' lang='lat' dir='ltr'>[Auge</span> <span class='ocrx_word' id='word_1_358' title='bbox 462 4887 523 4939; x_wconf 91' lang='lat' dir='ltr'>in</span> <span class='ocrx_word' id='word_1_359' title='bbox 569 4883 753 4950; x_wconf 89' lang='lat' dir='ltr'>nobis,</span> <span class='ocrx_word' id='word_1_360' title='bbox 801 4882 1057 4944; x_wconf 89' lang='lat' dir='ltr'>Domine,</span> <span class='ocrx_word' id='word_1_361' title='bbox 1091 4881 1262 4934; x_wconf 82' lang='lat' dir='ltr'>tidem</span> <span class='ocrx_word' id='word_1_362' title='bbox 1294 4885 1474 4945; x_wconf 88' lang='lat' dir='ltr'>tuam,</span> <span class='ocrx_word' id='word_1_363' title='bbox 1502 4885 1558 4931; x_wconf 89' lang='lat' dir='ltr'>et</span> <span class='ocrx_word' id='word_1_364' title='bbox 1599 4879 1846 4948; x_wconf 86' lang='lat' dir='ltr'>Spiritus</span> 
     </span>
    </p>
   </div>
   <div class='ocr_carea' id='block_1_55' title="bbox 149 4967 1843 5043">
    <p class='ocr_par' dir='ltr' id='par_1_55' title="bbox 149 4967 1843 5043">
     <span class='ocr_line' id='line_1_55' title="bbox 149 4967 1843 5043; baseline -0.008 -11"><span class='ocrx_word' id='word_1_365' title='bbox 149 4978 338 5032; x_wconf 82' lang='lat' dir='ltr'>sancti</span> <span class='ocrx_word' id='word_1_366' title='bbox 377 4979 564 5029; x_wconf 90' lang='lat' dir='ltr'>lucem</span> <span class='ocrx_word' id='word_1_367' title='bbox 603 4988 826 5043; x_wconf 90' lang='lat' dir='ltr'>semper</span> <span class='ocrx_word' id='word_1_368' title='bbox 858 4972 919 5024; x_wconf 90' lang='lat' dir='ltr'>in</span> <span class='ocrx_word' id='word_1_369' title='bbox 954 4969 1122 5023; x_wconf 85' lang='lat' dir='ltr'>nobis</span> <span class='ocrx_word' id='word_1_370' title='bbox 1165 4969 1428 5022; x_wconf 89' lang='lat' dir='ltr'>accende.</span> <span class='ocrx_word' id='word_1_371' title='bbox 1466 4969 1586 5021; x_wconf 90' lang='lat' dir='ltr'>Per.</span> <span class='ocrx_word' id='word_1_372' title='bbox 1622 4969 1685 5019; x_wconf 89' lang='lat' dir='ltr'>In</span> <span class='ocrx_word' id='word_1_373' title='bbox 1719 4967 1843 5020; x_wconf 85' lang='lat' dir='ltr'>uni-</span> 
     </span>
    </p>
   </div>
   <div class='ocr_carea' id='block_1_56' title="bbox 142 5063 584 5134">
    <p class='ocr_par' dir='ltr' id='par_1_56' title="bbox 142 5063 584 5134">
     <span class='ocr_line' id='line_1_56' title="bbox 142 5063 584 5134; baseline -0.014 -14"><span class='ocrx_word' id='word_1_374' title='bbox 142 5073 258 5120; x_wconf 86' lang='lat' dir='ltr'>tate</span> <span class='ocrx_word' id='word_1_375' title='bbox 293 5063 584 5134; x_wconf 85' lang='lat' dir='ltr'>ejusdem.</span> 
     </span>
    </p>
   </div>
   <div class='ocr_carea' id='block_1_57' title="bbox 215 5143 1847 5219">
    <p class='ocr_par' dir='ltr' id='par_1_57' title="bbox 215 5143 1847 5219">
     <span class='ocr_line' id='line_1_57' title="bbox 215 5143 1847 5219; baseline -0.007 -12"><span class='ocrx_word' id='word_1_376' title='bbox 215 5152 447 5208; x_wconf 86' lang='lat' dir='ltr'>Gratias</span> <span class='ocrx_word' id='word_1_377' title='bbox 479 5150 704 5219; x_wconf 81' lang='lat' dir='ltr'>agimus</span> <span class='ocrx_word' id='word_1_378' title='bbox 735 5147 1040 5202; x_wconf 87' lang='lat' dir='ltr'>enarrabili</span> <span class='ocrx_word' id='word_1_379' title='bbox 1077 5145 1276 5216; x_wconf 87' lang='lat' dir='ltr'>pietati</span> <span class='ocrx_word' id='word_1_380' title='bbox 1314 5150 1448 5210; x_wconf 67' lang='lat' dir='ltr'>tuae,</span> <span class='ocrx_word' id='word_1_381' title='bbox 1483 5143 1847 5214; x_wconf 88' lang='lat' dir='ltr'>omnipotens</span> 
     </span>
    </p>
   </div>
   <div class='ocr_carea' id='block_1_58' title="bbox 148 5232 1847 5310">
    <p class='ocr_par' dir='ltr' id='par_1_58' title="bbox 148 5232 1847 5310">
     <span class='ocr_line' id='line_1_58' title="bbox 148 5232 1847 5310; baseline -0.007 -15"><span class='ocrx_word' id='word_1_382' title='bbox 148 5244 320 5305; x_wconf 84' lang='lat' dir='ltr'>Deus,</span> <span class='ocrx_word' id='word_1_383' title='bbox 358 5240 459 5310; x_wconf 85' lang='lat' dir='ltr'>qui</span> <span class='ocrx_word' id='word_1_384' title='bbox 493 5255 619 5302; x_wconf 87' lang='lat' dir='ltr'>nos,</span> <span class='ocrx_word' id='word_1_385' title='bbox 653 5237 890 5306; x_wconf 89' lang='lat' dir='ltr'>depulsa</span> <span class='ocrx_word' id='word_1_386' title='bbox 921 5235 1101 5288; x_wconf 89' lang='lat' dir='ltr'>noctis</span> <span class='ocrx_word' id='word_1_387' title='bbox 1122 5234 1388 5304; x_wconf 87' lang='lat' dir='ltr'>caligine,</span> <span class='ocrx_word' id='word_1_388' title='bbox 1424 5233 1495 5286; x_wconf 90' lang='lat' dir='ltr'>ad</span> <span class='ocrx_word' id='word_1_389' title='bbox 1527 5232 1640 5285; x_wconf 90' lang='lat' dir='ltr'>diei</span> <span class='ocrx_word' id='word_1_390' title='bbox 1675 5233 1847 5300; x_wconf 84' lang='lat' dir='ltr'>hujus</span> 
     </span>
    </p>
   </div>
   <div class='ocr_carea' id='block_1_59' title="bbox 148 5321 1844 5402">
    <p class='ocr_par' dir='ltr' id='par_1_59' title="bbox 148 5321 1844 5402">
     <span class='ocr_line' id='line_1_59' title="bbox 148 5321 1844 5402; baseline -0.007 -17"><span class='ocrx_word' id='word_1_391' title='bbox 148 5329 509 5402; x_wconf 88' lang='lat' dir='ltr'>principium</span> <span class='ocrx_word' id='word_1_392' title='bbox 534 5325 867 5396; x_wconf 83' lang='lat' dir='ltr'>perduxisti,</span> <span class='ocrx_word' id='word_1_393' title='bbox 893 5330 949 5377; x_wconf 86' lang='lat' dir='ltr'>et</span> <span class='ocrx_word' id='word_1_394' title='bbox 970 5324 1187 5391; x_wconf 86' lang='lat' dir='ltr'>abjecta</span> <span class='ocrx_word' id='word_1_395' title='bbox 1212 5323 1553 5392; x_wconf 74' lang='lat' dir='ltr'>ignorantiae</span> <span class='ocrx_word' id='word_1_396' title='bbox 1575 5321 1844 5385; x_wconf 77' lang='lat' dir='ltr'>caecitate,</span> 
     </span>
    </p>
   </div>
   <div class='ocr_carea' id='block_1_60' title="bbox 149 5410 1848 5482">
    <p class='ocr_par' dir='ltr' id='par_1_60' title="bbox 149 5410 1848 5482">
     <span class='ocr_line' id='line_1_60' title="bbox 149 5410 1848 5482; baseline -0.006 -11"><span class='ocrx_word' id='word_1_397' title='bbox 149 5421 217 5473; x_wconf 88' lang='lat' dir='ltr'>ad</span> <span class='ocrx_word' id='word_1_398' title='bbox 262 5419 486 5471; x_wconf 87' lang='lat' dir='ltr'>cultum</span> <span class='ocrx_word' id='word_1_399' title='bbox 523 5415 604 5467; x_wconf 87' lang='lat' dir='ltr'>tui</span> <span class='ocrx_word' id='word_1_400' title='bbox 637 5413 884 5467; x_wconf 89' lang='lat' dir='ltr'>nominis</span> <span class='ocrx_word' id='word_1_401' title='bbox 914 5418 1082 5482; x_wconf 86' lang='lat' dir='ltr'>atque</span> <span class='ocrx_word' id='word_1_402' title='bbox 1114 5411 1407 5463; x_wconf 84' lang='lat' dir='ltr'>scientiam</span> <span class='ocrx_word' id='word_1_403' title='bbox 1461 5411 1751 5475; x_wconf 71' lang='lat' dir='ltr'>revocasti,</span> <span class='ocrx_word' id='word_1_404' title='bbox 1783 5410 1848 5462; x_wconf 92' lang='lat' dir='ltr'>il-</span> 
     </span>
    </p>
   </div>
   <div class='ocr_carea' id='block_1_61' title="bbox 150 5499 1851 5569">
    <p class='ocr_par' dir='ltr' id='par_1_61' title="bbox 150 5499 1851 5569">
     <span class='ocr_line' id='line_1_61' title="bbox 150 5499 1851 5569; baseline -0.008 -6"><span class='ocrx_word' id='word_1_405' title='bbox 150 5510 350 5562; x_wconf 85' lang='lat' dir='ltr'>labere</span> <span class='ocrx_word' id='word_1_406' title='bbox 384 5504 642 5558; x_wconf 87' lang='lat' dir='ltr'>sensibus</span> <span class='ocrx_word' id='word_1_407' title='bbox 673 5505 878 5556; x_wconf 88' lang='lat' dir='ltr'>nostris</span> <span class='ocrx_word' id='word_1_408' title='bbox 902 5501 1268 5569; x_wconf 89' lang='lat' dir='ltr'>omnipotens</span> <span class='ocrx_word' id='word_1_409' title='bbox 1300 5501 1484 5564; x_wconf 82' lang='lat' dir='ltr'>Pater,</span> <span class='ocrx_word' id='word_1_410' title='bbox 1521 5505 1584 5551; x_wconf 90' lang='lat' dir='ltr'>ut</span> <span class='ocrx_word' id='word_1_411' title='bbox 1616 5499 1674 5551; x_wconf 90' lang='lat' dir='ltr'>in</span> <span class='ocrx_word' id='word_1_412' title='bbox 1709 5514 1851 5568; x_wconf 72' lang='lat' dir='ltr'>prae-</span> 
     </span>
    </p>
   </div>
   <div class='ocr_carea' id='block_1_62' title="bbox 1951 468 2819 539">
    <p class='ocr_par' dir='ltr' id='par_1_62' title="bbox 1951 468 2819 539">
     <span class='ocr_line' id='line_1_62' title="bbox 1951 468 2819 539; baseline -0.001 -19"><span class='ocrx_word' id='word_1_413' title='bbox 1951 485 2198 539; x_wconf 89' lang='lat' dir='ltr'>quamur</span> <span class='ocrx_word' id='word_1_414' title='bbox 2229 474 2283 521; x_wconf 87' lang='lat' dir='ltr'>et</span> <span class='ocrx_word' id='word_1_415' title='bbox 2319 468 2658 537; x_wconf 75' lang='lat' dir='ltr'>principem.</span> <span class='ocrx_word' id='word_1_416' title='bbox 2698 470 2819 521; x_wconf 84' lang='lat' dir='ltr'>l&#39;er.</span> 
     </span>
    </p>
   </div>
   <div class='ocr_carea' id='block_1_63' title="bbox 2025 557 3647 626">
    <p class='ocr_par' dir='ltr' id='par_1_63' title="bbox 2025 557 3647 626">
     <span class='ocr_line' id='line_1_63' title="bbox 2025 557 3647 626; baseline 0.004 -16"><span class='ocrx_word' id='word_1_417' title='bbox 2025 560 2192 623; x_wconf 89' lang='lat' dir='ltr'>Deus,</span> <span class='ocrx_word' id='word_1_418' title='bbox 2229 557 2326 626; x_wconf 88' lang='lat' dir='ltr'>qui</span> <span class='ocrx_word' id='word_1_419' title='bbox 2371 558 2631 608; x_wconf 89' lang='lat' dir='ltr'>tenebras</span> <span class='ocrx_word' id='word_1_420' title='bbox 2681 557 3020 623; x_wconf 60' lang='lat' dir='ltr'>ignorantiae</span> <span class='ocrx_word' id='word_1_421' title='bbox 3065 559 3220 611; x_wconf 77' lang='lat' dir='ltr'>verbi</span> <span class='ocrx_word' id='word_1_422' title='bbox 3280 560 3358 612; x_wconf 90' lang='lat' dir='ltr'>lui</span> <span class='ocrx_word' id='word_1_423' title='bbox 3393 563 3513 614; x_wconf 91' lang='lat' dir='ltr'>luce</span> <span class='ocrx_word' id='word_1_424' title='bbox 3545 563 3647 616; x_wconf 88' lang='lat' dir='ltr'>de-</span> 
     </span>
    </p>
   </div>
   <div class='ocr_carea' id='block_1_64' title="bbox 1952 646 3644 718">
    <p class='ocr_par' dir='ltr' id='par_1_64' title="bbox 1952 646 3644 718">
     <span class='ocr_line' id='line_1_64' title="bbox 1952 646 3644 718; baseline 0.002 -19"><span class='ocrx_word' id='word_1_425' title='bbox 1952 647 2137 716; x_wconf 82' lang='lat' dir='ltr'>pellis,</span> <span class='ocrx_word' id='word_1_426' title='bbox 2175 663 2319 714; x_wconf 88' lang='lat' dir='ltr'>auge</span> <span class='ocrx_word' id='word_1_427' title='bbox 2354 646 2409 697; x_wconf 91' lang='lat' dir='ltr'>in</span> <span class='ocrx_word' id='word_1_428' title='bbox 2444 646 2709 698; x_wconf 76' lang='lat' dir='ltr'>cordibus</span> <span class='ocrx_word' id='word_1_429' title='bbox 2767 646 2972 698; x_wconf 84' lang='lat' dir='ltr'>nostris</span> <span class='ocrx_word' id='word_1_430' title='bbox 3002 646 3275 699; x_wconf 82' lang='lat' dir='ltr'>virtutem</span> <span class='ocrx_word' id='word_1_431' title='bbox 3307 647 3438 700; x_wconf 78' lang='lat' dir='ltr'>fidei</span> <span class='ocrx_word' id='word_1_432' title='bbox 3473 666 3644 718; x_wconf 85' lang='lat' dir='ltr'>quam</span> 
     </span>
    </p>
   </div>
   <div class='ocr_carea' id='block_1_65' title="bbox 1953 734 3648 804">
    <p class='ocr_par' dir='ltr' id='par_1_65' title="bbox 1953 734 3648 804">
     <span class='ocr_line' id='line_1_65' title="bbox 1953 734 3648 804; baseline 0.001 -16"><span class='ocrx_word' id='word_1_433' title='bbox 1953 734 2181 798; x_wconf 91' lang='lat' dir='ltr'>dedisti,</span> <span class='ocrx_word' id='word_1_434' title='bbox 2216 743 2279 786; x_wconf 90' lang='lat' dir='ltr'>ut</span> <span class='ocrx_word' id='word_1_435' title='bbox 2311 734 2461 802; x_wconf 85' lang='lat' dir='ltr'>ignis</span> <span class='ocrx_word' id='word_1_436' title='bbox 2489 750 2661 804; x_wconf 88' lang='lat' dir='ltr'>quem</span> <span class='ocrx_word' id='word_1_437' title='bbox 2686 734 2868 803; x_wconf 87' lang='lat' dir='ltr'>gratia</span> <span class='ocrx_word' id='word_1_438' title='bbox 2902 740 2996 786; x_wconf 87' lang='lat' dir='ltr'>tua</span> <span class='ocrx_word' id='word_1_439' title='bbox 3025 735 3154 786; x_wconf 84' lang='lat' dir='ltr'>fecit</span> <span class='ocrx_word' id='word_1_440' title='bbox 3185 736 3438 801; x_wconf 87' lang='lat' dir='ltr'>accendi,</span> <span class='ocrx_word' id='word_1_441' title='bbox 3475 737 3648 790; x_wconf 90' lang='lat' dir='ltr'>nullis</span> 
     </span>
    </p>
   </div>
   <div class='ocr_carea' id='block_1_66' title="bbox 1952 822 3070 891">
    <p class='ocr_par' dir='ltr' id='par_1_66' title="bbox 1952 822 3070 891">
     <span class='ocr_line' id='line_1_66' title="bbox 1952 822 3070 891; baseline -0.002 -15"><span class='ocrx_word' id='word_1_442' title='bbox 1952 822 2366 876; x_wconf 86' lang='lat' dir='ltr'>tentationihus</span> <span class='ocrx_word' id='word_1_443' title='bbox 2403 823 2579 891; x_wconf 88' lang='lat' dir='ltr'>possit</span> <span class='ocrx_word' id='word_1_444' title='bbox 2605 823 2917 891; x_wconf 80' lang='lat' dir='ltr'>exstingui.</span> <span class='ocrx_word' id='word_1_445' title='bbox 2952 825 3070 874; x_wconf 85' lang='lat' dir='ltr'>Per.</span> 
     </span>
    </p>
   </div>
   <div class='ocr_carea' id='block_1_67' title="bbox 2020 909 3642 978">
    <p class='ocr_par' dir='ltr' id='par_1_67' title="bbox 2020 909 3642 978">
     <span class='ocr_line' id='line_1_67' title="bbox 2020 909 3642 978; baseline 0.002 -16"><span class='ocrx_word' id='word_1_446' title='bbox 2020 909 2269 962; x_wconf 84' lang='lat' dir='ltr'>Auribus</span> <span class='ocrx_word' id='word_1_447' title='bbox 2301 910 2547 978; x_wconf 87' lang='lat' dir='ltr'>percipe,</span> <span class='ocrx_word' id='word_1_448' title='bbox 2583 911 2929 978; x_wconf 64' lang='lat' dir='ltr'>quiesuiuus,</span> <span class='ocrx_word' id='word_1_449' title='bbox 2971 911 3230 974; x_wconf 88' lang='lat' dir='ltr'>Domine,</span> <span class='ocrx_word' id='word_1_450' title='bbox 3261 912 3428 964; x_wconf 87' lang='lat' dir='ltr'>verba</span> <span class='ocrx_word' id='word_1_451' title='bbox 3457 913 3642 966; x_wconf 87' lang='lat' dir='ltr'>cordis</span> 
     </span>
    </p>
   </div>
   <div class='ocr_carea' id='block_1_68' title="bbox 1954 987 3645 1068">
    <p class='ocr_par' dir='ltr' id='par_1_68' title="bbox 1954 987 3645 1068">
     <span class='ocr_line' id='line_1_68' title="bbox 1954 987 3645 1068; baseline 0.002 -17"><span class='ocrx_word' id='word_1_452' title='bbox 1954 987 2156 1065; x_wconf 75' lang='lat' dir='ltr'>nostri,</span> <span class='ocrx_word' id='word_1_453' title='bbox 2201 999 2625 1068; x_wconf 81' lang='lat' dir='ltr'>clamoremque</span> <span class='ocrx_word' id='word_1_454' title='bbox 2680 1000 3028 1051; x_wconf 88' lang='lat' dir='ltr'>matutinum</span> <span class='ocrx_word' id='word_1_455' title='bbox 3088 1000 3217 1067; x_wconf 89' lang='lat' dir='ltr'>pius</span> <span class='ocrx_word' id='word_1_456' title='bbox 3268 1006 3549 1054; x_wconf 88' lang='lat' dir='ltr'>scrutator</span> <span class='ocrx_word' id='word_1_457' title='bbox 3585 1002 3645 1054; x_wconf 92' lang='lat' dir='ltr'>in</span> 
     </span>
    </p>
   </div>
   <div class='ocr_carea' id='block_1_69' title="bbox 1951 1087 3637 1160">
    <p class='ocr_par' dir='ltr' id='par_1_69' title="bbox 1951 1087 3637 1160">
     <span class='ocr_line' id='line_1_69' title="bbox 1951 1087 3637 1160; baseline 0.002 -21"><span class='ocrx_word' id='word_1_458' title='bbox 1951 1088 2142 1155; x_wconf 85' lang='lat' dir='ltr'>tellige</span> <span class='ocrx_word' id='word_1_459' title='bbox 2171 1107 2184 1153; x_wconf 87' lang='lat'><strong>;</strong></span> <span class='ocrx_word' id='word_1_460' title='bbox 2219 1093 2279 1140; x_wconf 89' lang='lat' dir='ltr'>ut</span> <span class='ocrx_word' id='word_1_461' title='bbox 2311 1087 2510 1140; x_wconf 87' lang='lat' dir='ltr'>orandi</span> <span class='ocrx_word' id='word_1_462' title='bbox 2535 1089 2606 1140; x_wconf 86' lang='lat' dir='ltr'>ad</span> <span class='ocrx_word' id='word_1_463' title='bbox 2632 1092 2680 1138; x_wconf 87' lang='lat' dir='ltr'>le</span> <span class='ocrx_word' id='word_1_464' title='bbox 2714 1088 2875 1140; x_wconf 90' lang='lat' dir='ltr'>nobis</span> <span class='ocrx_word' id='word_1_465' title='bbox 2907 1088 2978 1139; x_wconf 81' lang='lat' dir='ltr'>sit</span> <span class='ocrx_word' id='word_1_466' title='bbox 3005 1089 3119 1140; x_wconf 85' lang='lat' dir='ltr'>tida</span> <span class='ocrx_word' id='word_1_467' title='bbox 3141 1088 3387 1152; x_wconf 88' lang='lat' dir='ltr'>devotio,</span> <span class='ocrx_word' id='word_1_468' title='bbox 3423 1096 3637 1160; x_wconf 86' lang='lat' dir='ltr'>tuaque</span> 
     </span>
    </p>
   </div>
   <div class='ocr_carea' id='block_1_70' title="bbox 1954 1176 3642 1244">
    <p class='ocr_par' dir='ltr' id='par_1_70' title="bbox 1954 1176 3642 1244">
     <span class='ocr_line' id='line_1_70' title="bbox 1954 1176 3642 1244; baseline 0.001 -14"><span class='ocrx_word' id='word_1_469' title='bbox 1954 1177 2202 1230; x_wconf 88' lang='lat' dir='ltr'>donetur</span> <span class='ocrx_word' id='word_1_470' title='bbox 2247 1176 2408 1228; x_wconf 90' lang='lat' dir='ltr'>nobis</span> <span class='ocrx_word' id='word_1_471' title='bbox 2441 1177 2690 1229; x_wconf 88' lang='lat' dir='ltr'>diluculo</span> <span class='ocrx_word' id='word_1_472' title='bbox 2717 1176 3142 1244; x_wconf 84' lang='lat' dir='ltr'>contemplatio,</span> <span class='ocrx_word' id='word_1_473' title='bbox 3193 1183 3247 1228; x_wconf 88' lang='lat' dir='ltr'>et</span> <span class='ocrx_word' id='word_1_474' title='bbox 3281 1183 3642 1244; x_wconf 85' lang='lat' dir='ltr'>peccatorum</span> 
     </span>
    </p>
   </div>
   <div class='ocr_carea' id='block_1_71' title="bbox 1955 1264 3284 1335">
    <p class='ocr_par' dir='ltr' id='par_1_71' title="bbox 1955 1264 3284 1335">
     <span class='ocr_line' id='line_1_71' title="bbox 1955 1264 3284 1335; baseline 0 -18"><span class='ocrx_word' id='word_1_475' title='bbox 1955 1264 2214 1318; x_wconf 90' lang='lat' dir='ltr'>omnium</span> <span class='ocrx_word' id='word_1_476' title='bbox 2250 1270 2442 1333; x_wconf 75' lang='lat' dir='ltr'>Optata</span> <span class='ocrx_word' id='word_1_477' title='bbox 2478 1264 2754 1317; x_wconf 82' lang='lat' dir='ltr'>remissio.</span> <span class='ocrx_word' id='word_1_478' title='bbox 2792 1266 2894 1316; x_wconf 77' lang='lat' dir='ltr'>l’er</span> <span class='ocrx_word' id='word_1_479' title='bbox 2930 1265 3284 1335; x_wconf 68' lang='lat' dir='ltr'>Dominum]</span> 
     </span>
    </p>
   </div>
   <div class='ocr_carea' id='block_1_72' title="bbox 2600 1354 3013 1420">
    <p class='ocr_par' dir='ltr' id='par_1_72' title="bbox 2600 1354 3013 1420">
     <span class='ocr_line' id='line_1_72' title="bbox 2600 1354 3013 1420; baseline -0.005 -15"><span class='ocrx_word' id='word_1_480' title='bbox 2600 1354 3013 1420; x_wconf 60' lang='grc' dir='ltr'>ιἰιερω·1ιίι(ι1ινε.</span> 
     </span>
    </p>
   </div>
   <div class='ocr_carea' id='block_1_73' title="bbox 2023 1440 3642 1510">
    <p class='ocr_par' dir='ltr' id='par_1_73' title="bbox 2023 1440 3642 1510">
     <span class='ocr_line' id='line_1_73' title="bbox 2023 1440 3642 1510; baseline 0.001 -15"><span class='ocrx_word' id='word_1_481' title='bbox 2023 1442 2248 1496; x_wconf 86' lang='lat' dir='ltr'>Oriatur</span> <span class='ocrx_word' id='word_1_482' title='bbox 2297 1442 2658 1493; x_wconf 85' lang='lat' dir='ltr'>nascentibus</span> <span class='ocrx_word' id='word_1_483' title='bbox 2710 1440 2957 1494; x_wconf 81' lang='lat' dir='ltr'>tenebris</span> <span class='ocrx_word' id='word_1_484' title='bbox 3003 1457 3210 1493; x_wconf 85' lang='lat' dir='ltr'>aurora</span> <span class='ocrx_word' id='word_1_485' title='bbox 3259 1442 3519 1510; x_wconf 76' lang='lat' dir='ltr'>justitiae,</span> <span class='ocrx_word' id='word_1_486' title='bbox 3579 1449 3642 1497; x_wconf 91' lang='lat' dir='ltr'>ut</span> 
     </span>
    </p>
   </div>
   <div class='ocr_carea' id='block_1_74' title="bbox 1952 1529 3645 1601">
    <p class='ocr_par' dir='ltr' id='par_1_74' title="bbox 1952 1529 3645 1601">
     <span class='ocr_line' id='line_1_74' title="bbox 1952 1529 3645 1601; baseline 0.001 -18"><span class='ocrx_word' id='word_1_487' title='bbox 1952 1535 2181 1601; x_wconf 89' lang='lat' dir='ltr'>peracto</span> <span class='ocrx_word' id='word_1_488' title='bbox 2225 1529 2316 1582; x_wconf 90' lang='lat' dir='ltr'>die</span> <span class='ocrx_word' id='word_1_489' title='bbox 2363 1529 2466 1582; x_wconf 84' lang='lat' dir='ltr'>tibi</span> <span class='ocrx_word' id='word_1_490' title='bbox 2513 1529 2841 1598; x_wconf 86' lang='lat' dir='ltr'>suppliciter</span> <span class='ocrx_word' id='word_1_491' title='bbox 2908 1529 3119 1598; x_wconf 68' lang='lat' dir='ltr'>gratias</span> <span class='ocrx_word' id='word_1_492' title='bbox 3183 1535 3418 1599; x_wconf 84' lang='lat' dir='ltr'>agentes</span> <span class='ocrx_word' id='word_1_493' title='bbox 3471 1531 3645 1584; x_wconf 87' lang='lat' dir='ltr'>etiam</span> 
     </span>
    </p>
   </div>
   <div class='ocr_carea' id='block_1_75' title="bbox 1953 1617 3360 1686">
    <p class='ocr_par' dir='ltr' id='par_1_75' title="bbox 1953 1617 3360 1686">
     <span class='ocr_line' id='line_1_75' title="bbox 1953 1617 3360 1686; baseline -0.001 -16"><span class='ocrx_word' id='word_1_494' title='bbox 1953 1633 2120 1670; x_wconf 90' lang='lat' dir='ltr'>mane</span> <span class='ocrx_word' id='word_1_495' title='bbox 2151 1617 2456 1686; x_wconf 84' lang='lat' dir='ltr'>dignanter</span> <span class='ocrx_word' id='word_1_496' title='bbox 2485 1618 2722 1686; x_wconf 83' lang='lat' dir='ltr'>recipias</span> <span class='ocrx_word' id='word_1_497' title='bbox 2755 1623 2881 1668; x_wconf 89' lang='lat' dir='ltr'>vota</span> <span class='ocrx_word' id='word_1_498' title='bbox 2911 1619 3211 1669; x_wconf 86' lang='lat' dir='ltr'>solventes.</span> <span class='ocrx_word' id='word_1_499' title='bbox 3238 1619 3360 1670; x_wconf 87' lang='lat' dir='ltr'>Per.</span> 
     </span>
    </p>
   </div>
   <div class='ocr_carea' id='block_1_76' title="bbox 1881 1676 3643 1772">
    <p class='ocr_par' dir='ltr' id='par_1_76' title="bbox 1881 1676 3643 1772">
     <span class='ocr_line' id='line_1_76' title="bbox 1881 1676 3643 1772; baseline 0.001 -13"><span class='ocrx_word' id='word_1_500' title='bbox 1881 1676 1920 1729; x_wconf 79' lang='grc' dir='ltr'><strong>Β</strong></span> <span class='ocrx_word' id='word_1_501' title='bbox 2028 1708 2178 1760; x_wconf 88' lang='lat' dir='ltr'>Tuus</span> <span class='ocrx_word' id='word_1_502' title='bbox 2210 1707 2346 1767; x_wconf 86' lang='lat' dir='ltr'>dies,</span> <span class='ocrx_word' id='word_1_503' title='bbox 2388 1707 2641 1769; x_wconf 70' lang='lat' dir='ltr'>iloniino,</span> <span class='ocrx_word' id='word_1_504' title='bbox 2676 1712 2724 1756; x_wconf 88' lang='lat' dir='ltr'>et</span> <span class='ocrx_word' id='word_1_505' title='bbox 2761 1712 2854 1757; x_wconf 83' lang='lat' dir='ltr'>tua</span> <span class='ocrx_word' id='word_1_506' title='bbox 2885 1711 2966 1757; x_wconf 70' lang='lat' dir='ltr'>est</span> <span class='ocrx_word' id='word_1_507' title='bbox 3002 1721 3137 1772; x_wconf 73' lang='lat' dir='ltr'>uox,</span> <span class='ocrx_word' id='word_1_508' title='bbox 3172 1708 3413 1758; x_wconf 89' lang='lat' dir='ltr'>concede</span> <span class='ocrx_word' id='word_1_509' title='bbox 3468 1709 3643 1760; x_wconf 85' lang='lat' dir='ltr'>solem</span> 
     </span>
    </p>
   </div>
   <div class='ocr_carea' id='block_1_77' title="bbox 1950 1793 3638 1865">
    <p class='ocr_par' dir='ltr' id='par_1_77' title="bbox 1950 1793 3638 1865">
     <span class='ocr_line' id='line_1_77' title="bbox 1950 1793 3638 1865; baseline -0.001 -18"><span class='ocrx_word' id='word_1_510' title='bbox 1950 1795 2188 1865; x_wconf 74' lang='lat' dir='ltr'>justitiae</span> <span class='ocrx_word' id='word_1_511' title='bbox 2217 1810 2553 1862; x_wconf 81' lang='lat' dir='ltr'>permanere</span> <span class='ocrx_word' id='word_1_512' title='bbox 2577 1794 2914 1846; x_wconf 85' lang='lat' dir='ltr'>incordibus</span> <span class='ocrx_word' id='word_1_513' title='bbox 2936 1793 3163 1859; x_wconf 86' lang='lat' dir='ltr'>nostris,</span> <span class='ocrx_word' id='word_1_514' title='bbox 3193 1795 3262 1846; x_wconf 88' lang='lat' dir='ltr'>ad</span> <span class='ocrx_word' id='word_1_515' title='bbox 3282 1795 3638 1863; x_wconf 89' lang='lat' dir='ltr'>repellendas</span> 
     </span>
    </p>
   </div>
   <div class='ocr_carea' id='block_1_78' title="bbox 1956 1882 3207 1950">
    <p class='ocr_par' dir='ltr' id='par_1_78' title="bbox 1956 1882 3207 1950">
     <span class='ocr_line' id='line_1_78' title="bbox 1956 1882 3207 1950; baseline -0.003 -13"><span class='ocrx_word' id='word_1_516' title='bbox 1956 1884 2220 1937; x_wconf 87' lang='lat' dir='ltr'>tenebras</span> <span class='ocrx_word' id='word_1_517' title='bbox 2252 1882 2656 1950; x_wconf 83' lang='lat' dir='ltr'>cogitationum</span> <span class='ocrx_word' id='word_1_518' title='bbox 2693 1882 3043 1950; x_wconf 85' lang='lat' dir='ltr'>iniquarum.</span> <span class='ocrx_word' id='word_1_519' title='bbox 3086 1884 3207 1935; x_wconf 78' lang='lat' dir='ltr'>Per.</span> 
     </span>
    </p>
   </div>
   <div class='ocr_carea' id='block_1_79' title="bbox 2027 1970 3641 2040">
    <p class='ocr_par' dir='ltr' id='par_1_79' title="bbox 2027 1970 3641 2040">
     <span class='ocr_line' id='line_1_79' title="bbox 2027 1970 3641 2040; baseline -0.001 -15"><span class='ocrx_word' id='word_1_520' title='bbox 2027 1971 2248 2026; x_wconf 84' lang='lat' dir='ltr'>Gratias</span> <span class='ocrx_word' id='word_1_521' title='bbox 2275 1971 2402 2033; x_wconf 87' lang='lat' dir='ltr'>tibi,</span> <span class='ocrx_word' id='word_1_522' title='bbox 2439 1971 2702 2034; x_wconf 86' lang='lat' dir='ltr'>Domine,</span> <span class='ocrx_word' id='word_1_523' title='bbox 2738 1970 2981 2036; x_wconf 80' lang='lat' dir='ltr'>agimus,</span> <span class='ocrx_word' id='word_1_524' title='bbox 3016 1970 3278 2024; x_wconf 86' lang='lat' dir='ltr'>custoditi</span> <span class='ocrx_word' id='word_1_525' title='bbox 3320 1988 3419 2040; x_wconf 89' lang='lat' dir='ltr'>per</span> <span class='ocrx_word' id='word_1_526' title='bbox 3459 1971 3641 2038; x_wconf 90' lang='lat' dir='ltr'>diem;</span> 
     </span>
    </p>
   </div>
   <div class='ocr_carea' id='block_1_80' title="bbox 1956 2058 3642 2132">
    <p class='ocr_par' dir='ltr' id='par_1_80' title="bbox 1956 2058 3642 2132">
     <span class='ocr_line' id='line_1_80' title="bbox 1956 2058 3642 2132; baseline -0.001 -18"><span class='ocrx_word' id='word_1_527' title='bbox 1956 2061 2165 2132; x_wconf 86' lang='lat' dir='ltr'>gratias</span> <span class='ocrx_word' id='word_1_528' title='bbox 2197 2059 2300 2112; x_wconf 91' lang='lat' dir='ltr'>tibi</span> <span class='ocrx_word' id='word_1_529' title='bbox 2331 2059 2687 2123; x_wconf 75' lang='lat' dir='ltr'>exsolvimus,</span> <span class='ocrx_word' id='word_1_530' title='bbox 2724 2058 3083 2111; x_wconf 86' lang='lat' dir='ltr'>custodiendi</span> <span class='ocrx_word' id='word_1_531' title='bbox 3109 2075 3206 2126; x_wconf 86' lang='lat' dir='ltr'>per</span> <span class='ocrx_word' id='word_1_532' title='bbox 3240 2066 3460 2112; x_wconf 91' lang='lat' dir='ltr'>noctem</span> <span class='ocrx_word' id='word_1_533' title='bbox 3500 2077 3511 2113; x_wconf 89' lang='lat'>:</span> <span class='ocrx_word' id='word_1_534' title='bbox 3547 2077 3642 2112; x_wconf 91' lang='lat' dir='ltr'>re-</span> 
     </span>
    </p>
   </div>
   <div class='ocr_carea' id='block_1_81' title="bbox 1956 2147 3644 2221">
    <p class='ocr_par' dir='ltr' id='par_1_81' title="bbox 1956 2147 3644 2221">
     <span class='ocr_line' id='line_1_81' title="bbox 1956 2147 3644 2221; baseline -0.001 -19"><span class='ocrx_word' id='word_1_535' title='bbox 1956 2154 2236 2221; x_wconf 66' lang='lat' dir='ltr'>prazsenta</span> <span class='ocrx_word' id='word_1_536' title='bbox 2267 2165 2383 2213; x_wconf 86' lang='lat' dir='ltr'>nos,</span> <span class='ocrx_word' id='word_1_537' title='bbox 2421 2164 2772 2216; x_wconf 61' lang='lat' dir='ltr'>i&#39;piaasuinus,</span> <span class='ocrx_word' id='word_1_538' title='bbox 2807 2147 3066 2210; x_wconf 78' lang='lat' dir='ltr'>Domine,</span> <span class='ocrx_word' id='word_1_539' title='bbox 3135 2147 3431 2204; x_wconf 84' lang='lat' dir='ltr'>matutinis</span> <span class='ocrx_word' id='word_1_540' title='bbox 3491 2149 3644 2201; x_wconf 89' lang='lat' dir='ltr'>horis</span> 
     </span>
    </p>
   </div>
   <div class='ocr_carea' id='block_1_82' title="bbox 1954 2237 3641 2305">
    <p class='ocr_par' dir='ltr' id='par_1_82' title="bbox 1954 2237 3641 2305">
     <span class='ocr_line' id='line_1_82' title="bbox 1954 2237 3641 2305; baseline -0.001 -14"><span class='ocrx_word' id='word_1_541' title='bbox 1954 2241 2287 2301; x_wconf 83' lang='lat' dir='ltr'>incolumes,</span> <span class='ocrx_word' id='word_1_542' title='bbox 2325 2244 2386 2288; x_wconf 87' lang='lat' dir='ltr'>ut</span> <span class='ocrx_word' id='word_1_543' title='bbox 2419 2253 2515 2288; x_wconf 81' lang='lat' dir='ltr'>nos</span> <span class='ocrx_word' id='word_1_544' title='bbox 2561 2237 2716 2288; x_wconf 90' lang='lat' dir='ltr'>omni</span> <span class='ocrx_word' id='word_1_545' title='bbox 2767 2243 3024 2305; x_wconf 86' lang='lat' dir='ltr'>tempore</span> <span class='ocrx_word' id='word_1_546' title='bbox 3056 2237 3264 2288; x_wconf 84' lang='lat' dir='ltr'>habeas</span> <span class='ocrx_word' id='word_1_547' title='bbox 3303 2237 3641 2290; x_wconf 82' lang='lat' dir='ltr'>laudatores.</span> 
     </span>
    </p>
   </div>
   <div class='ocr_carea' id='block_1_83' title="bbox 1957 2329 2083 2382">
    <p class='ocr_par' dir='ltr' id='par_1_83' title="bbox 1957 2329 2083 2382">
     <span class='ocr_line' id='line_1_83' title="bbox 1957 2329 2083 2382; baseline -0.016 0"><span class='ocrx_word' id='word_1_548' title='bbox 1957 2329 2083 2382; x_wconf 89' lang='lat' dir='ltr'>Per.</span> 
     </span>
    </p>
   </div>
   <div class='ocr_carea' id='block_1_84' title="bbox 2027 2413 3650 2485">
    <p class='ocr_par' dir='ltr' id='par_1_84' title="bbox 2027 2413 3650 2485">
     <span class='ocr_line' id='line_1_84' title="bbox 2027 2413 3650 2485; baseline -0.002 -15"><span class='ocrx_word' id='word_1_549' title='bbox 2027 2416 2419 2485; x_wconf 82' lang='lat' dir='ltr'>Omnipotens,</span> <span class='ocrx_word' id='word_1_550' title='bbox 2458 2413 2802 2482; x_wconf 68' lang='lat' dir='ltr'>sempiterne</span> <span class='ocrx_word' id='word_1_551' title='bbox 2837 2415 3003 2478; x_wconf 85' lang='lat' dir='ltr'>Deus,</span> <span class='ocrx_word' id='word_1_552' title='bbox 3033 2431 3265 2482; x_wconf 76' lang='lat' dir='ltr'>vespere</span> <span class='ocrx_word' id='word_1_553' title='bbox 3293 2421 3344 2466; x_wconf 90' lang='lat' dir='ltr'>et</span> <span class='ocrx_word' id='word_1_554' title='bbox 3393 2429 3561 2467; x_wconf 91' lang='lat' dir='ltr'>mane</span> <span class='ocrx_word' id='word_1_555' title='bbox 3594 2420 3650 2466; x_wconf 86' lang='lat' dir='ltr'>et</span> 
     </span>
    </p>
   </div>
   <div class='ocr_carea' id='block_1_85' title="bbox 1955 2503 3646 2573">
    <p class='ocr_par' dir='ltr' id='par_1_85' title="bbox 1955 2503 3646 2573">
     <span class='ocr_line' id='line_1_85' title="bbox 1955 2503 3646 2573; baseline -0.003 -13"><span class='ocrx_word' id='word_1_556' title='bbox 1955 2506 2195 2560; x_wconf 88' lang='lat' dir='ltr'>meridie</span> <span class='ocrx_word' id='word_1_557' title='bbox 2230 2505 2581 2573; x_wconf 67' lang='lat' dir='ltr'>iuajeslati-m</span> <span class='ocrx_word' id='word_1_558' title='bbox 2617 2513 2770 2555; x_wconf 82' lang='lat' dir='ltr'>tuam</span> <span class='ocrx_word' id='word_1_559' title='bbox 2803 2503 3135 2570; x_wconf 66' lang='lat' dir='ltr'>sum&#39;iliciter</span> <span class='ocrx_word' id='word_1_560' title='bbox 3161 2504 3536 2572; x_wconf 87' lang='lat' dir='ltr'>deprecamur</span> <span class='ocrx_word' id='word_1_561' title='bbox 3566 2510 3646 2565; x_wconf 91' lang='lat' dir='ltr'>ut,</span> 
     </span>
    </p>
   </div>
   <div class='ocr_carea' id='block_1_86' title="bbox 1956 2591 3644 2665">
    <p class='ocr_par' dir='ltr' id='par_1_86' title="bbox 1956 2591 3644 2665">
     <span class='ocr_line' id='line_1_86' title="bbox 1956 2591 3644 2665; baseline -0.003 -16"><span class='ocrx_word' id='word_1_562' title='bbox 1956 2595 2204 2665; x_wconf 82' lang='lat' dir='ltr'>expulsis</span> <span class='ocrx_word' id='word_1_563' title='bbox 2261 2594 2328 2646; x_wconf 87' lang='lat' dir='ltr'>de</span> <span class='ocrx_word' id='word_1_564' title='bbox 2386 2593 2650 2644; x_wconf 85' lang='lat' dir='ltr'>cordibus</span> <span class='ocrx_word' id='word_1_565' title='bbox 2711 2591 2913 2643; x_wconf 83' lang='lat' dir='ltr'>nostris</span> <span class='ocrx_word' id='word_1_566' title='bbox 2973 2596 3330 2660; x_wconf 86' lang='lat' dir='ltr'>peccatorum</span> <span class='ocrx_word' id='word_1_567' title='bbox 3374 2592 3644 2658; x_wconf 83' lang='lat' dir='ltr'>tenebris,</span> 
     </span>
    </p>
   </div>
   <div class='ocr_carea' id='block_1_87' title="bbox 1955 2678 3646 2749">
    <p class='ocr_par' dir='ltr' id='par_1_87' title="bbox 1955 2678 3646 2749">
     <span class='ocr_line' id='line_1_87' title="bbox 1955 2678 3646 2749; baseline -0.002 -13"><span class='ocrx_word' id='word_1_568' title='bbox 1955 2686 2023 2736; x_wconf 84' lang='lat' dir='ltr'>ad</span> <span class='ocrx_word' id='word_1_569' title='bbox 2055 2699 2247 2735; x_wconf 78' lang='lat' dir='ltr'>veram</span> <span class='ocrx_word' id='word_1_570' title='bbox 2273 2683 2478 2744; x_wconf 77' lang='lat' dir='ltr'>lucem,</span> <span class='ocrx_word' id='word_1_571' title='bbox 2513 2696 2639 2749; x_wconf 78' lang='lat' dir='ltr'>qum</span> <span class='ocrx_word' id='word_1_572' title='bbox 2671 2679 2926 2732; x_wconf 70' lang='lat' dir='ltr'>Christus</span> <span class='ocrx_word' id='word_1_573' title='bbox 2960 2685 3060 2741; x_wconf 83' lang='lat' dir='ltr'>cst,</span> <span class='ocrx_word' id='word_1_574' title='bbox 3098 2695 3200 2731; x_wconf 89' lang='lat' dir='ltr'>nos</span> <span class='ocrx_word' id='word_1_575' title='bbox 3241 2678 3413 2732; x_wconf 83' lang='lat' dir='ltr'>facias</span> <span class='ocrx_word' id='word_1_576' title='bbox 3445 2695 3646 2749; x_wconf 86' lang='lat' dir='ltr'>perve-</span> 
     </span>
    </p>
   </div>
   <div class='ocr_carea' id='block_1_88' title="bbox 1955 2768 3183 2827">
    <p class='ocr_par' dir='ltr' id='par_1_88' title="bbox 1955 2768 3183 2827">
     <span class='ocr_line' id='line_1_88' title="bbox 1955 2768 3183 2827; baseline -0.007 0"><span class='ocrx_word' id='word_1_577' title='bbox 1955 2775 2096 2827; x_wconf 91' lang='lat' dir='ltr'>nire.</span> <span class='ocrx_word' id='word_1_578' title='bbox 2134 2773 2236 2824; x_wconf 84' lang='lat' dir='ltr'>Per</span> <span class='ocrx_word' id='word_1_579' title='bbox 2265 2771 2530 2821; x_wconf 85' lang='lat' dir='ltr'>eumdem</span> <span class='ocrx_word' id='word_1_580' title='bbox 2570 2768 2868 2820; x_wconf 87' lang='lat' dir='ltr'>Dominum</span> <span class='ocrx_word' id='word_1_581' title='bbox 2907 2775 3183 2820; x_wconf 88' lang='lat' dir='ltr'>nostrum.</span> 
     </span>
    </p>
   </div>
   <div class='ocr_carea' id='block_1_89' title="bbox 2028 2857 3644 2928">
    <p class='ocr_par' dir='ltr' id='par_1_89' title="bbox 2028 2857 3644 2928">
     <span class='ocr_line' id='line_1_89' title="bbox 2028 2857 3644 2928; baseline -0.004 -14"><span class='ocrx_word' id='word_1_582' title='bbox 2028 2863 2195 2922; x_wconf 90' lang='lat' dir='ltr'>Deus,</span> <span class='ocrx_word' id='word_1_583' title='bbox 2233 2861 2332 2928; x_wconf 84' lang='lat' dir='ltr'>qui</span> <span class='ocrx_word' id='word_1_584' title='bbox 2381 2857 2673 2908; x_wconf 87' lang='lat' dir='ltr'>illuminas</span> <span class='ocrx_word' id='word_1_585' title='bbox 2707 2863 2954 2922; x_wconf 74' lang='lat' dir='ltr'>noctem,</span> <span class='ocrx_word' id='word_1_586' title='bbox 2989 2862 3043 2908; x_wconf 89' lang='lat' dir='ltr'>et</span> <span class='ocrx_word' id='word_1_587' title='bbox 3075 2858 3256 2907; x_wconf 91' lang='lat' dir='ltr'>lucem</span> <span class='ocrx_word' id='word_1_588' title='bbox 3311 2859 3437 2924; x_wconf 91' lang='lat' dir='ltr'>post</span> <span class='ocrx_word' id='word_1_589' title='bbox 3488 2860 3644 2908; x_wconf 90' lang='lat' dir='ltr'>tene-</span> 
     </span>
    </p>
   </div>
   <div class='ocr_carea' id='block_1_90' title="bbox 1880 2943 3639 3012">
    <p class='ocr_par' dir='ltr' id='par_1_90' title="bbox 1880 2943 3639 3012">
     <span class='ocr_line' id='line_1_90' title="bbox 1880 2943 3639 3012; baseline -0.006 -8"><span class='ocrx_word' id='word_1_590' title='bbox 1880 2958 1919 3011; x_wconf 85' lang='lat' dir='ltr'><strong>C</strong></span> <span class='ocrx_word' id='word_1_591' title='bbox 1951 2953 2077 3004; x_wconf 87' lang='lat' dir='ltr'>bras</span> <span class='ocrx_word' id='word_1_592' title='bbox 2100 2948 2252 3012; x_wconf 88' lang='lat' dir='ltr'>facis,</span> <span class='ocrx_word' id='word_1_593' title='bbox 2277 2945 2522 2998; x_wconf 81' lang='lat' dir='ltr'>concede.</span> <span class='ocrx_word' id='word_1_594' title='bbox 2559 2943 2721 2996; x_wconf 88' lang='lat' dir='ltr'>nobis</span> <span class='ocrx_word' id='word_1_595' title='bbox 2756 2949 2815 2996; x_wconf 89' lang='lat' dir='ltr'>ut</span> <span class='ocrx_word' id='word_1_596' title='bbox 2847 2945 2990 2995; x_wconf 88' lang='lat' dir='ltr'>hanc</span> <span class='ocrx_word' id='word_1_597' title='bbox 3034 2949 3259 2996; x_wconf 91' lang='lat' dir='ltr'>noctem</span> <span class='ocrx_word' id='word_1_598' title='bbox 3291 2943 3411 2994; x_wconf 88' lang='lat' dir='ltr'>sine</span> <span class='ocrx_word' id='word_1_599' title='bbox 3450 2943 3639 3012; x_wconf 78' lang='lat' dir='ltr'>impe—</span> 
     </span>
    </p>
   </div>
   <div class='ocr_carea' id='block_1_91' title="bbox 1953 3030 3646 3100">
    <p class='ocr_par' dir='ltr' id='par_1_91' title="bbox 1953 3030 3646 3100">
     <span class='ocr_line' id='line_1_91' title="bbox 1953 3030 3646 3100; baseline -0.006 -8"><span class='ocrx_word' id='word_1_600' title='bbox 1953 3041 2209 3093; x_wconf 88' lang='lat' dir='ltr'>dimento</span> <span class='ocrx_word' id='word_1_601' title='bbox 2259 3035 2482 3088; x_wconf 65' lang='lat' dir='ltr'>Satanae</span> <span class='ocrx_word' id='word_1_602' title='bbox 2513 3038 2888 3096; x_wconf 85' lang='lat' dir='ltr'>transeamus,</span> <span class='ocrx_word' id='word_1_603' title='bbox 2919 3037 3088 3100; x_wconf 81' lang='lat' dir='ltr'>atque</span> <span class='ocrx_word' id='word_1_604' title='bbox 3146 3030 3442 3084; x_wconf 89' lang='lat' dir='ltr'>matutinis</span> <span class='ocrx_word' id='word_1_605' title='bbox 3491 3031 3646 3083; x_wconf 86' lang='lat' dir='ltr'>horis</span> 
     </span>
    </p>
   </div>
   <div class='ocr_carea' id='block_1_92' title="bbox 1952 3120 3643 3190">
    <p class='ocr_par' dir='ltr' id='par_1_92' title="bbox 1952 3120 3643 3190">
     <span class='ocr_line' id='line_1_92' title="bbox 1952 3120 3643 3190; baseline -0.007 -9"><span class='ocrx_word' id='word_1_606' title='bbox 1952 3128 2023 3181; x_wconf 89' lang='lat' dir='ltr'>ad</span> <span class='ocrx_word' id='word_1_607' title='bbox 2057 3127 2232 3179; x_wconf 86' lang='lat' dir='ltr'>altare</span> <span class='ocrx_word' id='word_1_608' title='bbox 2265 3129 2426 3176; x_wconf 88' lang='lat' dir='ltr'>tuum</span> <span class='ocrx_word' id='word_1_609' title='bbox 2477 3127 2854 3185; x_wconf 73' lang='lat' dir='ltr'>recurrentes,</span> <span class='ocrx_word' id='word_1_610' title='bbox 2888 3120 2990 3172; x_wconf 82' lang='lat' dir='ltr'>tibi</span> <span class='ocrx_word' id='word_1_611' title='bbox 3042 3122 3154 3173; x_wconf 88' lang='lat' dir='ltr'>Deo</span> <span class='ocrx_word' id='word_1_612' title='bbox 3190 3121 3400 3190; x_wconf 84' lang='lat' dir='ltr'>gratias</span> <span class='ocrx_word' id='word_1_613' title='bbox 3436 3120 3643 3172; x_wconf 88' lang='lat' dir='ltr'>refera-</span> 
     </span>
    </p>
   </div>
   <div class='ocr_carea' id='block_1_93' title="bbox 1952 3211 2595 3269">
    <p class='ocr_par' dir='ltr' id='par_1_93' title="bbox 1952 3211 2595 3269">
     <span class='ocr_line' id='line_1_93' title="bbox 1952 3211 2595 3269; baseline -0.011 0"><span class='ocrx_word' id='word_1_614' title='bbox 1952 3232 2098 3269; x_wconf 89' lang='lat' dir='ltr'>mus.</span> <span class='ocrx_word' id='word_1_615' title='bbox 2133 3216 2236 3267; x_wconf 83' lang='lat' dir='ltr'>Per</span> <span class='ocrx_word' id='word_1_616' title='bbox 2268 3211 2595 3265; x_wconf 89' lang='lat' dir='ltr'>Dominum.</span> 
     </span>
    </p>
   </div>
   <div class='ocr_carea' id='block_1_94' title="bbox 2021 3295 3644 3373">
    <p class='ocr_par' dir='ltr' id='par_1_94' title="bbox 2021 3295 3644 3373">
     <span class='ocr_line' id='line_1_94' title="bbox 2021 3295 3644 3373; baseline -0.006 -16"><span class='ocrx_word' id='word_1_617' title='bbox 2021 3300 2366 3373; x_wconf 76' lang='lat' dir='ltr'>Vespertina:</span> <span class='ocrx_word' id='word_1_618' title='bbox 2398 3298 2579 3352; x_wconf 89' lang='lat' dir='ltr'>laudis</span> <span class='ocrx_word' id='word_1_619' title='bbox 2610 3297 2792 3350; x_wconf 82' lang='lat' dir='ltr'>oflici-i</span> <span class='ocrx_word' id='word_1_620' title='bbox 2838 3297 3246 3367; x_wconf 83' lang='lat' dir='ltr'>persolventes,</span> <span class='ocrx_word' id='word_1_621' title='bbox 3281 3295 3644 3349; x_wconf 86' lang='lat' dir='ltr'>clementiam</span> 
     </span>
    </p>
   </div>
   <div class='ocr_carea' id='block_1_95' title="bbox 1951 3383 3647 3453">
    <p class='ocr_par' dir='ltr' id='par_1_95' title="bbox 1951 3383 3647 3453">
     <span class='ocr_line' id='line_1_95' title="bbox 1951 3383 3647 3453; baseline -0.006 -9"><span class='ocrx_word' id='word_1_622' title='bbox 1951 3397 2131 3452; x_wconf 89' lang='lat' dir='ltr'>tuam,</span> <span class='ocrx_word' id='word_1_623' title='bbox 2169 3390 2434 3452; x_wconf 74' lang='lat' dir='ltr'>Domine,</span> <span class='ocrx_word' id='word_1_624' title='bbox 2464 3384 2669 3437; x_wconf 90' lang='lat' dir='ltr'>humili</span> <span class='ocrx_word' id='word_1_625' title='bbox 2699 3400 2863 3453; x_wconf 85' lang='lat' dir='ltr'>prece</span> <span class='ocrx_word' id='word_1_626' title='bbox 2889 3383 3266 3453; x_wconf 70' lang='lat' dir='ltr'>deposcimus,</span> <span class='ocrx_word' id='word_1_627' title='bbox 3296 3385 3354 3434; x_wconf 88' lang='lat' dir='ltr'>ut</span> <span class='ocrx_word' id='word_1_628' title='bbox 3385 3383 3647 3435; x_wconf 87' lang='lat' dir='ltr'>nocturni</span> 
     </span>
    </p>
   </div>
   <div class='ocr_carea' id='block_1_96' title="bbox 1951 3472 3644 3542">
    <p class='ocr_par' dir='ltr' id='par_1_96' title="bbox 1951 3472 3644 3542">
     <span class='ocr_line' id='line_1_96' title="bbox 1951 3472 3644 3542; baseline -0.005 -10"><span class='ocrx_word' id='word_1_629' title='bbox 1951 3476 2300 3532; x_wconf 82' lang='lat' dir='ltr'>insidiatoris</span> <span class='ocrx_word' id='word_1_630' title='bbox 2349 3474 2600 3540; x_wconf 80' lang='lat' dir='ltr'>fraudes,</span> <span class='ocrx_word' id='word_1_631' title='bbox 2647 3479 2699 3526; x_wconf 83' lang='lat' dir='ltr'>te</span> <span class='ocrx_word' id='word_1_632' title='bbox 2731 3479 3087 3542; x_wconf 83' lang='lat' dir='ltr'>protegente,</span> <span class='ocrx_word' id='word_1_633' title='bbox 3145 3472 3456 3524; x_wconf 87' lang='lat' dir='ltr'>vincamus.</span> <span class='ocrx_word' id='word_1_634' title='bbox 3541 3472 3644 3524; x_wconf 83' lang='lat' dir='ltr'>Per</span> 
     </span>
    </p>
   </div>
   <div class='ocr_carea' id='block_1_97' title="bbox 1956 3567 2284 3622">
    <p class='ocr_par' dir='ltr' id='par_1_97' title="bbox 1956 3567 2284 3622">
     <span class='ocr_line' id='line_1_97' title="bbox 1956 3567 2284 3622; baseline -0.018 0"><span class='ocrx_word' id='word_1_635' title='bbox 1956 3567 2284 3622; x_wconf 90' lang='lat' dir='ltr'>Dominum.</span> 
     </span>
    </p>
   </div>
   <div class='ocr_carea' id='block_1_98' title="bbox 2023 3648 3645 3718">
    <p class='ocr_par' dir='ltr' id='par_1_98' title="bbox 2023 3648 3645 3718">
     <span class='ocr_line' id='line_1_98' title="bbox 2023 3648 3645 3718; baseline -0.004 -11"><span class='ocrx_word' id='word_1_636' title='bbox 2023 3654 2261 3716; x_wconf 80' lang='lat' dir='ltr'>Exaudi,</span> <span class='ocrx_word' id='word_1_637' title='bbox 2297 3651 2559 3712; x_wconf 87' lang='lat' dir='ltr'>Domine,</span> <span class='ocrx_word' id='word_1_638' title='bbox 2604 3651 2850 3702; x_wconf 82' lang='lat' dir='ltr'>famulos</span> <span class='ocrx_word' id='word_1_639' title='bbox 2884 3657 3026 3713; x_wconf 89' lang='lat' dir='ltr'>tuos,</span> <span class='ocrx_word' id='word_1_640' title='bbox 3071 3650 3392 3718; x_wconf 69' lang='lat' dir='ltr'>vespertina</span> <span class='ocrx_word' id='word_1_641' title='bbox 3424 3648 3645 3700; x_wconf 90' lang='lat' dir='ltr'>nomini</span> 
     </span>
    </p>
   </div>
   <div class='ocr_carea' id='block_1_99' title="bbox 1949 3737 3646 3807">
    <p class='ocr_par' dir='ltr' id='par_1_99' title="bbox 1949 3737 3646 3807">
     <span class='ocr_line' id='line_1_99' title="bbox 1949 3737 3646 3807; baseline -0.005 -10"><span class='ocrx_word' id='word_1_642' title='bbox 1949 3748 2050 3797; x_wconf 89' lang='lat' dir='ltr'>tuo</span> <span class='ocrx_word' id='word_1_643' title='bbox 2085 3748 2211 3796; x_wconf 81' lang='lat' dir='ltr'>vota</span> <span class='ocrx_word' id='word_1_644' title='bbox 2246 3741 2566 3806; x_wconf 82' lang='lat' dir='ltr'>reddentes,</span> <span class='ocrx_word' id='word_1_645' title='bbox 2600 3745 2654 3790; x_wconf 88' lang='lat' dir='ltr'>et</span> <span class='ocrx_word' id='word_1_646' title='bbox 2676 3755 2817 3807; x_wconf 89' lang='lat' dir='ltr'>quos</span> <span class='ocrx_word' id='word_1_647' title='bbox 2841 3738 3179 3807; x_wconf 87' lang='lat' dir='ltr'>persingula</span> <span class='ocrx_word' id='word_1_648' title='bbox 3211 3737 3324 3790; x_wconf 88' lang='lat' dir='ltr'>diei</span> <span class='ocrx_word' id='word_1_649' title='bbox 3356 3743 3646 3790; x_wconf 87' lang='lat' dir='ltr'>momenta</span> 
     </span>
    </p>
   </div>
   <div class='ocr_carea' id='block_1_100' title="bbox 1951 3826 3640 3899">
    <p class='ocr_par' dir='ltr' id='par_1_100' title="bbox 1951 3826 3640 3899">
     <span class='ocr_line' id='line_1_100' title="bbox 1951 3826 3640 3899; baseline -0.005 -13"><span class='ocrx_word' id='word_1_650' title='bbox 1951 3831 2205 3894; x_wconf 88' lang='lat' dir='ltr'>servasti,</span> <span class='ocrx_word' id='word_1_651' title='bbox 2238 3846 2342 3899; x_wconf 86' lang='lat' dir='ltr'>per</span> <span class='ocrx_word' id='word_1_652' title='bbox 2387 3828 2564 3880; x_wconf 88' lang='lat' dir='ltr'>noctis</span> <span class='ocrx_word' id='word_1_653' title='bbox 2603 3827 2856 3896; x_wconf 86' lang='lat' dir='ltr'>quietem</span> <span class='ocrx_word' id='word_1_654' title='bbox 2901 3827 3186 3878; x_wconf 86' lang='lat' dir='ltr'>custodire</span> <span class='ocrx_word' id='word_1_655' title='bbox 3219 3826 3475 3894; x_wconf 86' lang='lat' dir='ltr'>dignare.</span> <span class='ocrx_word' id='word_1_656' title='bbox 3515 3827 3640 3878; x_wconf 87' lang='lat' dir='ltr'>Per.</span> 
     </span>
    </p>
   </div>
   <div class='ocr_carea' id='block_1_101' title="bbox 2023 3914 3644 3992">
    <p class='ocr_par' dir='ltr' id='par_1_101' title="bbox 2023 3914 3644 3992">
     <span class='ocr_line' id='line_1_101' title="bbox 2023 3914 3644 3992; baseline -0.006 -17"><span class='ocrx_word' id='word_1_657' title='bbox 2023 3920 2383 3992; x_wconf 86' lang='lat' dir='ltr'>[Propitiare,</span> <span class='ocrx_word' id='word_1_658' title='bbox 2430 3917 2689 3980; x_wconf 89' lang='lat' dir='ltr'>Domine,</span> <span class='ocrx_word' id='word_1_659' title='bbox 2742 3915 3076 3984; x_wconf 80' lang='lat' dir='ltr'>vespertinis</span> <span class='ocrx_word' id='word_1_660' title='bbox 3132 3914 3644 3984; x_wconf 87' lang='lat' dir='ltr'>supplicationibus</span> 
     </span>
    </p>
   </div>
   <div class='ocr_carea' id='block_1_102' title="bbox 1952 4001 3644 4075">
    <p class='ocr_par' dir='ltr' id='par_1_102' title="bbox 1952 4001 3644 4075">
     <span class='ocr_line' id='line_1_102' title="bbox 1952 4001 3644 4075; baseline -0.006 -11"><span class='ocrx_word' id='word_1_661' title='bbox 1952 4009 2177 4075; x_wconf 90' lang='lat' dir='ltr'>nostris,</span> <span class='ocrx_word' id='word_1_662' title='bbox 2213 4015 2268 4060; x_wconf 87' lang='lat' dir='ltr'>ct</span> <span class='ocrx_word' id='word_1_663' title='bbox 2297 4007 2381 4059; x_wconf 85' lang='lat' dir='ltr'>fac</span> <span class='ocrx_word' id='word_1_664' title='bbox 2429 4022 2531 4058; x_wconf 87' lang='lat' dir='ltr'>nos</span> <span class='ocrx_word' id='word_1_665' title='bbox 2560 4006 2680 4057; x_wconf 90' lang='lat' dir='ltr'>sine</span> <span class='ocrx_word' id='word_1_666' title='bbox 2715 4009 2868 4056; x_wconf 82' lang='lat' dir='ltr'>reatu</span> <span class='ocrx_word' id='word_1_667' title='bbox 2907 4003 3200 4056; x_wconf 87' lang='lat' dir='ltr'>matutinis</span> <span class='ocrx_word' id='word_1_668' title='bbox 3233 4003 3335 4055; x_wconf 91' lang='lat' dir='ltr'>tibi</span> <span class='ocrx_word' id='word_1_669' title='bbox 3377 4001 3644 4055; x_wconf 88' lang='lat' dir='ltr'>laudibus</span> 
     </span>
    </p>
   </div>
   <div class='ocr_carea' id='block_1_103' title="bbox 1949 4097 2469 4168">
    <p class='ocr_par' dir='ltr' id='par_1_103' title="bbox 1949 4097 2469 4168">
     <span class='ocr_line' id='line_1_103' title="bbox 1949 4097 2469 4168; baseline -0.01 -16"><span class='ocrx_word' id='word_1_670' title='bbox 1949 4097 2306 4168; x_wconf 65' lang='lat' dir='ltr'>preesentari.</span> <span class='ocrx_word' id='word_1_671' title='bbox 2342 4098 2469 4148; x_wconf 87' lang='lat' dir='ltr'>Per.</span> 
     </span>
    </p>
   </div>
   <div class='ocr_carea' id='block_1_104' title="bbox 2020 4177 3645 4251">
    <p class='ocr_par' dir='ltr' id='par_1_104' title="bbox 2020 4177 3645 4251">
     <span class='ocr_line' id='line_1_104' title="bbox 2020 4177 3645 4251; baseline -0.006 -11"><span class='ocrx_word' id='word_1_672' title='bbox 2020 4189 2380 4251; x_wconf 70' lang='lat' dir='ltr'>Quaesumus,</span> <span class='ocrx_word' id='word_1_673' title='bbox 2435 4182 2673 4236; x_wconf 90' lang='lat' dir='ltr'>Domine</span> <span class='ocrx_word' id='word_1_674' title='bbox 2732 4183 2877 4234; x_wconf 87' lang='lat' dir='ltr'>Deus</span> <span class='ocrx_word' id='word_1_675' title='bbox 2932 4183 3142 4244; x_wconf 87' lang='lat' dir='ltr'>noster,</span> <span class='ocrx_word' id='word_1_676' title='bbox 3195 4178 3307 4233; x_wconf 89' lang='lat' dir='ltr'>diei</span> <span class='ocrx_word' id='word_1_677' title='bbox 3354 4177 3645 4232; x_wconf 88' lang='lat' dir='ltr'>molestias</span> 
     </span>
    </p>
   </div>
   <div class='ocr_carea' id='block_1_105' title="bbox 1953 4269 3642 4344">
    <p class='ocr_par' dir='ltr' id='par_1_105' title="bbox 1953 4269 3642 4344">
     <span class='ocr_line' id='line_1_105' title="bbox 1953 4269 3642 4344; baseline -0.006 -15"><span class='ocrx_word' id='word_1_678' title='bbox 1953 4276 2131 4329; x_wconf 91' lang='lat' dir='ltr'>noctis</span> <span class='ocrx_word' id='word_1_679' title='bbox 2161 4275 2352 4344; x_wconf 77' lang='lat' dir='ltr'>quiete</span> <span class='ocrx_word' id='word_1_680' title='bbox 2412 4277 2690 4337; x_wconf 85' lang='lat' dir='ltr'>sustenta,</span> <span class='ocrx_word' id='word_1_681' title='bbox 2726 4278 2787 4323; x_wconf 87' lang='lat' dir='ltr'>ut</span> <span class='ocrx_word' id='word_1_682' title='bbox 2818 4270 3135 4323; x_wconf 74' lang='lat' dir='ltr'>necessaria</span> <span class='ocrx_word' id='word_1_683' title='bbox 3185 4275 3512 4338; x_wconf 85' lang='lat' dir='ltr'>temporum</span> <span class='ocrx_word' id='word_1_684' title='bbox 3557 4269 3642 4320; x_wconf 88' lang='lat' dir='ltr'>vi-</span> 
     </span>
    </p>
   </div>
   <div class='ocr_carea' id='block_1_106' title="bbox 1951 4356 3635 4420">
    <p class='ocr_par' dir='ltr' id='par_1_106' title="bbox 1951 4356 3635 4420">
     <span class='ocr_line' id='line_1_106' title="bbox 1951 4356 3635 4420; baseline -0.005 -3"><span class='ocrx_word' id='word_1_685' title='bbox 1951 4362 2282 4417; x_wconf 89' lang='lat' dir='ltr'>cissitudine</span> <span class='ocrx_word' id='word_1_686' title='bbox 2308 4361 2664 4420; x_wconf 86' lang='lat' dir='ltr'>succedente,</span> <span class='ocrx_word' id='word_1_687' title='bbox 2726 4366 2915 4411; x_wconf 85' lang='lat' dir='ltr'>nostra</span> <span class='ocrx_word' id='word_1_688' title='bbox 2978 4358 3266 4410; x_wconf 77' lang='lat' dir='ltr'>reticiatur</span> <span class='ocrx_word' id='word_1_689' title='bbox 3309 4356 3635 4410; x_wconf 77' lang='lat' dir='ltr'>inﬁrmitas.</span> 
     </span>
    </p>
   </div>
   <div class='ocr_carea' id='block_1_107' title="bbox 1953 4446 2879 4568">
    <p class='ocr_par' dir='ltr' id='par_1_107' title="bbox 1953 4446 2879 4568">
     <span class='ocr_line' id='line_1_107' title="bbox 1953 4446 2879 4568; baseline -0.008 -65"><span class='ocrx_word' id='word_1_690' title='bbox 1953 4452 2059 4504; x_wconf 89' lang='lat' dir='ltr'>Per</span> <span class='ocrx_word' id='word_1_691' title='bbox 2089 4446 2448 4516; x_wconf 81' lang='lat' dir='ltr'>Dominuni.]</span> <span class='ocrx_word' id='word_1_692' title='bbox 2707 4517 2810 4568; x_wconf 69' lang='lat' dir='ltr'>CXI</span> <span class='ocrx_word' id='word_1_693' title='bbox 2836 4517 2879 4565; x_wconf 65' lang='grc' dir='ltr'><strong><em>ν</em></strong></span> 
     </span>
    </p>
   </div>
   <div class='ocr_carea' id='block_1_108' title="bbox 2611 4618 3648 4657">
    <p class='ocr_par' dir='ltr' id='par_1_108' title="bbox 2611 4618 3648 4657">
     <span class='ocr_line' id='line_1_108' title="bbox 2611 4618 3648 4657; baseline 0.004 -5"><span class='ocrx_word' id='word_1_694' title='bbox 2611 4618 2778 4656; x_wconf 69' lang='lat' dir='ltr'>SUPER</span> <span class='ocrx_word' id='word_1_695' title='bbox 2845 4618 3247 4655; x_wconf 70' lang='lat' dir='ltr'>ENERGUMENUM</span> <span class='ocrx_word' id='word_1_696' title='bbox 3304 4620 3648 4657; x_wconf 69' lang='lat' dir='ltr'>(JATECHUME-</span> 
     </span>
    </p>
   </div>
   <div class='ocr_carea' id='block_1_109' title="bbox 2723 4707 2879 4745">
    <p class='ocr_par' dir='ltr' id='par_1_109' title="bbox 2723 4707 2879 4745">
     <span class='ocr_line' id='line_1_109' title="bbox 2723 4707 2879 4745; baseline -0.013 0"><span class='ocrx_word' id='word_1_697' title='bbox 2723 4707 2879 4745; x_wconf 80' lang='lat' dir='ltr'>NUM.</span> 
     </span>
    </p>
   </div>
   <div class='ocr_carea' id='block_1_110' title="bbox 2025 4773 3644 4853">
    <p class='ocr_par' dir='ltr' id='par_1_110' title="bbox 2025 4773 3644 4853">
     <span class='ocr_line' id='line_1_110' title="bbox 2025 4773 3644 4853; baseline -0.006 -15"><span class='ocrx_word' id='word_1_698' title='bbox 2025 4785 2420 4853; x_wconf 85' lang='lat' dir='ltr'>Omnipotens,</span> <span class='ocrx_word' id='word_1_699' title='bbox 2455 4779 2803 4847; x_wconf 78' lang='lat' dir='ltr'>sempiterne</span> <span class='ocrx_word' id='word_1_700' title='bbox 2839 4780 3008 4839; x_wconf 85' lang='lat' dir='ltr'>Deus,</span> <span class='ocrx_word' id='word_1_701' title='bbox 3063 4797 3093 4831; x_wconf 87' lang='lat' dir='ltr'>a</span> <span class='ocrx_word' id='word_1_702' title='bbox 3147 4773 3478 4847; x_wconf 53' lang='lat' dir='ltr'>cujus&#39;facie</span> <span class='ocrx_word' id='word_1_703' title='bbox 3517 4778 3644 4831; x_wconf 81' lang='lat' dir='ltr'>coeli</span> 
     </span>
    </p>
   </div>
   <div class='ocr_carea' id='block_1_111' title="bbox 1953 4867 3644 4936">
    <p class='ocr_par' dir='ltr' id='par_1_111' title="bbox 1953 4867 3644 4936">
     <span class='ocr_line' id='line_1_111' title="bbox 1953 4867 3644 4936; baseline -0.006 -8"><span class='ocrx_word' id='word_1_704' title='bbox 1953 4874 2247 4936; x_wconf 80' lang='lat' dir='ltr'>distillant,</span> <span class='ocrx_word' id='word_1_705' title='bbox 2288 4874 2509 4923; x_wconf 86' lang='lat' dir='ltr'>montes.</span> <span class='ocrx_word' id='word_1_706' title='bbox 2540 4873 2683 4920; x_wconf 84' lang='lat' dir='ltr'>sicut</span> <span class='ocrx_word' id='word_1_707' title='bbox 2713 4884 2839 4919; x_wconf 87' lang='lat' dir='ltr'>cera</span> <span class='ocrx_word' id='word_1_708' title='bbox 2872 4868 3217 4936; x_wconf 83' lang='lat' dir='ltr'>liquescunt,</span> <span class='ocrx_word' id='word_1_709' title='bbox 3251 4872 3397 4918; x_wconf 85' lang='lat' dir='ltr'>terra</span> <span class='ocrx_word' id='word_1_710' title='bbox 3433 4867 3644 4926; x_wconf 88' lang='lat' dir='ltr'>tremit,</span> 
     </span>
    </p>
   </div>
   <div class='ocr_carea' id='block_1_112' title="bbox 1954 4955 3649 5032">
    <p class='ocr_par' dir='ltr' id='par_1_112' title="bbox 1954 4955 3649 5032">
     <span class='ocr_line' id='line_1_112' title="bbox 1954 4955 3649 5032; baseline -0.006 -14"><span class='ocrx_word' id='word_1_711' title='bbox 1954 4964 2047 5018; x_wconf 91' lang='lat' dir='ltr'>cui</span> <span class='ocrx_word' id='word_1_712' title='bbox 2071 4967 2266 5032; x_wconf 89' lang='lat' dir='ltr'>patent</span> <span class='ocrx_word' id='word_1_713' title='bbox 2296 4958 2506 5027; x_wconf 68' lang='lat' dir='ltr'>abyssi,</span> <span class='ocrx_word' id='word_1_714' title='bbox 2539 4973 2708 5027; x_wconf 87' lang='lat' dir='ltr'>quem</span> <span class='ocrx_word' id='word_1_715' title='bbox 2740 4955 3286 5024; x_wconf 80' lang='lat' dir='ltr'>inlernuspavescit,</span> <span class='ocrx_word' id='word_1_716' title='bbox 3322 4971 3495 5022; x_wconf 89' lang='lat' dir='ltr'>quem</span> <span class='ocrx_word' id='word_1_717' title='bbox 3521 4971 3649 5008; x_wconf 87' lang='lat' dir='ltr'>om-</span> 
     </span>
    </p>
   </div>
   <div class='ocr_carea' id='block_1_113' title="bbox 1956 5044 3648 5115">
    <p class='ocr_par' dir='ltr' id='par_1_113' title="bbox 1956 5044 3648 5115">
     <span class='ocr_line' id='line_1_113' title="bbox 1956 5044 3648 5115; baseline -0.007 -9"><span class='ocrx_word' id='word_1_718' title='bbox 1956 5053 2046 5106; x_wconf 88' lang='lat' dir='ltr'>nis</span> <span class='ocrx_word' id='word_1_719' title='bbox 2102 5053 2320 5104; x_wconf 87' lang='lat' dir='ltr'>irarum</span> <span class='ocrx_word' id='word_1_720' title='bbox 2356 5059 2542 5100; x_wconf 85' lang='lat' dir='ltr'>motus</span> <span class='ocrx_word' id='word_1_721' title='bbox 2574 5047 2854 5115; x_wconf 88' lang='lat' dir='ltr'>aspiciens</span> <span class='ocrx_word' id='word_1_722' title='bbox 2889 5044 3227 5098; x_wconf 88' lang='lat' dir='ltr'>humiliatur</span> <span class='ocrx_word' id='word_1_723' title='bbox 3259 5059 3271 5096; x_wconf 93' lang='lat'>:</span> <span class='ocrx_word' id='word_1_724' title='bbox 3306 5049 3358 5095; x_wconf 88' lang='lat' dir='ltr'>te</span> <span class='ocrx_word' id='word_1_725' title='bbox 3406 5044 3648 5113; x_wconf 81' lang='lat' dir='ltr'>supplex</span> 
     </span>
    </p>
   </div>
   <div class='ocr_carea' id='block_1_114' title="bbox 1956 5131 3649 5208">
    <p class='ocr_par' dir='ltr' id='par_1_114' title="bbox 1956 5131 3649 5208">
     <span class='ocr_line' id='line_1_114' title="bbox 1956 5131 3649 5208; baseline -0.007 -14"><span class='ocrx_word' id='word_1_726' title='bbox 1956 5143 2254 5208; x_wconf 86' lang='lat' dir='ltr'>deprecor,</span> <span class='ocrx_word' id='word_1_727' title='bbox 2309 5135 2569 5201; x_wconf 80' lang='lat' dir='ltr'>Domine,</span> <span class='ocrx_word' id='word_1_728' title='bbox 2602 5140 2664 5189; x_wconf 90' lang='lat' dir='ltr'>ut</span> <span class='ocrx_word' id='word_1_729' title='bbox 2726 5134 3083 5187; x_wconf 87' lang='lat' dir='ltr'>invocatione</span> <span class='ocrx_word' id='word_1_730' title='bbox 3117 5132 3365 5184; x_wconf 90' lang='lat' dir='ltr'>nominis</span> <span class='ocrx_word' id='word_1_731' title='bbox 3419 5132 3518 5194; x_wconf 90' lang='lat' dir='ltr'>tui,</span> <span class='ocrx_word' id='word_1_732' title='bbox 3579 5131 3649 5182; x_wconf 88' lang='lat' dir='ltr'>ab</span> 
     </span>
    </p>
   </div>
   <div class='ocr_carea' id='block_1_115' title="bbox 1957 5220 3647 5298">
    <p class='ocr_par' dir='ltr' id='par_1_115' title="bbox 1957 5220 3647 5298">
     <span class='ocr_line' id='line_1_115' title="bbox 1957 5220 3647 5298; baseline -0.008 -15"><span class='ocrx_word' id='word_1_733' title='bbox 1957 5229 2126 5298; x_wconf 86' lang='lat' dir='ltr'>hujus</span> <span class='ocrx_word' id='word_1_734' title='bbox 2158 5227 2359 5280; x_wconf 86' lang='lat' dir='ltr'>famuli</span> <span class='ocrx_word' id='word_1_735' title='bbox 2393 5227 2474 5279; x_wconf 87' lang='lat' dir='ltr'>tui</span> <span class='ocrx_word' id='word_1_736' title='bbox 2506 5225 2805 5278; x_wconf 78' lang='lat' dir='ltr'>vexatione</span> <span class='ocrx_word' id='word_1_737' title='bbox 2836 5224 3102 5276; x_wconf 83' lang='lat' dir='ltr'>confusus</span> <span class='ocrx_word' id='word_1_738' title='bbox 3134 5221 3399 5273; x_wconf 92' lang='lat' dir='ltr'>inimicus</span> <span class='ocrx_word' id='word_1_739' title='bbox 3443 5220 3647 5273; x_wconf 87' lang='lat' dir='ltr'>absce-</span> 
     </span>
    </p>
   </div>
   <div class='ocr_carea' id='block_1_116' title="bbox 1957 5308 3654 5384">
    <p class='ocr_par' dir='ltr' id='par_1_116' title="bbox 1957 5308 3654 5384">
     <span class='ocr_line' id='line_1_116' title="bbox 1957 5308 3654 5384; baseline -0.008 -12"><span class='ocrx_word' id='word_1_740' title='bbox 1957 5319 2070 5383; x_wconf 87' lang='lat' dir='ltr'>dat,</span> <span class='ocrx_word' id='word_1_741' title='bbox 2105 5326 2158 5369; x_wconf 90' lang='lat' dir='ltr'>et</span> <span class='ocrx_word' id='word_1_742' title='bbox 2189 5317 2260 5369; x_wconf 87' lang='lat' dir='ltr'>ab</span> <span class='ocrx_word' id='word_1_743' title='bbox 2294 5316 2461 5384; x_wconf 83' lang='lat' dir='ltr'>hujus</span> <span class='ocrx_word' id='word_1_744' title='bbox 2496 5313 2852 5384; x_wconf 85' lang='lat' dir='ltr'>possessione</span> <span class='ocrx_word' id='word_1_745' title='bbox 2897 5311 3089 5363; x_wconf 82' lang='lat' dir='ltr'>anima</span> <span class='ocrx_word' id='word_1_746' title='bbox 3119 5310 3373 5374; x_wconf 87' lang='lat' dir='ltr'>liberata,</span> <span class='ocrx_word' id='word_1_747' title='bbox 3431 5308 3499 5361; x_wconf 87' lang='lat' dir='ltr'>ad</span> <span class='ocrx_word' id='word_1_748' title='bbox 3549 5324 3654 5360; x_wconf 90' lang='lat' dir='ltr'>au-</span> 
     </span>
    </p>
   </div>
   <div class='ocr_carea' id='block_1_117' title="bbox 1960 5401 3642 5469">
    <p class='ocr_par' dir='ltr' id='par_1_117' title="bbox 1960 5401 3642 5469">
     <span class='ocr_line' id='line_1_117' title="bbox 1960 5401 3642 5469; baseline -0.007 -9"><span class='ocrx_word' id='word_1_749' title='bbox 1960 5412 2180 5460; x_wconf 86' lang='lat' dir='ltr'>ctorem</span> <span class='ocrx_word' id='word_1_750' title='bbox 2220 5421 2335 5457; x_wconf 77' lang='lat' dir='ltr'>suae</span> <span class='ocrx_word' id='word_1_751' title='bbox 2368 5404 2563 5456; x_wconf 86' lang='lat' dir='ltr'>salutis</span> <span class='ocrx_word' id='word_1_752' title='bbox 2596 5409 2870 5464; x_wconf 85' lang='lat' dir='ltr'>recurrat,</span> <span class='ocrx_word' id='word_1_753' title='bbox 2913 5401 3394 5469; x_wconf 88' lang='lat' dir='ltr'>liberatoremque</span> <span class='ocrx_word' id='word_1_754' title='bbox 3450 5413 3642 5458; x_wconf 90' lang='lat' dir='ltr'>suum,</span> 
     </span>
    </p>
   </div>
   <div class='ocr_carea' id='block_1_118' title="bbox 1954 4621 2524 4662">
    <p class='ocr_par' dir='ltr' id='par_1_118' title="bbox 1954 4621 2524 4662">
     <span class='ocr_line' id='line_1_118' title="bbox 1954 4621 2524 4662; baseline -0.011 0"><span class='ocrx_word' id='word_1_755' title='bbox 1954 4624 2221 4662; x_wconf 75' lang='lat' dir='ltr'>IMPOSITIO</span> <span class='ocrx_word' id='word_1_756' title='bbox 2301 4621 2524 4658; x_wconf 69' lang='lat' dir='ltr'>)IANUL‘M</span> 
     </span>
    </p>
   </div>
   <div class='ocr_carea' id='block_1_119' title="bbox 1935 5484 3660 5562">
    <p class='ocr_par' dir='ltr' id='par_1_119' title="bbox 1935 5484 3660 5562">
     <span class='ocr_line' id='line_1_119' title="bbox 1935 5484 3660 5562; baseline -0.009 -12"><span class='ocrx_word' id='word_1_757' title='bbox 1935 5495 2246 5550; x_wconf 82' lang='lat' dir='ltr'>diabolico</span> <span class='ocrx_word' id='word_1_758' title='bbox 2279 5495 2458 5547; x_wconf 84' lang='lat' dir='ltr'>fetore</span> <span class='ocrx_word' id='word_1_759' title='bbox 2489 5494 2746 5562; x_wconf 88' lang='lat' dir='ltr'>depulso,</span> <span class='ocrx_word' id='word_1_760' title='bbox 2794 5497 2850 5544; x_wconf 88' lang='lat' dir='ltr'>et</span> <span class='ocrx_word' id='word_1_761' title='bbox 2881 5490 3056 5544; x_wconf 89' lang='lat' dir='ltr'>odore</span> <span class='ocrx_word' id='word_1_762' title='bbox 3109 5487 3446 5543; x_wconf 88' lang='lat' dir='ltr'>suavissimo</span> <span class='ocrx_word' id='word_1_763' title='bbox 3481 5484 3660 5554; x_wconf 72' lang='lat' dir='ltr'>Spir-i-</span> 
     </span>
    </p>
   </div>
  </div>
