4078 6180
453 282 556 334 855

1587 282 1922 338 GBIMALDI
1964 283 2187 339 SANGA
2201 284 2490 341 LLENSIS
2527 287 2818 343 ABBATIS

3815 296 3903 348 856

452 421 545 472 tus
575 418 755 473 sancti
783 420 1072 489 percepto,
1136 420 1427 486 sequatur.
1496 419 1602 471 Per
1658 418 1964 472 Dominum
2024 434 2133 473 no—
2172 422 2219 474 A
2245 421 2424 489 rebat,
2459 422 2694 477 territus
2723 424 2906 491 abeat,
2936 428 2991 478 et
3012 424 3193 478 victus
3221 425 3515 490 abscedat,
3551 425 3761 497 tibique
3792 445 3900 498 pos-

454 512 637 562 strum
651 545 664 559 .

1186 592 1406 648 CXLVI.

633 714 785 753 ITEH
825 713 975 753 ALIA
1012 714 1129 753 PRO
1170 715 1466 754 PARVULO
1504 715 1962 757 ENERGUMBNO.

520 806 757 860 Domine
788 809 999 873 sancte,
1037 806 1201 860 Pater
1260 807 1647 876 omnipotens,
1703 812 1916 862 aeterne
1966 811 2135 874 Deus,

448 894 713 948 virtutem
747 900 903 948 tuam
944 894 1075 948 totis
1106 911 1277 949 exoro
1313 896 1640 965 gemitibus,
1676 914 1778 966 pro
1835 898 2010 968 hujus
2054 899 2136 952 fa-

450 983 593 1037 muli
622 982 705 1035 tui
745 999 1019 1052 oppressa
1066 983 1303 1036 infantia
1333 1001 1344 1037 :
1384 984 1479 1054 qui
1506 985 1680 1038 etiam
1710 986 1966 1055 indignis
1994 987 2145 1041 inter

448 1088 741 1141 pressuras
770 1072 945 1125 donas
974 1072 1306 1141 praesidium
1338 1089 1578 1143 exsurge
1602 1091 1705 1144 pro
1747 1076 1919 1145 hujus
1954 1074 2142 1129 infau-

448 1160 529 1213 tia
558 1160 861 1226 debellata,
888 1166 944 1213 et
975 1162 1088 1214 noli
1118 1161 1215 1214 diu
1235 1162 1479 1215 retinere
1514 1163 1845 1230 vindictam,
1880 1180 1984 1218 nec
2013 1169 2143 1221 ante

450 1251 818 1316 conspectum
848 1252 1010 1300 tuum
1041 1248 1271 1300 veniant
1305 1254 1609 1317 parentum
1651 1250 1875 1315 delicta,
1909 1251 2009 1321 qui
2039 1267 2144 1304 nec

450 1352 553 1406 pro
576 1334 692 1388 ﬁlio
722 1340 965 1404 patrem,
992 1351 1095 1388 nec
1120 1352 1223 1405 pro
1244 1341 1407 1406 patre
1439 1337 1752 1406 promisisti
1774 1338 1960 1391 ﬁlium
1984 1340 2139 1407 judi-

452 1423 613 1478 cari:
660 1424 953 1485 auxiliare,
1004 1440 1358 1494 quaesumus,
1404 1425 1621 1479 inimici
1668 1427 1858 1480 furore
1914 1434 2141 1493 vexato,

452 1528 525 1566 ne
575 1513 696 1565 sine
740 1513 1080 1582 baptismate
1132 1513 1303 1566 facias
1353 1515 1478 1583 ejus
1522 1516 1773 1569 animam
1825 1533 1857 1569 a
1913 1517 2143 1571 diabolo

452 1601 751 1671 possideri,
804 1602 902 1655 sed
947 1602 1138 1671 potius
1174 1607 1371 1655 tenera
1420 1609 1555 1656 astas
1606 1605 1870 1675 malignis
1903 1622 2143 1675 oppres-

454 1690 710 1743 sionibus
761 1690 1020 1748 liberata.
1065 1690 1170 1744 tibi
1230 1691 1438 1744 referat
1476 1693 1689 1761 gratias
1741 1694 2139 1763 sempiternas.

455 1780 581 1833 Per.

1180 1866 1425 1922 CXLVII.

621 1988 774 2027 ΙΤΕΜ
807 1987 1007 2027 SUPER
1045 1988 1530 2029 ENERGUMENUM
1566 1990 2005 2032 BAPTIZATUM.

527 2081 674 2134 Deus
725 2080 1088 2149 angelorum,
1123 2082 1266 2133 Deus
1296 2080 1794 2149 archangelorum,
1840 2083 1987 2136 Deus
2016 2100 2153 2154 pro-

455 2167 779 2237 phetarum,
813 2169 958 2220 Deus
995 2169 1408 2237 apostolorum,
1440 2168 1587 2221 Deus
1618 2174 1961 2239 martyrum,
2006 2174 2153 2226 Deus

454 2256 765 2326 virginum,
818 2256 966 2309 Deus
1025 2258 1190 2309 Pater
1244 2256 1474 2310 Domini
1515 2257 1695 2311 nostri
1750 2260 1877 2312 Jesu
1921 2261 2153 2328 Christi,

456 2345 656 2398 invoco
684 2349 939 2397 sanctum
973 2361 1183 2397 nomen
1214 2351 1402 2413 tuum,
1427 2361 1489 2398 ac
1511 2347 1793 2416 praeclarae
1838 2349 2155 2419 majestatis

456 2438 571 2485 tuae
601 2432 969 2485 clementiam
1008 2433 1246 2502 supplex
1277 2449 1540 2502 exposco,
1586 2440 1646 2487 ut
1701 2436 1844 2488 mihi
1877 2437 2155 2491 auxilium

459 2524 731 2590 praestare
757 2519 1013 2589 digneris
1062 2520 1330 2573 adversus
1377 2521 1531 2574 hunc
1584 2523 2002 2593 nequissimum
2042 2527 2157 2596 spi-

459 2606 655 2667 ritum,
686 2611 750 2659 ut
782 2606 1110 2677 ubicunque
1146 2608 1301 2671 latet,
1355 2610 1551 2661 audito
1580 2610 1816 2664 nomine
1848 2617 1968 2675 tuo,
2001 2615 2159 2667 velo-

459 2695 600 2747 citer
636 2700 800 2747 exeat
846 2696 933 2747 vel
966 2696 1208 2749 recedat.
1266 2697 1386 2765 Ipse
1418 2698 1571 2749 enim
1605 2698 1709 2751 tibi
1740 2699 2005 2769 imperat,
2039 2702 2159 2755 dia-

464 2783 613 2847 bole,
640 2782 738 2851 qui
772 2783 954 2835 ventis
983 2788 1037 2835 et
1068 2784 1213 2836 mari
1245 2785 1331 2837 vel
1363 2787 1798 2853 tempestatibus
1830 2788 2155 2858 imperavit.

463 2873 590 2941 Ipse
616 2872 719 2925 tibi
751 2872 1017 2941 imperat,
1056 2874 1151 2943 qui
1180 2878 1234 2925 te
1268 2873 1337 2926 de
1368 2874 1630 2942 supernis
1662 2877 1938 2930 caelorum
1978 2877 2039 2932 in
2068 2878 2157 2931 in-

462 2962 669 3015 feriora
706 2965 869 3013 terrae
920 2961 1176 3031 demergi
1216 2964 1499 3031 praecepit.
1569 2965 1693 3032 Ipse
1734 2965 1837 3018 tibi
1893 2966 2161 3036 imperat,

464 3050 563 3119 qui
595 3056 648 3101 te
678 3054 996 3103 retrorsum
1031 3050 1217 3103 redire
1258 3052 1549 3121 praecepit.
1586 3053 1733 3106 Audi
1761 3069 1899 3121 ergo
1934 3060 1988 3107 et
2019 3055 2157 3109 time

464 3138 721 3204 Satanas,
757 3138 935 3191 victus
971 3144 1026 3191 et
1056 3144 1373 3207 prostratus
1406 3141 1646 3194 abscede
1674 3142 1734 3194 in
1768 3142 2003 3196 nomine
2054 3145 2159 3197 D0-

469 3227 610 3279 mini
642 3226 822 3280 nostri
852 3228 978 3280 Jesu
1005 3227 1232 3281 Christi.
1280 3229 1357 3280 Tu
1393 3244 1551 3297 ergo,
1591 3230 1943 3299 nequissime
1995 3232 2157 3286 Sata-

468 3332 595 3379 nas,
631 3315 898 3368 inimicus
930 3315 1065 3368 ﬁdei
1098 3316 1328 3386 generis
1360 3317 1620 3383 humani,
1686 3320 1888 3371 mortis
1936 3326 2156 3389 raptor,

463 3403 698 3475 justitiaz
729 3404 1065 3469 declinator,
1103 3406 1383 3458 malorum
1420 3406 1594 3471 radix,
1654 3406 1837 3460 fomes
1866 3408 2158 3475 vitiorum,

469 3493 733 3545 seductor
762 3492 1088 3557 hominum,
1122 3493 1379 3562 perditor
1409 3496 1690 3562 gentium,
1728 3495 1994 3549 incitator
2023 3497 2163 3551 invi-

469 3581 597 3643 diae,
630 3580 792 3648 origo
846 3579 1120 3645 avaritiae,
1167 3597 1335 3634 causa
1381 3582 1696 3646 discordiae,
1739 3584 2014 3638 excitator
2062 3586 2163 3639 do-

470 3669 678 3727 lorum,
715 3668 1044 3721 dzemonum
1076 3670 1369 3740 magister,
1403 3672 1501 3741 qui
1532 3676 1643 3725 stas
1676 3678 1732 3726 et
1761 3674 1997 3739 resistis,
2034 3691 2164 3729 cum

472 3756 580 3811 scis
599 3772 731 3810 eum
761 3760 883 3810 tuas
914 3758 1149 3826 perdere
1180 3759 1322 3812 vires
1355 3760 1517 3813 illum
1553 3765 1743 3815 metue
1773 3762 1871 3832 qui
1903 3762 1963 3816 in
2012 3764 2166 3817 Isaac

471 3846 801 3900 immolatus
841 3852 945 3911 est,
971 3845 1029 3898 in
1059 3848 1269 3916 Joseph
1320 3849 1698 3915 venundatus,
1728 3851 1786 3903 in
1830 3868 1978 3921 agno
2018 3853 2162 3905 occi-

473 3950 586 4000 sus,
622 3933 681 3986 in
708 3933 942 3987 homine
987 3934 1314 4002 cruciﬁxus,
1350 3936 1553 3989 deinde
1609 3937 2018 4007 triumphator.
2055 3940 2162 3993 Re-

474 4022 610 4077 cede
641 4023 700 4075 in
730 4022 963 4075 nomine
996 4024 1196 4085 Patris,
1233 4028 1287 4075 et
1332 4024 1478 4090 Filii,
1516 4030 1570 4077 et
1603 4025 1848 4095 Spiritus
1879 4026 2078 4094 sancti,
2114 4032 2171 4081 et

475 4111 546 4164 da
588 4110 779 4163 locum
818 4110 1059 4178 Spiritui
1122 4116 1335 4175 sancto,
1385 4128 1489 4180 per
1534 4112 1644 4166 hoc
1712 4114 1940 4183 signum
1988 4115 2170 4169 crucis

477 4198 682 4253 Christi
711 4197 937 4251 Domini
962 4198 1161 4252 nostri.
1184 4198 1292 4261 Qui
1324 4204 1594 4252 venturus
1621 4204 1703 4254 est
1729 4200 2006 4271 judicare.

1249 4306 1404 4358 Alia.

552 4391 699 4444 Deus
728 4390 995 4445 conditor
1029 4396 1084 4445 et
1116 4392 1379 4446 defensor
1408 4394 1633 4462 generis
1662 4395 1920 4462 humani,
1946 4397 2046 4467 qui
2074 4397 2172 4451 ho-

482 4480 693 4534 minem
735 4481 806 4534 ad
834 4480 1146 4550 imaginem
1178 4486 1231 4534 et
1264 4482 1698 4536 similitudinem
1749 4489 1906 4538 tuam
1951 4487 2170 4553 ,forma-

481 4570 573 4633 sti,
607 4568 824 4639 respice
854 4585 1027 4639 super
1068 4570 1222 4625 hunc
1252 4571 1531 4625 famulum
1563 4578 1747 4641 tuum,
1789 4575 1889 4645 qui
1922 4576 2067 4630 dolis
2096 4577 2175 4630 in-

481 4658 600 4713 vidi
630 4659 910 4730 serpentis
961 4660 1261 4730 appetitur,
1296 4677 1464 4731 quem
1498 4667 1656 4716 vetus
1712 4664 2068 4718 adversarius
2118 4669 2176 4719 et

481 4748 662 4803 hostis
690 4748 962 4819 antiquus
1014 4754 1152 4803 atria
1196 4750 1521 4804 formidinis
1564 4752 1803 4805 horrore
1857 4754 2171 4808 circumvo-

480 4838 583 4903 lat,
616 4841 673 4891 et
732 4854 961 4891 sensum
994 4839 1203 4892 mentis
1228 4839 1497 4893 humana:
1543 4844 1776 4911 stupore
1808 4841 2026 4912 deﬁgit,
2057 4846 2169 4895 ter-

482 4942 612 4981 rore
641 4927 963 4994 conturbat,
996 4933 1052 4980 et
1080 4932 1232 4981 metu
1266 4928 1476 4998 trepidi
1506 4929 1726 4983 timoris
1758 4931 2005 5001 exagitat
2038 4947 2051 4984 :
2086 4947 2174 4984 re-

480 5016 651 5085 pelle,
682 5015 944 5083 Domine,
974 5015 1242 5069 virtutem
1275 5016 1503 5082 diaboli,
1560 5018 1903 5090 fallacesque
1933 5018 2056 5089 ejus
2084 5019 2172 5073 in-

481 5102 653 5157 sidias
682 5119 904 5169 amove,
945 5104 1144 5173 procul
1194 5104 1407 5175 impius
1465 5112 1719 5162 tentator
1749 5108 2053 5178 aufugiat:
2101 5108 2175 5162 sit

483 5190 735 5245 nominis
768 5191 853 5244 tui
899 5191 1060 5261 signo
1121 5192 1367 5254 famulis,
1428 5195 1541 5247 tuis
1594 5210 1663 5248 ex
1694 5196 1888 5248 animo
1919 5200 2070 5249 totus
2117 5200 2174 5249 et

484 5296 725 5349 corpore
759 5297 771 5333 :
808 5284 866 5333 tu
899 5281 1145 5351 pectoris
1185 5282 1356 5353 hujus
1389 5283 1615 5336 interna
1648 5284 1953 5349 custodias,
1998 5288 2063 5337 tu
2085 5284 2171 5337 vi-

484 5384 641 5423 scera
689 5386 873 5440 regas,
914 5375 974 5424 tu
1006 5372 1177 5425 corda
1229 5373 1551 5435 conﬁrmes,
1586 5373 1778 5426 inania
1808 5373 2168 5439 adversariae,

486 5458 779 5524 potestatis
817 5460 1169 5513 tentamenta
1198 5466 1555 5516 evanescant.
1592 5463 1670 5514 Da
1700 5462 1767 5514 ad
1827 5461 1973 5515 hanc
2018 5461 2173 5515 invo-

481 5544 767 5598 cationem
792 5546 1044 5600 nominis
1088 5548 1171 5601 tui
1197 5549 1459 5618 gratiam,
1505 5555 1566 5602 ut
1596 5550 1695 5619 qui
1719 5550 2018 5621 hucusque
2064 5554 2172 5604 ter-

2254 509 2327 563 sit
2355 510 2447 564 hic
2478 526 2670 565 servus
2714 517 2848 565 tuus
2896 513 3067 567 corde
3099 513 3324 567 ﬁrmato
3374 518 3431 568 et
3483 519 3667 568 mente
3714 515 3905 571 sincera

2254 598 2507 653 debitum
2540 601 2796 671 praebere
2825 602 3190 656 famulatum.
3220 605 3326 656 Per
3357 603 3677 657 Dominum.

3028 693 3175 745 Alia.

2327 778 2565 832 Domine
2609 783 2817 847 sancte,
2868 781 3033 833 Pater
3090 779 3472 850 omnipotens,
3507 785 3716 835 aeterne
3765 783 3905 849 Deus,

2257 866 2520 920 Hosanna
2550 866 2608 919 in
2639 868 2886 932 excelsis,
2925 870 3090 921 Pater
3110 869 3339 923 Domini
3362 869 3537 922 nostri
3556 870 3580 923 ὅ
3590 886 3685 923 esu
3710 869 3905 935 Christi,

2251 953 2352 1025 qui
2383 954 2544 1008 illum
2574 956 2834 1025 refugam
2858 961 3165 1026 tyrannum
3195 958 3473 1027 gehennae
3496 957 3792 1027 deputasti,
3824 958 3907 1028 qui

2254 1042 2623 1111 Unigenitum
2654 1049 2817 1097 tuum
2846 1044 2906 1097 in
2938 1044 3088 1098 hunc
3120 1046 3398 1099 mundum
3430 1046 3652 1108 misisti,
3689 1051 3748 1098 ut
3771 1046 3909 1099 illum

2252 1130 2573 1199 rugientem
2606 1131 2829 1185 leonem
2862 1137 3198 1199 contereret,
3241 1134 3507 1187 velociter
3551 1134 3813 1204 adtende;
3839 1150 3908 1187 ac-

2253 1220 2457 1284 celera,
2495 1224 2555 1272 ut
2606 1219 2813 1290 eripias
2860 1221 3178 1285 hominem,
3213 1222 3281 1275 ad
3316 1224 3629 1292 imaginem
3662 1228 3715 1275 et
3738 1222 3908 1275 simili-

2253 1304 2512 1357 tudinem
2534 1309 2691 1358 tuam
2723 1310 3000 1374 creatum,
3033 1322 3065 1358 a
3090 1306 3258 1360 ruina
3284 1312 3340 1360 et
3372 1308 3657 1361 daemonio
3687 1308 3913 1361 meridia-

2255 1408 2349 1445 no.
2379 1394 2477 1460 Da,
2514 1394 2773 1460 Domine,
2806 1398 3082 1448 terrorem
3107 1400 3269 1448 tuum
3300 1412 3472 1464 super
3511 1396 3768 1461 bestiam,
3807 1412 3908 1466 qua:

2254 1481 2651 1533 exterminavit
2699 1482 2922 1535 vineam
2970 1487 3160 1548 tuam;
3197 1483 3268 1535 da
3313 1482 3581 1536 ﬁdutiam
3612 1484 3777 1536 servis
3820 1482 3909 1536 tuis

2254 1573 2449 1621 contra
2521 1568 2935 1640 nequissimum
2992 1570 3300 1624 draconem
3359 1571 3584 1625 fortiter
3638 1578 3799 1637 stare,
3854 1588 3909 1624 ne

2253 1662 2581 1710 contemnat
2628 1662 2923 1726 sperantes
2981 1658 3041 1711 in
3091 1664 3166 1726 te,
3217 1666 3274 1712 et
3300 1660 3449 1712 dicat
3494 1661 3643 1713 sicut
3685 1660 3741 1712 in
3790 1661 3909 1713 Pha-

2263 1762 2433 1799 raone
2474 1746 2595 1815 jam
2627 1746 2763 1800 olim
2803 1746 2990 1800 dixit:
3026 1748 3205 1801 Deum
3252 1764 3366 1801 non
3413 1749 3566 1815 novi,
3622 1765 3724 1802 nec
3770 1748 3911 1802 Israel

2261 1834 2510 1888 dimitto.
2560 1836 2765 1904 Urgeat
2809 1833 2994 1901 illum,
3038 1836 3300 1901 Domine,
3330 1837 3562 1890 dextera
3610 1842 3704 1891 tua
3724 1840 3913 1906 potens,

2264 1923 2549 1976 discedere
2581 1938 2610 1975 a
2642 1923 2880 1989 famulo,
2914 1928 3032 1988 tuo,
3065 1939 3133 1976 ne
3165 1923 3381 1977 diutius
3431 1929 3741 1992 praesumat
3767 1922 3914 1992 capti-

2268 2028 2399 2063 vum
2431 2016 2626 2064 tenere
2648 2010 2969 2079 hominem,
3009 2028 3178 2082 quem
3220 2018 3282 2066 tu
3312 2012 3381 2065 ad
3415 2012 3730 2081 imaginem
3761 2012 3914 2064 facere

2263 2099 2532 2170 dignatus
2565 2116 2642 2153 es.
2677 2100 2891 2169 Adjuro
2946 2105 2999 2153 te
3049 2117 3209 2170 ergo,
3253 2117 3487 2170 serpens
3545 2101 3794 2170 antique,
3837 2114 3917 2168 per

2256 2187 2509 2257 judicem
2540 2188 2794 2241 vivorum
2829 2194 2885 2242 et
2905 2194 3288 2255 mortuorum,
3320 2189 3708 2259 perfactorem
3730 2187 3915 2252 mundi,

2264 2293 2366 2347 per
2397 2293 2530 2330 eum
2562 2276 2662 2346 qui
2686 2276 2858 2330 habet
2890 2282 3227 2348 potestatem
3262 2278 3489 2331 mittere
3517 2277 3577 2330 in
3610 2277 3915 2348 gehennam,

2264 2370 2327 2419 ut
2358 2365 2426 2418 ab
2448 2365 2553 2419 hoc
2582 2366 2796 2418 famulo
2836 2366 2956 2431 Dei,
2986 2366 3085 2435 qui
3113 2366 3183 2418 ad
3215 2364 3479 2419 Ecclesia:
3510 2366 3785 2435 praesepia
3811 2380 3917 2416 con-

2265 2454 2461 2520 currit,
2495 2470 2625 2507 cum
2673 2460 2831 2507 metu
2880 2459 2936 2507 et
2981 2454 3230 2506 exercitu
3292 2454 3502 2506 furoris
3547 2453 3635 2505 tui
3686 2452 3919 2506 festinans

2265 2539 2541 2593 discedas.
2574 2539 2793 2610 Adjuro
2826 2546 2880 2593 te
2912 2557 3027 2593 non
3060 2557 3185 2594 mea
3230 2540 3591 2607 inﬁrmitate,
3630 2540 3723 2593 sed
3750 2540 3803 2592 in
3830 2540 3918 2590 vir-

2268 2632 2389 2680 tute
2443 2627 2623 2680 sancti
2681 2627 2946 2697 Spiritus,
2998 2634 3062 2682 ut
3094 2628 3318 2682 desinas
3365 2629 3483 2698 [al.,
3518 2629 3707 2698 exeas]
3750 2627 3812 2680 ab
3838 2626 3920 2678 hoc

2268 2715 2484 2768 famulo
2518 2714 2617 2768 Dei
2652 2716 2740 2779 N.,
2769 2732 2943 2785 quem
2976 2718 3343 2786 omnipotens
3369 2717 3513 2769 Deus
3547 2716 3618 2769 ad
3648 2713 3918 2783 imaginem

2270 2818 2432 2856 suam
2462 2803 2613 2856 fecit.
2648 2804 2812 2869 Cede,
2848 2803 2983 2857 cede
3018 2820 3133 2856 non
3168 2804 3326 2870 mihi,
3361 2804 3457 2858 sed
3486 2802 3768 2873 mysteriis
3787 2800 3919 2856 Chri-

2270 2892 2359 2945 sti.
2384 2892 2545 2945 lllius
2573 2892 2726 2945 enim
2757 2899 2810 2946 te
2842 2897 3112 2963 perurget
3176 2898 3448 2963 potestas,
3483 2894 3587 2963 qui
3618 2900 3671 2946 te
3700 2891 3922 2959 afﬂigens

2202 2976 2242 3031 C
2269 2980 2389 3049 [al..
2414 2980 2734 3049 adﬁigens],
2760 2981 2914 3034 cruci
2945 2998 3063 3035 sua:
3097 2981 3443 3051 subjugavit.
3476 2980 3638 3034 Illius
3666 2978 3921 3034 brachium

2266 3074 2676 3132 contremesce,
2708 3068 2807 3138 qui
2838 3068 3068 3122 devictis
3098 3068 3408 3137 gemitibus
3458 3068 3693 3135 inferni,
3742 3068 3923 3121 animas

2270 3156 2337 3209 ad
2386 3156 2572 3209 lucem
2608 3157 2895 3226 perduxit.
2944 3157 3026 3211 Sit
3067 3156 3171 3210 tibi
3212 3162 3399 3209 terror
3435 3173 3649 3227 corpus
3692 3154 3920 3211 hominis.

2269 3245 2342 3297 sit
2373 3244 2475 3297 tibi
2502 3244 2749 3297 formido
2782 3245 2971 3315 imago
3004 3245 3134 3310 Dei;
3172 3261 3276 3297 nec
3315 3244 3561 3311 resistas,
3592 3261 3693 3298 nec
3725 3240 3923 3296 moreris

2272 3334 2559 3388 discedere
2595 3334 2664 3387 ab
2721 3334 2977 3397 homine,
3014 3334 3291 3405 quoniam
3344 3335 3699 3403 complacuit
3741 3331 3923 3386 Christo

2272 3426 2334 3475 ut
2363 3422 2422 3475 in
2459 3422 2693 3475 homine
2724 3422 3024 3477 habitaret.
3061 3423 3124 3475 Et
3157 3438 3229 3476 ne
3261 3437 3353 3474 me
3385 3421 3685 3475 infirmum
3716 3422 3925 3473 contem-

2272 3510 2525 3563 nendum
2556 3514 2741 3580 putes,
2775 3511 2912 3564 dum
2963 3526 3053 3564 me
3086 3515 3441 3579 peccatorem
3498 3508 3675 3561 nimis
3710 3522 3819 3560 esse
3860 3518 3925 3555 co-

2272 3599 2509 3669 gnoscis.
2540 3602 2785 3669 Imperat
2813 3598 2917 3652 tibi
2951 3599 3243 3659 Dominus,
3286 3599 3533 3667 imperat
3564 3599 3671 3652 tibi
3704 3597 3925 3665 majestas

2275 3686 2505 3755 Christi,
2533 3686 2781 3756 imperat
2811 3687 2913 3740 tibi
2950 3688 3114 3752 Deus,
3148 3687 3334 3751 Pater,
3368 3687 3619 3755 imperat
3662 3685 3759 3738 tibi
3789 3682 3925 3736 Filius

2273 3779 2329 3826 et
2382 3773 2627 3842 Spiritus
2656 3778 2904 3837 sanctus,
2949 3773 3195 3842 imperat
3223 3772 3327 3825 tibi
3362 3772 3756 3840 apostolorum
3787 3769 3923 3827 ﬁdes,

2275 3861 2453 3915 sancti
2505 3861 2657 3915 Petri
2711 3866 2766 3915 et
2818 3861 3002 3929 Pauli,
3034 3866 3089 3914 et
3142 3868 3480 3913 caeterorum
3538 3860 3924 3930 apostolorum;

2276 3952 2525 4022 imperat
2555 3951 2659 4005 tibi
2708 3952 3068 4022 indulgentia
3116 3952 3533 4015 confessorum,
3594 3952 3825 4021 imperat
3850 3943 3926 3998 tibi

2277 4046 2593 4110 martyrum
2623 4040 2873 4109 sanguis,
2928 4040 3173 4110 imperat
3216 4040 3321 4092 tibi
3378 4048 3800 4093 sacramentum
3829 4050 3928 4087 cru-

2277 4126 2376 4191 cis,
2405 4127 2653 4197 imperat
2677 4128 2781 4182 tibi
2805 4129 3209 4199 mysteriorum
3245 4128 3439 4180 virtus.
3482 4128 3607 4194 Exi,
3660 4132 3926 4192 transgres-

2280 4232 2392 4283 sor,
2416 4218 2527 4284 exi,
2558 4218 2843 4282 seductor,
2873 4217 3041 4288 plene
3078 4216 3238 4270 omni
3272 4217 3405 4271 dolo
3438 4222 3493 4270 et
3541 4215 3779 4279 fallacia,
3812 4208 3927 4263 veri-

2207 4277 2409 4359 Dtatis
2450 4306 2703 4372 inimice,
2773 4306 3166 4361 innocentium
3216 4310 3565 4375 persecutor.
3628 4307 3707 4360 Da
3758 4305 3923 4358 locum.

2281 4394 2606 4461 durissime,
2631 4397 2701 4450 da
2750 4396 2961 4461 locum,
2994 4394 3359 4465 impiissime,
3403 4396 3475 4449 da
3504 4396 3693 4450 locum
3723 4392 3922 4449 Christo,

2279 4481 2340 4535 in
2372 4499 2486 4552 quo
2508 4483 2651 4537 nihil
2672 4483 2941 4537 invenisti
2974 4482 3043 4536 de
3073 4483 3339 4552 operibus
3367 4483 3498 4550 tuis,
3552 4499 3667 4554 que
3696 4488 3747 4534 te
3770 4489 3927 4543 exspo'

2282 4569 2455 4638 liavit,
2516 4571 2615 4642 qui
2665 4586 2907 4640 regnum
2955 4576 3118 4624 tuum
3175 4571 3471 4637 destruxit,
3531 4572 3717 4641 quite
3754 4567 3923 4619 victum

2281 4660 2497 4730 ligavit,
2551 4666 2604 4714 et
2625 4676 2756 4714 vasa
2780 4665 2876 4714 tua
2916 4659 3180 4729 disrupit,
3224 4660 3322 4729 qui
3356 4667 3408 4713 te
3442 4660 3685 4731 projecit
3713 4658 3766 4711 in
3796 4662 3925 4708 tene-

2280 4748 2413 4803 bras
2434 4750 2760 4817 exteriores,
2786 4750 2882 4804 ubi
2921 4749 3023 4803 tibi
3056 4766 3182 4803 cum
3216 4750 3493 4803 ministris
3525 4750 3644 4802 tuis
3676 4748 3776 4801 erit
3810 4754 3922 4810 pre-

2281 4843 2512 4908 paratus
2540 4838 2851 4907 {interitus.
2903 4838 3011 4893 Sed
3042 4839 3178 4909 quid
3230 4855 3401 4905 nunc,
3435 4839 3786 4897 trnculente,
3813 4846 3924 4885 reco-

2282 4926 2467 4994 gitas‘?
2487 4927 2646 4997 quid,
2676 4925 3003 4991 temerarie,
3035 4931 3306 4979 retractas
3325 4925 3351 4979 ?
3400 4927 3548 4980 Reus
3583 4914 3924 4991 omnipotenti

2284 5016 2396 5069 Deo
2438 5014 2600 5083 cujus
2641 5017 2853 5067 statuta
2901 5019 3287 5083 transgressus
3324 5030 3402 5067 es.
3458 5013 3610 5069 Reus
3658 5011 3789 5067 Filio
3832 5006 3926 5075 ejus

2280 5105 2409 5158 Jesu
2438 5104 2685 5169 Christo,
2726 5119 2897 5174 quem
2937 5109 3159 5157 tentare
3212 5120 3384 5157 ausus
3421 5119 3480 5157 es
3537 5110 3593 5156 et
3640 5098 3925 5166 cruciﬁgere

2282 5193 2723 5264 praesumpsisti.
2758 5194 2909 5247 Reus
2958 5194 3210 5246 humano
3259 5193 3473 5263 generi,
3516 5193 3607 5246 cui
3654 5204 3795 5245 mors
3842 5180 3927 5236 tuiS

2282 5282 2750 5352 persuasionibus
2786 5282 2959 5335 venit.
2989 5282 3206 5353 Adjuro
3238 5288 3293 5336 te
3323 5299 3483 5353 ergo,
3514 5283 3684 5336 draco
3733 5272 3925 5345 nequis-

2280 5369 2444 5437 sime,
2478 5370 2537 5423 in
2568 5370 2802 5423 nomine
2832 5370 2968 5440 agni
2995 5371 3348 5424 immaculati
3380 5371 3479 5441 qui
3528 5365 3825 5423 ambulavit
3852 5374 3924 5412 su-

2281 5475 2384 5529 per
2414 5459 2671 5530 aspidem
2713 5463 2768 5513 et
2814 5459 3166 5529 basiliscum,
3204 5459 3305 5530 qui
3336 5458 3682 5514 conculcavit
3736 5458 3922 5509 leonem

2282 5553 2339 5603 et
2367 5549 2695 5615 draconem,
2759 5553 2824 5604 ut
2869 5548 3127 5602 discedas
3174 5549 3245 5602 ab
3292 5548 3544 5615 homine,
3594 5543 3831 5602 discedas
3868 5534 3921 5588 ab
