4078 6180
216 284 321 337 857

1044 286 1253 342 LIBER
1292 286 1942 344 SACRAMENTORUM.
1975 320 2043 328 —
2077 291 2627 350 BENEDICTIONES
2666 294 2879 350 EPISC.

3610 300 3714 353 858

213 417 461 472 Ecclesia
490 417 609 472 Dei.
646 419 1037 473 Contremesce
1077 422 1132 472 et
1170 418 1379 489 effuge,
1415 419 1676 473 invocato
1716 420 1909 474 nomi-
1950 424 1997 476 Α
2026 424 2416 493 praesumebas
2445 424 2799 495 contingere.
2826 427 3044 481 Recede
3066 443 3203 497 ergo
3236 443 3389 481 nunc
3418 428 3716 498 adjuratus

212 523 285 560 ne
336 508 565 562 Domini
604 508 757 561 illius
804 524 976 579 quem
1017 508 1185 561 inferi
1225 514 1498 575 tremunt,
1543 509 1634 564 cui
1678 511 1915 565 virtutes

208 596 506 663 cmlorum,
561 602 616 650 et
668 601 993 666 potestates,
1062 602 1117 650 et
1165 598 1593 652 dominationes
1647 598 1914 668 subjectus

207 690 365 745 sunt,
400 701 572 755 quem
604 684 884 739 cherubin
931 691 986 738 ct
1022 686 1293 756 seraphin
1342 686 1641 740 indefessis
1684 687 1913 741 vocibus

204 772 467 827 laudant.
504 774 749 844 Imperat
783 774 887 828 tibi
921 775 1169 828 Verbum
1210 792 1339 829 caro
1374 775 1616 841 factum;
1664 775 1912 844 imperat

202 861 315 915 tibi
350 866 518 915 natus
547 879 612 916 ex
655 862 895 933 virgine,
931 862 1175 933 imperat
1220 864 1319 918 tibi
1359 866 1518 918 Jesus
1564 866 1907 931 Nazarenus,

205 950 414 1019 quite,
444 967 571 1004 cum
604 950 911 1021 discipulos
942 952 1065 1021 ejus
1116 958 1535 1017 contemneres,
1574 952 1813 1005 illaesum
1855 957 1913 1006 et

203 1043 562 1107 prostratum
608 1040 762 1092 exire
810 1040 983 1108 jussit
1026 1040 1095 1093 ab
1141 1040 1396 1106 homine,
1433 1040 1553 1104 Quo
1604 1046 1906 1110 praesente,

207 1142 341 1179 cum
376 1133 428 1179 te
460 1127 527 1180 ab
559 1127 792 1183 homine
835 1136 1171 1198 separasset,
1209 1145 1311 1183 nec
1340 1145 1640 1199 porcorum
1673 1146 1910 1201 gregem

281 1288 438 1340 l*Hic
504 1287 632 1340 ﬁnis
691 1291 816 1341 erat
892 1288 1019 1340 libri
1080 1288 1574 1342 Sacramentorum
1631 1289 1907 1344 Grimoldi

210 1358 438 1412 abbatis
468 1358 524 1411 in
567 1358 857 1428 praecipuo
888 1358 1081 1411 codice
1127 1376 1229 1410 ms.
1273 1360 1617 1412 Coloniensi.
1647 1362 1792 1424 Quia
1822 1368 1907 1414 ta-

210 1445 349 1482 men
387 1430 444 1482 in
479 1434 711 1499 prologo
743 1430 915 1498 hujus
968 1429 1097 1481 libri
1130 1429 1302 1481 etiam
1348 1431 1750 1484 Praefationum
1782 1449 1902 1485 me-

209 1502 387 1553 minit
412 1516 552 1569 quas
584 1501 641 1553 in
676 1501 789 1553 line
822 1500 1029 1553 codicis
1060 1500 1228 1569 hujus
1262 1502 1533 1569 posuerit,
1569 1508 1621 1554 et
1666 1503 1899 1555 Benedi—

211 1572 473 1623 ctionum
531 1572 602 1624 ab
649 1571 917 1640 episcopo
956 1587 1129 1639 super
1179 1572 1458 1639 populum
1508 1571 1903 1642 dicendarum,

209 1658 318 1695 nec
352 1657 470 1694 non
510 1643 636 1710 ejus
668 1643 816 1709 quod
858 1642 915 1694 in
957 1642 1145 1695 codice
1189 1643 1245 1694 B.
1296 1642 1553 1712 Gregorii
1594 1645 1658 1695 ad
1698 1645 1903 1707 gradus

206 1712 514 1765 inferiores
567 1713 624 1764 in
675 1713 918 1765 Ecclesia
967 1712 1410 1776 constituendos,
1471 1730 1588 1766 non
1638 1715 1899 1779 habetur,

208 1788 375 1852 patet
422 1799 542 1835 esse
587 1783 855 1835 mutilum
900 1783 1170 1837 codicem.
1215 1768 1494 1837 Porro’ad
1539 1768 1903 1838 Praefationes
1948 1768 1985 1821 Β

209 1854 367 1924 quod
398 1854 623 1918 attinet,
656 1853 789 1922 quia
821 1854 1013 1906 nullus
1044 1855 1301 1907 codicum
1334 1871 1436 1908 ms.
1477 1856 1781 1924 separatim
1810 1873 1904 1909 eas

208 1923 565 1990 continebat,
609 1924 675 1976 ad
708 1924 1075 1977 Prmfatiuues
1114 1925 1219 1977 sub
1267 1928 1476 1977 calcem
1528 1923 1694 1994 primi
1731 1929 1903 1979 tomis

206 1995 423 2063 positas
475 1996 744 2048 lectorem
788 1996 1134 2048 remittimus
1176 1995 1251 2063 (α)
1297 1996 1376 2048 uti
1417 1996 1588 2049 etiam
1634 1997 1705 2051 ad
1737 1998 1899 2051 Ordi-

208 2081 342 2118 nem
379 2066 724 2132 Romanum,
757 2067 908 2136 quod
940 2067 1008 2119 ad
1036 2067 1246 2136 gradus
1278 2066 1577 2119 inferiores
1606 2070 1826 2121 attinet.

2028 512 2087 564 in
2122 512 2354 565 nomine
2382 513 2505 582 ejus
2538 512 2608 566 ab
2641 513 2872 567 homine
2905 531 3072 585 quem
3102 517 3225 586 ipse
3258 516 3579 585 plasmavit.
3609 518 3715 570 Du-

2026 616 2154 653 rum
2187 601 2291 654 tibi
2323 606 2424 668 est,
2465 602 2685 655 Christo
2732 604 2869 655 velle
2920 604 3204 673 resistere,
3239 604 3447 658 durum
3482 610 3568 658 est
3611 605 3715 659 tibi

2026 696 2224 744 contra
2288 691 2585 744 stimulum
2663 691 2990 757 calcitrare;
3062 693 3195 761 quia
3266 698 3422 746 tanto
3494 694 3715 747 tardius

2025 776 2163 842 exis,
2206 782 2361 831 tanto
2402 777 2505 831 tibi
2549 777 2889 847 supplicium
2947 779 3129 847 majus
3168 780 3388 847 crescit,
3438 780 3714 849 quoniam

2024 882 2137 919 non
2180 866 2472 919 hominem
2517 867 2854 932 contemnis,
2897 868 2990 919 sed
3036 868 3195 920 illum
3239 867 3338 937 qui
3388 867 3715 922 dominator

2022 955 2283 1008 vivorum
2314 960 2371 1009 et
2399 962 2757 1009 mortuorum
2782 960 2879 1008 est.
2917 955 3024 1018 Qui
3054 961 3325 1009 venturus
3351 960 3435 1009 est
3458 956 3714 1025 judicare

2024 1045 2179 1098 vivos
2206 1051 2263 1099 et
2291 1050 2549 1097 mortuos
2580 1053 2621 1096 ⁸.

2019 1289 2299 1343 Caeterum
2352 1288 2800 1365 Benedictiones.
2827 1288 3173 1365 episcopales
3231 1286 3499 1365 (qua-rum
3559 1286 3710 1365 frag:

2020 1365 2275 1412 mentum
2309 1375 2536 1429 quoque
2570 1364 2689 1411 erat
2719 1358 2822 1411 sub
2855 1358 3029 1411 tinem
3056 1356 3405 1412 Coloniensis
3439 1356 3713 1429 praecipui

2019 1430 2227 1483 codicis
2257 1427 2366 1483 alia
2415 1427 2587 1482 manu
2627 1430 2918 1498 scriptum)
2953 1445 3023 1481 ex
3073 1445 3172 1483 ms.
3209 1430 3332 1481 cod.
3390 1427 3714 1496 Ultrajecti—

2019 1517 2113 1563 no,
2172 1506 2225 1553 et
2273 1501 2386 1553 alio
2451 1501 2698 1569 quodam
2756 1500 3099 1564 Coloniensi,
3152 1500 3250 1569 qui
3301 1498 3716 1568 episcopalium

2017 1572 2376 1650 [auctionum
2431 1571 2703 1650 Ordinem
2742 1572 3248 1650 complectebatun
3284 1569 3708 1650 descripsimus.

2021 1645 2083 1695 Et
2131 1642 2486 1697 Coloniensis
2545 1642 2775 1709 quidem
2831 1640 2921 1694 hic
2970 1642 3157 1694 tiodex
3203 1640 3404 1707 viginti
3460 1645 3711 1708 quatuor

2017 1714 2449 1767 Dominicarum
2512 1718 2641 1782 post
2697 1720 2923 1765 octavas
2954 1714 3311 1765 Pentecostes
3357 1710 3713 1782 Benedictio-

2016 1802 2116 1837 nes
2156 1781 2563 1853 suppeditavit,
2607 1800 2749 1853 quas
2798 1783 3008 1836 idcirco
3050 1783 3221 1835 etiam
3271 1788 3327 1853 et
3368 1781 3528 1853 quod
3574 1796 3705 1853 cum

2014 1851 2323 1923 evangeliis
2385 1851 2809 1908 Dominicarum
2868 1854 3227 1907 concordiam
3288 1852 3497 1904 habere
3563 1851 3715 1904 vide-

2015 1935 2233 1991 rentur,
2270 1927 2457 1994 priore
2492 1928 2611 1979 loco
2637 1925 3060 1978 collocavimus.
3101 1924 3370 1979 Undecim
3407 1938 3539 1976 vero
3574 1938 3705 1992 quae

2014 1998 2150 2050 solae
2218 2008 2381 2051 erant
2440 1997 2498 2050 in
2548 1996 2911 2065 Ultrajectino
2962 1995 3151 2049 codice
3203 2000 3330 2064 post
3370 1994 3471 2047 has
3532 2008 3701 2063 repo-

2012 2084 2254 2120 SlllmUS.

268 2186 346 2249 (α)
386 2187 445 2234 In
482 2190 661 2235 nostra
686 2187 917 2237 editione
948 2188 1124 2236 statim
1156 2192 1449 2250 sequuntur
1475 2188 1873 2238 Benedictiones
1903 2189 2246 2253 episcOpales.
2279 2189 2419 2237 Edit.

870 2480 2017 2585 BENEDICTIONES
2095 2481 3057 2586 EPISCOPALES

1583 2680 1714 2733 PER
1756 2680 1919 2732 ANNI
1961 2678 2334 2733 CIRCULUM.

1407 2924 1676 2991 JACOBI
1728 2923 2032 2988 PAMELI
2044 2925 2063 2987 Ι
2116 2924 2515 2990 MONITUM.

282 3135 309 3161 ‹‹
358 3114 817 3168 Benedictionem
875 3114 1277 3185 episcopalem,
1340 3115 1528 3186 inquit
1572 3115 1903 3184 Radulphus
1944 3114 1982 3167 C
2015 3114 2187 3173 citati,
2241 3115 2344 3186 uti,
2378 3120 2526 3167 recte
2575 3115 2986 3185 interpretatur
3032 3114 3397 3186 Micrologus,
3446 3130 3569 3183 cap.
3611 3117 3706 3181 21,

203 3185 580 3254 Tungrensis,
615 3186 684 3238 de
716 3187 849 3240 Can.
887 3186 1141 3251 Obscrv.,
1188 3185 1434 3256 propos.’
1459 3188 1587 3250 ult.,
1634 3186 1899 3239 Martialis

204 3256 536 3325 episcopus,
593 3258 983 3326 apostolorum
1052 3258 1381 3326 discipulus,
1452 3273 1519 3309 ex
1570 3258 1899 3327 magisterio

204 3329 598 3396 apostolorum
630 3328 881 3384 tradidit.
913 3327 1239 3381 Ambrosius
1284 3328 1470 3381 dicere
1508 3328 1696 3397 ccepit,
1742 3328 1899 3396 isque

204 3413 334 3449 mos
366 3414 433 3450 ex
476 3414 542 3450 eo
587 3414 996 3468 usquequaque
1041 3399 1343 3451 convaluit.
1399 3400 1757 3466 Apostolicus
1805 3415 1899 3451 au-

202 3472 321 3520 tem
358 3469 507 3520 hanc
535 3473 758 3521 tantum
804 3486 932 3538 qua:
972 3469 1131 3523 [inita
1181 3470 1349 3522 missa
1392 3469 1619 3532 dicitur,
1686 3468 1837 3521 dicit.
1870 3491 1895 3516 ››

204 3539 455 3591 Pulchre
489 3540 740 3608 profecto
774 3540 969 3609 paucis
1015 3540 1101 3592 liis
1140 3540 1327 3593 verbis
1359 3540 1645 3609 integram
1702 3540 1780 3591 rei
1821 3556 1901 3590 se-

201 3610 350 3662 riem
384 3611 710 3679 complexus
731 3617 835 3676 est,
865 3611 1190 3663 divinorum
1221 3611 1540 3663 ofﬁciorum
1578 3610 1899 3679 indagator,

202 3680 250 3732 si
301 3681 436 3749 quis
479 3682 622 3733 alius
680 3681 1170 3748 diligentissimus.
1227 3683 1289 3735 Et
1339 3698 1469 3735 vero
1538 3682 1739 3749 primis
1788 3680 1901 3733 illis

202 3751 436 3804 saeculis
482 3753 749 3804 usitatam
792 3755 934 3805 hanc
992 3752 1445 3805 benedictionem
1494 3751 1902 3820 comprobatur

200 3838 270 3875 ex
316 3823 457 3875 locis
510 3824 618 3875 DD.
675 3823 936 3886 Damaso,
996 3823 1315 3886 Ambrosio,
1373 3825 1731 3892 Hieronymo,
1796 3827 1903 3874 Au-

244 3893 460 3956 ustino,
537 3893 997 3961 Carthagiuensis
1062 3895 1282 3945 concilii
1361 3895 1635 3946 Patribus.
1717 3896 1900 3945 Leone

254 3980 411 4033 agno
443 3969 499 4017 et
527 3964 840 4033 Agathensi
869 3964 1127 4029 concilio,
1173 3965 1461 4017 mutuatis.
1499 3964 1751 4028 Quorum
1794 3964 1901 4017 loci

426 4212 939 4254 BENEDICTIONES
988 4215 1060 4253 DE
1108 4216 1403 4255 ADVENTU
1456 4217 1709 4257 DOMINI.

277 4285 661 4355 Omnipotens
710 4286 877 4352 Deus,
934 4288 1098 4357 cujus
1138 4288 1427 4359 Unigeniti
1483 4290 1791 4343 adventum
1849 4293 1905 4343 et

202 4372 569 4443 praeteritum
597 4374 847 4440 creditis,
881 4380 937 4427 et
966 4375 1224 4428 futurum
1266 4378 1596 4445 expectatis,
1649 4378 1906 4447 ejusdem

204 4462 492 4515 adventus
521 4478 618 4514 vos
650 4462 1028 4517 illustratione
1060 4464 1392 4531 sanctiﬁcet,
1441 4472 1497 4519 et
1527 4483 1627 4519 sua
1665 4466 1905 4520 benedi-

203 4552 402 4605 ctione
437 4552 763 4619 locupletet.
796 4555 997 4605 Amen.

278 4641 343 4693 In
374 4640 673 4709 praesentis
714 4639 844 4694 vitae
888 4641 1070 4695 stadio
1113 4658 1207 4694 vos
1255 4642 1323 4695 ab
1365 4644 1524 4695 omni
1564 4642 1906 4696 adversitate

203 4727 508 4795 defendat,
543 4733 598 4782 et
636 4745 692 4782 se
734 4728 890 4783 vobis
917 4730 976 4782 in
1002 4729 1222 4798 judicio
1252 4731 1588 4801 placabilem
1621 4730 1903 4783 ostendat.

199 4818 416 4870 Amen.

275 4903 404 4966 Quo
448 4919 491 4974 a.
520 4903 737 4957 cunctis
786 4909 1149 4975 peccatorum
1204 4905 1481 4976 contagiis
1529 4906 1771 4969 liberati,
1832 4905 1906 4959 il-

201 4990 319 5044 lius
376 4992 661 5045 tremendi
706 4993 983 5047 examinis
1043 4994 1194 5048 diem
1244 4995 1577 5065 exspectetis
1641 4994 1906 5048 interriti.

201 5082 415 5132 Amen.

279 5168 445 5232 Quod
499 5169 618 5237 ipse
671 5177 939 5241 praestare
988 5172 1273 5241 dignetur,
1308 5174 1405 5244 qui
1466 5191 1596 5228 cum
1643 5176 1808 5229 Patre
1853 5180 1911 5228 et

204 5256 430 5324 Spiritu
460 5264 654 5313 sancto
680 5262 814 5313 vivit
844 5266 899 5313 et
930 5262 1211 5330 gloriatur
1249 5264 1414 5330 Deus,
1446 5280 1548 5333 per
1579 5265 1773 5318 omnia
1804 5282 1907 5318 saa-

205 5346 343 5399 cula
376 5348 735 5401 saeculorum.
769 5354 971 5403 Amen.

288 5434 615 5488 Benedictio
652 5438 748 5492 Dei
777 5438 954 5493 Patris
989 5439 1031 5512 «ί-
1064 5446 1119 5495 et
1150 5440 1272 5495 Filii
1302 5441 1345 5513 -Ι-
1373 5446 1429 5495 et
1459 5442 1703 5512 Spiritus
1747 5461 1907 5497 sanc-

214 5522 262 5576 ti
298 5522 362 5594 -ι-,
388 5530 444 5578 et
475 5542 584 5596 pax
617 5528 843 5583 Domini
863 5529 935 5584 sit
958 5546 1186 5602 semper
1216 5532 1527 5587 vobiscum.
1562 5535 1764 5586 Amen.

2010 3186 2111 3238 has
2145 3185 2589 3249 benedictiones,
2622 3184 2785 3238 sicuti
2834 3191 2889 3239 et
2930 3186 3201 3239 Toletano
3241 3184 3484 3238 concilio
3528 3190 3707 3238 statu-

2011 3261 2134 3308 tum
2166 3256 2292 3320 fuit,
2329 3263 2457 3309 ante
2512 3257 2976 3309 communionem
3006 3258 3076 3310 ab
3123 3255 3406 3326 episcopis
3441 3256 3577 3309 olim
3618 3256 3709 3308 fa-

2011 3334 2126 3379 ctas
2177 3328 2469 3381 indicant:
2544 3328 2695 3396 quod
2741 3328 3057 3380 etiamnum
3113 3327 3404 3380 observari
3452 3327 3710 3379 videmus

2009 3398 2079 3450 ab
2120 3398 2386 3467 episcopo
2431 3398 2745 3457 Parisiensi,
2785 3399 2917 3452 dum
2959 3398 3250 3467 publicum
3280 3398 3467 3451 missas
3499 3397 3711 3450 sacriﬁ-

2010 3470 2163 3521 cium
2207 3469 2472 3521 celebrat.
2530 3471 2742 3522 Harum
2782 3472 3072 3539 exemplar
3112 3486 3211 3539 per
3254 3469 3389 3521 anni
3432 3469 3709 3539 circulum

2013 3540 2285 3608 adjecisse
2316 3557 2374 3611 se
2407 3540 2557 3593 dicto
2590 3544 2827 3611 prologo
2871 3538 3121 3593 testatur
3152 3540 3494 3595 Grimaldus.
3520 3558 3567 3611 _a
3600 3538 3708 3593 Ad-

2012 3611 2281 3669 didimus,
2316 3610 2525 3680 inquit,
2560 3613 2731 3664 etiam
2760 3609 2815 3665 et
2846 3612 3294 3671 benedictiones,
3328 3613 3399 3663 ab
3440 3609 3709 3678 episcopo

2012 3697 2183 3749 super
2214 3682 2487 3749 populum
2520 3682 2808 3735 dicendas.
2842 3704 2868 3729 »
2897 3682 3081 3745 Quare
3116 3690 3173 3735 et
3206 3682 3346 3734 libro
3368 3681 3704 3735 Sacramen-

2011 3760 2199 3803 torum
2243 3752 2421 3820 ipsius
2444 3770 2537 3805 eas
2568 3753 2935 3821 subjecimus,
2971 3754 3030 3804 in
3063 3769 3262 3805 eorum
3287 3752 3529 3819 gratiam
3556 3750 3707 3819 apud

2012 3839 2157 3890 quos
2191 3823 2377 3874 adhuc
2419 3824 2571 3892 viget
2612 3823 2703 3876 hic
2737 3823 3206 3876 benedictionum
3255 3823 3416 3887 ritus,
3456 3822 3558 3874 etsi
3583 3824 3705 3890 jam

2010 3894 2143 3945 inde
2191 3892 2260 3964 ab
2290 3900 2455 3946 aetate
2500 3895 2782 3964 Radulphi
2836 3894 3030 3947 Romae
3071 3910 3102 3946 a
3154 3908 3377 3945 summo
3435 3892 3707 3962 pontiﬁce

2010 3979 2127 4016 non
2159 3963 2505 4018 observatus.

2720 4206 2851 4258 Item
2882 4204 3017 4256 alia.

2089 4290 2465 4360 Omnipotens
2534 4293 2679 4345 Deus
2749 4308 2843 4344 vos
2900 4291 3122 4360 placido
3194 4292 3352 4344 vultu
3416 4289 3704 4358 respiciat,

2017 4386 2074 4433 et
2105 4380 2159 4431 in
2204 4397 2299 4433 vos
2330 4398 2447 4434 sum
2491 4382 2897 4435 benedictionis
2929 4382 3143 4434 donum
3184 4380 3470 4434 infundat.
3504 4382 3707 4433 Amen.

2095 4472 2155 4522 Et
2202 4470 2298 4538 qui
2346 4472 2447 4523 lios
2500 4472 2618 4524 dies
2662 4472 3057 4524 incarnatione
3105 4469 3395 4540 Unigeniti
3448 4468 3535 4522 sui
3579 4469 3713 4523 fecit

2019 4557 2325 4623 solemnes,
2361 4576 2393 4611 a
2423 4558 2638 4611 cunctis
2682 4558 2978 4628 praesentis
3009 4564 3066 4611 et
3100 4557 3305 4611 futurae
3338 4557 3466 4610 vitae.
3518 4557 3712 4610 adver-

2018 4648 2281 4701 sitatibus
2309 4663 2404 4699 vos
2431 4646 2629 4699 reddat
2654 4647 2969 4699 indemnes.
3008 4652 3202 4700 Amen.

2091 4737 2156 4789 Et
2192 4734 2289 4804 qui
2317 4736 2401 4803 dep
2428 4734 2670 4786 adventu
2722 4733 3119 4803 Redemptoris
3158 4734 3333 4787 nostri
3394 4732 3707 4785 secundum

2019 4840 2247 4877 carnem
2299 4822 2500 4876 devota
2557 4827 2748 4875 mente
2799 4822 3095 4885 laetemini,
3147 4823 3205 4875 iu
3256 4822 3519 4883 secundo,
3580 4837 3709 4874 cum

2019 4913 2077 4964 in
2108 4911 2399 4981 majestate
2434 4927 2536 4963 sua
2567 4912 2800 4977 Venerit,
2849 4911 3099 4982 praemiis
3142 4916 3370 4965 aeternae
3398 4911 3529 4963 vitae
3566 4910 3709 4963 dite-

2021 5000 2179 5053 mini.
2215 5005 2412 5055 Amen.

2090 5090 2250 5152 Quod
2284 5088 2407 5160 ipse
2436 5094 2706 5158 praestare
2737 5089 3023 5159 dignetur.

2094 5178 2415 5233 Benedictio
2449 5178 2547 5231 Dei
2581 5178 2783 5233 Patris.

2709 5270 2839 5321 Item
2879 5269 3014 5321 alia.

2090 5356 2257 5419 Deus,
2286 5356 2447 5425 cujus
2477 5357 2755 5410 adveutus
2782 5356 3190 5409 incarnationis
3226 5354 3549 5425 praeteritus
3586 5370 3705 5407 cre-

2018 5444 2191 5511 ditur,
2226 5449 2283 5497 et
2306 5444 2509 5514 judicii
2539 5450 2809 5499 venturus
2836 5450 3211 5514 exspectatur,
3243 5460 3341 5497 vos
3398 5449 3708 5515 antequam

2019 5532 2233 5599 veniat,
2263 5533 2453 5604 expiet
2490 5533 2559 5587 ab
2589 5534 2746 5588 omni
2779 5532 3116 5604 contagione
3146 5531 3359 5587 delicti.
3402 5535 3600 5587 Amen.
