4078 6180
443 281 545 331 859
1574 285 1913 340 GRIMALDI
1954 288 2463 350 SANGALLENSIS
2502 293 2792 349 ABBATIS
2937 335 2940 344 .
3807 306 3894 353 >560

503 416 667 468 Prius
694 415 754 468 in
797 416 953 470 vobis
992 415 1176 469 diluat
1225 432 1398 470 omne
1441 421 1592 488 quod
1630 419 1730 472 illa
1772 421 1965 476 futura
1995 439 2123 476 exa-
2164 428 2211 479 A
2238 425 2460 493 fundat,
2500 433 2669 497 atque
2709 429 2832 498 ipso
2875 432 3102 498 pastore
3150 447 3248 483 vos
3287 431 3356 484 ad
3391 435 3732 484 asternorum
3769 447 3888 501 gau-

435 504 746 558 minatione
793 503 1098 573 punitnrus
1145 509 1246 567 est,
1306 511 1367 558 ut
1409 521 1538 565 cum
1583 508 1772 576 justus
1833 509 2126 564 advenerit

425 593 622 662 judex,
691 608 804 646 non
863 591 924 645 in
991 593 1151 646 vobis
1213 593 1466 647 inveniat
1542 597 1692 665 quod
1762 599 2119 654 condemnet.

435 684 638 734 Amen.

502 771 622 833 Quo
653 769 931 837 veniente,
969 786 1084 823 non
1117 770 1420 825 incurratis
1443 773 1788 843 supplicium
1818 782 2119 844 aeternum,

431 857 527 910 sed
561 856 726 910 donis
758 858 1146 911 remnneremi
1179 859 1561 930 sempiternis.
1594 866 1791 917 Amen.

501 945 662 1009 Quod
695 947 816 1017 ipse
849 953 1118 1017 praestare
1148 948 1436 1017 dignetur.

505 1035 852 1090 Benedictio.

1136 1128 1263 1180 Item
1297 1129 1427 1180 alio.

505 1231 670 1296 Deus,
706 1231 806 1300 qui
838 1247 933 1283 vos
966 1234 1021 1283 et
1051 1231 1261 1300 prioris
1296 1233 1568 1286 adventus
1600 1233 1783 1303 gratia
1812 1237 2116 1305 reparavit,

431 1322 487 1370 et
517 1317 574 1369 in
601 1318 846 1371 secundo
879 1319 1143 1372 daturum
1179 1337 1239 1374 se
1272 1322 1433 1374 vobis
1463 1338 1708 1392 regnum
1749 1340 1878 1377 cum
1912 1324 2120 1379 sanctis

431 1406 650 1475 angelis
708 1406 1057 1475 repromisit,
1118 1409 1395 1463 adventus
1437 1411 1522 1464 sui
1583 1428 1681 1464 vos
1734 1412 2118 1468 illustratione

430 1493 759 1549 sanctiﬁcet.
796 1498 998 1548 Amen.

499 1583 737 1636 Vincula
764 1588 949 1636 vestra
980 1584 1248 1639 dissolvat
1273 1593 1583 1658 antequam
1622 1589 1827 1656 veniat,
1874 1596 1934 1644 ut
1975 1591 2116 1646 libe-

2235 513 2462 569 diornm
2492 532 2701 585 pascua
2728 521 2942 570 aeterna
2969 517 3274 586 perducat.
3311 523 3512 570 Amen.

2307 605 2370 656 Et
2422 605 2518 674 qui
2579 621 2680 674 per
2729 606 2852 673 ejus
2905 605 3354 659 incarnationem
3403 612 3628 659 terrena
3676 609 3888 662 coelesti-

2231 689 2338 745 bus
2389 692 2638 757 sociavit,
2685 698 2912 744 aeternas
2954 692 3108 760 pacis
3152 700 3208 746 et
3255 695 3419 747 bona
3467 697 3765 748 voluntatis
3806 714 3891 749 ne-

2232 786 2383 834 ctare
2409 797 2508 834 vos
2557 782 2792 850 repleat,
2827 787 2883 834 et
2921 781 3170 848 caelestis
3210 782 3429 836 militiae
3480 789 3764 838 consortes
3789 786 3892 839 elli-

2231 868 2361 921 ciat.
2392 872 2591 922 Amen.

2301 956 2464 1019 Quod
2495 957 2614 1026 ipse
2637 962 2928 1028 praestare.

2305 1043 2648 1096 Benedictio.
2789 1081 2792 1085 .
2930 1037 2938 1043 ”

2321 1164 2370 1201 Β.
2418 1164 2480 1202 ΙΝ
2525 1164 2723 1203 NOCTE
2771 1164 3038 1205 NATALIS
3085 1165 3342 1216 DOMINI,
3390 1167 3581 1207 PRIMO
3630 1168 3814 1207 MANE.

2301 1237 2677 1305 Omnipotens
2737 1238 2902 1299 Deus,
2966 1238 3064 1307 qui
3125 1254 3295 1291 omne
3354 1254 3534 1308 genus
3598 1240 3888 1292 humanum

2228 1325 2482 1378 tenebris
2550 1325 2901 1379 inﬁdelitatis
2949 1327 3319 1393 obcaecatum,
3382 1327 3706 1380 visitatione
3769 1344 3894 1381 verae

2229 1413 2370 1466 lucis
2426 1414 2594 1467 hodie
2643 1415 2963 1482 illustravit,
3016 1416 3137 1484 ipse
3178 1431 3271 1468 vo.
3320 1416 3663 1469 intrinsecus
3719 1423 3770 1469 et
3821 1433 3895 1468 ex-

2228 1501 2505 1556 trinsecus
2536 1503 2733 1572 gratiae
2774 1519 2891 1556 sum
2934 1504 3328 1557 benedictione
3371 1505 3681 1558 illuminet.
3713 1508 3891 1558 Amen.

2305 1592 2370 1645 Ut
2400 1592 2670 1660 pannosis
2701 1593 3068 1645 tenebrarum
3111 1593 3378 1662 operibus
3416 1593 3675 1661 abjectis,
3723 1594 3895 1646 lucidis

429 1671 538 1725 rati
567 1689 599 1724 a
631 1673 868 1726 vinculis
899 1680 1282 1743 peccatorum,
1315 1677 1562 1732 interriti
1603 1681 1962 1734 tremendum
1997 1683 2120 1752 ejus
2160 1725 2199 1778 Β
2225 1679 2463 1748 jnstitiaa
2531 1682 2883 1734 vestimentis
2947 1682 3224 1741 adornati,
3289 1683 3556 1735 decenter
3627 1681 3893 1746 incedatis,

427 1761 762 1830 exspectetis
798 1763 1122 1817 adventum.
1153 1768 1356 1818 Amen.

495 1850 564 1903 Et
595 1867 765 1920 quem
799 1853 1016 1906 venisse
1049 1853 1106 1906 in
1150 1854 1313 1906 terris
1354 1871 1458 1923 pro
1505 1861 1692 1910 vestra
1719 1859 1898 1912 salute
1930 1860 2117 1914 credi-

425 1939 518 2003 tis,
552 1944 971 2011 venturumque
995 1942 1061 1995 ad
1086 1942 1370 2011 judicium
1400 1945 1712 2007 sustinetis,
1743 1946 1876 2016 ejud
1908 1948 2116 2002 adven-

427 2030 516 2078 tus
556 2026 796 2094 gloriam
828 2027 1100 2097 impavidi
1135 2031 1470 2084 mereamini
1501 2032 1776 2086 contueri.

498 2114 659 2177 Quod
695 2114 816 2183 ipse
847 2121 1115 2184 praestare
1150 2118 1436 2188 dignetur.

496 2203 844 2258 Benedictio.

526 2344 838 2382 BENEDICTIO
880 2345 1116 2384 PROXIMA
1155 2347 1415 2386 DOMINICA
1458 2349 1765 2388 NATIVITATI
1804 2350 1996 2388 DOMINI

497 2435 706 2500 Excita,
747 2435 1002 2502 Domine,
1037 2437 1353 2506 potentiam
1404 2445 1582 2505 tuam,
1626 2444 1681 2492 et
1728 2440 1858 2493 veni
1896 2441 1967 2493 ad
2008 2441 2118 2493 sal-

427 2522 717 2575 vationem
748 2524 950 2593 populi
999 2525 1102 2588 tui,
1143 2542 1317 2596 quem
1359 2528 1650 2596 acquisisti
1679 2529 1956 2598 sanguine
1995 2534 2114 2596 tuo,

428 2626 498 2663 ne
548 2610 605 2662 in
657 2612 780 2680 ejus
824 2612 1143 2680 perditione
1192 2631 1375 2667 saevus
1419 2615 1513 2668 ille
1559 2617 1777 2670 exultet
1824 2617 2114 2684 inimicus,

427 2714 601 2768 quem
625 2700 899 2752 adventus
931 2700 1014 2754 tui
1047 2703 1300 2770 potentia
1330 2703 1548 2757 dudum
1578 2704 1829 2758 liberasti
1853 2722 1956 2776 per
1985 2723 2115 2777 gra-

426 2787 586 2841 tiam.
622 2791 823 2840 Amen.

497 2875 580 2928 Sit
617 2876 892 2930 fortitudo
924 2878 1169 2932 dexterae
1220 2886 1330 2934 tuze
1371 2881 1442 2936 ad
1479 2881 1890 2951 protectionem
1946 2883 2117 2951 hujus

426 2963 657 3017 familias
690 2971 821 3030 tuae,
856 2983 958 3036 pro
983 2985 1094 3038 qua
1113 2969 1374 3038 dignatus
1394 2987 1451 3024 es
1474 2971 1582 3023 hoc
1607 2976 1863 3041 tempore
1886 2987 2115 3024 carnem

424 3051 663 3106 induere
697 3055 1054 3123 virginalem.
1087 3061 1288 3111 Amen.

501 3141 568 3194 Ut
597 3142 734 3196 dum
779 3144 1174 3200 inﬁrmitatem
1218 3154 1473 3202 nostram
1520 3155 1617 3202 tua
1657 3150 1964 3203 clementia
2004 3166 2116 3203 non

425 3227 676 3297 ignoras,
713 3249 943 3287 omnem
977 3236 1124 3288 hanc
1148 3236 1454 3290 Ecclesiam
1485 3243 1641 3291 tuam
1674 3245 1785 3292 tuae
1805 3239 2116 3292 divinitatis

425 3320 624 3388 clypeo
647 3326 930 3390 protegas.
967 3327 1168 3378 Amen.

496 3408 661 3470 Quod
693 3409 813 3477 ipse
845 3417 1136 3480 praestare.

497 3496 846 3550 Benedictio.

462 3625 526 3663 IN
573 3626 824 3665 VIGILIA
870 3628 1144 3668 NATALIS
1186 3630 1412 3669 DOMINI
1461 3631 1578 3670 νει
1620 3631 2077 3672 ΤΗΕΟΡΗΑΝῘΛΞ.

496 3727 672 3790 Deus,
703 3728 803 3796 qui
832 3728 955 3782 Filii
991 3729 1079 3782 sui
1113 3730 1336 3784 Domini
1379 3733 1557 3784 nostri
1602 3733 1730 3785 Jesu
1772 3732 1978 3787 Christi
2011 3735 2113 3786 hu-

425 3815 666 3869 militate
692 3815 979 3884 jacentem
1010 3820 1286 3872 mundum
1321 3820 1586 3889 dignatus
1614 3826 1698 3873 est
1729 3821 1972 3890 erigere,
2001 3839 2115 3876 suae

424 3921 520 3956 vos
547 3904 958 3959 benedictionis
989 3924 1220 3976 capaces
1255 3907 1526 3978 dignetur
1555 3909 1800 3962 efﬁcere.
1835 3914 2038 3962 Amen.

498 3994 567 4046 Ut
616 4000 864 4048 veterem
917 3996 1269 4065 deponentes
1308 3997 1495 4050 Adam
1547 4013 1677 4050 cum
1733 3998 1949 4051 actibus
1999 3998 2114 4051 suis

429 4082 585 4135 illius
618 4085 1042 4138 conversatione
1088 4085 1308 4149 vivatis,
1346 4086 1445 4154 qui
1491 4092 1619 4154 post
1665 4087 1844 4139 Deum
1892 4095 2115 4141 creatus

425 4181 510 4225 est
541 4172 598 4224 in
624 4172 848 4242 justit‘ia
875 4179 931 4225 et
960 4173 1257 4227 sanctitate
1285 4175 1555 4226 veritatis.
1591 4179 1790 4228 Amen.

495 4260 696 4328 Sicque
749 4261 817 4313 ab
866 4278 932 4313 eo
980 4262 1148 4314 hodie
1200 4261 1701 4316 sanctiﬁcationem
1753 4265 2110 4332 mereamini,

424 4353 705 4417 quatenus
745 4349 1097 4402 nativitatem
1125 4350 1430 4403 Salvatoris
1456 4351 1546 4404 die
1578 4352 1824 4406 crastina
1856 4353 2098 4406 celebra-

423 4436 560 4501 turi,
609 4437 1080 4490 convenientibus
1121 4438 1202 4490 illi
1252 4438 1539 4510 obsequiis
1579 4440 1832 4494 existatis
1876 4443 2109 4512 accepti.

424 4528 624 4577 Amen.

494 4614 652 4676 Quod
684 4613 801 4682 ipse
834 4619 1122 4683 praestare.

496 4702 843 4756 Benedictio.

427 4845 479 4884 B.
527 4844 589 4884 IN
640 4844 836 4884 NOCTE
884 4845 1156 4884 NATALIS
1195 4844 1423 4885 DOMINI
1471 4843 1674 4884 PRIMO
1726 4845 2106 4884 GALLICIUM.

491 4935 866 5004 Omnipotens
914 4937 1077 5000 Deus,
1119 4935 1217 5004 qui
1257 4935 1649 4989 incarnatione
1692 4936 1981 5006 Unigeniti
2023 4939 2110 4991 sui

423 5023 624 5077 mundi
654 5024 915 5077 tenebras
946 5024 1234 5094 eﬂ'ugavit,
1270 5029 1324 5076 et
1357 5024 1478 5092 ejus
1525 5024 1776 5093 gloriosa
1822 5025 2114 5080 nativitate

421 5112 567 5165 hanc
597 5111 1034 5165 sacratissimam
1077 5118 1299 5165 noctem
1342 5112 1655 5181 irradiavit,
1708 5114 1920 5183 elfuget
1951 5131 1980 5165 a
2010 5131 2113 5167 vo-

421 5199 508 5253 bis
542 5199 802 5252 tenebras
845 5199 1136 5261 vitiorum,
1183 5206 1239 5252 et
1281 5201 1514 5254 irradiet
1555 5201 1728 5254 corda
1775 5207 1959 5255 vestra
1991 5204 2114 5256 luce

422 5287 722 5340 virtutum.
758 5290 956 5339 Amen.

494 5374 714 5444 Quique
746 5376 867 5444 ejus
896 5375 1292 5429 sacratissima).
1335 5377 1650 5430 nativitatis
1679 5377 1955 5445 gaudium
1990 5393 2112 5432 ma-

422 5478 601 5525 gnum
633 5464 954 5531 pastoribus
988 5465 1058 5517 ab
1091 5467 1294 5532 angelo
1327 5467 1508 5516 voluit
1538 5466 1810 5526 nuntiari,
1848 5467 1981 5535 lipse
2013 5482 2114 5518 su-

427 5566 526 5620 per
553 5567 650 5602 vos
695 5552 1105 5606 benedictionis
1146 5569 1262 5606 suae
1307 5553 1698 5622 gratissimum
1749 5554 1990 5608 imbrem
2023 5553 2111 5606 in-

2228 1775 2457 1839 patrum
2509 1769 2768 1823 videlicet
2823 1772 3096 1840 exemplis
3150 1771 3390 1838 caleiati,
3441 1770 3697 1824 castitate
3756 1787 3896 1822 renes

2228 1857 2481 1924 accincti,
2519 1860 2806 1912 Christum
2839 1859 3045 1925 induti,
3092 1865 3249 1912 scuto
3289 1859 3420 1912 tidei
3466 1860 3696 1923 muniti,
3729 1859 3894 1928 gladio

2227 1948 2403 1999 sancti
2434 1947 2676 2016 Spiritus
2713 1949 2940 2011 armati,
2983 1948 3148 2016 galea
3188 1948 3308 2017 spei
3345 1947 3620 2015 decorati,
3674 1948 3893 2000 charita-

2226 2034 2296 2089 tis
2331 2036 2499 2104 pallio
2530 2036 2803 2105 cooperti.
2838 2042 3039 2089 Amen.

2297 2124 2588 2186 Quatenus
2639 2125 2744 2177 hoc
2789 2125 2992 2177 amictu
3044 2141 3146 2193 per
3194 2124 3446 2177 hostium
3497 2141 3709 2177 cuneos
3757 2123 3894 2175 illaesi

2226 2216 2606 2276 transeuntes,
2656 2218 2713 2264 et
2743 2213 3051 2277 immunes,
3093 2215 3162 2265 ad
3209 2229 3401 2284 regem
3437 2219 3706 2274 vestrum,
3750 2229 3894 2281 quem

2227 2299 2287 2352 in
2319 2302 2598 2371 praesepio
2641 2303 2936 2371 parvulum
2976 2301 3232 2354 invenire
3275 2309 3545 2371 pastores,
3590 2302 3649 2354 in
3682 2315 3894 2370 regnum

2226 2391 2500 2442 caelorum
2530 2390 2872 2459 perveniatis
2898 2395 3147 2444 ovantes.
3183 2394 3384 2444 Amen.

2301 2479 2460 2543 Quod
2495 2479 2616 2549 ipse
2647 2484 2936 2549 praestare.

2302 2569 2646 2623 Benedictio.

2601 2693 2655 2731 B.
2704 2692 2764 2729 IN
2815 2693 2917 2730 DIE
2965 2691 3239 2730 NATALIS
3289 2690 3543 2729 DOMINI.

2300 2767 2604 2818 Benedicat
2663 2782 2761 2818 vos
2799 2763 3165 2834 omnipotens
3216 2765 3379 2827 Deus,
3429 2767 3787 2830 vestramque
3837 2759 3892 2811 ad

2228 2871 2475 2923 superna
2525 2855 2724 2907 excitet
2775 2854 3174 2914 intentionem,
3239 2854 3337 2922 qui
3398 2852 3542 2903 hanc
3605 2848 3894 2902 sacratissi-

2227 2959 2381 2997 mam
2409 2944 2559 2997 diem
2600 2943 2892 2996 nativitate
2933 2943 3058 2994 Filii
3101 2942 3186 2993 sui
3238 2941 3367 2993 fecit
3415 2958 3538 2992 esse
3580 2941 3892 2991 solemnem.

2157 3023 2197 3076 Ο
2226 3036 2427 3086 Amen.

2300 3121 2363 3173 Et
2395 3117 2496 3188 qui
2526 3134 2678 3183 eum,
2716 3117 2814 3187 qui
2844 3117 3006 3186 panis
3051 3121 3131 3169 est
3186 3116 3541 3184 angelorum,
3575 3115 3636 3166 in
3682 3127 3894 3183 pl‘tPSCpl

2228 3207 2486 3262 Ecclesiae
2514 3207 2704 3259 cibum
2744 3204 2875 3258 fecit
2913 3221 3032 3256 esse
3087 3204 3346 3256 lidelium
3387 3202 3746 3263 animalium,
3794 3200 3894 3267 ipse

2226 3313 2321 3349 vos
2364 3302 2419 3348 et
2462 3296 2518 3347 in
2552 3294 2816 3364 prahsenti
2856 3294 3062 3345 saeculo
3108 3293 3410 3361 degustare
3457 3291 3629 3343 faciat
3678 3297 3893 3342 aiterno-

2227 3399 2352 3434 rum
2398 3382 2756 3435 dulcedinem
2797 3380 3158 3450 gaudiorum,
3213 3379 3352 3430 etin
3401 3377 3595 3430 futuro
3644 3375 3895 3446 perducat

2226 3472 2293 3524 ad
2331 3471 2647 3524 satietatem
2688 3468 2810 3541 [at.,
2855 3468 3202 3536 societatem]
3249 3471 3596 3520 aeternorum
3647 3462 3890 3535 przemio-

2230 3576 2374 3613 rum.
2413 3562 2598 3614 Amen

2298 3648 2519 3716 Quique
2554 3649 2676 3716 ejus
2709 3645 3008 3698 infantiam
3040 3643 3459 3696 vilibusvolnit
3488 3643 3648 3696 indui
3690 3639 3890 3711 pannis,

2226 3737 2346 3807 ipse
2378 3754 2474 3788 vos
2505 3735 2820 3788 caelestium
2843 3733 3313 3786 vestimentorum
3347 3733 3583 3784 inducat
3611 3746 3892 3784 ornamen-

2225 3827 2313 3879 tis.
2351 3829 2551 3879 Amen.

2298 3914 2457 3978 Quod
2492 3914 2609 3982 ipse
2633 3917 2900 3980 praestare
2928 3909 3216 3978 dignetur,
3248 3907 3410 3977 cujus
3433 3922 3701 3976 regnum.

2602 4034 2655 4071 B.
2705 4032 2765 4071 lN
2816 4031 3047 4070 NATALI
3092 4030 3143 4069 S.
3187 4029 3532 4068 STEPHANI.

2279 4099 2463 4171 'Deus,
2506 4105 2603 4175 qui
2647 4105 2701 4157 Β.
2753 4104 3107 4170 Stephanum
3158 4105 3635 4170 protomartyrem
3677 4112 3892 4150 corona-

2225 4196 2322 4260 vit,
2366 4199 2420 4248 et
2459 4192 2808 4247 confessione
2852 4191 3003 4251 tidei,
3043 4196 3099 4242 et
3139 4206 3320 4259 agone
3367 4187 3647 4257 martyrii,
3696 4192 3894 4238 mentes

2156 4288 2434 4370 Dvestras
2473 4280 2787 4333 circumdet
2831 4278 2887 4330 in
2933 4278 3198 4346 praesenti
3257 4278 3463 4329 sacculo
3516 4293 3724 4328 corona
3747 4273 3893 4342 justi-

2223 4373 2339 4437 tiae,
2373 4377 2429 4424 et
2475 4371 2535 4422 iu
2566 4369 2757 4422 futuro
2797 4367 3069 4436 perducat
3115 4383 3212 4418 vos
3252 4366 3320 4418 ad
3364 4381 3637 4418 coronam
3693 4362 3890 4433 gloriae.

2225 4467 2421 4515 Amen.

2297 4547 2451 4600 Illius
2485 4547 2720 4599 obtentu
2763 4545 2977 4597 tribuat
3017 4543 3174 4595 vobis
3221 4542 3316 4595 Dei
3359 4548 3415 4593 et
3443 4541 3686 4609 proximi
3732 4536 3890 4591 chari-

2224 4641 2338 4689 tate
2370 4651 2595 4704 semper
2627 4635 2955 4698 exuberare,
2989 4632 3088 4702 qui
3119 4632 3264 4684 hanc
3296 4630 3516 4683 studuit
3548 4630 3716 4682 etiam
3761 4628 3889 4679 inter

2226 4722 2602 4792 lapidantium
2635 4721 2881 4789 impetus
2914 4721 3185 4773 oblinere.
3214 4725 3412 4771 Amen.

2296 4811 2418 4874 Quo
2467 4810 2588 4879 ejus
2633 4809 2893 4875 exemplo
2936 4807 3210 4869 roborati,
3261 4812 3312 4859 et
3345 4806 3747 4858 intercessione
3787 4816 3887 4853 mu-

2225 4899 2350 4962 niti,
2384 4897 2454 4950 ab
2485 4913 2551 4950 eo
2597 4912 2767 4965 quem
2807 4898 2926 4964 ipse
2978 4912 3010 4947 a
3057 4894 3267 4948 dextris
3308 4895 3404 4946 Dei
3461 4893 3602 4946 vidit
3649 4897 3888 4948 stantem,

2227 4987 2562 5040 mereamiui
2591 4984 2869 5038 benedici.
2906 4987 3105 5036 Amen.

2295 5077 2456 5139 Quod
2483 5074 2600 5144 ipse
2634 5080 2905 5142 prasstare
2937 5072 3226 5140 dignetur,
3255 5071 3352 5140 qui
3384 5087 3514 5122 cum
3546 5071 3723 5121 Patre.

2631 5196 2683 5234 Β.
2731 5194 2794 5233 ΙΝ
2845 5193 3072 5231 NATALI
3117 5191 3165 5230 S.
3210 5189 3508 5229 JOANNIS.

2296 5287 2670 5356 Omnipotens
2712 5287 2857 5338 Deus
2897 5284 3165 5353 dignetur
3205 5281 3362 5334 vobis
3412 5297 3517 5350 per
3568 5274 3891 5332 intercessio-

2225 5392 2354 5430 nem
2398 5375 2454 5428 B.
2496 5372 2731 5426 Joannis
2770 5371 3014 5440 apostoli
3052 5377 3108 5422 et
3155 5367 3518 5437 evangelistze
3561 5365 3888 5423 benedicere,

2224 5465 2317 5534 qui
2355 5480 2454 5533 per
2483 5479 2614 5514 eum
2644 5477 2848 5514 arcana
2895 5459 3049 5512 verbi
3102 5458 3187 5510 sui
3235 5457 3416 5510 voluit
3464 5457 3715 5510 Beclesim
3751 5466 3887 5503 reve-

2226 5554 2361 5605 lare.
2395 5555 2598 5605 Amen.
