4078 6180
135 317 216 370 861
951 319 1157 376 LIBER
1199 319 1842 376 SACBAMENTOHUM.
1878 351 1942 357 —
1979 319 2540 375 BENEDICTIONES
2581 320 2793 375 EPISC.

3511 323 3612 373 862

192 447 468 501 Concedat
497 448 674 515 vobis,
707 455 774 503 ut
815 451 967 520 quod
1011 451 1106 504 ille
1150 452 1397 522 Spiritus
1445 452 1624 505 sancti
1673 468 1803 506 mu-
1842 455 1889 504 A
1992 455 2206 522 Detque
2253 452 2410 505 vobis
2467 468 2655 505 veram
2713 453 2988 506 mentium
3047 451 3453 515 innocentiam,
3509 451 3610 521 qui

131 552 252 588 nere
283 535 512 589 afﬂatus
556 537 751 590 vestris
795 539 1030 593 auribus
1071 541 1302 608 infudit,
1330 542 1586 610 ejusdem
1620 541 1804 610 Spiri-

131 631 210 677 tus
239 624 391 678 dono
423 642 626 694 capere
656 633 847 680 mente
877 629 1124 681 valeatis.
1155 633 1358 682 Amen.

191 714 326 780 Quo,
356 714 480 782 ejus
514 714 858 767 documento
889 716 958 768 de
989 717 1284 770 divinitate
1316 717 1491 770 nostri
1522 718 1804 788 Redemp-

129 803 254 857 toris
304 803 521 866 edocti,
571 807 627 856 et
691 805 936 858 amando
986 808 1138 874 quod
1186 806 1440 868 tradidit,
1493 812 1549 860 et
1599 807 1804 875 praedi-

126 891 292 945 cando
339 891 496 961 quod
543 891 754 956 docuit,
798 898 854 944 et
896 894 1258 963 exsequendo
1303 894 1454 963 quod
1492 895 1682 963 jussit,
1734 895 1804 948 ad

126 980 264 1033 dona
291 979 591 1048 pervenire
622 981 986 1048 mereamini,
1017 998 1146 1051 quae
1177 983 1330 1036 idem
1365 983 1642 1037 Dominus
1674 1000 1803 1037 nos-

125 1074 202 1121 ter
227 1069 387 1120 .lesus
419 1067 676 1120 Christus
708 1069 1056 1139 repromisiti
1095 1074 1296 1124 Amen.

186 1155 344 1219 Quod
374 1155 494 1226 ipse
525 1161 819 1225 praestare.

482 1277 532 1314 Β.
578 1277 639 1316 ΙΝ
690 1278 925 1316 ΝΑΤΑιιῐ
977 1279 1419 1319 INNOCENTUM.

183 1349 557 1419 Omnipotens
592 1353 758 1415 Deus,
797 1368 900 1420 pro
945 1353 1108 1420 cujus
1156 1353 1444 1422 Unigeniti
1486 1354 1806 1407 veneranda

122 1439 368 1503 infantia,
401 1438 686 1492 infantum
735 1441 1103 1494 innocentum
1151 1448 1398 1515 catervas
1427 1443 1667 1498 llerodis
1710 1443 1804 1496 fu-

123 1527 253 1580 nesti
284 1528 532 1597 peremit
562 1529 796 1596 saevitia,
819 1546 934 1582 sua:
958 1530 1114 1583 vobis
1147 1531 1558 1584 benedictionis
1591 1533 1805 1585 tribuat

121 1615 253 1668 dona
281 1615 623 1685 gratissima.
659 1620 856 1670 Amen.

185 1704 244 1756 Et
261 1704 363 1772 qui
385 1704 466 1756 eis
485 1704 764 1756 concessit
782 1711 842 1756 ut
867 1705 1094 1758 unicum
1122 1706 1326 1759 Filium
1349 1708 1471 1775 ejus
1496 1708 1802 1762 Dominum

123 1798 373 1844 nostrum
407 1808 522 1844 non
559 1793 865 1862 loquendo,
903 1794 999 1846 sed
1047 1795 1342 1847 moriendo
1373 1797 1800 1862 confiterentur,

121 1881 379 1934 concedat
411 1882 569 1934 vobis
619 1889 679 1934 ut
719 1882 891 1934 fidem
925 1899 1138 1947 veram,
1173 1900 1346 1952 quam
1391 1885 1581 1953 lingua
1627 1893 1806 1939 vestra

122 1969 336 2035 fatetur,
371 1969 544 2022 etiam
578 1986 767 2022 mores
815 1971 1004 2039 probi,
1049 1979 1106 2024 et
1153 1970 1254 2024 vita
1309 1973 1671 2041 iuculpabilis
1719 1975 1803 2028 fa-

120 2064 310 2113 teatur.
349 2062 552 2111 Amen.
1549 2118 1556 2125 η

181 2147 403 2216 Quique
434 2163 531 2200 eos
563 2147 916 2216 primitivum
948 2147 1196 2201 fructum
1231 2156 1439 2202 sancta:
1467 2168 1582 2204 suae
1614 2167 1802 2204 susce-

124 2234 195 2303 pit
237 2234 517 2294 Ecclesiae,
565 2251 694 2288 cum
727 2236 914 2287 fructu
956 2236 1240 2288 bonorum
1291 2253 1528 2306 operum
1581 2256 1674 2290 vos
1723 2241 1802 2291 fa-

117 2323 216 2375 ciat
242 2323 546 2392 pervenire
576 2324 644 2376 ad
677 2323 881 2392 gaudia
916 2329 1147 2378 aeternae
1182 2326 1397 2394 patriae.
1437 2330 1637 2379 Amen.

177 2411 332 2475 Quod
365 2412 487 2480 ipse
519 2417 787 2480 praestare
819 2413 1108 2481 dignetur.

339 2533 392 2571 B.
442 2532 758 2572 DOMINICA
805 2533 956 2572 POST
1005 2535 1252 2573 NATALB
1301 2535 1556 2574 DOMINI.

179 2625 343 2690 Deus,
389 2623 489 2693 qui
540 2623 909 2693 Unigenitum
967 2641 1132 2677 suum
1191 2625 1346 2677 misit
1402 2632 1464 2678 ut
1519 2627 1798 2679 mundum

113 2715 365 2778 salvaret,
404 2712 662 2782 ejusdem
704 2712 900 2765 salutis
930 2730 1026 2766 vos
1061 2713 1366 2782 participes
1399 2715 1624 2778 efﬁciat,
1651 2722 1707 2768 et
1742 2717 1798 2768 in

115 2816 171 2850 ea
203 2799 644 2866 perseverabiles
674 2800 885 2851 reddat.
927 2803 1124 2852 Amen.

176 2886 342 2952 Iram,
397 2903 525 2956 qua:
575 2897 745 2956 s‘uper
781 2887 1042 2939 inﬁdeles
1093 2892 1308 2951 manet,
1355 2904 1386 2939 a
1440 2889 1596 2940 vobis
1644 2908 1798 2943 amo-

115 2980 247 3040 veat,
307 2980 366 3028 et
423 2976 492 3028 ab
542 2991 608 3028 ea
665 2992 760 3027 vos
805 2975 863 3027 in
912 2981 1253 3045 perpetuum
1304 2976 1513 3029 liberos
1570 2979 1795 3032 efficiat.

113 3065 303 3116 Amen.

179 3151 458 3219 Spiritum
514 3152 637 3206 Filii
681 3153 768 3205 sui
807 3151 963 3205 vobis
1008 3151 1304 3216 attribuat,
1353 3153 1590 3224 ejusque
1637 3154 1801 3207 donis

118 3254 202 3290 vos
227 3239 446 3292 affatim
475 3242 786 3294 exuberare
812 3241 1104 3294 concedat.
1135 3246 1338 3296 Amen.

177 3328 331 3390 Quod
364 3328 484 3397 ipse
517 3335 786 3398 praastare
815 3330 1102 3398 dignetur.

572 3451 625 3490 Β.
653 3452 738 3512 \IN
786 3452 1031 3491 ocrsvx
1081 3451 1340 3491 DOMINI.

177 3523 555 3593 Omnipotens
589 3527 753 3588 Deus,
785 3526 947 3594 cujus
984 3525 1320 3593 Unigenitus
1361 3526 1639 3578 hodierna
1688 3526 1799 3591 die,

116 3627 178 3663 ne
225 3613 413 3681 legem
466 3614 730 3681 solveret,
780 3630 952 3684 quam
1003 3614 1319 3682 adimplere
1369 3620 1621 3677 venerat,
1675 3631 1803 3666 cor-

114 3701 364 3768 poralem
419 3702 666 3771 suscepit
717 3703 1232 3766 circumcisione"),
1274 3701 1512 3770 spiritali
1561 3702 1803 3756 circum-

112 3786 316 3841 cisione
350 3795 571 3841 mentes
609 3796 820 3842 vestras
860 3792 928 3842 ab
978 3791 1245 3843 omnibus
1292 3789 1560 3842 vitiorum
1611 3793 1804 3843 incen-

111 3875 230 3928 tivis
263 3883 569 3946 expurget,
611 3885 669 3931 et
711 3895 873 3931 suam
912 3880 970 3932 in
1015 3896 1110 3932 vos
1144 3879 1408 3932 infundat
1454 3879 1802 3931 benedictio-

113 3980 258 4018 nem.
293 3970 499 4019 Amen.

179 4053 243 4104 Et
275 4053 377 4123 qui
407 4055 596 4123 legem
649 4071 750 4123 per
796 4056 1019 4125 Moysen
1069 4055 1243 4121 dedit,
1275 4060 1336 4109 ut
1381 4073 1483 4124 per
1522 4058 1806 4110 mediato-

114 4155 225 4193 rem
258 4147 526 4195 nostrum
567 4143 1024 4196 benedictionem
1056 4143 1235 4206 daret,
1281 4152 1445 4196 exuat
1478 4162 1571 4197 vos
1607 4147 1807 4198 morti-

113 4229 376 4282 ficatione
411 4230 699 4296 vitiorum,
733 4235 785 4283 et
830 4231 998 4283 faciat
1045 4247 1408 4300 perseverare
1455 4233 1516 4284 in
1562 4233 1805 4285 novitate

113 4317 408 4369 virtutum.
442 4323 643 4371 Amen.

179 4404 300 4467 Quo
350 4405 431 4457 sic
473 4405 531 4457 in
578 4405 786 4458 senarii
822 4404 1049 4458 numeri
1079 4405 1428 4474 perfectione
1475 4405 1528 4456 in
1567 4407 1669 4458 hoc
1701 4423 1803 4457 su?-

112 4492 234 4544 culo
270 4493 494 4554 vivatis,
547 4498 603 4546 et
630 4493 690 4546 in
738 4494 1060 4563 septenario
1105 4494 1252 4545 inter
1297 4495 1591 4545 beatorum
1638 4494 1836 4562 spiri-‘

113 4584 271 4634 tuum
323 4582 560 4651 agmina
608 4583 1000 4653 requiescatis,
1045 4588 1326 4652 quatenus
1370 4581 1427 4634 in
1483 4588 1677 4634 octavo
1725 4599 1806 4635 re-

112 4671 461 4724 surrectione
508 4672 782 4735 renovati,
827 4670 1054 4741 jubilaei
1111 4669 1442 4723 remissione
1497 4671 1679 4734 ditati,
1737 4671 1805 4724 ad

112 4759 316 4825 gaudia
347 4759 470 4812 sine
497 4761 613 4813 ﬁne
648 4776 917 4813 mansura
949 4760 1315 4829 perveniatis.

176 4847 336 4909 Quod
367 4848 488 4916 ipse
518 4854 792 4918 praestare
826 4849 1112 4919 dignetur.

636 4962 690 4999 Β.
740 4963 803 5001 1N
849 4961 1294 5001 THEOPHANIA.

181 5039 328 5091 Deus
379 5041 577 5094 lumen
624 5057 841 5107 verum,
892 5041 991 5111 qui
1058 5041 1423 5109 Unigenitum
1487 5059 1652 5094 suum
1709 5040 1810 5094 ho-

111 5127 310 5180 dierna
354 5130 465 5195 die,
508 5130 673 5182 stella
705 5130 866 5197 duce,
902 5131 1167 5199 gentibus
1200 5130 1378 5181 voluit
1411 5132 1676 5189 revelare,
1707 5146 1809 5182 sua

110 5229 207 5267 vos
238 5217 512 5285 dignetur
543 5218 940 5271 benedictione
973 5219 1175 5271 ditare.
1211 5222 1412 5269 Amen.

178 5304 326 5370 Quo,
377 5307 644 5374 exemplo
707 5322 1028 5375 magorum,
1086 5306 1322 5374 mystica
1387 5305 1628 5357 Domino
1677 5305 1804 5360 Jesu

113 5391 339 5446 Christo
392 5410 636 5447 munera
689 5395 1018 5460 offerentes,
1081 5398 1271 5462 spreto
1329 5393 1565 5462 antiquo
1625 5395 1806 5456 hoste,

114 5481 434 5550 spretisque
476 5482 756 5552 contagiis
805 5482 1092 5544 vitiorum,
1125 5482 1196 5533 ad
1247 5485 1522 5534 aeternam
1566 5481 1806 5550 patriam

114 5569 298 5622 redire
329 5571 560 5624 valeatis
587 5587 688 5641 per
719 5572 869 5625 viam
895 5571 1188 5623 virtutum.
1225 5573 1427 5622 Amen.

1915 558 2087 611 super
2133 541 2496 610 Unigenitum
2545 557 2711 594 suum
2747 541 3020 611 Spiritum
3062 545 3320 593 sanctum
3362 540 3608 592 demon—

1916 631 2081 684 strari
2129 631 2308 684 voluit
2347 647 2451 700 per
2497 631 2853 695 columbam;
2903 645 3081 699 eaque
3133 629 3336 682 virtute
3385 634 3607 682 mentes

1915 726 2116 772 vestra}
2150 725 2520 772 exerceantur
2562 719 2630 771 ad
2683 719 3048 787 intelligenda
3089 718 3297 771 divinae
3345 716 3487 786 legis
3516 731 3605 768 ar-

1915 824 2076 873 cana,
2111 825 2223 878 qua
2265 808 2325 860 in
2360 810 2508 862 Cana
2557 808 2797 860 Galilaete
2851 806 3080 876 lympha
3128 806 3186 859 in
3230 805 3426 858 vinum
3471 821 3605 858 con-

1915 913 2074 950 versa
2105 905 2204 950 est.
2236 901 2434 950 Amen.

1985 987 2146 1050 Quod
2179 985 2296 1056 ipse
2323 991 2592 1055 praestare
2625 985 2912 1054 dignetur.

2287 1107 2339 1146 Β.
2389 1107 2447 1145 1N
2492 1106 2732 1145 OCTAVA
2783 1104 3240 1143 ΤΗΕΟΡΗΑΝῘΑΞ.

1987 1201 2166 1252 Deum
2215 1198 2562 1250 mirabilium
2609 1202 2664 1250 et
2695 1197 2967 1249 virtutum
3000 1201 3289 1248 auctorem
3323 1193 3606 1263 supplices

1915 1304 2237 1352 exoramus,
2273 1293 2335 1340 ut
2383 1287 2480 1355 qui
2512 1302 2570 1338 se
2603 1291 2738 1338 tunc
2783 1285 2981 1337 mundi
3015 1285 3211 1336 lumen
3259 1283 3435 1334 stellae
3473 1297 3606 1350 pro-

1916 1377 2058 1430 didit
2087 1375 2324 1440 lumine,
2361 1382 2415 1428 et
2441 1376 2509 1428 ad
2544 1390 2714 1444 quem
2764 1374 3018 1426 claritate
3061 1371 3262 1425 sideris
3297 1369 3448 1440 magi
3479 1385 3607 1438 per-

1913 1471 2194 1519 venerunt
2226 1464 2528 1527 orandum,
2559 1463 2677 1532 ipse
2723 1461 3070 1532 ignoscendo
3113 1477 3170 1512 se
3216 1459 3370 1511 vobis
3402 1473 3608 1510 conce-

1915 1555 2008 1609 dat
2040 1554 2482 1625 agnoscendum.
2516 1556 2716 1604 Amen.

1988 1645 2051 1696 lit
2107 1644 2204 1713 qui
2259 1643 2522 1711 dignatus
2575 1646 2660 1692 est
2706 1639 2874 1692 hodie
2927 1638 2993 1691 ad
3045 1636 3305 1691 Jordanis
3365 1636 3604 1700 fontem,

1847 1748 1884 1799 Β
1916 1734 2044 1785 fons
2076 1749 2241 1802 aqua:
2291 1732 2429 1783 viva:
2463 1729 2826 1788 descendere,
2864 1732 2923 1780 ut
2972 1743 3075 1796 per
3110 1727 3392 1778 lavacrum
3425 1722 3606 1776 sancti

1918 1822 2170 1892 corporis
2218 1821 2370 1890 ipsas
2402 1836 2578 1888 aquas
2627 1818 2890 1878 dilueret,
2944 1816 3063 1884 ipse
3114 1831 3210 1865 vos
3259 1811 3504 1865 interius
3549 1815 3608 1863 et

1917 1910 2164 1963 exterius
2221 1910 2290 1962 ab
2373 1908 2531 1960 omni
2612 1906 2849 1958 crimine
2933 1906 3243 1957 clementer
3305 1903 3600 1969 expurget.

1915 2003 2112 2053 Amen.

1987 2088 2206 2156 Quique
2256 2101 2448 2137 rursus
2501 2084 2603 2136 hac
2651 2083 2847 2136 eadem
2899 2082 3010 2147 die,
3060 2081 3116 2133 in
3164 2082 3312 2134 (lana
3361 2078 3604 2131 Galilwae

1920 2183 2148 2245 rogatus
2181 2178 2246 2228 ad
2287 2174 2614 2244 nuptiarum
2649 2171 2993 2233 convivium,
3029 2187 3202 2240 aquas
3233 2168 3366 2220 viles
3399 2166 3605 2236 praeci—

1916 2281 2094 2334 puum
2123 2263 2404 2316 convertit
2435 2263 2492 2314 in
2533 2263 2752 2325 viuum,
2786 2260 2905 2328 ipse
2952 2259 3223 2311 vilitatem
3276 2255 3606 2308 mortalium

1914 2369 2222 2421 Corporum
2259 2357 2576 2404 vestrorum
2609 2351 2790 2419 gloria
2832 2345 3267 2400 resurrectionis
3315 2341 3606 2397 absorberi

1913 2441 2083 2494 faciat
2114 2441 2170 2492 in
2202 2446 2500 2493 internum.
2540 2445 2738 2494 Amen.

1983 2529 2143 2592 Quod
2179 2529 2298 2597 ipse
2334 2536 2622 2598 praestare,
2657 2533 2790 2590 etc.,
2827 2525 2988 2594 cujus
3017 2538 3282 2592 regnum.

2156 2653 2205 2690 Β.
2257 2651 2569 2690 DOMINICA
2620 2651 2633 2687 ι
2685 2649 2830 2688 POST
2877 2644 3371 2687 THEOPHANIAM.

1985 2747 2132 2798 Deus
2164 2743 2264 2814 qui
2297 2742 2421 2796 Filii
2460 2743 2545 2794 sui
2581 2740 2952 2810 temporalem
2989 2735 3291 2806 pueritiam
3328 2733 3456 2786 fecit
3487 2748 3608 2784 esse

1915 2834 2256 2898 mirabilem,
2298 2832 2506 2900 spiritu
2553 2831 2872 2900 prudentiae
2904 2827 3076 2880 Corda
3107 2831 3292 2878 vestra
3323 2823 3608 2875 illustrare

1913 2940 1973 2975 ac
2008 2924 2210 2974 docere
2244 2921 2529 2989 dignetur.
2566 2922 2765 2972 Amen.

1983 3011 2203 3080 Quique
2237 3010 2398 3062 illum
2435 3008 2763 3078 parentibus
2789 3003 3175 3072 temporaliter
3206 3000 3371 3054 subdi
3406 2999 3604 3063 voluit,

1912 3100 2033 3169 ipse
2066 3117 2160 3152 vos
2191 3097 2533 3152 humilitatis
2576 3102 2632 3148 et
2676 3094 2904 3164 pietatis
2939 3090 3272 3145 muneribus
3305 3088 3606 3141 miseratus

1911 3189 2198 3241 informet.
2232 3191 2434 3240 Amen.

1986 3279 2047 3329 Et
2101 3277 2198 3346 qui
2253 3292 2382 3327 eum
2417 3272 2715 3342 sapientia,
2761 3275 2925 3324 aetate
2975 3275 3032 3323 et
3088 3268 3272 3338 gratia
3328 3265 3605 3335 proﬁcere

1914 3365 2136 3429 tribuit,
2190 3363 2532 3432 spiritalium
2611 3361 2766 3413 vobis
2841 3360 3191 3430 profectuum
3251 3357 3604 3408 incrementa

1914 3453 2196 3522 propitius
2227 3451 2522 3519 largiatur.
2551 3453 2749 3503 Amen.
3515 3460 3517 3462 '

1984 3541 2145 3605 Quod
2177 3541 2295 3610 ipse
2329 3545 2615 3608 przrstarc.

2133 3682 2184 3719 Β.
2233 3679 2546 3718 DOMlNlCA
2598 3678 2642 3716 Il
2692 3677 2840 3716 POST
2885 3673 3382 3714 THEOPHANIAM.

1991 3772 2156 3836 Deus,
2195 3769 2292 3839 qui
2323 3786 2424 3821 sua
2465 3768 2714 3820 mirabili
2762 3770 3037 3836 potestate
3085 3780 3291 3834 aquam
3339 3762 3508 3814 vertit
3550 3760 3609 3813 in

1916 3860 2133 3922 vinum,
2186 3875 2282 3909 vos
2338 3874 2369 3909 a
2424 3862 2700 3908 vetustate
2762 3855 3084 3907 subtractus
3142 3853 3203 3905 in
3248 3852 3426 3904 beata:
3479 3848 3610 3900 vita:

1916 3947 2218 4001 transferat
2249 3945 2574 3997 novitatem.
2603 3947 2802 3994 Amen.

1991 4036 2046 4086 lit
2075 4034 2173 4103 qui
2208 4033 2422 4101 nuptiis
2451 4032 2718 4084 interesse
2753 4030 2946 4092 voluit,
2989 4033 3052 4081 ut
3090 4042 3287 4080 earum
3327 4042 3428 4077 sua
3462 4038 3608 4092 prae-

1917 4123 2099 4175 sentia
2145 4121 2542 4190 comprobaret
2589 4120 2827 4185 bonum,
2875 4120 2993 4187 ipse
3042 4117 3194 4168 vobis
3234 4112 3506 4167 castitatis
3555 4117 3612 4163 et

1917 4211 2236 4264 sobrietatis
2271 4215 2563 4279 perpetuas
2595 4208 2848 4262 conferat
2877 4209 3108 4259 donum.
3146 4208 3343 4257 Amen.

1989 4301 2109 4368 Ipse
2145 4300 2299 4352 vobis
2340 4306 2660 4351 sanctarum
2707 4297 3142 4365 intelligentiam
3190 4293 3611 4362 Scripturaruin

1848 4363 1888 4414 ι)
1921 4388 2132 4440 tribuat
2172 4388 2486 4456 spiritalem
2537 4389 2635 4455 qui
2683 4402 2860 4455 aquas
2903 4385 2961 4436 in
3007 4385 3139 4436 vina
3185 4381 3472 4444 vertendo,
3506 4379 3613 4431 hoc

1920 4478 2103 4545 ipsum
2141 4475 2319 4527 Voluit
2351 4475 2668 4543 designare.
2710 4479 2908 4527 Amen.

1987 4565 2145 4627 Quod
2183 4565 2302 4633 ipse
2333 4570 2622 4632 praestare.

2135 4686 2187 4724 Β.
2236 4684 2542 4724 DOMINICA
2597 4683 2672 4721 Ill
2712 4681 2860 4721 POST
2900 4679 3396 4719 THEOPHANIAM.

1989 4777 2364 4846 Omnipotens
2435 4777 2578 4828 Deus
2650 4791 2746 4826 vos
2804 4773 2872 4825 ab
2929 4772 3187 4825 omnium
3248 4776 3609 4840 peccatorum

1923 4865 2154 4916 maculis
2211 4863 2510 4929 emundet,
2571 4863 2668 4933 qui
2733 4863 3023 4931 leprosum
3083 4861 3397 4930 supplicem
3459 4864 3612 4910 tactu

1917 4953 2150 5021 proprio
2183 4953 2452 5020 dignatus
2484 4959 2567 5004 est
2595 4952 2926 5004 emundare.
2962 4957 3163 5003 Amen.

1987 5041 2222 5110 Quique.
2275 5040 2624 5092 centurionis
2680 5055 2905 5092 servum
2966 5056 3078 5091 non
3139 5042 3470 5106 aspernatus
3529 5040 3612 5087 est

1917 5130 2162 5195 visitare,
2209 5131 2328 5199 ipse
2377 5131 2632 5183 cordium
2689 5141 3005 5181 vestrorum
3057 5128 3369 5197 hospitium
3419 5126 3612 5194 digne-

1917 5225 2012 5271 tur
2046 5218 2491 5271 misericorditcr
2521 5219 2776 5280 introire.
2813 5223 3013 5271 Amen.

1989 5307 2191 5376 Sicque
2224 5323 2321 5359 vos
2352 5307 2487 5360 ﬁdei
2515 5323 2632 5360 suae
2660 5306 3020 5376 plenitudine
3055 5304 3342 5368 informet,
3381 5309 3445 5354 ut
3480 5319 3610 5356 cum

1919 5395 2126 5446 sanctis
2158 5393 2276 5445 suis
2307 5394 2366 5446 in
2397 5395 2672 5447 coslorum
2707 5410 2882 5460 regno
2917 5392 3248 5445 accumbere
3281 5391 3610 5446 contendat.

1920 5485 2120 5534 Amen.

1990 5570 2152 5633 Quod
2184 5569 2322 5640 ipse.
