4078 6180
516 292 619 344 863
1653 289 1992 343 GRIMALDI
2032 289 2554 345 SANGALLENSIS
2592 291 2878 346 ABBATIS
3878 302 3958 351 863.

722 434 782 491 ιιι.
834 431 1145 474 ooumca
1193 432 1255 470 IV
1302 432 1453 472 rosr
1499 432 1980 472 THEOPBANIAM.
2246 417 2383 473 Ain
2444 418 2709 473 cordibus
2760 419 2957 473 vestris
3011 421 3334 487 seminare,
3391 427 3450 475 et
3499 423 3563 477 ad
3626 424 3957 479 maturitatem

585 507 991 562 Tentationum
1040 505 1301 560 omnium
1353 523 1385 559 a
1417 505 1577 559 vobis
1630 506 1904 560 Dominus
1954 506 2211 576 pericula
2323 522 2637 573 congruam
2667 508 2934 578 dignetur
2967 510 3297 579 perducere.
3328 515 3527 564 Amen.

518 602 843 655 removeat.
909 600 967 648 et
1024 595 1524 665 perturbationum
1582 596 1859 666 procellas
1917 595 2217 650 miseratus
2395 596 2517 659 Quo
2571 613 2675 649 nec
2725 614 2757 649 a
2814 597 3171 651 daemonibus
3229 604 3583 666 comestum,
3644 614 3745 653 nec
3795 601 3961 653 duritia

517 686 799 741 excludat.
834 688 1059 739 Amen..
2323 684 2508 736 cordis
2565 685 2896 751 arefactum,
2947 701 3052 738 nec
3100 685 3278 754 spinis
3334 686 3691 750 suffocatum,
3742 694 3961 741 centena-

587 773 908 827 Tentatoris
953 771 1184 826 fraudes
1222 777 1393 842 atque
1455 771 1746 825 molimina
1808 772 2103 833 dissolvat.
2161 778 2216 827 et
2321 769 2472 823 rium
2506 771 2680 840 possit
2710 772 2947 824 reddere
2981 772 3246 826 fructum.
3282 776 3483 828 Amen.

512 879 614 915 vos
664 862 932 915 adversus
980 877 1111 914 eum
1156 866 1355 915 cautos
1406 867 1576 931 atque
1624 861 1982 915 invincibiles
2024 862 2211 917 faciat.
2394 859 2685 922 Quatenus
2725 860 2785 913 in
2823 861 3026 914 ultimo
3067 860 3419 927 discrimine,
3456 862 3685 932 quando
3716 864 3862 916 multi
3888 880 3963 933 pro

515 954 719 1005 Amen.
2323 947 2587 1014 crimine,
2652 948 2733 1001 uti
2786 948 3000 1002 zizania
3057 949 3179 1019 igni
3236 950 3642 1018 comburenda,
3690 951 3960 1017 tradentur,

584 1036 883 1092 Continuus
937 1036 1091 1106 pacis
1134 1036 1295 1090 vobis
1343 1052 1585 1090 munera
1627 1036 1861 1103 tribuat,
1913 1041 1969 1091 et
2015 1054 2113 1091 vos
2155 1038 2215 1093 in
2322 1036 2479 1089 vobis
2550 1038 2871 1107 manipulas
2937 1038 3171 1108 frugum
3237 1045 3554 1093 vestrarum
3621 1040 3962 1109 portantibus,

513 1131 748 1196 portum
784 1124 1220 1195 tranquillitatis
1249 1141 1313 1178 ac
1351 1125 1667 1179 securitatis
1697 1126 2041 1196 propitiatus
2078 1142 2215 1181 con-
2322 1124 2525 1178 horrea
2554 1126 2826 1179 cmlorum
2860 1127 3210 1195 aperiantur.
3244 1130 3447 1181 Amen.

517 1215 730 1267 stituat.
768 1217 968 1267 Amen.
2391 1213 2550 1277 Quod
2602 1231 2823 1268 summa
2873 1215 3116 1269 Trinitas
3189 1222 3455 1285 prmstare
3518 1216 3816 1286 dignetur,
3867 1233 3961 1285 qua!

588 1302 746 1366 Quod
780 1302 920 1371 ipse.
2320 1301 2671 1371 quibuslibet
2720 1302 2859 1356 foris
2904 1304 3373 1374 impendentibus
3427 1303 3822 1369 ministerium,
3871 1306 3962 1373 ipsa

754 1424 805 1463 B.
856 1424 1170 1463 DOMINICA
1214 1425 1249 1461 ν
1300 1424 1448 1463 POST
1493 1423 1987 1463 THEOPHANIAM.
2319 1405 2364 1442 δ(

2349 1390 2438 1443 ola
2470 1389 2812 1444 intrinsecus
2852 1392 2986 1445 dare
3030 1397 3218 1462 potest
3246 1393 3688 1458 incrementum,
3720 1394 3775 1446 in
3802 1393 3959 1445 saecula

592 1499 756 1562 Deus,
812 1497 910 1567 qui
953 1497 1168 1550 bonum
1222 1513 1417 1551 semen
1466 1497 1526 1550 in
1574 1513 1677 1550 sua
1727 1497 1970 1551 Ecclesia
2022 1512 2211 1552 serere
2320 1478 2677 1532 saeculorum-
2715 1484 2912 1533 Ᾱωθη·
3438 1558 3439 1561 η

517 1586 832 1652 consuevit,
876 1585 934 1639 in
974 1586 1134 1640 vobis
1161 1586 1302 1639 illud
1348 1602 1684 1640 conservare
1728 1593 1901 1656 atque
1932 1586 2210 1657 multipli-
2786 1601 2839 1638 Β.
2886 1601 2948 1639 ιιι
2997 1601 3553 1648 QUINQUAGESIMA.

516 1690 642 1728 care
670 1690 965 1743 nunquam
996 1674 1247 1727 desistat.
1284 1676 1481 1727 Arnen.

2394 1691 2611 1744 Lumen
2653 1690 2985 1745 indeticiens
3032 1693 3201 1757 Deus,
3256 1693 3355 1762 qui
3414 1692 3482 1745 ad
3532 1691 3959 1745 illuminationem

587 1761 946 1815 Zizaniorum
990 1761 1573 1832 superseminatorem
1603 1778 1636 1814 a
1682 1761 1839 1815 vobis
1886 1763 2086 1832 procul
2115 1778 2211 1816 re—
2250 1761 2287 1770 ”
2322 1783 2578 1833 nostram
2627 1780 2824 1833 lumen
2871 1780 2939 1833 de
2993 1796 3051 1833 se
3102 1761 3361 1850 δεηίιιῇω
3412 1780 3471 1833 in
3525 1782 3679 1834 hunc
3735 1781 3962 1833 mundum

514 1850 708 1920 pellat,
742 1854 796 1904 et
824 1851 910 1903 sui
943 1851 1099 1904 verbi
1140 1851 1348 1921 pabulo
1394 1867 1489 1904 vos
1535 1851 1929 1906 indesinenter
1972 1852 2124 1906 refici

2353 1867 2570 1936 lirigere
2620 1868 2799 1922 voluit
2854 1868 3235 1935 incarnatum,
3295 1870 3414 1938 ipse
3474 1869 3699 1939 aperire
3748 1868 3963 1938 dignetur

512 1941 718 2026 Αφεηο
2322 1957 2514 2011 oculos
2544 1956 2994 2026 praecordiorum
3023 1963 3361 2011 vestrorum.
3387 1960 3591 2011 Amen.

586 2025 741 2115 011οτ
764 2042 893 2079 cum
927 2026 1043 2079 dies
1084 2026 1282 2095 indic“
1321 2027 1638 2094 advenerit:
1673 2043 1705 2079 ³
1740 2028 2001 2098 ΓθΡΓοδίδ
2050 2045 2210 2100 ⁵⁸ρᾶ-
2393 2025 2681 2108 Quatenus
2735 2044 2921 2115 ipsum
2980 2051 3301 2115 sequentes,
3361 2050 3417 2098 et
3472 2045 3619 2098 alios
3665 2044 3734 2098 ad
3786 2044 3959 2097 laudem

514 2114 645 2178 rati,
679 2114 750 2168 ad
781 2115 1071 2168 dexteram
1100 2115 1309 2183 judicis
1354 2116 1656 2182 sistamini,
1689 2120 1745 2170 et
1774 2116 1836 2170 in
1882 2117 2211 2172 beatissimo
2324 2134 2423 2188 Dei
2464 2114 2782 2187 accendatis
2824 2138 2881 2187 ει
2924 2133 3035 2204 ipsi
3066 2114 3153 2187 ’ad
3206 2134 3442 2187 domum
3482 2133 3586 2187 Dei
3636 2139 3883 2187 aeternam
3921 2133 3960 2184 in

514 2202 694 2273 ipsius
725 2219 904 2273 regno
934 2204 1314 2258 collocemini.
1350 2208 1547 2259 Amen.
2321 2219 2479 2273 catis
2510 2220 2874 2288 per-veniatis,
2906 2202 3106 2273 A—men.

587 2291 749 2356 Quod
781 2292 901 2361 ipse
932 2297 1223 2361 prtestare.

2394 2308 2455 2361 In
2486 2324 2659 2379 quam
2703 2324 2807 2378 per
2838 2309 3021 2379 ipsum
3058 2315 3115 2361 et
3161 2309 3373 2362 ostium
3410 2315 3467 2362 et
3495 2308 3787 2361 ostiarium
3828 2307 3959 2360 intro-

733 2413 785 2451 Β.
834 2414 1146 2453 DOMINICA
1192 2415 1256 2453 v1
1303 2414 1453 2454 posr
1499 2415 1995 2455 rasosuuuu.
2321 2396 2497 2463 ducti,
2532 2397 2741 2450 divinis
2788 2397 3049 2451 laudibus
3085 2398 3144 2450 in
3180 2398 3385 2451 saecula
3416 2398 3754 2451 saeculorum
3779 2411 3960 2466 perma-

590 2486 736 2539 Deus
772 2487 870 2556 qui
920 2503 1077 2541 mare
1121 2488 1239 2540 suis
1284 2488 1528 2556 pedibus
1575 2489 1707 2542 fecit
1754 2505 1877 2542 esse
1919 2489 2209 2555 calcabile,
2322 2485 2505 2539 neatis
2536 2484 2762 2538 intenti.
2798 2488 2997 2539 Amen.

516 2573 675 2627 vobis
714 2574 993 2645 quidquid
1031 2580 1117 2628 est
1153 2575 1410 2641 noxium,
1444 2576 1565 2645 ipse
1614 2578 1956 2631 substernat.
2005 2582 2208 2632 Amen.
2393 2573 2548 2637 Ουοά
2582 2574 2705 2642 ejus
2754 2573 3088 2643 dignatione
3135 2574 3260 2627 ﬁeri
3310 2574 3689 2644 ΡοδίυῙθωυδν
3727 2572 3816 2644 (ἰοί
3856 2587 3961 2641 quos

588 2662 912 2716 Contrarias
956 2663 1391 2717 immundorum
1446 2664 1751 2733 spirituum
1810 2670 2000 2720 motus
2058 2683 2209 2720 com-
2322 2667 2453 2715 ante
2501 2662 2773 2729 szeculum
2826 2661 3110 2731 praescivit
3168 2667 3225 2714 et
3276 2662 3729 2731 praedestinavit,
3782 2664 3832 2713 et
3865 2662 3960 2711 ante

515 2754 727 2819 pescat,
759 2756 815 2803 et
842 2766 940 2803 vos
971 2750 1030 2804 in
1059 2768 1161 2805 sua
1186 2768 1323 2821 pace
1349 2751 1671 2807 conﬁrmet.
1706 2758 1906 2809 Amen.
2320 2749 2496 2803 ﬁnem
2544 2751 2736 2803 saeculi
2780 2750 2998 2804 vocavit
3044 2755 3101 2803 et
3137 2749 3492 2820 justificavit,
3542 2750 3604 2803 in
3665 2748 3774 2802 fine
3816 2744 3960 2799 saeculi

588 2838 781 2893 Crucis
826 2854 942 2891 suae
976 2838 1107 2892 navi
1150 2839 1300 2893 inter
1340 2840 1543 2895 mundi
1587 2842 1793 2895 fluctus
1824 2842 2125 2913 gubernet,
2156 2848 2213 2897 et
2320 2838 2660 2908 gloriﬁcabit
2688 2838 2747 2891 in
2776 2839 2981 2892 saecula
3009 2840 3369 2892 saeculorum.
3404 2841 3609 2891 Arnen.

516 2925 577 2979 in
608 2926 767 2979 littus
794 2926 974 2980 beata:
1004 2928 1380 2998 perennitatis
1412 2930 1703 2999 perducat.
1734 2934 1935 2983 Amen.
2251 2992 2293 3047 Ο
2639 2961 2689 3000 ιι,
2739 2960 3052 3000 υοηικιω
3102 2961 3118 2999 ι
3164 2959 3697 3007 ρυλυιιλαεδιιιιίιε.

586 3013 744 3047 ηυρλ

586 3013 769 3077 Ουοά-
1430 3050 1433 3051 ⁷
2251 3013 2293 3047 υ
2396 3052 2702 3107 Benedicat
2746 3052 2904 3106 vobis
2942 3052 3308 3119 omnipotens
3348 3053 3516 3117 Deus,
3566 3051 3666 3122 qui
3699 3049 3962 3121 quadmse-

715 3136 766 3173 Β·
814 3136 877 3174 ιΝ
926 3136 1432 3176 ΡυιῖιΡῐϐΑτιοΝΕ
1477 3137 1733 3178 SAM”!
1785 3138 2013 3178 ΜΑΒΗΕ·
2323 3141 2551 3194 narium
2593 3156 2901 3195 numerum
2935 3141 2990 3193 in
3037 3141 3211 3211 Moysi
3257 3145 3312 3194 et
3364 3140 3521 3205 Elite,
3584 3156 3687 3192 nec
3743 3154 3845 3191 non
3891 3136 3962 3188 lle

588 3225 961 3296 Omnipotens
998 3228 1163 3293 Deus,
1197 3228 1297 3299 qui
1330 3229 1700 3295 Unigenitum
1734 3246 1901 3283 suum
1934 3231 2211 3284 hodierna
2319 3229 2555 3283 diatoris
2588 3230 2764 3283 nostri
2807 3230 3023 3299 jejunio
3071 3228 3443 3291 consecravit,
3475 3229 3853 3297 concedatque
3891 3239 3961 3274 vo-

516 3314 609 3368 die
653 3314 711 3367 in
762 3321 1053 3386 assumpta
1082 3332 1249 3370 carne
1280 3316 1343 3370 in
1388 3320 1602 3388 templo
1634 3319 1812 3372 voluit
1854 3320 2209 3389 praesentari,
2319 3316 2406 3369 bis
2447 3317 2525 3369 ita
2556 3316 2867 3385 transigere
2917 3316 3213 3385 praesentis
3256 3315 3380 3368 vitae
3414 3315 3894 3384 dispensationem,
3921 3314 3962 3361 ut

514 3402 922 3455 benedictionis
953 3419 1070 3457 sua:
1118 3420 1216 3456 vos
1250 3420 1486 3458 munere
1516 3405 1709 3467 fultos,
1743 3406 1905 3460 bonis
1938 3408 2211 3478 operibus
2320 3409 2550 3474 accepto
2629 3422 2659 3457 ει
2725 3404 3134 3473 patrefamilias
3192 3403 3681 3457 remunerationis
3736 3400 3959 3457 denario.

515 3490 684 3545 faciat
714 3492 995 3546 exornari.
1029 3497 1230 3547 Amen.
2317 3493 2668 3563 perveniatis
2706 3494 2774 3546 ad
2809 3498 3172 3562 peccatorum
3212 3492 3474 3546 omnium
3508 3492 3899 3549 remissionem,
3924 3494 3962 3537 et

591 3578 655 3630 Et
683 3577 779 3646 qui
824 3593 975 3644 eum,
1006 3584 1071 3631 ut
1101 3580 1284 3648 legem
1332 3578 1693 3651 adimpleret,
1738 3580 2068 3635 ministrum
2110 3597 2209 3635 vo-
2320 3582 2392 3635 ad
2436 3582 2745 3651 gloriosam
2781 3598 2911 3635 cum
2952 3582 3162 3635 sanctis
3194 3581 3459 3635 omnibus
3508 3579 3958 3634 resurrectionem.

517 3662 625 3715 luit
673 3664 819 3717 effici
862 3666 1021 3735 legis,
1072 3672 1293 3721 mentes
1344 3674 1559 3721 vestras
1602 3668 1851 3724 instruat
1896 3670 2040 3740 legis
2093 3686 2208 3723 sua:
2318 3673 2521 3723 Amen.

519 3751 870 3821 spiritalibus
899 3753 1272 3823 documentis.
1306 3760 1505 3812 Amen.
2391 3760 2608 3829 Detque
2660 3759 2818 3812 vobis
2871 3756 3215 3827 spiritalium
3268 3757 3545 3810 virtutum
3610 3752 3959 3810 invictissime.

588 3839 710 3903 Quo
764 3841 816 3894 ei
856 3848 913 3895 et
953 3859 1056 3912 pro
1108 3844 1446 3911 turturibus,
1494 3845 1767 3900 castitatis
1815 3851 1873 3900 et
1918 3846 2211 3901 charitatis
2320 3846 2440 3916 [al.,
2490 3845 2824 3917 invictricia]
2876 3862 3055 3911 arma,
3089 3845 3297 3915 quibus
3340 3845 3606 3914 exemplo
3654 3842 3859 3899 Domini
3886 3838 3959 3891 de-

517 3946 761 3983 munera
804 3931 1007 3985 offerre
1058 3933 1313 3998 valeatis;
1350 3941 1406 3988 et
1445 3952 1549 4004 pro
1581 3936 1754 4005 pullis
1788 3936 2207 3990 columbarum.
2318 3935 2542 3989 vincere
2600 3935 2829 3988 valeatis
2886 3934 3110 4005 antiqui
3169 3934 3357 4001 hostis
3401 3934 3768 4003 sagacissima
3817 3932 3961 3983 tenta-

518 4019 764 4089 Spiritus
796 4020 975 4074 sancti
1002 4020 1166 4075 donis
1191 4023 1533 4078 exuberetis.
1570 4028 1771 4077 Amen.
2319 4030 2536 4077 menta.
2567 4027 2771 4077 Amen.

588 4108 751 4171 QUOd
781 4108 922 4179 ipse.
2390 4112 2511 4175 Quo
2543 4128 2655 4165 non
2687 4112 2745 4164 in
2779 4112 2900 4165 solo
2932 4127 3100 4180 pane,
3135 4111 3233 4165 sed
3264 4110 3323 4163 in
3355 4110 3514 4163 omni
3556 4110 3733 4164 verbo
3761 4105 3891 4177 quod
3914 4103 3961 4154 de

1010 4213 1062 4251 ιι.
1111 4213 1172 4252 ιιι
1220 4213 1729 4253 δερτυΑαεειιιΑ.
2320 4216 2418 4253 ore
2467 4200 2586 4270 ejus

2346 4216 2418 4253 ire
2467 4200 2586 4270 ejus
2634 4201 2905 4270 procedit,
2962 4200 3277 4270 spiritalem
3326 4205 3622 4252 sumentes
3662 4194 3956 4252 alimoniam,

590 4301 716 4369 Ipse
766 4318 865 4355 vos
909 4302 967 4355 in
1008 4303 1247 4356 Ecclesia
1288 4320 1389 4356 sua
1434 4303 1772 4357 fructiﬁcare
1807 4304 1976 4358 faciat
2005 4308 2102 4375 qui
2140 4305 2209 4359 ad
2253 4289 2294 4341 D
2324 4305 2424 4358 Per
2457 4290 2812 4359 ieiuniorum
2864 4289 3339 4353 Observalionema
3373 4293 3429 4341 et
3458 4284 3957 4379 Caerommpf‘?“

517 4388 885 4443 excolendam
929 4391 1153 4444 vineam
1184 4407 1368 4457 suam,
1400 4407 1587 4457 mane,
1635 4392 1775 4445 hora
1810 4393 1998 4458 tertia,
2028 4374 2209 4460 sexta,
2319 4394 2446 4431 “1m
2476 4394 2713 4449 ορθτυιη
2751 4377 3181 4445 θλδίδίίίοηοω,
3213 4377 3507 4448 ΡθτοίΡθτθ
3538 4374 3861 4430 ωετθδωίοί
3888 4374 3961 4422 ω’

515 4491 689 4540 nona,
721 4482 776 4531 et
808 4479 1112 4533 undecima
1141 4480 1431 4549 operarios
1460 4480 1676 4534 invitat.
1707 4484 1910 4534 Amen.

2321 4467 2769 4521 marcescibilem
2795 4468 2994 4537 gloriae
3024 4483 3314 4520 coronam.
3347 4470 3548 4520 Amen.

585 4564 872 4627 Quatenus
929 4568 1078 4621 inter
1135 4568 1353 4637 primos
1412 4574 1716 4639 operantes
1774 4586 1879 4623 nec
1937 4569 2209 4625 extremis
2390 4555 2721 4626 Ουοάίυεθο
3424 4556 3429 4559 Δ

516 4652 853 4721 invidentes,
882 4657 1200 4710 mercedem
1242 4657 1501 4711 laborum
1530 4662 1849 4713 vestrorum
1879 4658 2001 4713 sine
2046 4676 2126 4713 mi

2108 4675 2203 4713 ur-
2619 4678 2671 4717 B.
2722 4678 3032 4717 DOMINICA
3082 4678 3127 4716 Il
3176 4675 3717 4724 QUADRAGESIM5.

518 4756 682 4795 mure
712 4748 767 4796 et
794 4743 1182 4815 increpatione
1217 4746 1561 4816 percipiatis.
1595 4750 1796 4801 Amen.
2391 4751 2762 4821 Omnipotens
2807 4752 2971 4817 Deus,
2998 4750 3207 4820 jejunii
3240 4756 3696 4819 caeterarumque
3737 4748 3955 4799 virtutum

592 4831 659 4885 Ut
684 4846 812 4885 cum
844 4832 931 4884 his
950 4833 1047 4903 qui
1072 4835 1343 4888 membris
1382 4835 1867 4890 Cliristiminimis
1908 4836 2209 4891 subvenire
2320 4839 2617 4894 dedicator
2656 4846 2828 4910 atque
2878 4845 3118 4903 amator,
3153 4854 3255 4891 sua
3298 4854 3394 4891 vos
3433 4836 3825 4890 benedictione
3865 4843 3956 4881 san-

521 4924 813 4985 curarunt,
862 4920 919 4973 in
973 4922 1280 4976 novissimo
1315 4923 1509 4993 magni
1561 4924 1762 4995 judicii
1813 4925 1905 4978 die
1951 4925 2212 4979 benedici
2320 4929 2548 4982 ctiticet.
2578 4931 2781 4981 Amen.

524 5012 693 5077 atque
737 5008 794 5062 in
844 5015 1059 5063 aeterna
1103 5011 1472 5065 tabernacula
1514 5012 1806 5066 introduci
1849 5013 2204 5067 mereamini.
2389 5016 2673 5069 Accendat
2732 5016 2789 5068 in
2852 5015 3010 5068 vobis
3070 5015 3182 5083 pias
3242 5013 3562 5069 devotionis
3613 5012 3885 5069 affectum,
3923 5006 3961 5052 εί

520 5100 722 5150 Amen‘
2320 5105 2569 5175 praebeat
2641 5105 3093 5174 supplicantibus
3150 5119 3319 5156 suum
3395 5103 3679 5172 benignus
3730 5096 3957 5152 auditum.

590 5186 750 5250 Quod
780 5186 899 5257 ipse
930 5193 1202 5258 prastare
1261 5188 1551 5259 dignetur,
1598 5191 1760 5259 cujus
1812 5196 2059 5261 potestas
2106 5207 2212 5245 nec
2321 5196 2522 5247 Amen.

519 5275 703 5340 initio,
740 5292 843 5329 nec
871 5278 985 5331 fine
1017 5283 1447 5348 coangustatur,
1482 5278 1540 5332 in
1589 5280 1796 5334 srecula
1845 5282 2207 5335 saeculorum.
2393 5282 2686 5344 Quatenus
2734 5285 2951 5334 mentes
2992 5285 3215 5344 vestrae,
3267 5279 3499 5333 sinceris
3556 5281 3804 5348 purgata:
3850 5270 3959 5339 jejﬂ‘

523 5368 724 5419 Amen-
2320 5370 2452 5436 niis,
2489 5371 2770 5424 bonorum
2818 5369 3078 5423 omnium
3126 5369 3245 5438 [al.,
3281 5365 3539 5439 operum]
3575 5366 3867 5419 exuberent
3896 5356 3960 5408 in-

1055 5471 1106 5510 e.
1148 5471 1210 5510 ιι(
1250 5471 1677 5511 ΒΕΧΑΟΕΒΙΜΔ.
2321 5458 2651 5512 crementis.
2684 5462 2883 5511 Amen.

592 5543 765 5595 Dator
797 5544 1058 5598 omnium
1111 5544 1393 5598 bonorum
1426 5546 1703 5613 Christus,
1753 5547 1969 5601 bonum
2016 5562 2211 5601 semen
2396 5546 2556 5611 Quod
2590 5546 2732 5616 ipse.
