4078 6180
84 286 183 339 865
902 284 1107 338 LIBER
1144 283 1797 341 SACItAMENTORUM.
1837 314 1903 321 —
1933 282 2485 342 BENEDICTIONES
2525 283 2741 339 EPISC.
3473 290 3574 342 866

358 438 411 476 Β.
459 435 769 476 DOHINICA
819 436 896 475 ιιι
943 436 1485 483 ΟυΔῡΒΔϐΕΒῙΜΕ.

148 527 522 596 Omnipotens
573 528 715 580 Deus
755 527 1109 597 jejuniorum
1150 538 1468 581 vestrorum
1510 528 1770 581 victimas

80 616 388 668 clementer
435 616 695 685 accipiat,
736 622 791 668 et
845 632 948 668 sua
979 631 1074 668 vos
1124 616 1523 669 benedictione
1571 615 1773 687 dignos

79 705 301 758 efﬁciat.
337 706 542 757 Amen.

141 794 357 846 Montes
406 799 618 846 vestras
658 792 738 845 ita
786 792 1155 863 parcimoniaa
1204 792 1356 846 bono
1402 797 1597 846 contra
1640 793 1775 846 vitia

75 882 317 946 muniat,
385 886 803 950 praeceptorum
866 896 1101 934 suorum
1175 882 1447 935 doctrinis
1528 882 1771 948 erudiat,

76 969 363 1022 charitatis
394 969 542 1022 dono
572 969 805 1038 repleat,
853 975 913 1022 ut
952 986 1049 1022 vos
1089 970 1147 1023 in
1198 971 1464 1023 omnibus
1509 970 1615 1024 sibi
1647 972 1770 1040 pla-

75 1073 193 1111 cere
227 1057 524 1110 concedat.
558 1060 756 1110 Amen.

138 1146 453 1211 Quatenus,
496 1147 791 1215 praesentis
832 1146 1299 1215 Quadragesimaa
1343 1147 1546 1200 diebus
1592 1146 1773 1199 devoi-

74 1235 285 1288 tissime
355 1236 672 1301 celebratis,
752 1235 821 1287 ad
894 1236 1180 1303 paschalia
1262 1235 1403 1288 festa
1458 1235 1773 1304 puriﬁcatis

76 1324 344 1376 cordibus
375 1325 641 1377 accedere
673 1322 929 1376 valeatis.
958 1324 1162 1376 Amen.

140 1411 304 1475 Quod
336 1412 479 1481 ipse.

360 1533 413 1572 B.
463 1532 779 1572 DOMINICA
826 1532 887 1570 ιγ
935 1529 1474 1578 ΟυΔυΒΔαΕεῐΜΕ.

144 1606 292 1658 Deus
343 1604 443 1674 qui
490 1621 587 1656 vos
631 1604 695 1657 ad
754 1604 1125 1673 praesentium
1184 1602 1770 1673 quadragesimalium

76 1693 293 1745 dierum
324 1691 687 1745 medietatem
720 1693 988 1760 dignatus
1030 1698 1115 1744 est
1144 1692 1474 1761 perducere,
1525 1693 1643 1763 ipse
1675 1709 1772 1745 vos

78 1797 172 1834 sua
202 1781 578 1834 miseratione
604 1780 874 1849 dignetur
896 1781 1255 1834 benedicere.
1280 1785 1485 1834 Amen.

141 1869 568 1923 Abstinentiam
613 1874 855 1922 vestram
898 1870 1246 1938 praeteritam
1302 1874 1573 1939 acceptet,
1621 1869 1769 1923 futu-

81 1974 196 2011 ram
227 1960 307 2011 ita
335 1958 444 2011 sibi
485 1958 751 2028 placitam
797 1958 1017 2023 reddat,
1061 1964 1125 2010 ut
1167 1958 1311 2011 sicut
1355 1959 1424 2011 ab
1455 1958 1664 2011 illicitis
1695 1960 1778 2011 ci-

82 2046 182 2110 bis,
214 2046 293 2099 ita
327 2063 425 2099 vos
469 2046 643 2099 etiam
690 2063 721 2099 a
756 2045 903 2100 vitiis
947 2047 1214 2100 omnibus
1254 2046 1535 2100 abstinere
1578 2063 1777 2101 conce-

82 2135 187 2188 dat.
219 2138 430 2188 Amen.

145 2222 440 2285 Quatenus
489 2221 909 2292 de'praeteritis
951 2226 1007 2275 et
1046 2223 1114 2276 de
1173 2222 1381 2275 futuris
1431 2222 1778 2292 spiritalium

82 2311 484 2364 charismatum
543 2312 802 2381 frugibus
862 2311 914 2363 ei
981 2316 1169 2382 grates
1233 2313 1643 2381 persolventes,
1708 2311 1779 2365 ad

83 2405 335 2453 sanctam
371 2400 582 2453 Pascha
611 2400 915 2470 pervenire
947 2400 1178 2470 possitis
1219 2400 1538 2454 indemnes.
1573 2404 1776 2454 Amen.

148 2488 310 2552 Quod
334 2489 480 2558 ipse.

386 2609 439 2647 Β.
490 2608 801 2650 DOMINICA
852 2610 887 2647 ν
932 2609 1465 2657 ΩΙΖᾹΒΒΛΟΕΒΙΜᾸΞ.

148 2682 439 2736 Accendat
480 2683 539 2735 in
589 2682 748 2736 vobis
796 2684 1074 2736 Dominus
1129 2683 1246 2736 vim
1307 2684 1393 2736 sui
1448 2682 1681 2747 amoris,
1726 2688 1781 2736 et

86 2786 178 2840 per
200 2771 563 2841 jejuniorum
605 2772 1047 2837 observantiam,
1084 2772 1349 2826 infundat
1382 2773 1440 2825 in
1484 2772 1639 2825 vobis
1684 2772 1781 2825 do-

86 2876 217 2913 num
248 2876 373 2913 sum
398 2860 831 2914 benedictionis.
867 2863 1068 2914 Amen.

149 2948 235 3001 Sic
274 2947 329 3000 ei
378 2949 747 3019 parcimoniaa
791 2950 1047 3002 victimas
1082 2948 1354 3014 offeratis,
1406 2954 1467 3002 ut
1513 2949 1594 3001 illi
1644 2965 1776 3003 con-

86 3036 195 3088 triti
220 3036 427 3103 cordis,
464 3042 517 3090 et
560 3037 897 3091 humilitatis
938 3037 1213 3091 sacriﬁcio
1246 3038 1534 3107 placeatis.
1571 3041 1770 3093 Amen.

149 3125 444 3188 Quatenus
484 3127 663 3179 oratio
694 3133 900 3194 vestra,
930 3126 1139 3198 jejunii
1170 3132 1226 3180 et
1257 3128 1639 3196 eleemosynae
1672 3128 1777 3181 alis

87 3213 364 3274 subvecta,
406 3215 462 3268 id
510 3215 576 3268 ad
611 3232 775 3269 aures
817 3217 987 3269 vestri
1034 3216 1342 3269 conditoris
1380 3216 1667 3282 ascendat,
1717 3221 1780 3269 ut

86 3318 176 3355 vos
204 3308 440 3357 εἰει-ηδε
492 3303 859 3357 beatitudinis
899 3304 1155 3357 haeredes
1190 3308 1246 3357 et
1278 3319 1660 3373 supernorum
1691 3304 1775 3357 ci-

86 3392 232 3445 vium
260 3399 561 3446 consortes
592 3394 817 3447 efﬁciat.
848 3396 1048 3447 Amen.

149 3481 307 3544 Quod
342 3482 488 3550 ipse.

538 3601 592 3639 B.
642 3602 790 3640 DOM.
841 3601 1323 3641 INDULGENTIJE.

152 3673 462 3727 Benedicat
501 3674 657 3727 vobis
700 3675 1061 3745 omnipotens
1108 3676 1279 3743 Deus,
1324 3674 1417 3728 cui
1447 3681 1502 3729 et
1526 3674 1775 3745 jejunio-

88 3776 205 3815 rum
263 3763 652 3817 maceratione
711 3768 763 3817 et
814 3764 1185 3833 praesentium
1245 3764 1469 3818 dierum
1514 3764 1778 3817 observa-

87 3850 230 3905 tione
263 3853 496 3921 placere
527 3852 783 3905 studetis.
815 3854 1017 3905 Amen.

149 3940 553 4009 Concedatque
591 3940 772 4006 vobis,
802 3945 866 3994 ut
908 3941 1053 3994 sicut
1082 3940 1133 3994 ei
1174 3957 1305 3994 eum
1345 3940 1521 3993 ramis
1562 3940 1778 4011 palma-

86 4043 204 4081 rum
235 4034 651 4082 casterarumve
686 4030 975 4083 frondium
1010 4030 1345 4100 praesentari
1366 4030 1683 4095 studuistis,
1704 4029 1782 4083 ita

87 4133 206 4172 cum
251 4119 454 4187 palma
486 4119 737 4172 victoriae
784 4124 839 4173 et
891 4120 1079 4173 fructu
1122 4120 1410 4173 bonorum
1452 4136 1690 4189 operum
1731 4120 1783 4173 ei

88 4213 209 4274 post
238 4208 468 4260 obitum
502 4224 779 4277 apparere
806 4208 1070 4261 valeatis.
1107 4212 1307 4261 Amen.

152 4295 378 4365 Quique
419 4295 702 4365 unigeniti
737 4297 858 4349 Filii
898 4297 1022 4366 ejus
1062 4297 1393 4366 passionem
1439 4313 1586 4366 puro
1617 4296 1785 4351 corde
1829 4300 1870 4352 D

89 4384 332 4447 creditis,
372 4389 566 4436 mente
598 4384 799 4437 devota
827 4385 1084 4437 venerari
1117 4386 1375 4452 studetis,
1411 4386 1483 4439 ad
1522 4401 1782 4439 resurre-

91 4472 281 4525 ctionis
326 4472 473 4525 festa
516 4477 574 4525 et
622 4478 825 4527 vestrae
880 4474 1362 4528 remunerationis
1406 4474 1666 4544 praemia,
1700 4474 1781 4543 ip-

95 4558 198 4610 sius
224 4559 359 4613 fulti
388 4561 731 4627 munimine,
763 4562 1020 4616 veniatis.
1056 4565 1259 4616 Amen.

152 4640 325 4711 Quod.
348 4649 497 4719 ipse.

586 4772 639 4809 Β.
688 4772 748 4810 ΙΝ
796 4772 981 4812 COENA
1028 4772 1281 4811 DOMINI.

156 4843 462 4897 Benedicat
490 4844 651 4897 vobis
681 4847 1048 4915 omnipotens
1088 4847 1255 4909 Deus,
1300 4846 1401 4916 qui
1430 4862 1535 4915 per
1567 4846 1778 4916 Unige-

92 4930 187 4982 niti
240 4932 333 4985 sui
388 4932 715 5002 passionem
763 4940 925 4988 vetus
966 4935 1177 5005 pascha
1223 4935 1283 4988 in
1338 4951 1550 4989 novum
1600 4934 1782 4988 voluit

91 5021 360 5083 converti,
424 5022 813 5093 concedatque
858 5024 1016 5077 vobis
1066 5030 1150 5090 ut,
1207 5028 1522 5094 expurgata
1574 5024 1781 5077 veteris

89 5106 355 5163 fermenti
383 5112 667 5181 contagio,
700 5128 842 5166 nova
870 5114 930 5167 in
961 5113 1118 5167 vobis
1152 5118 1475 5183 perseveret
1509 5128 1778 5183 consper-

90 5196 182 5249 sio.
216 5201 425 5253 Amen.

154 5285 217 5337 Et
252 5287 357 5356 qui
389 5288 456 5341 ad
488 5288 889 5343 celebrandam
923 5290 1327 5361 Redemptoris
1350 5290 1528 5343 nostri
1558 5305 1778 5343 coenam

92 5380 272 5427 mente
309 5377 515 5430 devota
545 5379 910 5446 convenistis,
939 5384 1282 5433 internarum
1314 5380 1549 5450 dapium
1583 5378 1778 5432 vobis-

96 5476 208 5515 cum
244 5466 449 5535 epulas
480 5468 802 5536 reportetis.
838 5471 1039 5522 Amen.

156 5553 458 5625 lpsiusque
488 5557 804 5626 opitulante
836 5558 1164 5625 clementia,
1198 5557 1559 5612 mundemini
1590 5575 1620 5611 a
1653 5572 1774 5610 sor-

1807 421 1851 474 A
1881 422 2051 475 dibus
2100 428 2485 492 peccatorum,
2518 422 2617 493 qui
2655 423 2723 476 ad
2772 422 3184 477 insinuandum
3234 424 3577 478 humilitatis

1883 512 2231 581 exemplum,
2262 514 2436 581 pedes
2466 511 2645 564 voluit
2675 513 2860 564 lavare
2892 511 3327 582 discipulorum.
3362 518 3564 567 Amen.

1953 598 2111 662 Quod
2139 600 2277 669 ipse.

2316 739 2368 777 Β.
2416 739 2489 776 DE
2535 738 2845 778 PASSIONE
2894 740 3149 779 DOMINI.

1953 828 2327 897 Omnipotens
2364 828 2529 891 Deus,
2584 829 2682 898 qui
2719 828 3005 899 Unigeniti
3053 829 3136 883 sui
3170 830 3436 899 passione
3467 828 3570 882 tri-

1882 916 2006 969 buit
2037 917 2193 970 vobis
2226 917 2564 970 humilitatis
2590 919 2937 987 exemplum,
2971 920 3245 971 concedat
3274 918 3430 971 vobis
3472 934 3575 987 per

1880 1005 2142 1058 eamdem
2195 1006 2575 1059 humilitatem
2636 1007 2926 1075 percipere
2984 1022 3097 1059 suae
3146 1006 3561 1060 benedictionis

1884 1092 2172 1145 ineffabile
2203 1093 2440 1146 donum.
2476 1096 2677 1145 Amen.

1952 1181 2131 1251 Ipsius
2189 1182 2621 1235 resurrectionis
2681 1182 3006 1252 percipiatis
3046 1182 3352 1249 consortia,
3408 1183 3569 1252 cujus

1881 1269 2170 1339 patientiae
2201 1270 2551 1323 veneramini
2579 1271 2935 1323 documenta.
2972 1274 3174 1323 Amen.

1953 1358 2074 1421 Quo
2120 1358 2188 1411 ab
2245 1374 2311 1411 eo
2357 1358 2720 1427 sempiternae
2770 1358 2896 1412 vitae
2955 1374 3165 1412 munus
3217 1357 3568 1428 percipiatis,

1881 1460 1985 1515 per
2037 1445 2198 1514 cujus
2242 1446 2619 1514 temporalem
2668 1451 2937 1513 mortem,
2984 1451 3263 1499 aeternam
3307 1462 3406 1498 vos
3455 1461 3581 1497 eva-

1880 1533 2015 1588 dere
2047 1534 2293 1587 creditis.
2329 1538 2529 1587 Amen.

1950 1623 2112 1687 Quod
2145 1624 2265 1693 ipse
2284 1629 2579 1695 prwstare.

2328 1764 2381 1802 B.
2430 1764 2492 1801 IN
2541 1761 2825 1801 SABBATO
2865 1761 3132 1801 SANCTO.

1964 1873 2109 1926 Deus
2141 1873 2238 1942 qui
2272 1872 2340 1925 de
2380 1872 2641 1925 Ecclesiae
2680 1888 2797 1924 suae
2829 1876 2991 1924 utero
3032 1870 3373 1923 intemerato
3403 1884 3581 1923 novos

1888 1958 2131 2029 populos
2180 1960 2516 2029 producens,
2548 1975 2695 2019 eam,
2738 1959 3062 2027 virginitate
3102 1964 3386 2022 manente,
3435 1974 3581 2012 nova

1889 2063 2117 2116 semper
2159 2048 2319 2116 prole
2362 2047 2648 2109 fecundat,
2683 2046 2835 2110 fidei,
2889 2045 3009 2115 spei
3051 2050 3105 2098 et
3152 2044 3441 2098 charitatis
3483 2061 3582 2097 vos

1890 2152 2128 2189 munere
2168 2136 2406 2204 repleat,
2453 2140 2508 2187 et
2556 2150 2672 2187 suae
2716 2134 2775 2187 in
2824 2150 2919 2186 vos
2970 2132 3385 2187 benedictionis
3432 2133 3581 2186 dona

1888 2225 2172 2278 infundat.
2206 2229 2407 2278 Amen.

1964 2316 2026 2367 Et
2074 2314 2172 2384 qui
2216 2314 2362 2367 hanc
2418 2311 2856 2365 sacratissimam
2893 2316 3118 2364 noctem
3184 2310 3580 2380 Redemptoris

1889 2403 2067 2456 nostri
2099 2402 2517 2455 resurrectione
2557 2401 2736 2453 voluit
2771 2401 3075 2466 illustrare,
3114 2402 3331 2452 mentes
3370 2402 3583 2452 vestras

1888 2496 2251 2561 peccatorum
2301 2489 2553 2543 tenebris
2588 2491 2908 2553 mundatas,
2954 2488 3233 2541 virtutum
3276 2486 3455 2557 copiis
3498 2487 3581 2540 fa-

1889 2580 2000 2633 ciat
2026 2595 2344 2633 coruscare.
2380 2580 2578 2632 Amen.

1963 2668 2084 2731 Quo
2137 2682 2337 2720 eorum
2388 2665 2487 2735 qui
2540 2665 2711 2718 modo
2758 2664 2943 2718 renati
2992 2668 3143 2728 sunt,
3196 2648 3584 2717 innocentiam

1892 2756 2104 2809 imitari
2175 2756 2417 2817 certetis,
2492 2761 2547 2807 et
2619 2754 2842 2806 vascula
2908 2752 3182 2805 mentium
3245 2757 3582 2818 vestrarum,

1891 2845 2154 2914 exemplo
2199 2845 2567 2914 praesentium
2625 2842 2910 2895 luminum
2966 2840 3279 2904 illustretis,
3332 2844 3398 2892 ut
3455 2855 3585 2892 eum

1891 2933 2171 2986 bonorum
2208 2949 2447 3002 operum
2484 2930 2866 2999 lampadibus,
2910 2929 2979 2981 ad
3022 2928 3194 2995 hujus
3236 2928 3428 2997 sponsi
3460 2928 3584 2980 tha-

1886 3021 2124 3086 lamum,
2168 3021 2329 3089 cujus
2372 3019 2849 3073 resurrectionem
2898 3016 3217 3080 celebratis,
3263 3032 3393 3070 cum
3444 3032 3578 3086 pru-

1887 3110 2154 3163 dentibus
2176 3108 2489 3178 virginibus
2518 3108 2731 3160 intrare
2763 3105 3009 3176 possitis.
3048 3109 3245 3159 Amen.

1958 3197 2118 3261 Quod
2150 3197 2272 3267 ipse
2300 3203 2593 3267 praestare.

2285 3338 2337 3376 Β.
2374 3337 2434 3377 IN
2485 3336 2587 3376 DIE
2624 3336 2865 3376 SANCTO
2903 3334 3185 3374 PASCH/E.

1962 3446 2265 3500 Benedicat
2292 3461 2390 3498 vos
2422 3445 2786 3515 omnipotens
2816 3445 2982 3504 Deus,
3022 3442 3294 3495 hodierna
3332 3440 3581 3495 interve-

1889 3534 2083 3589 niente
2111 3533 2367 3587 Paschali
2400 3534 2780 3599 solemnitate,
2825 3536 2882 3584 et
2922 3531 2990 3583 ab
3020 3531 3201 3597 omni,
3252 3530 3579 3593 miseratus,

1889 3624 2159 3693 dignetur
2186 3622 2491 3676 defendere
2523 3622 2817 3692 pravitate.
2861 3622 3061 3674 Amen.

1964 3714 2028 3766 Et
2076 3711 2175 3781 qui
2202 3711 2269 3764 ad
2317 3716 2593 3764 mternam
2642 3711 2810 3762 vitam
2854 3708 3142 3777 Unigeniti
3199 3708 3285 3761 sui
3327 3724 3582 3762 resurre-

1890 3801 2078 3854 ctione
2107 3816 2203 3852 vos
2236 3804 2478 3870 reparat,
2526 3799 2584 3851 in
2612 3798 2791 3867 ipsius
2839 3797 3087 3851 adventu
3136 3796 3584 3851 immortalitatis

1891 3906 1993 3943 vos
2022 3887 2245 3958 gaudiis
2268 3887 2489 3941 vestiat.
2527 3888 2729 3939 Amen.

1964 3978 2029 4030 Et
2070 3977 2187 4047 qui,
2232 3976 2469 4046 expletis
2504 3973 2856 4044 jejuniorum
2897 3972 3012 4025 sive
3061 3972 3339 4043 passionis
3390 3971 3581 4025 Domi-

1893 4066 2035 4119 nica:
2063 4065 2282 4130 diebus,
2311 4063 2591 4133 paschalis
2639 4062 2764 4115 festi
2797 4061 3006 4131 gaudia
3054 4060 3373 4125 celebratis,
3414 4060 3483 4114 ad
3517 4076 3583 4113 ea

1892 4155 2035 4208 festa
2062 4168 2189 4224 quae
2240 4170 2354 4206 non
2387 4155 2520 4205 sunt
2550 4168 2739 4204 annua
2778 4151 2875 4203 sed
2913 4152 3203 4214 continua,
3238 4149 3360 4219 ipso
3391 4148 3581 4220 opitu-

1894 4246 2066 4308 lante,
2102 4242 2517 4297 exsultantibus
2550 4241 2755 4293 animis
2786 4239 3050 4292 veniatis.
3080 4241 3282 4291 Amen.

1963 4332 2120 4396 Quod
2158 4332 2279 4401 ipse
2309 4337 2580 4401 praestare
2629 4329 2914 4398 dignetur,
2948 4328 3047 4398 qui
3095 4326 3314 4380 devicta
3372 4331 3581 4395 morte,

1894 4420 2045 4474 Patri
2076 4422 2385 4490 sanctoque
2412 4418 2647 4489 Spiritui
2676 4416 2999 4486 coaequalis,
3032 4415 3167 4467 vivit
3206 4420 3262 4468 et
3304 4414 3586 4485 gloriatur

1898 4510 2062 4578 Deus,
2094 4524 2197 4579 per
2226 4507 2420 4562 omnia
2450 4506 2656 4562 saecula
2682 4506 3019 4559 saeculorum
3060 4506 3258 4558 Amen.

2347 4647 2402 4685 B.
2450 4646 2514 4685 IN
2559 4645 2802 4685 OCTAVA
2852 4642 3132 4683 PASCHE.

1964 4758 2136 4824 Deus,
2202 4756 2363 4825 cuius
2412 4754 2745 4824 unigenitus
2806 4753 3085 4807 hodierna
3142 4753 3235 4807 die
3289 4750 3585 4821 discipulis

1891 4847 2030 4910 suis,
2058 4845 2250 4915 januis
2281 4842 2508 4910 clausis,
2554 4843 2821 4912 dignatus
2852 4848 2938 4895 est
2977 4858 3277 4913 apparere,
3338 4856 3454 4896 sum
3484 4856 3586 4893 vos

1890 4932 2301 4988 benedictionis
2347 4932 2511 4985 donis
2542 4931 2887 5001 locupletare
2932 4938 2990 4986 et
3032 4932 3274 4986 caelestis
3307 4931 3464 4984 vobis
3499 4946 3587 4983 re-

1890 5024 1989 5094 gni
2015 5022 2224 5092 januas
2251 5022 2524 5091 dignetur
2554 5020 2796 5090 aperire.
2830 5024 3032 5075 Amen.

1962 5113 2032 5165 Ut
2062 5111 2162 5181 qui
2210 5110 2279 5163 ab
2328 5125 2529 5163 eorum
2572 5110 2898 5179 pectoribus
2934 5112 3156 5177 {attactu
3207 5106 3296 5160 sui
3333 5105 3586 5176 corporis

1890 5200 2095 5253 vulnus
2124 5200 2441 5268 amputavit
2470 5197 2799 5264 dubietatis,
2833 5196 3101 5251 concedat
3141 5202 3202 5249 ut
3240 5212 3343 5265 per
3387 5194 3582 5261 fidem,

1889 5305 2002 5359 qua
2050 5304 2181 5341 eum
2223 5288 2601 5339 resurrexisse
2647 5286 2895 5351 creditis,
2930 5285 3190 5338 omnium
3240 5284 3585 5338 delictorum

1891 5378 2125 5431 maculis
2156 5375 2413 5429 careatis.
2449 5380 2652 5429 Amen.

1962 5466 2026 5519 Et
2057 5465 2154 5535 qui
2185 5480 2315 5518 eum
2350 5480 2483 5518 cum
2514 5464 2733 5517 Thema
2770 5463 2947 5515 Deum
2980 5466 3035 5515 et
3069 5461 3375 5515 Dominum
3410 5461 3589 5516 credi-

1890 5556 1981 5621 tis,
2033 5560 2089 5608 et
2134 5554 2361 5607 cernuis
2405 5553 2633 5606 vocibus
2672 5548 2964 5615 invocatis,
3014 5548 3084 5602 ab
3141 5565 3205 5603 eo
3254 5555 3311 5604 et
3370 5550 3431 5604 in
3480 5550 3588 5604 hoc
