4078 6180
534 292 634 341 867

1675 288 1714 341 G
1727 286 2010 341 RIMAI.DI
2053 288 2268 340 SANGA
2278 287 2557 344 LLENSIS
2595 290 2886 346 ABBATIS

3883 303 3961 351 SGS

533 427 738 481 saeculo
770 442 802 479 ει
842 424 1005 478 malis
1031 423 1298 476 omnibus
1341 421 1508 486 tueri,
1557 427 1612 474 et.
1659 422 1714 475 in
1751 423 1943 476 futuro
1985 428 2208 476 sancto-
2247 425 2293 477 A
2323 425 2612 489 nascendi,
2640 427 2758 496 ipse
2802 428 2858 480 in
2899 443 3076 498 regno
3123 433 3334 482 aeterno
3384 429 3598 483 tribuat
3651 433 3958 487 mansionem

531 532 658 568 rum
691 515 926 568 coetibus
956 512 1148 566 ascisci
1175 511 1426 565 valeatis.
1465 512 1669 566 Amen.

601 602 758 665 Quod
793 601 932 668 ipse.

753 703 898 742 ITEM
948 703 998 741 B.
1049 703 1116 739 DE
1161 701 1692 740 RESURRECTIONE
1744 703 2000 740 DOMINI.

600 777 901 829 Benedicat
932 793 1027 828 vos
1069 775 1431 845 omnipotens
1464 777 1644 842 Deus,
1691 775 1787 845 qui
1835 793 1929 827 vos
1971 776 2219 843 gratuita

525 865 886 918 miseratione
947 865 1178 926 creavit,
1238 868 1292 915 et
1352 864 1410 915 in
1458 864 1874 916 resurrectione
1932 865 2214 934 linigeuli

524 953 609 1005 sui
643 969 798 1022 spem
831 952 994 1006 vobis
1020 951 1358 1020 resurgendi
1389 953 1683 1004 concessit.
1721 957 1920 1004 Amen.

597 1043 912 1094 Resuscitet
943 1057 1037 1093 vos
1068 1041 1135 1093 de
1170 1040 1438 1092 vitiorum
1479 1041 1774 1109 sepulcris,
1829 1041 1925 1110 qui
1959 1057 2093 1094 eum
2128 1057 2215 1094 re-

526 1130 815 1182 suscitavit
847 1147 878 1182 a
900 1129 1158 1182 mortuis.
1193 1131 1394 1182 Amen.

600 1219 668 1271 Ut
701 1235 828 1270 cum
869 1235 935 1271 eo
980 1218 1100 1269 sine
1147 1216 1258 1270 ﬁne
1292 1216 1532 1270 feliciter
1569 1218 1786 1284 vivatis,
1834 1235 2005 1288 quem
2039 1236 2223 1273 resur-

526 1307 732 1359 rexisse
762 1325 791 1358 a
827 1306 1062 1359 mortuis
1089 1306 1364 1358 veraciter
1395 1305 1642 1359 creditis.
1679 1310 1879 1359 Amen.

598 1396 758 1458 Quod
793 1396 929 1465 ipse.

1293 1484 1446 1536 Alia.

599 1575 762 1635 Deus,
799 1571 894 1642 qui
937 1589 1038 1641 per
1079 1573 1553 1623 resurrectionem
1601 1571 1888 1640 Unigeuiti
1932 1572 2018 1624 sui
2061 1572 2218 1625 vobis

525 1657 768 1710 contulit
798 1663 854 1709 et
887 1657 1097 1708 bonum
1132 1656 1538 1723 redemptionis
1567 1661 1620 1707 et
1652 1657 1822 1707 decus
1862 1657 2210 1725 adoptionis,

525 1761 639 1799 suae
672 1745 830 1797 vobis
857 1744 1110 1796 conferat
1145 1745 1380 1812 praemia
1409 1744 1840 1797 benedictionis.
1873 1748 2073 1797 Amen.

594 1835 660 1884 Et.
692 1849 803 1902 quo
839 1833 1154 1885 redimente
1195 1832 1524 1901 percepistis
1564 1833 1776 1884 donum
1822 1839 2114 1901 perpetuae.
2148 1833 2215 1885 li-

523 1923 776 1986 bertatis,
824 1938 889 1974 eo
935 1921 1228 1991 largiente,
1276 1925 1565 1972 consortes
1616 1921 1944 1973 efliciamiui
1987 1927 2215 1974 mtcrnm

523 2011 886 2064 baereditatis.
922 2013 1122 2062 Amen.

594 2101 657 2152 Et
719 2100 817 2169 qui
885 2098 1312 2151 consurrexistis
1382 2097 1436 2150 in
1502 2096 1838 2167 baptismate
1906 2098 2212 2162 credendo,

523 2188 755 2256 adjungi
783 2187 1119 2240 mereamini
1153 2187 1211 2239 in
1246 2187 1456 2239 caelesti
1499 2186 1732 2253 regione
1767 2187 1912 2239 bene
1947 2187 2209 2240 vivendo.

520 2280 722 2328 Amen.

592 2364 750 2427 Quod
779 2364 920 2434 ipse.

635 2445 638 2448 ’
1221 2454 1350 2505 Item
1390 2452 1523 2504 alia.

592 2543 758 2604 Deus,
793 2542 888 2611 qui
920 2557 1023 2610 pro
1070 2540 1226 2593 vobis
1269 2540 1514 2608 suscepit
1555 2539 1823 2606 iujuriam
1870 2541 2072 2605 erucis,
2109 2541 2204 2592 la:-

521 2631 644 2685 titia
676 2647 768 2683 vos
803 2632 1034 2682 innovet
1066 2645 1180 2681 sua1
1222 2627 1674 2681 resurrectionis.
1711 2633 1912 2681 Amen.

593 2722 658 2773 Et
689 2720 788 2788 qui
819 2718 1090 2787 pendenti
1124 2733 1315 2768 secum
1340 2716 1398 2768 in
1430 2732 1592 2769 cruce
1628 2717 1832 2769 latroni
1861 2717 2080 2770 remisit
2113 2718 2210 2770 de-

519 2808 740 2872 lictum,
775 2825 872 2859 vos
910 2806 1168 2860 absolvat
1202 2822 1235 2858 a
1275 2806 1491 2858 cunctis
1536 2806 1775 2858 nexibus
1819 2812 2208 2876 peccatorum,

518 2899 720 2951 Amen.

594 2988 660 3040 Ut
703 3001 806 3056 per
856 2983 1266 3055 redemptionis
1317 2987 1514 3036 vestra).
1561 2982 1894 3052 mysterium
1936 2988 1990 3035 et
2038 2984 2209 3051 digne

518 3074 935 3129 converscmini
989 3074 1044 3126 in
1089 3089 1281 3144 opere,
1327 3077 1380 3125 et
1430 3072 1768 3139 locupletius
1817 3078 2031 3125 aeterna
2080 3090 2207 3142 per-

516 3164 788 3218 fruamini
819 3164 1301 3216 remuneratione.
1338 3166 1538 3214 Amen.

588 3252 745 3316 Quod
774 3253 912 3321 ipse.

1206 3339 1339 3390 Item
1379 3339 1513 3390 alia.

588 3429 735 3481 Deus
766 3427 865 3496 qui
900 3443 992 3478 vos
1030 3425 1167 3478 lavit
1211 3442 1359 3494 aqua
1389 3425 1475 3477 sui
1508 3426 1719 3491 lateris,
1751 3432 1806 3479 et
1846 3427 2078 3481 redimit
2123 3427 2205 3481 ef-

515 3517 735 3571 fusione
795 3515 1030 3576 cruoris,
1091 3514 1211 3583 ipse
1272 3514 1330 3566 in
1389 3513 1548 3566 vobis
1606 3515 1906 3568 confirmet
1961 3517 2206 3586 gratiam

515 3607 734 3673 adepta:
766 3601 1194 3671 redemptionis.
1223 3603 1422 3654 Amen.

586 3695 692 3746 Per
721 3708 890 3762 quem
936 3690 1117 3743 renati
1153 3689 1286 3742 estis
1336 3707 1400 3742 ex
1445 3707 1592 3760 aqua
1619 3694 1676 3744 et
1717 3691 1931 3761 Spiritu
1989 3699 2206 3761 sancto,

513 3781 634 3851 ipse
666 3798 760 3833 vos
793 3778 1004 3833 caelesti
1035 3778 1322 3831 consociet
1352 3795 1548 3848 regno.
1590 3781 1789 3832 Amen.

584 3870 806 3939 Quique
841 3868 998 3921 dedit
1030 3867 1185 3920 vobis
1215 3867 1380 3920 initia
1411 3872 1617 3920 sanctae
1657 3868 1812 3937 ﬁdei,
1857 3869 1979 3939 ipse
2009 3871 2205 3923 confe-

511 3965 605 4014 rat
632 3964 687 4012 et
729 3957 1138 4028 perfectionem
1171 3957 1374 4026 operis,
1418 3962 1476 4010 et
1517 3957 1938 4026 plenitudinem
1971 3958 2208 4012 charita-

509 4050 600 4102 tis.
636 4052 834 4103 Amen.

581 4137 738 4201 Quod
774 4137 916 4205 ipse,
949 4139 1081 4200 etc.,
1114 4133 1296 4202 cujus.

1205 4223 1341 4276 Item
1380 4221 1515 4274 alia.

581 4311 858 4366 Dominus
911 4311 1058 4363 Deus
1104 4315 1297 4362 noster
1345 4325 1445 4361 vos
1487 4309 1761 4378 perducat
1823 4309 1891 4364 ad
1938 4310 2204 4365 arborem

507 4401 658 4466 vitae,
691 4400 790 4471 qui
822 4400 970 4452 eruit
999 4399 1068 4452 de
1093 4401 1225 4451 ,lacu
1257 4398 1520 4450 miseriae.
1556 4400 1758 4452 Amen.

581 4491 704 4558 Ipse
742 4488 904 4542 vobis
951 4488 1169 4558 aperiat
1201 4488 1437 4556 jauuam
1470 4487 1736 4557 paradisi.
1785 4489 1883 4558 qui
1925 4488 2204 4558 confregit

506 4583 700 4649 portas
734 4577 968 4630 inferni.
1006 4581 1208 4629 Amen.

579 4669 704 4738 Ipse
735 4683 833 4719 vos
860 4671 1022 4719 eruat
1051 4683 1082 4717 a
1114 4665 1360 4732 ﬂagello,
1394 4669 1450 4716 et
1480 4663 1536 4716 in
1581 4680 1823 4733 regnum
1869 4681 2036 4718 suum
2068 4681 2201 4735 per-

505 4756 676 4810 ducat
707 4753 1073 4819 conﬁdentes,
1124 4752 1222 4822 qui
1281 4751 1397 4821 pati
1438 4751 1705 4821 dignatus
1740 4758 1825 4805 est
1863 4768 1964 4822 pro
2011 4753 2203 4822 impiis

506 4841 805 4895 innocens.
842 4844 1048 4894 Amen.

575 4931 734 4994 Quod
765 4930 908 5000 ipse,
939 4936 1045 4983 etc.
1079 4929 1178 4998 qui
1205 4944 1337 4982 cum
1370 4930 1558 4982 Patre.

1197 5019 1326 5070 Item
1367 5018 1500 5070 alia.

577 5106 999 5176 Omnipotentis
1031 5106 1129 5160 Dei
1155 5110 1210 5158 et
1239 5105 1466 5158 Domini
1499 5106 1675 5159 nostri
1705 5107 2202 5162 benedictionibus

504 5194 864 5265 repleamini,
896 5194 1058 5264 cujus
1101 5193 1234 5247 estis
1279 5194 1562 5262 sanguine
1608 5196 1860 5264 pretioso
1899 5195 2197 5266 redempti.

505 5285 706 5338 Amen.

577 5373 708 5441 Ejus
729 5388 828 5424 vos
853 5370 1184 5425 indeﬁciens
1213 5373 1432 5441 repleat
1461 5371 1661 5440 gratia.
1705 5372 1867 5440 cujus
1897 5371 2202 5428 ineffabilis

507 5458 810 5527 plasmavit
840 5459 1117 5530 potentia.
1144 5463 1345 5512 Amen.

583 5548 649 5601 Ut
678 5549 777 5618 qui
823 5548 981 5602 vobis
1020 5549 1079 5602 iu
1119 5548 1225 5601 hoc
1259 5547 1475 5600 mundo
1524 5561 1669 5616 przes
1697 5546 1786 5600 itit
1817 5547 2197 5601 conditionem

2329 514 2448 566 sine
2482 515 2594 567 ﬁne
2628 516 2871 569 vivendi.
2905 519 3105 570 Amen.

2399 604 2559 666 Quod
2595 606 2734 674 ipse,
2767 612 2897 671 etc.,
2933 607 3188 675 quicum
3212 608 3397 662 Patre.

3023 713 3151 765 Item
3194 714 3325 765 alia.

2404 800 2548 852 Deus
2603 799 2722 868 qui,
2773 800 2999 852 calcatis
3059 800 3268 852 inferni
3336 801 3574 870 legibus,
3634 802 3962 871 captivitatem

2330 892 2602 952 nostram,
2638 887 2881 940 resoluta
2913 894 3243 941 catenarum
3272 905 3565 958 compage,
3615 890 3861 955 dignatus
3901 899 3960 941 est

2328 976 2396 1029 ad
2431 977 2706 1030 libertatis
2737 977 2974 1044 prtemia
3008 993 3293 1043 revocare,
3329 978 3446 1047 ipse
3478 978 3630 1030 vobis
3662 985 3868 1048 praestet
3902 981 3956 1030 ita

2329 1064 2474 1117 hanc
2506 1064 2676 1116 vitam
2719 1066 3053 1132 transigere,
3089 1073 3150 1118 ut
3193 1066 3248 1118 in
3294 1067 3450 1119 illam
3501 1071 3841 1136 perpetuam,
3868 1067 3959 1135 ἰρτο

2329 1152 2490 1215 duce,
2525 1155 2750 1221 possitis
2778 1153 3009 1206 intrare.
3046 1157 3246 1207 Amen.

2397 1243 2637 1294 Tantum
2671 1243 2920 1311 praebeat
2953 1243 3113 1296 vobis
3133 1243 3413 1296 fervorem
3445 1244 3737 1297 catholicae
3762 1243 3894 1300 ﬁdei.
3923 1251 3965 1296 ut

2329 1332 2507 1383 sancti
2565 1328 2857 1384 adventus
2901 1331 3057 1384 illius
3128 1331 3251 1385 sitis
3326 1333 3740 1402 exspectatione
3805 1334 3964 1386 securi.

2327 1422 2528 1471 Amen.

2401 1507 2468 1558 Ut
2499 1505 2827 1575 quicunque
2872 1506 2963 1559 bic
3007 1513 3340 1562 meruerunt
3379 1508 3614 1577 purgari
3643 1507 3789 1561 unda
3823 1508 3965 1576 bapti-

2327 1594 2454 1658 smi,
2527 1594 2603 1646 ibi
2674 1596 3006 1663 praesentari
3061 1597 3286 1648 valeant
3340 1600 3436 1666 pio
3481 1595 3660 1665 judici
3716 1595 3961 1648 candidati.

2254 1722 2294 1774 Β
2324 1684 2527 1735 Amen.

2399 1771 2559 1834 Quod
2591 1771 2735 1840 ipse,
2766 1776 2872 1825 etc.

2871 1893 2943 1930 DE
2988 1891 3229 1932 SANCTA
3277 1893 3497 1932 CIIUCE.

2401 1965 2704 2018 Benedicat
2735 1980 2834 2018 vos
2863 1967 2931 2018 de
2967 1967 3118 2019 ccelis
3148 1967 3514 2036 omnipotens
3571 1968 3732 2030 Deus,
3763 1966 3850 2036 qui
3889 1982 3963 2034 per

2325 2070 2552 2107 crucem
2583 2061 2640 2107 et
2671 2055 3008 2123 sanguinem
3054 2056 3328 2125 passionis
3361 2073 3477 2110 suae
3508 2072 3607 2109 vos
3639 2057 3878 2125 dignatus
3903 2067 3961 2104 est

2325 2144 2606 2196 redimere
2637 2144 2694 2196 in
2724 2143 2908 2196 terris.
2943 2148 3144 2196 Amen.

2397 2233 2517 2301 Ipse
2545 2249 2638 2282 vos
2667 2237 2898 2284 renovet
2933 2249 2964 2283 a
2997 2236 3272 2284 vetustate
3303 2231 3541 2301 peccati,
3577 2233 3676 2302 qui
3709 2248 3805 2300 pro
3844 2230 3958 2281 vobis

2325 2321 2590 2389 dignatus
2635 2327 2718 2372 est
2742 2319 3032 2388 crucitigi;
3079 2335 3291 2390 vosque
3345 2320 3415 2372 ad
3467 2321 3716 2373 cmlestia
3755 2319 3959 2374 suscitet.

2324 2410 2423 2478 qui
2451 2426 2553 2478 pro
2581 2409 2737 2460 vobis
2769 2408 2981 2461 inferos
3017 2409 3353 2477 penetravit.
3385 2412 3589 2461 Amen.

2393 2498 2575 2550 Vitam
2615 2513 2770 2550 suam
2828 2497 2983 2550 vobis
3032 2498 3306 2552 Dominus
3346 2497 3582 2558 tribuat,
3629 2496 3727 2567 qui
3768 2499 3958 2549 mortem

2323 2592 2564 2638 vestram
2597 2586 2844 2654 suscepit
2867 2592 2923 2638 et
2952 2586 3220 2654 perdidit.
3254 2589 3455 2638 Amen.

2391 2676 2548 2739 Quod
2586 2677 2726 2745 ipse,
2761 2681 2892 2742 etc.,
2921 2675 3099 2743 cujus.

3019 2782 3147 2833 Item
3189 2781 3321 2832 alia.

2395 2855 2693 2925 Benedicat
2723 2868 2881 2921 vobis
2915 2869 3276 2937 omnipotens
3308 2869 3473 2932 Deus,
3513 2868 3611 2937 qui
3667 2883 3766 2936 per
3795 2867 3956 2930 [nige-

2323 2961 2426 3012 niti
2459 2960 2542 3012 sui
2567 2960 2692 3011 Jesu
2717 2958 2922 3012 Christi
2949 2957 3176 3010 Domini
3203 2957 3381 3009 nostri
3401 2958 3726 3026 passionem
3757 2963 3804 3007 et
3822 2953 3957 3006 crucis

2319 3048 2639 3119 patibulum
2673 3063 2852 3115 genus
2887 3045 3128 3098 redemit
3151 3046 3489 3098 humanum.
3522 3049 3726 3098 Amen.

2391 3137 2787 3206 Concedatque
2827 3134 2986 3188 vobis
3035 3140 3096 3186 ut
3136 3150 3265 3186 cum
3315 3135 3586 3187 omnibus
3640 3132 3832 3186 sanctis
3865 3145 3957 3200 quae

2318 3225 2391 3278 sit
2419 3225 2674 3292 ejusdem
2705 3223 2886 3277 crucis
2935 3222 3260 3291 longitudo,
3295 3222 3558 3283 latitudo,
3604 3220 3895 3274 sublimitas
3920 3221 3957 3267 et

2316 3313 2689 3384 profundum,
2746 3315 2933 3366 mente
2987 3311 3188 3365 devota
3239 3310 3730 3380 comprehendere
3767 3307 3956 3379 possitis.

2319 3407 2520 3458 Amen.

2389 3492 2678 3556 Quatenus
2713 3489 3091 3558 vosmetipsos
3138 3487 3501 3558 abnegando,
3549 3501 3870 3556 crucemque
3894 3498 3957 3551 ge-

2318 3581 2542 3645 stando,
2584 3581 2660 3632 ita
2709 3579 2767 3631 in
2816 3577 3116 3648 praasentis
3162 3577 3290 3629 vitae
3339 3577 3522 3630 stadio
3570 3577 3956 3644 Redemptorem

2318 3674 2577 3721 nostrum
2610 3665 2840 3736 possitis
2871 3665 3054 3735 sequi,
3085 3670 3147 3718 ut
3174 3664 3227 3717 ei
3249 3665 3414 3718 'inter
3443 3663 3652 3718 choros
3677 3662 3956 3733 angelorum

2317 3761 2444 3826 post
2475 3757 2696 3809 obitum
2730 3753 3069 3808 mereamini
3101 3753 3316 3807 ascisci.
3348 3755 3552 3806 Amen.

2388 3845 2546 3908 Quod
2576 3843 2717 3913 ipse,

2640 3965 2693 4003 Β.
2729 3965 2786 4003 IN
2839 3965 2940 4003 DIE
2972 3961 3387 4003 ASCENSIONIS
3428 3962 3688 4002 DOMINI.

2387 4037 2691 4092 Beuedicat
2726 4037 2884 4090 vobis
2916 4037 3278 4106 omnipotens
3326 4037 3494 4102 Deus,
3538 4037 3706 4105 cujus
3737 4029 3955 4102 Unigeni-

2316 4133 2407 4181 tus
2439 4127 2717 4180 hodierna
2762 4126 2852 4180 die
2900 4126 3172 4180 cmlorum
3213 4126 3324 4179 alta
3365 4125 3708 4194 penetravit,
3752 4127 3803 4176 et
3839 4119 3957 4172 vobis

2317 4216 2412 4269 ubi
2445 4216 2539 4269 ille
2575 4221 2658 4268 est
2687 4215 3026 4268 ascendendi
3067 4214 3283 4266 aditum
3315 4213 3604 4283 patefecit.
3633 4217 3823 4266 Amen.

2248 4313 2289 4366 D
2384 4303 2780 4373 Concedatque
2802 4302 3084 4374 propitius
3113 4307 3175 4356 ut
3206 4302 3349 4354 sicut
3373 4306 3502 4371 post
3527 4300 3954 4355 resurrectionem

2317 4409 2477 4446 suam
2507 4392 2797 4461 discipulis
2827 4391 2978 4445 visus
3007 4396 3091 4444 est
3142 4390 3495 4448 manifestus.
3530 4390 3611 4443 ita
3638 4390 3793 4443 vobis
3829 4388 3876 4439 in
3895 4386 3955 4452 jn-

2315 4481 2526 4536 dicium
2557 4481 2793 4534 veniens
2820 4480 3077 4533 videatur
3100 4481 3376 4549 placatus.
3411 4481 3618 4533 Amen.

2389 4563 2454 4615 Et
2493 4577 2665 4630 quem
2709 4561 3012 4614 consedere
3056 4560 3209 4612 Patri
3251 4560 3306 4612 in
3356 4574 3457 4611 sua
3496 4561 3790 4628 majestate
3819 4550 3954 4606 credi-

2314 4650 2405 4716 tis,
2442 4650 2727 4703 vobiscum
2781 4665 3012 4702 manere
3052 4665 3234 4718 usque
3275 4647 3331 4701 in
3375 4647 3551 4700 ﬁnem
3586 4646 3771 4700 saeculi
3810 4654 3956 4696 secun-

2315 4740 2451 4794 dum
2484 4755 2644 4792 suam
2676 4737 3112 4808 promissionem
3143 4736 3417 4791 sentiatis.
3451 4740 3652 4791 Amen.

2384 4827 2545 4892 Quod
2578 4827 2721 4897 ipse.

2679 4948 2732 4986 Β.
2780 4947 2842 4986 ΙΝ
2890 4947 3144 4986 γιϐιιιΑ
3193 4945 3649 4986 ΡΕΝΤΕΟΟΞΤΕΞ.

2385 5021 2684 5075 Benedicat
2725 5021 2886 5075 vobis
2918 5021 3284 5092 omnipotens
3315 5021 3486 5086 Deus,
3539 5020 3610 5073 ob
3640 5018 3794 5088 cujus
3833 5015 3954 5067 Para-

2312 5108 2442 5162 cleti
2503 5108 2806 5162 adventum
2860 5115 3080 5161 mentes
3139 5112 3351 5161 vestras
3389 5107 3598 5177 jejunii
3647 5096 3953 5160 observantia

2315 5196 2670 5267 praeparatis,
2705 5201 2759 5249 et
2789 5202 3127 5264 praesentem
3162 5196 3314 5250 diem
3355 5196 3710 5250 solemnibus
3739 5188 3954 5246 laudibus

2312 5284 2628 5340 honoratis.
2663 5285 2867 5338 Amen.

2381 5374 2570 5428 Instar
2600 5372 2771 5424 modo
2802 5376 3137 5425 renatorum
3177 5370 3484 5424 infantium
3522 5369 3690 5424 talem
3727 5367 3953 5420 innocen-

2310 5463 2450 5515 tiam
2491 5461 2768 5524 habeatis,
2821 5465 2884 5513 ut
2916 5461 3195 5530 templum
3237 5459 3414 5513 sancti
3443 5459 3702 5529 Spiritus.
3739 5457 3849 5525 ipso
3877 5449 3949 5501 tri-

2312 5549 2543 5615 buente,
2575 5565 2696 5602 esse
2720 5549 2967 5619 possitis.
3002 5553 3203 5602 Amen.

2250 3016 2289 3069 C
