4048 6170
157 213 248 263 86.0
976 217 1182 274 LIBER
1225 221 1871 282 SACRAMENTORUM.
1908 258 1972 269 -—
1999 230 2548 292 BENEDICTIONES
2590 239 2801 295 EPISC.

213 343 389 409 Atque
444 341 587 395 idem
643 343 888 414 Spiritus
924 347 1179 402 veritatis
1230 351 1308 405 ita
1355 370 1452 406 vos
1505 355 1674 408 hodie
1733 374 1832 410 sua
1874 363 1914 415 A

153 427 484 480 habitatione
517 430 720 499 dignos
761 434 992 499 efticiat,
1027 443 1091 488 ut
1138 455 1261 491 cras
1310 441 1507 493 vestris
1547 443 1832 495 mentibus

151 531 219 580 se,
251 518 538 570 vobiscum
579 523 858 589 perpetim
883 523 1261 591 habitaturus,
1294 528 1586 594 infundat;
1620 538 1674 583 et
1707 549 1831 601 per-

148 610 260 657 acto
292 609 586 674 praesentis
621 610 746 661 vitae
789 614 1093 677 curriculo,
1128 631 1222 666 vos
1257 616 1321 668 ad
1372 619 1623 670 coelestia
1655 635 1831 687 regna

146 692 411 760 perducat
463 698 663 749 Amen.

208 779 357 841 Quod
411 780 532 850 ipse
574 789 846 851 praestare
894 787 1184 854 dignetur,
1238 791 1336 858 qui
1384 807 1513 844 cum
1568 795 1728 845 Patre
1772 798 1829 846 et

151 868 274 920 Filio
311 885 454 921 unus
489 871 634 922 Deus
661 872 796 925 vivit
829 878 883 925 et
914 883 1119 942 regnat
1148 893 1249 945 per
1275 880 1466 931 omnia
1500 882 1705 933 saecula
1729 899 1827 934 δαι-

146 957 406 1011 culorum.
441 960 642 1013 Amen.

820 1051 958 1103 Item
990 1053 1123 1104 alia.

209 1161 345 1213 Deus
385 1163 553 1214 Pater
583 1163 965 1234 omnipotens.
1014 1167 1132 1235 qui,
1168 1172 1409 1222 exaltato
1457 1171 1678 1226 Christo
1731 1174 1820 1226 Fi-

143 1248 210 1301 lio
246 1265 365 1316 suo,
411 1250 704 1320 discipulis
756 1254 878 1322 ejus
918 1255 1190 1324 Spiritum
1251 1260 1622 1326 paracletum,
1682 1262 1824 1314 sicut

143 1339 486 1406 promiserat,
519 1338 749 1407 infudit,
804 1342 1004 1394 eodem
1052 1360 1146 1396 vos
1191 1346 1482 1415 puriﬁcari
1525 1355 1581 1401 et
1621 1366 1818 1403 conso-

143 1425 234 1478 lari
263 1426 546 1495 dignetur.
585 1429 789 1482 Amen.

203 1515 264 1567 Ut
295 1516 350 1567 in
386 1516 547 1567 vobis
599 1517 654 1569 in
705 1518 809 1570 hoc
858 1519 1062 1572 smeulo
1093 1537 1354 1589 manens,
1393 1540 1488 1576 vos
1537 1525 1591 1577 in
1629 1527 1819 1579 futuro

143 1603 198 1654 ad
225 1604 496 1655 visionem
527 1621 684 1657 suam
717 1607 1007 1674 perducat.
1039 1613 1239 1662 Amen.

202 1697 271 1744 Ac
297 1694 479 1762 ipsum
515 1694 720 1746 Filium
757 1711 947 1763 suum,
994 1713 1162 1766 quem
1201 1701 1358 1769 impii
1405 1702 1462 1753 in
1507 1703 1725 1771 judicio
1763 1704 1817 1756 in

142 1779 367 1832 hominis
401 1782 579 1834 visuri
619 1788 750 1835 sunt
795 1784 997 1840 forma.
1051 1793 1174 1852 post
1221 1788 1497 1852 judicium
1553 1793 1711 1841 vobis
1761 1792 1815 1844 in

142 1869 415 1937 majestate
449 1886 550 1922 sua
583 1872 1022 1939 conspicabili-un
1061 1876 1271 1928 reddat.
1305 1881 1506 1930 Amen.

201 1959 347 2020 Quod
380 1959 523 2027 ipse.

408 2089 462 2126 Β.
524 2089 584 2127 IN
637 2091 736 2128 DIE
782 2091 1022 2132 SANCTO
1069 2093 1529 2132 PENTECOSTES.

200 2190 354 2252 Deus,
402 2189 505 2258 qui
539 2189 812 2242 hodierna
848 2191 936 2243 die
982 2192 1388 2260 discipulorum
1441 2202 1659 2247 mentes
1690 2196 1813 2265 Spi-

139 2277 264 2328 ritus
293 2279 564 2346 paracleti
613 2279 900 2331 infusione
951 2280 1219 2347 dignatus
1269 2289 1346 2334 est
1395 2283 1693 2348 illustrare,
1729 2287 1815 2338 fa-

139 2364 234 2416 ciat
273 2381 368 2416 vos
404 2381 509 2417 sua
549 2365 945 2419 benedictione
987 2368 1220 2436 repleri,
1256 2376 1309 2421 et
1341 2370 1592 2439 ejusdem
1630 2372 1814 2440 Spiri-

137 2459 214 2504 tus
238 2454 394 2506 donis
427 2454 762 2506 exuberare.
794 2458 992 2508 Amen.

201 2543 286 2594 Ille
317 2543 466 2610 ignis
517 2543 612 2611 qui
646 2559 818 2610 super
861 2545 1172 2613 discipulos
1216 2548 1497 2616 apparuit,
1554 2555 1812 2617 peccato-

138 2646 245 2682 rum
280 2637 600 2682 vestrorum
652 2631 847 2682 sordes
893 2638 1190 2700 expurget,
1229 2641 1283 2686 et
1313 2635 1398 2686 sui
1454 2637 1687 2688 luminis.
1723 2639 1810 2690 in-

134 2718 337 2772 fusione
370 2719 542 2771 corda
572 2724 754 2772 vestra
785 2722 1109 2788 perlustret.
1144 2727 1344 2778 Amen.

195 2808 404 2877 Quique
467 2807 735 2877 dignatus
789 2814 873 2861 est
928 2811 1309 2863 diversitatei'u
1370 2812 1696 2881 linguarum
1754 2817 1809 2868 in

134 2897 284 2948 unius
314 2895 446 2949 tidei
481 2896 838 2949 confessione
878 2898 1148 2962 aduuare,
1182 2899 1241 2952 in
1289 2902 1486 2954 eadem
1522 2919 1617 2955 vos
1647 2904 1812 2956 faciat

135 2984 231 3036 tide
262 3000 647 3054 perseverare.
683 2990 737 3036 et
769 3003 869 3054 per
903 2986 1049 3040 hanc
1091 2989 1156 3039 ad
1192 2989 1438 3057 speciem
1477 2990 1597 3058 [01,,
1626 2994 1810 3061 specie

135 3089 233 3126 sua:
259 3073 635 3141 celsitudinis]
671 3075 984 3144 pervenire.
1016 3078 1216 3129 Amen.

192 3159 339 3222 Quod
375 3161 516 3231 ipse.

812 3253 943 3305 Item
971 3249 1104 3304 alia.

192 3367 346 3430 Deus,
379 3366 480 3437 qui
516 3366 824 3435 apostolos,
862 3366 1069 3420 Christi
1108 3367 1230 3420 Filii
1273 3369 1358 3421 sui
1392 3386 1611 3424 recessu
1647 3374 1811 3442 quasi

131 3454 396 3522 orphanos
447 3455 643 3516 factos,
680 3453 846 3507 hodie
897 3455 1142 3508 adventu
1182 3456 1428 3524 Spiritus
1469 3459 1646 3512 sancti
1681 3461 1808 3514 red-

130 3541 253 3595 didit
296 3543 643 3610 consolatos,
693 3542 815 3610 ipso
870 3559 968 3594 vos
1016 3559 1246 3612 semper
1303 3545 1680 3614 inhabitante,
1739 3550 1808 3603 ab

129 3631 266 3683 omni
288 3631 510 3684 malitia
543 3631 710 3683 faciat
736 3631 968 3683 alienos.
1005 3635 1207 3686 Amen.

187 3717 247 3770 Et
293 3717 390 3787 qui
443 3734 537 3769 eos
583 3717 923 3770 charismate
974 3719 1203 3772 donavit
1255 3721 1515 3775 omnium
1578 3723 1801 3792 lingua-

125 3819 259 3870 rum,
286 3823 384 3859 vos
415 3807 560 3859 ditet
591 3806 774 3874 gratia
806 3811 1138 3861 cunctarum
1173 3809 1466 3864 virtutum.
1494 3813 1695 3866 Amen.

189 3895 252 3946 L‘t
279 3895 370 3948 hic
410 3895 748 3962 unanimes,
799 3912 910 3948 uno
961 3913 1059 3949 ore
1110 3897 1552 3952 honorificamtes
1605 3902 1804 3966 Deum,

127 3998 240 4035 cum
273 3984 407 4053 ipsis
440 3984 785 4053 perveniatis
824 3985 889 4038 ad
921 4001 1096 4054 regna
1128 3987 1421 4042 caelorum.
1459 3991 1660 4044 Amen.

186 4071 339 4134 Quod
375 4073 518 4142 ipse.

477 4202 638 4240 B.IN
687 4202 930 4242 OCTAVA
979 4203 1436 4243 PENTBCOSTES.

189 4302 446 4356 Etfundat
495 4319 667 4372 super
711 4319 810 4356 vos
864 4305 1138 4356 Dominus
1191 4304 1459 4374 spiritum
1508 4308 1705 4376 gratiae
1745 4315 1802 4363 et

124 4403 361 4455 precum,
409 4389 674 4460 spiritum
727 4390 1038 4460 agnitionis
1091 4398 1144 4444 et
1195 4393 1515 4446 dilectionis
1561 4412 1696 4464 suas,
1747 4402 1803 4450 et

125 4484 312 4531 sanctas
344 4478 485 4550 spei.
526 4480 724 4531 Amen.

184 4567 512 4636 Requiescat
548 4581 718 4636 super
766 4581 860 4618 vos
902 4566 1138 4635 spiritus
1184 4569 1477 4637 sapientia:
1522 4575 1577 4623 et
1623 4571 1798 4625 intel-

120 4649 298 4718 lectus,
331 4653 569 4722 spiritus
599 4652 820 4705 consilii
855 4659 912 4705 et
943 4652 1316 4722 fortitudinis,
1351 4656 1584 4726 spiritus
1614 4659 1796 4712 scien-

117 4739 198 4791 tiae
246 4747 298 4795 et
339 4741 590 4812 pietatis,
636 4741 971 4811 repleatque
1020 4759 1116 4794 vos
1168 4742 1371 4812 spiritu
1418 4743 1640 4798 timoris
1688 4747 1794 4801 Do-

118 4827 260 4881 mini.
294 4835 494 4882 Amen.

175 4916 415 4985 Spiritus
458 4917 580 4986 ejus
629 4917 728 4987 qui
768 4917 1056 4970 suscitavit
1091 4919 1284 4972 Jesum
1336 4936 1366 4972 a
1399 4922 1662 4990 mortuis,
1694 4923 1794 4978 ha-

114 4999 238 5057 bitet
270 5005 326 5058 in
369 5005 547 5071 vobis,
582 5010 642 5057 ut
685 5003 1136 5058 immortalitatis
1185 5006 1309 5075 ejus
1358 5009 1792 5080 participatione

115 5105 204 5159 per
228 5093 448 5147 inﬁnita
479 5093 686 5147 saecula
719 5093 1027 5164 gaudeatis.
1061 5097 1262 5148 Amen.

175 5180 326 5243 Quod
358 5183 501 5252 ipse.

799 5272 928 5324 Item
962 5272 1095 5324 alia.

180 5373 316 5426 Deus
347 5373 446 5445 qui
493 5376 851 5443 regeneravit
896 5393 993 5430 vos
1023 5393 1091 5431 ex
1139 5393 1286 5446 aqua
1316 5381 1372 5431 et
1409 5377 1621 5447 Spiritu
1659 5393 1788 5431 san-

118 5465 210 5520 cto,
244 5462 358 5530 ipse
387 5478 485 5514 vos
519 5463 573 5515 in
609 5480 709 5516 suo
739 5466 1049 5517 constituat
1077 5481 1274 5534 regno.
1304 5468 1505 5519 Amen.

3535 261 3639 310 870

2016 363 2084 414 Ut
2125 363 2484 419 invisibiliter
2521 371 2721 423 eodem
2770 373 2987 441 Spiritu
3036 377 3320 444 instructi,
3359 385 3480 438 Filii
3516 389 3638 458 ejus

1942 444 2091 497 tiatis
2125 449 2397 518 adoptivi.
2431 456 2632 507 Amen.

2018 535 2078 585 Et
2139 551 2168 585 a
2224 543 2499 605 potestate
2551 542 2914 598 tenebrarum
2981 550 3326 617 recedentes,
3381 556 3435 608 in
3498 575 3632 614 con-

1939 627 2131 688 spectu
2169 623 2343 691 ipsius
2374 631 2747 694 perseveretis
2781 635 3053 690 lucentes.
3088 642 3291 693 Amen.

2009 709 2167 771 Quod
2204 712 2345 779 ipse.

2013 829 2063 866 IL
2113 831 2424 874 DOMINICA
2477 837 2490 874 Ι
2542 838 2692 878 PQST
2739 842 3031 884 οσΓΑνΑΜ
3084 848 3541 895 PENTECOSTES.

2008 921 2290 977 Cliaritate
2340 943 2439 979 sua
2490 945 2590 982 vos
2633 931 2906 987 Dominus
2958 941 3173 1008 replere
3222 943 3512 1014 dignetur,
3567 953 3630 1002 ut

1935 1007 2096 1060 beata
2129 1026 2223 1062 vos
2255 1013 2589 1068 haereditate
2625 1028 2973 1075 muneretur.
3010 1007 3208 1081 Amen.

2007 1097 2297 1159 Quatenus
2331 1119 2431 1170 per
2466 1105 2727 1161 timorem
2761 1111 2881 1178 ejus
2916 1120 3151 1178 castum,
3187 1117 3462 1183 gehennae
3495 1138 3623 1175 eva-

1933 1182 2132 1236 dentes
2175 1191 2550 1253 tormentum,
2591 1195 2658 1246 ad
2715 1213 3028 1266 supernum
3062 1205 3373 1270 gaudentes
3419 1224 3624 1277 perve-

1931 1273 2102 1326 niatis
2129 1277 2476 1343 paradisum.
2516 1286 2716 1337 Amen.

2006 1363 2070 1415 Ut
2102 1364 2233 1417 inde
2266 1371 2581 1438 conspectis
2614 1374 2896 1429 malorum
2941 1379 3124 1446 poenis
3165 1398 3307 1451 quas
3341 1385 3461 1452 ejus
3492 1403 3627 1456 gra-

1932 1450 2008 1504 tia
2060 1453 2331 1520 evasistis,
2367 1457 2584 1512 debitas
2625 1461 2673 1514 ei
2711 1465 3024 1532 gratiarum
3062 1469 3308 1524 actiones
3353 1474 3409 1526 in
3441 1492 3624 1531 aevum

1929 1543 2284 1608 persolvatis.
2322 1549 2521 1599 Amen.

2004 1631 2166 1690 Quod
2204 1633 2340 1701 ipse.

2557 1723 2868 1764 DOMlNlCA
2919 1728 2988 1765 IL

2003 1807 2150 1859 Deus
2184 1810 2347 1862 Pater
2387 1812 2770 1882 omnipotens,
2805 1818 2902 1886 qui
2953 1837 3047 1871 vos
3101 1822 3164 1874 ad
3200 1839 3357 1877 suam
3408 1827 3624 1880 vocavit

1926 1910 2167 1962 omnem,
2229 1899 2523 1953 humiliter
2595 1903 2702 1954 sibi
2775 1905 3154 1975 obsequentes
3226 1913 3497 1978 perducat
3552 1917 3620 1969 ad

1927 1983 2101 2037 illam.
2128 1989 2328 2038 Amen.

1999 2073 2066 2124 Ut
2101 2073 2419 2126 infelicibus
2471 2077 2616 2128 circa
2651 2081 2939 2133 terrestria
2988 2084 3246 2152 detentis,
3283 2103 3380 2139 vos
3427 2090 3618 2144 felices

1926 2164 1981 2211 et
2012 2163 2261 2228 expediti
2297 2163 2362 2215 ad
2395 2166 2644 2218 co:lestia
2679 2170 3038 2234 pervenialis.
3075 2177 3274 2228 Amen.

1999 2250 2108 2301 Nec
2141 2250 2196 2301 in
2232 2251 2423 2320 aliquo
2460 2259 2706 2306 vestrum
2761 2257 2904 2308 Deus
2938 2260 3191 2314 inveniat
3222 2265 3374 2332 quod
3418 2271 3616 2338 expul-

1923 2337 2083 2389 sione
2112 2338 2177 2389 sit
2219 2338 2479 2405 dignum,
2515 2343 2608 2394 sed
2639 2345 2790 2412 quod
2827 2349 3126 2413 praemium
3166 2359 3452 2406 mereatur
3483 2358 3616 2409 bea-

1924 2432 2062 2478 tum.
2101 2430 2301 2480 Amen.

1994 2513 2152 2576 Quod
2183 2515 2326 2584 ipse.

2539 2604 2848 2646 DOMINICA
2901 2610 3003 2648 IlL

1994 2693 2368 2761 Omnipotens
2404 2697 2568 2760 Deus,
2606 2697 2700 2766 qui
2746 2699 3111 2767 Uuigenitnm
3147 2721 3312 2758 suum
3353 2707 3423 2760 ad
3453 2725 3616 2762 ovem

1923 2780 2127 2833 direxit
2159 2799 2478 2848 erroueam,
2516 2802 2615 2854 per
2645 2787 2835 2854 ipsum
2869 2805 2964 2841 vos
2996 2792 3062 2843 ad
3094 2795 3448 2848 mansionem
3483 2813 3612 2865 per-

1922 2867 2090 2920 ducat
2119 2887 2445 2938 supernam.
2480 2877 2682 2926 Amen.

1995 2957 2056 3008 Et
2115 2957 2345 3011 interim
2403 2976 2496 3011 vos
2541 2977 2573 3013 a
2632 2961 2858 3015 leonum
2915 2969 2971 3016 et
3027 2967 3290 3036 luporum
3343 2972 3614 3027 defendat

1920 3041 2170 3110 insidiis,
2242 3046 2422 3099 donec
2498 3047 2567 3100 ad
2641 3064 2837 3101 secura
2901 3068 3107 3119 pascua
3190 3061 3603 3115 eonscendatis.

1919 3133 2120 3184 Amen.

1991 3221 2061 3274 Ut
2087 3221 2187 3275 tiat
2217 3222 2284 3276 de
2323 3223 2478 3276 vobis
2513 3224 2788 3294 gaudium
2822 3226 2878 3279 iu
2913 3229 3086 3297 cailis,
3120 3232 3270 3300 quod
3305 3250 3407 3302 per
3438 3236 3610 3290 ﬁdem

1917 3308 2214 3364 diabolum
2246 3312 2528 3366 devicistis
2562 3314 2618 3367 in
2651 3314 2836 3367 terris.
2872 3318 3072 3372 Amen.

1991 3398 2155 3461 Quod
2181 3401 2322 3470 ipse.

2542 3488 2854 3528 DOMINICA
2905 3491 2992 3528 ιγ.

1989 3558 2301 3611 Misericors
2353 3562 2497 3614 Deus
2551 3563 2938 3616 misericordes
2982 3583 3080 3616 vos
3124 3567 3308 3637 faciat,
3350 3575 3412 3623 ut
3458 3572 3614 3626 vobis

1917 3646 2367 3700 misericordiam
2400 3649 2704 3714 dignanter
2734 3652 3045 3721 impendat.
3080 3658 3280 3710 Amen.

1989 3736 2051 3787 Et
2078 3735 2156 3786 ita
2201 3752 2298 3787 vos
2342 3736 2536 3789 doceat
2571 3738 2852 3806 judicare,
2904 3756 2973 3792 ne
3020 3744 3220 3796 merito
3266 3761 3366 3798 vos
3409 3747 3612 3803 debeat

1916 3824 2315 3877 condemnare.
2348 3827 2551 3878 Amen.

1986 3912 2094 3966 Sed
2139 3912 2454 3967 imitatores
2502 3915 2794 3984 patientiae
2839 3919 3048 3972 Christi
3097 3920 3343 3988 effectos,
3404 3924 3460 3978 in
3517 3927 3608 3979 fu-

1916 4004 2040 4052 tura
2067 4001 2248 4070 gloria
2279 4003 2586 4066 constituat
2607 4005 2662 4057 in
2697 4021 2880 4060 mrum
2912 4024 3155 4061 securos.
3188 4013 3391 4066 Amen.

1985 4089 2149 4154 Quod
2189 4090 2330 4161 ipse.

2548 4179 2860 4220 DOMINICA
2921 4182 2974 4220 ν.

1842 4255 1885 4308 D
1985 4249 2328 4303 Obedientes
2376 4267 2472 4304 vos
2519 4253 2795 4307 Dominus
2848 4261 3080 4324 praestet
3126 4259 3453 4328 apostolicae
3508 4263 3602 4317 do-

1912 4339 2128 4400 ctrinae,
2189 4344 2253 4391 ut
2326 4339 2582 4394 haeredes
2639 4343 2784 4396 tiatis
2860 4345 3274 4400 benedictionis
3351 4355 3601 4407 aeternae.

1908 4425 2111 4477 Amen.

1983 4514 2044 4565 Et
2075 4529 2269 4567 earum
2315 4517 2578 4585 precibus
2624 4518 2692 4572 de
2737 4521 3020 4588 profundo
3065 4523 3236 4594 hujus
3288 4530 3488 4583 mundi
3535 4530 3604 4584 li-

1909 4599 2107 4666 berati,
2142 4619 2273 4655 cum
2305 4603 2385 4656 eis
2416 4621 2767 4673 possessores
2800 4610 3095 4676 gaudeatis
3145 4616 3309 4684 regni
3342 4621 3596 4688 superni.

1907 4694 2107 4743 Amen.

1887 4809 1906 4822 ι
1980 4781 2047 4833 Ut
2085 4796 2212 4834 cum
2262 4780 2816 4837 animadversionem
2856 4785 3067 4854 judicis
3098 4796 3399 4859 pavescent
3446 4793 3597 4846 mala

1904 4867 2195 4935 facientes,
2230 4869 2381 4923 oculi
2425 4870 2651 4923 Domini
2693 4871 3060 4929 demulceant
3098 4893 3196 4930 vos
3225 4879 3597 4936 exsultantes.
3647 4887 3650 4890 ’

1902 4959 2104 5009 Amen.

2526 5046 2838 5087 DOMINICA
2884 5049 2973 5087 VI.

1975 5115 2264 5185 Baptisma
2308 5119 2463 5187 quod
2513 5121 2808 5191 accepistis
2851 5122 2911 5174 in
2959 5123 3205 5190 Christo,
3240 5124 3362 5195 ejus
3412 5128 3598 5196 gratia

1900 5204 2242 5256 conservatis
2277 5206 2517 5260 illaesum
2552 5209 2607 5261 in
2643 5210 2880 5263 mundo.
2913 5212 3112 5266 Amen.

1975 5293 2042 5346 Ut
2091 5293 2148 5344 in
2196 5293 2318 5363 ipso
2355 5298 2699 5350 commortui
2744 5299 3010 5367 peccatis,
3061 5300 3119 5354 in
3164 5302 3414 5357 novitate
3463 5304 3596 5360 vitae

1899 5397 2126 5450 semper
2154 5383 2475 5437 ambuletis.
2509 5388 2712 5438 Amen.

1971 5471 2033 5522 Et
2079 5470 2234 5522 omni
2293 5473 2613 5526 temeritate
2647 5476 2852 5528 tuentis
2894 5481 2949 5531 et
2999 5478 3206 5548 linguas
3252 5481 3368 5535 sive
3400 5482 3599 5552 operis
