4078 6180
448 253 541 303 871

1574 244 1920 305 GBIMALDI
1957 250 2472 307 SANGALLENSIS
2510 252 2799 308 ABBATIS

3816 258 3906 310 87'2

449 384 715 450 devitata,
748 383 958 438 oblatio
986 380 1302 436 devotionis
1333 384 1527 434 vestra:
1559 382 1671 436 Deo
1718 381 1871 435 Patri
1914 380 2012 436 ﬁat
2038 398 2129 436 ac-
2172 388 2210 439 Α
2319 384 2383 437 Et
2414 384 2557 437 alios
2588 383 2769 454 ipsius
2800 384 3143 453 imitatione,
3178 384 3307 439 vitae
3336 384 3653 439 concilietis
3684 391 3903 442 aeternas.

449 480 628 544 cepta.
664 477 863 527 Amen.

522 561 683 626 Quod
715 562 834 631 ipse
858 577 917 631 p.

1054 664 1367 703 DOKINICA
1412 664 1534 703 VIL

516 757 598 811 Ab
627 755 784 809 omni
828 760 1058 825 peccato
1092 755 1433 809 emundatos
1476 754 1685 808 efﬁciat
1717 772 1812 808 vos
1862 754 2140 808 Dominus

446 845 839 898 sanctiﬁcatos.
871 848 1075 897 Amen.

518 934 587 986 Ut
634 934 776 985 tales
824 932 1037 985 fructus
1081 931 1350 998 aﬁ'eratis,
1383 932 1452 985 de
1497 932 1703 1001 quibus
1756 930 1867 1001 ipsi
1916 932 2139 1001 placere

442 1020 696 1074 valeatis.
733 1022 935 1073 Amen.

518 1111 581 1163 Et
612 1110 703 1162 hic
749 1108 1099 1178 spiritalibus
1146 1106 1286 1160 cibis
1335 1106 1594 1173 enutriti,
1637 1107 1707 1161 ad
1755 1122 1975 1162 caanam
2026 1124 2137 1162 nu-

443 1198 693 1269 ptiarum
725 1196 860 1265 agni
890 1196 1128 1248 veniatis
1159 1196 1363 1249 securi.
1398 1200 1601 1249 Amen.

518 1286 682 1349 Quod
716 1286 836 1354 ipse
868 1290 1139 1354 praestare
1188 1284 1479 1353 dignetur,
1529 1286 1624 1354 qui
1659 1285 1866 1338 veritas
1901 1301 2138 1339 manens

447 1380 503 1428 et
532 1374 666 1439 vita,
717 1373 875 1427 vobis
914 1373 1181 1443 dignatus
1228 1378 1313 1426 est
1357 1373 1482 1426 ﬁeri
1527 1374 1615 1425 via
1650 1378 1705 1427 et
1753 1390 1910 1427 esca:
1945 1375 2138 1444 cujus-

446 1478 561 1534 que
593 1462 900 1533 imperium
921 1462 1041 1514 sine
1070 1461 1182 1515 ﬁne
1212 1466 1511 1531 permanet
1542 1463 1750 1515 saecula
1771 1464 2133 1517 saeculorum.

444 1554 645 1605 Amen.

1040 1653 1352 1693 DOMINICA
1400 1654 1543 1693 Vl”.

516 1747 596 1822 ita
645 1762 740 1799 vos
793 1746 1066 1799 Dominus
1099 1746 1466 1815 omnipotens
1497 1746 1714 1799 tribuat
1760 1747 1905 1800 facta
1950 1746 2136 1800 carnis

444 1834 809 1902 mortiﬁcare,
841 1840 903 1887 ut
942 1834 1102 1904 digni
1132 1835 1283 1888 tiatis
1322 1850 1450 1888 cum
1482 1836 1605 1904 ipso
1634 1851 1889 1904 regnare.
1932 1839 2133 1889 Amen.

516 1925 579 1976 Et
609 1923 701 1977 hic
730 1925 853 1993 ejus
884 1924 1098 1994 Spiritu
1135 1922 1455 1993 justiﬁcati,
1490 1924 1549 1976 in
1592 1923 1784 1979 futuro
1814 1927 2137 1995 appareatis

444 2012 569 2066 Filii
599 2012 718 2066 Dei.
748 2016 948 2066 Amen.

517 2102 584 2155 Ut
633 2101 789 2154 falsis
843 2107 899 2153 et
955 2101 1119 2153 malis
1176 2101 1385 2154 merito
1440 2100 1745 2167 damnatis,
1797 2118 1896 2155 vos
1951 2103 2137 2172 gratia

443 2190 566 2254 Dei,
602 2194 663 2243 ut
695 2191 776 2243 sol
802 2190 1167 2259 splendeatis.
1196 2195 1396 2243 Amen.

512 2278 673 2342 Quod
708 2278 831 2348 ipse
856 2295 915 2349 p.

1070 2380 1382 2420 DOMINICA
1430 2380 1516 2418 IX.

510 2473 595 2527 Ab
634 2472 902 2526 omnibus
952 2472 1431 2541 concupiscentiis
1481 2470 1644 2524 malis
1695 2477 1991 2527 evacuatos
2038 2489 2137 2527 vos

442 2561 719 2614 Dominus
749 2561 1010 2614 restituat
1040 2560 1457 2612 immaculatos.
1486 2563 1688 2613 Amen.

510 2649 576 2702 Et
612 2650 877 2702 liberatos
924 2664 955 2701 a
998 2647 1429 2712 tentationibus,
1479 2653 1711 2717 praestet
1758 2650 1973 2719 pollere
2022 2650 2134 2704 vir-

438 2738 679 2793 tutibus.
713 2740 916 2791 Amen.
1434 2806 1441 2813 ο

511 2827 580 2882 Ut
624 2825 947 2880 innocentia
995 2824 1125 2878 vitae
1182 2829 1239 2877 et
1294 2824 1790 2895 eleemosynarum
1846 2827 2134 2898 largitate,

436 2915 818 2987 perfruamini
846 2914 1012 2969 beata
1038 2914 1374 2968 teternitate.
1404 2918 1606 2968 Amen.

511 3001 677 3067 Quod
710 3003 831 3073 ipse
854 3018 907 3072 p.

1082 3105 1389 3145 DOMINICA
1439 3106 1495 3144 Χ.

506 3184 550 3235 Α
595 3179 1149 3251 blasphematoribus
1193 3180 1401 3233 Christi
1445 3195 1747 3233 secernens
1793 3196 1887 3233 vos
1940 3179 2133 3233 Domi-

436 3286 567 3338 nus,
595 3270 936 3323 adnumeret
962 3269 1078 3322 suis
1098 3268 1362 3322 ﬁdelibus
1387 3269 1825 3323 confessoribus.
1859 3262 2062 3324 Amen.

511 3360 579 3413 Ut
636 3358 935 3427 multiplici
986 3358 1164 3410 sancti
1211 3357 1455 3427 Spiritus
1500 3358 1649 3411 dono
1692 3358 1878 3423 ditati,
1921 3359 1979 3412 in
2011 3373 2133 3411 om-

438 3447 605 3501 nibus
626 3446 1000 3500 inveniamini
1037 3445 1204 3499 bonis
1231 3446 1485 3515 perfecti.
1520 3448 1720 3499 Amen.

511 3537 622 3589 Nec
665 3535 1000 3605 ejectionem
1052 3538 1121 3587 de
1167 3533 1336 3587 domo
1386 3533 1485 3586 Dei
1524 3534 1863 3588 mereamini
1897 3539 2132 3601 aeterna,

436 3624 534 3677 sed
566 3623 624 3676 in
656 3623 864 3676 saecula
889 3622 1229 3676 saeculorum
1262 3621 1533 3676 habitetis
1564 3621 1623 3676 in
1655 3637 1736 3676 ea.
1769 3626 1968 3677 Amen.

508 3711 671 3775 Quod
704 3711 823 3782 ipse
849 3728 903 3782 p.

1064 3814 1379 3854 DOMINICA
1424 3815 1510 3854 XL

506 3892 615 3943 Per
665 3888 991 3960 passionem
1056 3888 1264 3943 Christi
1306 3889 1676 3959 justiﬁcatos,
1728 3904 1831 3959 per
1881 3905 2133 3942 resurre-

435 3978 683 4032 ctionem
714 3978 837 4047 ejus
869 3994 966 4031 vos
998 3978 1272 4031 Dominus
1301 3977 1506 4031 reddat
1535 3978 1898 4048 gloriﬁcatos.
1929 3981 2130 4032 Amen.

510 4067 577 4120 Ut
602 4066 786 4136 gratia
824 4066 1003 4136 ipsius
1047 4065 1115 4118 de
1146 4064 1399 4134 indignis
1441 4065 1625 4135 digni,
1674 4070 1730 4119 et
1776 4066 1846 4120 de
1878 4066 2134 4120 minimis

436 4153 769 4208 efficiamini
801 4153 1017 4223 magni.
1053 4157 1253 4205 Amen.

506 4241 617 4294 Nec
648 4246 838 4294 tamen
873 4240 942 4293 de
974 4241 1269 4293 sanctitate
1302 4239 1635 4310 gloriantes,
1667 4240 1993 4311 despiciatis
2035 4245 2133 4295 aut

436 4329 827 4383 condemnetis
856 4330 1041 4382 adhuc
1070 4334 1388 4398 peccantes.
1420 4333 1623 4384 Amen.

509 4417 669 4481 Quod
700 4416 822 4487 ipse
852 4434 906 4487 p.

1047 4520 1361 4561 DOMINICA
1408 4522 1526 4561 XIL

510 4594 750 4648 Idoneos
778 4594 885 4648 sibi
915 4611 1011 4648 vos
1042 4595 1321 4649 Dominus
1353 4595 1522 4651 faciat
1567 4596 1859 4651 ministros
1891 4612 2131 4652 munere

438 4682 529 4737 sui
559 4682 803 4752 Spiritus
827 4682 1152 4737 instructos.

513 4775 581 4827 Ut
611 4774 844 4827 auribus
888 4779 945 4827 et
993 4791 1091 4829 ore
1134 4776 1361 4830 Christo
1393 4775 1601 4843 devoti,
1634 4777 1757 4847 ejus
1804 4776 1950 4830 ﬁatis
1981 4792 2130 4847 prae-

438 4862 604 4916 conio
636 4864 817 4933 digni.
848 4866 1048 4916 Amen.

512 4950 804 5015 Quatenus
855 4953 933 5007 ita
964 4952 1150 5007 vitatis
1205 4956 1265 5006 ut
1313 4953 1386 5007 ad
1442 4954 1673 5009 laudem
1736 4955 1836 5009 Dei
1892 4960 1949 5010 et
1992 4954 2133 5009 alios

440 5042 779 5096 accendatis.
812 5044 1016 5095 Amen.

1037 5161 1353 5201 DOKINICA
1398 5163 1545 5202 χιιι

514 5253 623 5318 Qui
680 5270 773 5309 vos
825 5253 1222 5325 promissionis
1265 5260 1490 5325 patrum
1543 5255 1748 5309 tribuit
1794 5271 1915 5309 esse
1956 5255 2135 5325 parti-

442 5342 612 5412 cipes,
650 5360 851 5398 eorum
885 5344 1054 5397 faciat
1083 5359 1203 5396 esse
1232 5343 1575 5397 coheredes.
1610 5346 1812 5397 Amen.

518 5432 587 5483 Ut
635 5433 734 5501 qui
783 5433 840 5485 iu
875 5433 1057 5486 Adam
1107 5432 1175 5485 de
1232 5432 1497 5501 paradiso
1545 5432 1750 5502 lugetis
1798 5433 1981 5503 ejecti,
2035 5450 2138 5503 per

445 5517 729 5573 Christum
764 5520 1056 5590 gaudeatis
1086 5520 1324 5574 reducti.
1357 5521 1560 5574 Amen.

2251 475 2451 526 Amen.

2323 560 2485 623 Quod
2518 562 2637 631 ipse
2666 578 2723 632 p.

2850 666 3161 705 DOMINICA
3207 667 3341 705 XIV.

2321 738 2556 793 Tribuat
2612 739 2769 793 vobis
2823 741 3097 793 Dominus
3169 740 3356 793 carnis
3408 738 3690 793 desideria
3742 745 3915 793 conte-

2250 841 2396 891 rere,
2432 833 2494 880 ut
2521 827 2721 895 spiritu
2754 828 2986 897 possitis
3009 828 3325 881 ambulare.
3357 830 3560 881 Amen.

2322 915 2602 969 Emundet
2636 932 2733 969 vos
2759 933 2791 968 a
2828 916 3002 985 leprze
3048 917 3337 971 interioris
3366 917 3655 986 contagio,
3692 922 3753 969 ut
3780 916 3915 985 digni

2250 1002 2396 1055 ﬁalis
2428 1010 2749 1057 sanctorum
2783 1005 3088 1058 consortio.

2321 1094 2386 1145 Et
2431 1092 2521 1145 hic
2564 1093 2893 1147 mundaturi
2925 1098 3107 1147 vestro
3140 1094 3350 1163 gratias
3393 1099 3629 1164 agentes
3672 1094 3743 1148 ad
3774 1096 3912 1148 coele-

2249 1184 2391 1233 stem
2429 1181 2781 1234 Hierusalem
2810 1182 3153 1250 perveniatis
3178 1188 3429 1237 ovantes.
3468 1187 3669 1236 Amen.

2320 1269 2481 1331 Quod
2508 1270 2650 1339 ipse.

2864 1373 3179 1413 DOMINICA
3222 1374 3324 1413 XV.

2322 1448 2556 1500 Praestet
2606 1463 2703 1500 vos
2758 1448 3034 1500 Dominus
3091 1464 3364 1517 superare
3424 1447 3815 1511 cenodoxiam,
3865 1452 3914 1499 ut

2247 1552 2436 1589 veram
2471 1537 2804 1606 perlingatis
2830 1536 2899 1589 ad
2930 1536 3190 1605 gloriam.
3225 1540 3426 1590 Amen.

2321 1627 2384 1678 Et
2428 1625 2518 1678 hic
2549 1626 2894 1678 seminantes
2939 1625 3240 1694 justitiam,
3273 1626 3332 1678 in
3380 1626 3574 1679 futuro
3606 1625 3778 1679 vitam
3812 1640 3916 1678 me-

2244 1714 2415 1769 rentis
2443 1720 2734 1767 aeternam.
2769 1717 2971 1768 Amen.

2319 1804 2383 1855 Et
2436 1802 2693 1856 Creatori
2746 1807 2930 1856 vestro
2992 1802 3194 1856 devote
3252 1803 3581 1867 servientes,
3637 1818 3764 1856 cum
3810 1800 3913 1871 ipso

2246 1891 2497 1960 regnetis
2524 1892 2885 1945 exsultantes.
2920 1895 3121 1944 Amen.

2178 1687 2215 1739 Β

2856 2012 3168 2053 DOMINICA
3213 2013 3347 2051 XVI.

2318 2087 2380 2139 In
2429 2086 2794 2139 tribulatione
2840 2103 2938 2139 vos
2987 2087 3154 2139 faciat
3202 2086 3477 2139 Dominus
3527 2086 3818 2155 patientes,
3862 2088 3911 2137 ut

2247 2174 2369 2243 ejus
2401 2175 2523 2227 fieri
2555 2175 2892 2227 mereamini
2924 2176 3235 2227 consortes.
3266 2176 3466 2228 Amen.

2318 2261 2385 2314 Et
2415 2262 2506 2314 hic
2553 2262 2776 2316 Christo
2825 2279 2927 2331 per
2974 2262 3147 2315 ﬁdem
3196 2263 3257 2315 in
3308 2264 3461 2316 vobis
3506 2264 3813 2327 habitante,
3855 2261 3909 2314 ad

2246 2349 2541 2403 videndam
2574 2351 2889 2404 claritatem
2915 2350 3069 2404 illius
3100 2351 3329 2420 possitis
3359 2352 3593 2405 intrare.
3627 2354 3827 2406 Arnen.

2315 2436 2711 2509 Sejunctisque
2765 2456 2796 2491 a
2854 2439 3014 2492 vobis
3063 2445 3423 2492 mortuorum
3479 2440 3708 2510 bajulis,
3749 2442 3911 2511 ipsum

2244 2540 2373 2578 cum
2408 2527 2623 2596 angelis
2654 2527 2862 2581 sanctis
2895 2528 3251 2581 collaudetis.
3285 2531 3487 2582 Amen.

2318 2616 2480 2679 Quod
2516 2618 2639 2685 ipse
2670 2634 2727 2687 p.

2835 2721 3148 2760 DOMINICA
3195 2722 3357 2761 XVIL

2319 2795 2379 2846 In
2412 2794 2630 2847 unitate
2672 2793 2905 2863 spiritus
2950 2794 3118 2848 faciat
3157 2812 3256 2848 vos
3301 2795 3577 2848 Dominus
3624 2796 3909 2857 ambulare,

2245 2887 2308 2935 ut
2329 2898 2457 2935 cum
2491 2883 2590 2935 illo
2624 2882 2955 2935 mereamini
2990 2899 3252 2951 regnare.
3288 2885 3491 2938 Amen.

2173 2981 2213 3036 ρ
2319 2971 2383 3023 Et
2420 2972 2705 3040 baptisma
2731 2976 3041 3033 servantes,
3076 2973 3228 3025 Patri
3273 2972 3371 3043 qui
3402 2978 3485 3025 est
3515 2989 3684 3041 supra
3717 2972 3907 3038 omnia,

2246 3059 2673 3130 praesentemini
2704 3060 2976 3113 laetantes.
3010 3061 3211 3114 Amen.

2319 3149 2384 3201 Et
2431 3148 2575 3201 ﬁctis
2631 3148 2821 3202 debito
2871 3149 3077 3202 rubore
3137 3149 3402 3213 confusis,
3450 3164 3549 3203 vos
3606 3149 3665 3202 in
3720 3153 3909 3202 aeterna

2244 3236 2430 3307 gloria
2460 3236 2777 3305 gaudeatis.
2801 3240 3004 3290 Amen.

2318 3324 2482 3388 Quod
2510 3324 2632 3395 ipse
2660 3341 2719 3395 p.

2682 3446 3019 3485 SABBATUH
3068 3445 3132 3485 IN
3180 3446 3271 3485 ΧΠ
3319 3446 3491 3485 LBCT.

2318 3534 2534 3604 Dignos
2567 3552 2665 3588 vos
2698 3536 2844 3588 Deus
2892 3534 3100 3588 efﬁciat
3148 3551 3244 3589 suo
3286 3536 3635 3602 sacerdotio,
3681 3535 3769 3606 qui
3815 3550 3905 3587 suo

2242 3639 2348 3693 pro
2380 3624 2540 3676 vobis
2569 3640 2686 3677 non
2716 3624 2971 3694 pepercit
3002 3624 3317 3694 unigenito.
3353 3628 3557 3679 Amen.

2316 3714 2381 3766 Ut
2432 3713 2491 3765 in
2532 3718 2722 3766 sancta
2771 3713 3201 3767 conversatione
3249 3719 3695 3784 perseverantes,
3742 3711 3799 3765 ad
3840 3711 3907 3764 il-

2243 3802 2362 3855 lum
2393 3802 2563 3855 etiam
2597 3802 2941 3855 convertatis
2974 3808 3245 3856 errantes.
3279 3806 3478 3856 Amen.
3816 3822 3819 3823 '

2314 3891 2379 3944 Et
2424 3907 2530 3960 pro
2564 3891 2852 3944 sterilibus
2886 3896 2940 3944 et
2982 3891 3288 3945 incurvatis
3318 3892 3714 3945 intercessores
3741 3888 3903 3944 idonei

2244 3978 2411 4032 ﬁatis.
2458 3983 2658 4033 Amen.

2315 4067 2477 4129 Quod
2509 4067 2630 4137 ipse
2657 4084 2716 4138 p.

2814 4172 3126 4211 DOMINICA
3172 4173 3367 4211 XVIIL

2173 4276 2215 4329 ι)
2321 4262 2486 4325 Deus,
2541 4262 2640 4332 qui
2688 4261 2888 4316 ditavit
2929 4278 3026 4316 vos
3072 4263 3131 4316 in
3177 4264 3348 4317 verbo
3393 4269 3449 4317 et
3491 4264 3738 4327 scientia,
3778 4278 3898 4315 con-

2242 4356 2426 4403 servet
2454 4367 2551 4403 vos
2575 4351 2632 4403 in
2662 4351 2776 4404 vita
2806 4351 3191 4405 immaculata.
3221 4355 3423 4406 Amen.

2314 4440 2383 4493 Ut
2424 4439 2485 4492 in
2535 4440 2785 4493 adventu
2844 4440 2969 4493 Filii
3016 4440 3138 4508 ejus
3190 4442 3437 4509 parcatis
3492 4442 3613 4496 sine
3668 4439 3889 4498 crimine,

2241 4529 2404 4598 cujus
2435 4528 2569 4581 estis
2599 4529 2895 4582 emundati
2928 4545 3150 4583 cruore.
3182 4534 3381 4584 Amen.

2314 4618 2381 4671 Et
2428 4617 2621 4687 impiis
2666 4617 2896 4671 scabelli
2936 4617 3055 4671 vice
3097 4618 3199 4672 sub
3245 4619 3486 4689 pedibus
3537 4620 3660 4689 ejus
3704 4615 3888 4690 positis,

2242 4721 2340 4759 vos
2364 4721 2494 4759 cum
2525 4706 2647 4776 ipso
2678 4706 2974 4760 sublimati
3006 4707 3366 4764 consideatis.
3400 4712 3606 4763 Amen.

2314 4795 2479 4858 Quod
2511 4795 2629 4865 ipse
2658 4812 2716 4866 p.

2846 4900 3156 4940 DOMINICA
3202 4901 3334 4939 XIX.

2315 4990 2567 5043 Renovet
2612 5006 2711 5043 vos
2742 4991 3112 5061 omnipotens
3145 4993 3313 5058 Deus,
3364 4996 3429 5046 ut
3479 4993 3644 5047 nobis
3686 5006 3794 5046 esse
3818 4987 3892 5042 de-

2245 5078 2377 5133 beat
2405 5078 2676 5147 placatus.
2701 5082 2907 5136 Amen.

2319 5167 2382 5220 Et
2422 5166 2694 5237 depositis
2733 5167 3003 5222 omnibus
3046 5168 3216 5233 vitiis,
3263 5168 3323 5222 in
3370 5169 3586 5223 cunctis
3635 5166 3895 5222 virtutibus

2244 5253 2528 5323 fulgeatis.
2560 5258 2762 5309 Amen.

2318 5346 2502 5413 Atque
2536 5344 2625 5397 hic
2659 5345 3054 5413 proximorum
3087 5362 3262 5399 onera
3293 5352 3610 5415 portantes,
3639 5361 3757 5400 cum
3785 5340 3896 5412 ipsis

2248 5434 2318 5487 ad
2347 5436 2554 5488 coelum
2586 5434 2829 5490 veniatis
2855 5438 3222 5491 exsultantes.
3254 5440 3458 5491 Amen.

2320 5522 2481 5585 Quod
2515 5523 2633 5593 ipse
2664 5540 2719 5594 p.
