4048 6170
124 220 229 272 8'73

755 367 1069 408 DOMINICA
1105 370 1202 408 XX.

194 437 483 492 Concedat
522 438 680 492 vobis
715 440 1081 510 omnipotens
1112 441 1408 504 Dominus,
1434 450 1496 496 ut
1530 442 1622 497 hic
1655 449 1817 498 caute

121 526 506 593 ambulantes,
553 528 619 581 ad
656 544 836 599 regna
879 530 1154 583 cmlorum
1200 532 1548 600 perveniatis
1595 532 1815 586 indem-

120 631 243 668 nes.
265 618 471 669 Amen.

191 703 261 757 Et
292 705 471 758 sancti
501 704 749 775 Spiritus
788 705 1030 775 pignore
1078 705 1262 771 ditati,
1317 708 1609 778 quondam
1641 725 1815 781 appa-

120 791 295 845 reatis
322 808 531 862 corpus
564 793 689 847 Filii
722 794 840 855 Dei,
875 796 1078 849 Amen.

190 880 340 933 Cum
371 897 484 951 quo
517 881 585 935 ad
618 886 861 935 aeternas
895 883 1125 953 nuptias
1154 883 1456 951 intrantes,
1490 891 1815 940 sanctorum

117 969 393 1023 societate
430 970 811 1039 perfruamini
843 971 1178 1040 gaudentes.
1210 975 1414 1027 Amen.

184 1056 353 1120 Quod
381 1056 503 1127 ipse
532 1074 591 1127 p.

731 1159 1049 1201 DOMINICA
1079 1162 1207 1201 XXI.

182 1230 487 1284 Confortet
521 1247 622 1284 vos
653 1232 802 1284 Deus
831 1234 1196 1302 omnipotens
1228 1233 1295 1287 ad
1340 1233 1650 1301 bellandas,
1701 1242 1810 1291 etc.

182 1318 254 1372 Ut
315 1324 478 1373 scuto
526 1319 680 1386 ﬁdei,
724 1320 887 1390 galea
929 1321 1072 1390 spei,
1129 1326 1185 1375 et
1240 1322 1532 1376 charitatis
1582 1324 1811 1395 cingulo

111 1407 349 1473 muniti,
380 1408 603 1477 placere
636 1408 869 1462 valeatis
901 1426 1141 1463 summm
1170 1410 1452 1464 Trinitati.
1488 1414 1690 1465 Amen.

181 1496 247 1548 Et
277 1512 387 1565 per
417 1496 675 1566 exempla
706 1496 1062 1551 credulitatis
1089 1502 1308 1565 vestrte,
1353 1503 1409 1553 et
1437 1499 1535 1552 alii
1568 1516 1811 1553 conver-

109 1581 216 1634 sari
247 1581 473 1636 discant
502 1584 761 1639 honeste.
794 1588 997 1639 Amen.

178 1670 348 1733 Quod
378 1671 503 1741 ipse
531 1688 589 1743 p.

712 1775 1027 1815 DOMINICA
1059 1776 1215 1816 XXII.

174 1847 396 1900 Auctor
424 1851 481 1901 et
519 1846 799 1918 incmptor
848 1850 1109 1903 omnium
1159 1848 1468 1916 bonorum,
1522 1857 1810 1907 consortes

109 1932 322 1988 efﬁciat
356 1952 456 1989 vos
487 1936 741 1990 felicium
772 1938 1166 2007 praemiorum.
1197 1941 1399 1992 Amen.

182 2023 249 2076 Et
302 2024 491 2093 magis
543 2040 605 2077 ac
651 2026 836 2095 magis
886 2025 1239 2079 abundantes
1288 2026 1348 2079 in
1398 2044 1501 2081 sua
1552 2028 1805 2097 scientia,

109 2110 165 2163 in
200 2111 359 2165 diem
389 2113 595 2167 Christi
624 2115 901 2183 perducat
930 2114 1052 2167 sine
1080 2114 1313 2168 offensa.
1346 2118 1549 2170 Amen.

170 2201 420 2271 Insuper
446 2202 703 2255 omnium
748 2202 1075 2256 debitorum
1120 2208 1441 2258 contractus
1489 2205 1804 2273 remittens,

105 2287 371 2343 ﬁdelibus
401 2290 578 2344 servis
609 2290 874 2361 adaequet
906 2290 1300 2345 miserescens.
1338 2294 1541 2345 Amen.

173 2378 337 2441 Quod
371 2378 523 2448 ipse.

672 2482 988 2522 DOMINICA
1043 2482 1236 2522 XXIII.

170 2554 495 2609 Imitatores
525 2560 847 2609 sanctorum
880 2555 1049 2609 faciat
1077 2572 1175 2609 vos
1215 2555 1512 2623 Dominus,
1558 2560 1621 2609 ut
1646 2556 1805 2611 vobis

109 2640 376 2713 dignetur
401 2659 522 2696 esse
552 2644 827 2713 placatus.
861 2646 1063 2697 Amen.

171 2732 236 2784 Et
285 2731 384 2785 hic
421 2732 601 2785 crucis
658 2732 865 2785 Christi
916 2732 1085 2785 amici
1133 2735 1587 2802 perseverantes,
1633 2733 1801 2787 caele-

103 2819 198 2874 stis
225 2820 399 2891 regni
429 2820 576 2874 ﬁatis
615 2820 938 2890 participes.
972 2824 1174 2875 Amen.

168 2908 464 2971 Quatenus
493 2909 745 2978 imagine
776 2925 878 2962 sua
907 2909 968 2962 in
1005 2909 1165 2963 vobis
1195 2909 1409 2980 agnita,
1444 2910 1655 2980 gaudia
1701 2926 1799 2963 vo-

101 2994 183 3049 bis
212 2998 433 3051 tribuet
464 2996 707 3051 iuﬁnita.
742 3000 944 3051 Amen.

170 3086 336 3150 Quod
370 3086 494 3155 ipse
522 3102 580 3156 p.

687 3188 1001 3229 DOMINICA
1033 3189 1206 3228 XXIV.

168 3281 417 3351 Impleat
448 3296 548 3333 vos
580 3280 857 3334 Dominus
882 3280 1173 3350 agnitione
1218 3278 1531 3334 voluntatis
1562 3296 1701 3345 suae,
1733 3286 1799 3335 ut

102 3367 357 3423 heredes
392 3385 514 3422 esse
540 3369 879 3423 mereamiui
906 3368 1037 3421 vita:
1066 3368 1450 3438 sempiternae.
1485 3370 1687 3424 Amen.

167 3460 231 3512 Et
260 3456 707 3528 longanimitate
738 3457 1032 3527 patientia:
1062 3462 1282 3524 vestrae,
1317 3457 1433 3511 Deo
1466 3456 1799 3512 nutriantur

103 3547 305 3601 animae
333 3550 509 3600 recte.
554 3548 755 3600 Amen.

164 3635 496 3701 Quinetiam
551 3633 702 3689 vitiis
756 3634 1016 3706 languidi
1064 3634 1156 3689 vel
1208 3634 1517 3689 sceleribus
1557 3636 1793 3703 mortui,

102 3725 426 3779 visitatione
475 3724 591 3778 sive
640 3728 796 3777 tactu
853 3723 1168 3777 sanctitatis
1214 3728 1415 3777 vestrae
1459 3723 1597 3777 salvi
1648 3724 1799 3778 inve-

100 3815 333 3868 niantur
364 3818 423 3867 et
452 3812 584 3866 vivi.
618 3814 822 3866 Amen.

334 3928 362 3954 ⁸
396 3935 452 3975 Β.
488 3934 804 3974 DOMINICA
841 3933 859 3972 I
894 3933 1047 3973 POST
1086 3932 1557 3974 PENTBCOSTEN.

168 4026 480 4081 Benedicat
508 4024 666 4080 vobis
702 4024 980 4079 Dominus
1029 4024 1210 4079 nostri
1250 4025 1366 4079 oris
1414 4026 1691 4097 alloquio,
1742 4031 1797 4081 et

99 4128 192 4167 cor
217 4118 477 4167 vestrum
508 4111 715 4166 sinceri
757 4110 972 4165 amoris
1022 4112 1251 4182 copulet
1293 4127 1443 4166 nexu
1494 4118 1793 4184 perpetuo.

100 4206 295 4257 Amen.

969 223 1184 279 LIBER
1223 223 1867 281 SACRAMEN'I‘OBUM.
1896 255 1964 263 —
1987 224 2528 283 BENEDICTIONES
2565 227 2781 283 EPISC.

3519 241 3624 295 874

1859 364 1905 415 Α
2008 357 2143 421 Quae
2174 358 2266 428 pie
2296 362 2524 430 optatis,
2563 360 2865 414 miseratus
2915 362 3219 431 attribuat;
3268 371 3323 421 et
3356 384 3485 438 quae
3526 387 3620 441 pa-

1926 448 2168 515 vescitis,
2203 449 2331 518 pius
2384 455 2783 520 propugnator
2832 453 3029 521 procul
3080 455 3337 523 repellat.
3399 462 3607 515 Amen.

1996 535 2158 599 Quod
2191 538 2331 608 ipse.

2159 657 2210 695 Β.
2252 658 2564 698 ΒΟΜΙΝῙΟΑ
2602 659 2680 697 ΙΙΙ
2719 658 2870 699 POST
2910 660 3381 704 PBNTECOSTEN.

1994 750 2268 801 Amoveat
2332 764 2365 801 a
2441 749 2598 803 vobis
2660 750 2937 804 Dominus
2994 753 3173 806 totius
3228 758 3479 810 maculas
3542 759 3616 813 si-

1924 837 2198 903 multatis,
2248 842 2304 891 et
2349 838 2570 892 imbuat
2599 855 2694 893 vos
2723 841 3056 894 muneribus
3086 859 3245 912 purae
3276 838 3612 901 dilectionis.

1924 927 2128 979 Arnen.

1992 1013 2274 1084 Subjuget
2304 1032 2334 1069 a
2371 1015 2529 1069 vobis
2561 1016 3032 1071 recluctationem
3075 1020 3259 1073 carnis
3291 1026 3347 1075 et
3381 1025 3613 1093 sangui-

1923 1102 2031 1169 nis,
2066 1108 2121 1155 et
2142 1120 2310 1173 opem
2342 1104 2596 1157 conferat
2627 1112 2920 1175 perpetua!
2952 1108 3246 1161 castitatis.
3280 1112 3479 1166 Amen.

1994 1196 2176 1261 Atque
2206 1208 2305 1244 vos
2336 1192 2393 1245 in
2425 1194 2695 1261 pnesenti
2726 1195 2932 1248 saeculo
2972 1196 3213 1264 diligere
3245 1197 3430 1263 faciat,
3466 1200 3617 1270 quod

1920 1295 1955 1333 a
1975 1280 2217 1333 caelestis
2240 1281 2489 1350 paradisi
2516 1281 2851 1336 hereditate
2880 1299 2999 1336 non
3031 1284 3269 1340 dividat.
3305 1288 3504 1343 Amen.

1992 1367 2151 1430 Quod
2182 1367 2327 1437 ipse.

2164 1489 2218 1527 B.
2257 1490 2571 1529 DOMINICA
2610 1492 2671 1529 IV
2714 1492 2860 1531 POS'I‘
2899 1493 3375 1535 PENTECOS'I‘EN.

1989 1580 2313 1634 Sauctiiicet
2380 1597 2477 1634 vos
2538 1583 2767 1636 Domini
2826 1585 3026 1653 gratia,
3065 1590 3120 1638 et
3159 1586 3228 1639 ab
3277 1588 3434 1641 omni
3463 1590 3613 1644 malo

1849 1654 1889 1708 Β
1920 1667 2224 1721 custodiat.
2259 1671 2456 1722 Amen.

1988 1758 2193 1809 Arceat
2222 1773 2250 1809 a
2278 1756 2437 1809 vobis
2468 1772 2637 1810 omne
2670 1758 2821 1827 quod
2866 1760 3083 1812 malum
3126 1766 3229 1825 est,
3280 1767 3334 1816 et
3381 1763 3613 1833 spiritus

1918 1848 2135 1897 vestros
2165 1861 2521 1915 corporaque
2549 1847 2830 1916 puriﬁcet.
2872 1850 3074 1903 Amen.

1989 1935 2202 2004 Alliget
2248 1952 2349 1987 vos
2419 1935 2526 1989 sibi
2586 1936 2811 1989 vinculo
2864 1937 3178 2005 cbaritatis,
3235 1944 3290 1993 et
3327 1956 3435 2010 pax
3490 1941 3613 2011 ejus

1919 2022 2172 2076 abundet
2202 2023 2259 2075 in
2291 2023 2557 2077 cordibus
2588 2023 2805 2077 vestris.
2841 2028 3038 2079 Amen.

1988 2110 2148 2174 Quod
2173 2111 2310 2181 ipse.

2166 2232 2222 2270 B.
2271 2231 2586 2271 DOMINIIZA
2621 2232 2655 2269 Υ
2694 2232 2845 2272 POS'I'
2884 2233 3356 2276 PENTECOSTEN.

1987 2323 2154 2389 Deus,
2190 2323 2290 2392 qui
2320 2326 2408 2375 est
2434 2323 2550 2375 vita
2580 2324 2909 2377 mortalium
2933 2325 3198 2395 salusque
3218 2333 3607 2398 peccatorum,

1916 2410 2136 2464 auferat
2173 2428 2207 2464 a
2235 2410 2394 2464 vobis
2426 2426 2625 2464 omnes
2653 2412 2905 2464 maculas
2936 2413 3297 2467 delictorum.
3331 2417 3532 2471 Amen.

1984 2500 2192 2553 Induat
2242 2516 2344 2552 vos
2400 2499 2602 2552 decore
2650 2500 2951 2567 virtutum,
3003 2503 3316 2557 sanctiﬁcet
3364 2511 3605 2573 mentes,

1913 2587 2180 2658 puriﬁcet
2223 2589 2566 2653 voluntates,
2607 2593 2663 2642 et
2707 2588 2884 2643 donet
2922 2590 3081 2643 vobis
3112 2597 3442 2646 sanctorum
3470 2610 3606 2649 con-

1914 2675 2155 2729 sortium
2180 2677 2542 2745 angelorum.
2575 2679 2776 2730 Amen.

1988 2766 2057 2818 Ut
2107 2764 2431 2834 probabiles
2482 2765 2615 2832 fide,
2668 2769 2724 2818 et
2762 2781 2934 2835 opere
2986 2766 3359 2835 immaculati,
3410 2784 3606 2839 perve-

1912 2852 2083 2906 niatis
2121 2853 2188 2906 ad
2230 2857 2509 2906 aeternam
2550 2853 2895 2922 gaudiorum
2928 2855 3244 2909 caelestium
3293 2856 3601 2912 hmredita-

1912 2945 2049 2994 tem.
2081 2942 2284 2993 Amen.

1982 3028 2140 3092 Quod
2170 3029 2311 3099 ipse.

2152 3166 2207 3206 Β.
2248 3166 2562 3206 DOMINICA
2592 3166 2655 3205 VI
2696 3165 2849 3207 POST
2881 3166 3348 3211 PENTBCOSTEN.

1978 3256 2166 3312 Gratia
2200 3272 2299 3309 sua
2325 3272 2421 3309 vos
2452 3256 2728 3310 Dominus
2758 3257 3089 3328 locupletet,
3141 3264 3196 3315 et
3238 3261 3453 3327 cmlesti
3496 3261 3597 3317 be-

1904 3344 2234 3399 nedictione
2267 3345 2628 3414 multiplicat.
2653 3348 2852 3401 Amen.

1975 3434 2060 3487 Ab
2092 3434 2250 3487 omni
2281 3450 2379 3487 vos
2409 3434 2751 3488 adversitate
2793 3434 3082 3503 defendat,
3131 3443 3188 3492 et
3228 3439 3327 3509 pia
3374 3455 3600 3512 semper

1905 3526 2272 3580 miseratione
2304 3527 2599 3581 custodiat.
2633 3530 2833 3581 Amen.

1976 3614 2285 3667 Petitiones
2314 3619 2525 3667 vestras
2575 3614 2827 3684 placatus
2870 3615 3150 3683 intendat,
3198 3621 3250 3671 et
3298 3618 3599 3689 culparum

1906 3702 2165 3756 omnium
2200 3702 2357 3756 vobis
2387 3704 2610 3756 veniam
2647 3704 2958 3758 clementer
2987 3705 3282 3761 attribuat.
3325 3709 3525 3763 Amen.

1975 3790 2135 3854 Quod
2164 3790 2307 3860 ipse.

2114 3929 2167 3968 Β.
2202 3927 2515 3969 DOMINICA
2552 3928 2643 3968 VII
2684 3928 2835 3969 POST
2873 3929 3339 3972 PENTECOSTEN.

1978 4020 2302 4075 Benedictio
2334 4036 2430 4074 vos
2477 4019 2709 4074 Domini
2754 4020 3062 4075 comitetur
3108 4022 3322 4094 ubique
3370 4024 3593 4097 sibique

1906 4124 2134 4179 semper
2163 4125 2258 4162 vos
2289 4108 2459 4162 faciat
2488 4109 2801 4163 adhmrere.
2831 4112 3031 4164 Amen.

1980 4199 2105 4267 Ipse
2135 4214 2234 4253 vos
2264 4214 2368 4253 sua
2396 4198 2793 4253 benedictione
2842 4198 3129 4269 salviﬁcet,
3184 4201 3284 4272 qui
3330 4201 3598 4274 dignatus

170 4289 453 4345 Floreatis
483 4304 677 4343 rerum
718 4288 1090 4360 praesentium
1120 4288 1301 4359 copiis
1328 4289 1551 4361 justitia
1597 4290 1792 4361 acqui-
1834 4294 1877 4347 D
1908 4291 1993 4340 est
2023 4287 2307 4356 plasmare
2340 4292 2624 4357 potenter.
2654 4290 2854 4341 Amen.

103 4376 240 4444 sitis,
305 4377 608 4449 gaudeatis
668 4377 999 4447 perenniter
1066 4376 1342 4431 fructibus
1397 4377 1793 4432 sincerissime

104 4466 414 4519 cbaritatis.
457 4468 660 4517 Amen.

169 4554 410 4608 Tribuat
457 4552 617 4608 vobis
678 4550 954 4606 Dominus
1005 4551 1158 4605 dona
1207 4551 1506 4621 perennia,
1557 4555 1621 4604 ut
1666 4555 1797 4621 post

106 4648 369 4714 tempora
396 4642 637 4696 feliciter
677 4641 932 4707 dilatata,
979 4640 1306 4710 percipiatis
1336 4639 1546 4711 gaudia
1584 4640 1785 4711 sempi-

104 4735 280 4785 terna.
306 4734 514 4785 Amen.

170 4818 333 4882 Quod
370 4818 508 4888 ipse.

354 4938 409 4977 B.
446 4936 765 4977 DOMINICA
802 4936 851 4976 Il
892 4935 1043 4977 POS'I‘
1074 4935 1545 4977 PENTECOSTEN.

176 5028 465 5082 Emundet
514 5027 794 5081 Dominus
842 5027 1221 5081 conscientias
1266 5032 1478 5080 vestras
1524 5028 1594 5081 ab
1643 5028 1802 5082 omni

110 5117 345 5185 malitia,
376 5122 432 5170 et
470 5118 688 5187 repleat
715 5116 1156 5171 sanctificatione
1190 5121 1487 5186 perpetua.
1526 5120 1727 5170 Amen.

174 5206 315 5260 Vota
347 5210 535 5259 vestra
562 5207 871 5258 clementer
900 5205 1182 5272 intendat,
1223 5210 1281 5259 et
1328 5211 1558 5275 peccata
1606 5205 1801 5259 omnia

111 5298 452 5370 propitiatus
477 5300 795 5372 indulgeat.
823 5304 1025 5356 Amen.

1975 4378 2154 4443 Atque
2184 4376 2266 4428 ita
2294 4392 2393 4428 vos
2432 4380 2664 4445 praestet
2712 4376 2954 4429 feliciter
2980 4376 3191 4445 vivere,
3248 4383 3313 4434 ut
3359 4381 3602 4437 caelestis

1903 4461 2274 4516 beatitudinis
2306 4463 2515 4517 efficiat
2543 4464 2888 4518 cohaeredes.
2924 4468 3127 4520 Amen.

1975 4549 2134 4613 Quod
2168 4550 2308 4619 ipse.

2120 4680 2175 4720 B.
2210 4679 2529 4720 DOMINICK
2560 4679 2683 4719 VIII
2724 4680 2873 4720 POST
2913 4681 3383 4725 PENTECOSTEN.

1977 4768 2351 4839 Omnipotens
2386 4768 2533 4821 Deus
2564 4772 2931 4838 peccatorum
2980 4777 3303 4827 vestrorum
3347 4778 3602 4830 maculas

1906 4862 2183 4928 expurget
2208 4861 2266 4911 et
2284 4872 2387 4909 sua
2416 4872 2514 4910 vos
2536 4856 2931 4911 benedictione
2956 4858 3223 4915 illustrat.
3254 4865 3458 4916 Amen.

1980 4947 2218 5015 Repleat
2246 4961 2345 4997 vos
2388 4944 2771 5015 spiritualium
2808 4946 2976 4999 donis
3021 4947 3317 5015 virtutum,
3371 4956 3428 5004 et
3470 4967 3601 5021 per-

1912 5051 2171 5090 severare
2202 5034 2370 5087 faciat
2404 5035 2463 5087 in
2486 5034 2650 5088 bonis
2680 5036 3043 5105 propositum
3073 5043 3343 5092 vestrum.
3394 5043 3598 5095 Amen.

1980 5125 2186 5194 Sicque
2232 5122 2617 5177 humilitatem
2648 5130 2893 5178 vestram
2924 5124 3205 5195 benignus
3234 5134 3503 5198 acceptet,
3542 5134 3605 5185 ut

1908 5228 2026 5265 suae
2051 5228 2149 5265 vos
2178 5210 2405 5281 pietatis
2443 5214 2911 5267 remuneratione
2935 5213 3262 5283 locupletet.
3287 5216 3492 5272 Amen.

1978 5300 2140 5364 Quod
2173 5300 2188 5353 i
2197 5316 2317 5370 pse.

178 5455 204 5481 ⁸
238 5448 321 5503 Ex
353 5449 720 5520 Ultrajectino
750 5450 943 5505 codice
963 5450 1091 5505 alias
1117 5449 1386 5505 undecim
1413 5450 1672 5520 priorum
1708 5448 2133 5504 Dominicarum
2154 5453 2285 5519 post.
2314 5450 2681 5504 Pentecosten
2715 5450 3165 5506 Benedictiones.

465 5540 739 5605 PATROL.
795 5541 998 5605 CXXI.

3166 5551 3249 5608 28
