4078 6180
454 260 559 312 875
1581 250 1917 305 GRIMALDI
1955 248 2460 305 SANGALLENSIS
2497 248 2810 303 ABBATIS.
3830 249 3913 299 876

698 408 754 447 Β.
793 404 1103 445 DOMINICA
1143 403 1203 441 ix
1242 400 1392 442 ros'r
1425 400 1897 441 PENTECOSTEN.
2180 389 2225 440 Α
2255 386 2572 439 humanum
2618 386 2884 455 dignatus
2915 389 3001 435 est
3036 382 3338 447 redimere,
3390 396 3493 433 sua
3532 396 3630 433 vos
3678 380 3914 449 dignetur

530 480 941 537 Benedictionis
999 478 1224 530 Domini
1270 476 1451 546 gratia
1496 492 1594 527 vos
1634 492 1863 544 semper
1882 479 2149 545 protegat
2254 473 3041 541 benedictionelocupletare.
3074 473 3274 524 Amen.

459 577 515 626 et
545 572 612 624 ab
643 568 799 622 omni
834 567 983 620 malo
1017 566 1301 619 defendat.
1337 569 1537 617 Amen.
2328 564 2458 633 Ejus
2517 578 2741 632 semper
2792 569 2848 614 et
2897 561 3112 629 ubique
3168 559 3489 629 patrocinia
3547 557 3813 619 sentiatis,
3859 575 3911 611 ex

530 654 757 707 Mundet
786 669 882 703 vos
916 650 984 703 ab
1015 651 1171 703 omni
1210 648 1447 702 crimine
1496 653 1878 717 peccatorum,
1911 653 1968 701 et
2010 647 2145 701 sibi-
2256 654 2418 720 cujus
2449 651 2787 704 intemerato
2819 654 2978 701 utero
3010 652 3300 701 auctorem
3341 647 3466 698 vita:
3511 645 3789 713 suscipere
3817 662 3912 697 me-

460 748 575 797 met
600 742 821 811 placere
850 739 1021 792 faciat
1050 738 1106 789 in
1135 742 1435 789 aeternum.
1470 739 1671 787 Amen.
2257 738 2467 791 ruistis.
2501 742 2701 792 Amen.

528 830 727 900 Ibique
760 828 916 881 vobis
968 825 1244 879 Dominus
1294 826 1545 893 placatus
1594 826 1872 886 occurrat,
1928 828 1986 875 et
2032 838 2147 876 sum
2330 829 2391 881 Et
2421 827 2520 897 qui
2547 828 2615 879 ad
2647 826 2770 895 ejus
2815 824 3215 878 celebrandam
3265 822 3629 876 festivitatem
3672 821 3916 874 hodierna

456 916 871 973 benedictionis
902 930 1070 984 opem
1103 914 1407 982 dignanter
1435 911 1732 965 attribuat.
1769 917 1972 963 Amen.
2258 916 2350 970 die
2379 916 2597 969 devotis
2629 914 2917 968 mentibus
2965 912 3331 977 convenistis,
3374 910 3755 981 spiritualium
3803 926 3914 979 gau-

528 1006 692 1071 Quod
728 1006 867 1075 ipse.
2256 1005 2482 1059 diorum
2517 1009 2572 1057 et
2601 1010 2947 1058 zeternorum
2976 1002 3352 1073 praemiorum
3382 999 3676 1055 vobiscum
3709 1015 3917 1053 munera

712 1127 762 1165 B.
801 1122 1115 1164 DOMlNICA
1146 1123 1186 1159 Χ
1215 1121 1365 1161 POST
1404 1119 1881 1159 PENTECOSTEN.
2258 1090 2581 1162 reportetiS-
2615 1093 2815 1144 Amen.

534 1200 907 1269 Omnipotens
963 1196 1239 1250 Dominus
1300 1194 1596 1264 adaperiat
1649 1210 1745 1247 cor
1787 1197 2042 1247 vestrum
2091 1192 2151 1246 in
2331 1180 2489 1244 000d
2522 1181 2663 1250 ipse.

461 1291 586 1360 lege
635 1304 760 1353 sua,
810 1292 866 1340 et
917 1286 1182 1339 humiliet
1226 1285 1446 1337 animas
1492 1288 1706 1337 vestras
1751 1283 1821 1337 ad
1876 1281 2153 1353 capienda
2431 1302 2486 1340 Β.
2528 1302 2600 1339 ΒΕ
2642 1300 2981 1340 MARTYRIO
3026 1299 3076 1339 s.
3121 1296 3772 1339 JOANNISBAPTISTE.

462 1376 731 1430 mandata
764 1374 1027 1428 catlestia.
1062 1376 1265 1426 Amen-
2333 1376 2498 1440 Deus,
2532 1374 2631 1445 qui
2662 1391 2757 1426 vos
2786 1376 2845 1428 Β.
2869 1373 3101 1427 Joannis
3151 1372 3420 1440 Baptista:
3448 1370 3705 1424 concedit
3736 1369 3915 1422 solem-

535 1465 823 1534 Quidquid
856 1464 1012 1516 vobis
1040 1480 1142 1531 pro
1172 1463 1352 1515 salute
1385 1460 1707 1514 animarum
1740 1464 2058 1514 vestrarum
2092 1475 2153 1511 os
2263 1465 2358 1518 uia
2410 1465 2803 1533 frequentare,
2866 1463 3081 1515 tribuat
3135 1461 3296 1514 vobis
3356 1467 3413 1513 et
3474 1460 3673 1513 eadem
3734 1458 3919 1511 devotis

464 1552 828 1609 mortalitatis
878 1558 1087 1605 nostra;
1130 1555 1374 1617 enarrat,
1429 1554 1725 1619 acceptum
1770 1549 1930 1603 vobis
1973 1548 2153 1619 pietas
2262 1553 2548 1607 mentibus
2578 1552 2887 1614 celebrare,
2922 1557 2977 1604 et
3007 1567 3121 1604 suae
3162 1549 3575 1604 benedictionis
3625 1549 3765 1602 dona
3812 1562 3918 1616 per-

463 1644 654 1697 divina
687 1641 915 1695 efﬁciat.
950 1644 1151 1693 Amen.
2193 1666 2234 1718 Β
2264 1642 2471 1711 cipere.
2507 1646 2706 1693 Amen.

539 1733 605 1784 Ut
655 1730 862 1783 divinis
905 1728 1263 1781 sermonibus
1310 1726 1569 1793 animati,
1617 1742 1747 1779 cum
1789 1726 1867 1778 eis
1904 1725 2004 1795 qui
2052 1742 2155 1795 pro
2333 1732 2397 1782 Et
2436 1730 2534 1799 qui
2581 1746 2684 1799 pro
2734 1729 2875 1797 legis
2925 1728 3046 1797 ejus
3098 1726 3385 1797 praeconio
3438 1725 3812 1778 carceralibus
3855 1727 3921 1773 est

464 1820 621 1873 vobis
676 1817 999 1886 invigilant,
1053 1817 1122 1869 ad
1172 1821 1442 1869 aeternam
1488 1814 1900 1869 beatitudinem
1937 1830 2148 1868 merea-
2264 1823 2518 1871 retrusus
2568 1818 2630 1869 in
2680 1815 2953 1880 tenebris,
3002 1814 3405 1867 intercessione
3442 1830 3542 1866 sua
3572 1812 3922 1866 atenebroso-

464 1908 605 1961 mini
638 1906 937 1976 pervenire
978 1905 1160 1957 illaesi.
1195 1908 1396 1958 Amen.
2265 1923 2394 1959 rum
2426 1922 2667 1975 operum
2699 1922 2795 1957 vos
2828 1904 3031 1957 liberet
3062 1903 3380 1956 incentivis.
3409 1905 3610 1955 Amen.

534 1993 693 2057 000d
728 1992 867 2061 iPSG-
2340 1997 2403 2048 Et
2443 1994 2540 2064 qui
2576 2010 2680 2063 pro
2709 1992 2965 2057 veritate,
3016 2009 3143 2062 quae
3196 1994 3341 2045 Deus
3382 1996 3485 2057 est,
3518 1993 3686 2059 caput
3732 2004 3834 2042 non
3859 1991 3923 2039 est

713 2115 765 2151 Β,
806 2112 1115 2151 ῃοθιιΝιεΑ
1154 2113 1211 2150 χι
1251 2110 1400 2150 pOST
1450 2110 1920 2151 pENTgCOSTEN.
2267 2089 2562 2136 cunctatus
2584 2082 2864 2149 amittere,
2902 2098 3002 2134 SUO
3032 2081 3354 2133 interventu
3385 2080 3452 2131 ad
3486 2083 3658 2147 caput
3686 2081 3921 2137 vestrum,

538 2187 822 2239 Concedat
864 2185 1017 2237 vobis
1068 2185 1347 2237 Dominus
1405 2184 1709 2254 praemium
1761 2184 2159 2238 sincerissima

2326 2171 2417 2223 10d
2442 2168 2696 2223 Christus
2722 2173 2824 2236 est,
2855 2167 3023 2221 faciat
3046 2166 3363 2237 pervenire.
3396 2170 3601 2219 Amen.

467 2276 777 2337 cliaritatis,
811 2279 873 2327 ut
906 2290 1034 2326 cum
1068 2274 1334 2326 omnibus
1383 2288 1609 2341 semper
1648 2272 1707 2325 in
1753 2288 1890 2341 pace
1940 2273 2157 2326 vivatis.
2341 2259 2502 2322 000d
2536 2258 2674 2328 ipse-

467 2368 670 2418 Αῐηθη-
2344 2381 2396 2419 Β.
2435 2379 2499 2418 IN
2545 2376 3148 2418 COMMEMORATIONE
3182 2376 3441 2415 OMNIUM
3482 2371 3865 2413 sancronnu.

536 2452 905 2505 Inimicorum
940 2450 1201 2538 omnium
1229 2450 1783 2538 insidiassuperetis
1812 2455 1868 2504 et
1908 2466 2161 2520 praesen-
2341 2471 2561 2524 Sancta:
2593 2469 2695 2522 Dei
2735 2467 3027 2538 genitricis
3074 2466 3283 2529 Marias,
3337 2467 3744 2534 beatorumque
3786 2461 3918 2533 spiri-

470 2544 590 2627 tem,
619 2536 1207 2627 Vil“m_5i"°e“i55ime
1242 2536 1562 2627 peragétisﬁ
1584 2539 1785 2627 Am?“
1826 2624 1835 2627 _
2068 2625 2093 2627 η
2129 2625 2157 2627 η
2273 2564 2432 2614 tuum
2469 2566 2639 2627 atque
2668 2556 2928 2609 omnium
2963 2561 3287 2609 sanctorum
3318 2570 3555 2608 suorum
3604 2551 3922 2607 intercessio-

540 2626 671 2679 Sius
695 2625 914 2716 ad“?
965 2641 997 2716 ίῆ
1047 2630 1201 2716 1:939)
1256 2624 1619 2716 θοίξδθίθίξίίίξ
1675 2624 1860 2689 liberi,
1918 2630 1983 2678 ut
2022 2625 2163 2679 nihil
2274 2649 2444 2703 nibus
2476 2664 2509 2699 a
2538 2624 2809 2716 periculis
2842 2648 2899 2698 et
2930 2645 3183 2698 reatibus
3222 2643 3448 2714 eripiat,
3500 2648 3556 2696 et
3586 2646 3849 2714 protegat,
3883 2643 3925 2691 et

471 2713 739 2767 metuatis
768 2713 827 2765 in
859 2712 949 2765 die
974 2713 1176 2781 judicii
1206 2712 1535 2781 postfuturi.
1567 2714 1770 2765 Amen.
2273 2740 2446 2790 emat
2476 2712 2573 2787 νέες
2606 2733 2902 2787 Dominus.
2940 2736 3138 2787 Amen.

543 2802 701 2865 Quod
734 2802 855 2871 ipse
877 2810 920 2854 ³.

2346 2827 2637 2889 Quatenus
2668 2840 2916 2893 quorum
2964 2822 3244 2875 solemnia
3287 2820 3663 2887 veneramini,
3706 2819 3857 2873 ﬁdem
3882 2820 3925 2869 et

689 2924 740 2961 Β·
776 2923 837 2962 1N
878 2922 1112 2962 NATALI
1181 2921 1232 2960 S-
1284 2921 1556 2960 JOANNIS
1604 2920 1950 2960 BAPTIST‘E-
2208 2965 2243 2979 η
2279 2919 2435 2968 actus
2463 2912 2720 2967 devotius
2758 2911 3086 2977 imitemini,
3125 2916 3188 2965 ut
3240 2909 3608 2979 praemiorum
3660 2906 3923 2962 beatitudi-

547 2997 846 3050 Bencdicat
908 2995 1069 3048 vobis
1123 2994 1488 3065 omnipotens
1556 2996 1720 3047 Deus.
1783 2994 2011 3048 Joannis
2062 2994 2162 3045 Ba-
2205 2965 2245 3019 Ο
2278 3018 2411 3057 nem
2452 3001 2798 3055 mternaliter
2830 3001 3101 3070 consequi
3132 2998 3492 3053 mereamini.
3536 3000 3735 3051 Amen.

472 3085 657 3155 ptistas
691 3084 1119 3148 intercessione,
1155 3084 1317 3153 cujus
1348 3083 1518 3136 hodie
1551 3084 1809 3135 natalitia
1847 3083 2163 3150 celebratis,
2347 3088 2510 3152 Quod
2543 3088 2677 3158 quia
2725 3087 3009 3156 condigna
3060 3086 3321 3156 passione
3355 3100 3521 3137 nemo
3567 3088 3821 3149 meretur,
3849 3081 3922 3133 ille

473 3174 860 3242 concedatque
912 3177 975 3225 ut
1017 3172 1179 3241 cujus
1227 3172 1530 3237 solemnia,
1583 3171 1787 3237 colitis,
1848 3171 2168 3241 patrocinia
2275 3178 2437 3247 cujus
2466 3177 2756 3230 miseratio
2786 3177 2944 3229 nulla
2982 3176 3096 3228 line
3143 3174 3521 3239 concluditur,
3575 3172 3923 3243 multiplicatis

473 3261 751 3316 sentiatis.
786 3266 987 3313 Amen.
2273 3265 2433 3319 vobis
2464 3265 2931 3319 intercessoribus
2960 3264 3257 3332 largiatur.
3295 3266 3494 3316 Amen.

544 3351 700 3403 Illius
749 3351 984 3403 obtentu
1040 3349 1108 3401 ab
1157 3348 1425 3401 omnibus
1476 3348 1727 3401 adversis
1774 3348 2075 3415 tueamini,
2112 3351 2169 3401 et
2345 3354 2508 3417 Quod
2557 3354 2678 3424 ipse
2730 3358 3000 3423 praestare
3048 3352 3335 3423 dignetur,
3382 3350 3652 3421 quicum
3698 3351 3839 3402 Patre
3877 3349 3919 3397 et

469 3437 634 3491 bonis
664 3436 927 3489 omnibus
959 3435 1361 3504 perfruamini,
1412 3435 1512 3504 qui
1558 3436 1866 3488 adventum
1919 3436 2165 3489 Redem-
2273 3442 2489 3512 Spiritu
2522 3446 2712 3495 sancto
2738 3441 2870 3494 vivit
2896 3447 2951 3494 et
2971 3445 3172 3511 regnat
3210 3442 3375 3506 Deus,
3407 3456 3508 3509 per
3539 3440 3725 3493 omnia
3754 3437 3919 3491 sarcula

472 3525 648 3594 ptoris
690 3524 889 3577 mundi
922 3524 1161 3575 necdum
1208 3529 1374 3575 natus
1416 3523 1666 3592 agnovit,
1719 3522 1919 3576 matris
1953 3523 2165 3577 sterili-
2274 3531 2636 3583 saeculorum,
2672 3533 2874 3584 Amen,

469 3616 641 3664 tatem
665 3611 948 3665 nascendo
981 3611 1234 3677 abstulit,
1270 3611 1445 3680 patris
1484 3610 1741 3681 linguam
1779 3616 1944 3664 natus
1975 3612 2163 3665 absol-
3045 3619 3197 3673 Alia.

470 3700 567 3752 vit.
597 3702 798 3752 Amen.

539 3790 828 3852 Quatenus
860 3788 1040 3857 ipsius
1083 3788 1250 3856 Agni,
1300 3802 1475 3857 quem
1525 3786 1620 3839 ille
1665 3786 1847 3856 digito
1887 3786 2159 3854 ostendit,

471 3880 634 3944 cujus
688 3876 1085 3929 immolatione
1148 3877 1281 3929 estis
1351 3875 1653 3945 redempti,
1726 3877 1805 3928 ita
1887 3876 2163 3929 virtutum

471 3966 616 4018 lanis
656 3965 864 4025 vestiri.
899 3971 953 4017 et
998 3964 1386 4018 innocentiam
1434 3964 1669 4017 valeatis
1714 3964 1952 4025 imitari,
2005 3970 2065 4017 ut
2110 3964 2164 4017 ei

470 4058 697 4106 aaternm
730 4054 929 4121 patriae
952 4053 1216 4106 felicitate
1248 4052 1476 4122 possitis
1504 4052 1755 4121 adjungi.
1787 4056 1988 4106 Amen.

2343 3724 2449 3777 Per
2486 3723 2954 3778 intercessionem
2996 3739 3379 3794 supernorum
3429 3723 3637 3777 civium
3684 3720 3916 3777 custodiat

2272 3828 2369 3865 vos
2400 3813 2676 3866 Dominus
2708 3819 2892 3867 rector
2922 3814 3287 3883 angelorum.
3323 3815 3525 3866 Amen.

2347 3902 2414 3954 Ut
2444 3917 2644 3954 eorum
2677 3902 2855 3956 tutela
2884 3904 3079 3955 contra
3127 3900 3411 3970 spiritales
3460 3905 3516 3952 et
3566 3899 3804 3953 carnales
3840 3894 3915 3946 ad-

2271 3990 2550 4043 versarios
2582 3990 2809 4055 muniti,
2842 3990 2902 4043 in
2932 4005 3172 4043 numero
3201 3989 3453 4043 ﬁliorum
3497 3987 3595 4042 Dei
3624 3980 3914 4041 mereamini

2272 4077 2615 4147 computari.
2651 4080 2853 4131 Amen.

541 4142 697 4205 Ουυά
728 4159 867 4210 ιρδθ-
2343 4166 2449 4230 Qui
2480 4182 2582 4236 per
2609 4166 2938 4220 omnimoda
2967 4166 3342 4220 certaminum
3367 4181 3598 4235 genera,
3627 4165 3743 4234 ejus
3762 4158 3915 4216 inetia-

544 4263 597 4300 B-
642 4262 704 4300 1N
744 4262 971 4300 NATALI
1016 4260 1474 4300 APOSTOLORUM
1524 4261 1709 4300 PETRI
1766 4260 1837 4300 ET
1874 4262 2088 4302 PAULI.
2202 4263 2245 4316 1)
2274 4255 2376 4308 bili
2404 4256 2587 4325 gratia
2615 4261 2999 4325 pervenerunt
3029 4256 3098 4310 ad
3130 4256 3377 4310 coelestia
3406 4271 3602 4326 regna.
3635 4260 3819 4309 Amen.

545 4334 850 4387 Benedicat
878 4334 1035 4387 vobis
1084 4334 1448 4404 omnipotens
1496 4335 1663 4399 Deus,
1717 4334 1817 4404 qui
1862 4352 1961 4389 vos
2009 4335 2163 4390 beati
2343 4344 2505 4407 Quod
2540 4344 2682 4415 ipse.

472 4432 623 4485 Petri
667 4431 1040 4483 saluberrima
1083 4430 1437 4484 confessione
1480 4432 1539 4485 in
1585 4432 1979 4487 ecclesiastica:
2030 4434 2164 4489 ﬁdei
3086 4435 3234 4487 Alia.

470 4518 727 4572 fundavit
758 4518 1060 4572 soliditate.
1094 4522 1295 4572 Amen.

2341 4542 2556 4593 Auctor
2585 4543 2640 4592 et
2667 4542 3063 4595 remunerator
3100 4539 3358 4593 omnium
3406 4540 3709 4604 bonorum,
3744 4535 3911 4591 tribuat

545 4609 608 4660 Et
655 4623 797 4676 quos
846 4607 995 4660 beati
1051 4608 1209 4660 Pauli
1239 4608 1596 4661 sanctissima
1628 4609 1896 4663 instruxit
1950 4612 2163 4680 prmdi—
2272 4628 2429 4682 vobis
2460 4628 2785 4681 societatem
2812 4635 3141 4683 sanctorum
3172 4645 3428 4682 suorum.
3462 4633 3666 4682 Amen.

470 4694 711 4754 catione,
765 4710 866 4745 sua
908 4701 1137 4748 tueatur
1186 4696 1511 4765 gratissima
1564 4696 1917 4751 defensione.
1956 4702 2159 4752 Amen.
2342 4714 2450 4780 Qui
2481 4718 2567 4769 vei
2598 4717 2744 4769 bene
2776 4716 2949 4770 creati
2981 4716 3039 4770 in
3072 4718 3193 4787 ejus
3227 4734 3420 4771 amore
3452 4718 3811 4787 perstiterunt
3847 4709 3912 4761 vel

539 4783 828 4876 Quatenus
870 4785 1085 4876 Ρθίῗυξ-
1111 4785 1281 4845 είδνθο
1338 4786 1543 4838 Paullus
1586 4802 1871 4876 εθτωρηθν
1903 4875 1907 4876 ν
1934 4788 2162 4857 “mque
2270 4807 2437 4875 culpa
2482 4821 2583 4858 sua
2636 4806 2909 4876 prolapsi,
2960 4783 3117 4860 illius
3165 4783 3551 4861 inaestimabili
3580 4807 3780 4876 pietate
3818 4816 3910 4855 sur-

468 4872 898 4937 intercessione,
931 4873 1000 4925 ad
1032 4872 1187 4925 illam
1220 4889 1312 4924 vos
1343 4878 1560 4926 certent
1600 4874 1847 4942 patriam
1898 4875 2164 4929 introdu-
2270 4872 2559 4949 rex—erunt
2591 4872 2794 4949 A'mem

466 4975 615 5054 (ἕπε’
651 4958 719 5011 ad
751 4974 925 5027 quam
957 4958 1040 5054 illi
1071 4959 1213 5011 alter
1242 4974 1425 5025 cruce,
1459 4961 1601 5013 alter
1638 4961 1850 5029 gladio,
1884 4961 2163 5015 hOdiema
2342 4985 2412 5037 Ut
2458 4984 2780 5037 imitatione
2826 4984 3209 5054 perfectorum
3262 4984 3747 5044 Christicolarum,
3777 4980 3916 5035 cellae

466 5047 558 5101 die
589 5062 919 5116 pervenere.
953 5048 1154 5099 Amen.

2320 5072 2437 5127 ades
2468 5072 2617 5126 fiatis
2642 5074 2957 5127 caelestium
2979 5074 3273 5129 virtutum.
3310 5078 3511 5129 Amen.

536 5135 697 5198 Quod
734 5134 875 5204 ipse.

2338 5161 2496 5225 Quod
2525 5161 2665 5231 ipse.

819 5256 873 5294 Β.
918 5255 981 5293 IN
1032 5256 1457 5297 FESTIVITATE
1493 5258 1544 5297 s.
1589 5259 1818 5298 MARUE.
3038 5253 3225 5306 .Alz’a.

541 5329 689 5382 Deus
730 5327 829 5398 qui
857 5344 960 5398 per
988 5328 1170 5383 beatas
1208 5331 1396 5384 Mariae
1441 5332 1680 5398 virginis
1721 5336 1949 5401 partum
1982 5349 2162 5404 genus
2346 5338 2767 5392 Benedictionis
2793 5355 2909 5392 suae
2944 5355 3041 5393 vos
3070 5340 3348 5394 Dominus
3395 5340 3756 5410 omnipotens
3794 5332 3921 5406 jugi°

534 5482 558 5505 τι
598 5474 714 5527 Huc
750 5493 927 5545 usque
962 5478 1396 5534 Benedictiones
1429 5480 1805 5534 Dominicales
1834 5487 1959 5552 post
1988 5484 2357 5537 Pentecosten
2393 5484 2639 5539 habebat
2676 5486 2847 5539 codex
2893 5486 3311 5556 Ultrajectinus.
