4078 6180
164 337 270 388 877

954 335 1166 389 LIBER
1205 334 1844 391 SACRAMENTORUM.
1873 366 1939 373 —
1973 334 2522 390 BENEDICTIONES
2562 336 2770 390 EPISC.

3565 340 3668 392 878

165 476 252 524 ter
280 485 410 524 rore
442 469 765 541 perfundat,
797 474 967 540 atque
1002 470 1302 523 uberrimis
1324 470 1521 540 gratiae.
1553 488 1669 524 suae
1696 471 1858 525 donis
1896 478 1941 526 A
1971 471 2133 541 cujus
2197 470 2573 541 depositionis
2633 473 2786 526 diem
2843 474 3160 542 celebratis,
3206 474 3289 527 illi
3348 475 3573 545 possitis
3611 475 3673 529 in

166 560 497 630 locupletet.
528 562 727 612 Amen.

237 649 428 701 Faciat
457 664 685 717 quoque
729 664 824 699 vos
858 647 1119 700 omnium
1161 647 1331 699 simul
1376 654 1703 701 sanctorum
1732 665 1863 700 suo-

163 752 293 789 rum
334 753 561 806 semper
602 737 851 788 intentos
895 734 1192 799 doctrinis,
1239 741 1296 788 et
1334 735 1535 789 infixos
1565 736 1860 806 exemplis,

164 840 267 876 nec
311 840 430 876 non
475 829 529 877 et
569 823 826 893 ipsorum
863 823 1154 877 continuis
1194 830 1351 877 tutos
1395 841 1513 877 esse
1556 825 1859 893 suffragiis.

162 916 369 966 Amen.

238 1002 305 1053 Ut
337 1016 583 1070 quorum
616 999 785 1053 hodie
815 1015 1006 1053 annua
1038 999 1373 1053 solemniter
1404 999 1620 1053 devotis
1653 998 1861 1053 menti-

162 1090 270 1143 bus
322 1088 467 1141 festa
513 1088 805 1141 celebratis
853 1088 911 1141 in
954 1087 1140 1151 terris,
1185 1088 1522 1141 eorumdem
1574 1088 1862 1157 perpetuis

162 1177 505 1231 mereamini
536 1175 790 1246 collegiis
828 1176 1291 1245 inseparabiliter
1318 1176 1558 1230 adunari
1594 1176 1656 1229 in
1687 1177 1857 1231 caelis.

162 1268 368 1318 Amen.

232 1352 400 1415 Quod
441 1352 581 1423 ipse.

856 1442 988 1495 Item
1023 1442 1157 1495 alia.

230 1528 611 1598 Omnipotens
642 1529 808 1595 Deus,
843 1528 942 1599 qui
967 1529 1160 1582 omnia
1186 1528 1403 1599 pariter
1432 1530 1859 1599 complectitur,

158 1633 394 1669 cursum
427 1618 556 1670 vitae
588 1624 788 1671 vestrae
819 1618 1101 1687 propitius
1134 1620 1479 1671 moderetur.
1513 1622 1714 1672 Amen.

231 1706 301 1757 Ut
347 1706 417 1758 ad
458 1706 755 1759 beatorum
794 1707 1099 1776 spirituum
1143 1705 1511 1761 stabilitatem
1553 1723 1658 1776 per
1705 1723 1860 1760 man-

157 1794 429 1847 datorum
452 1794 631 1864 ipsius
661 1794 1005 1865 perveniatis
1037 1794 1512 1848 observationem.
1548 1800 1751 1848 Amen.

230 1883 460 1953 Quique
500 1888 724 1937 sanctos
764 1899 895 1935 suos
935 1883 1208 1952 martyrio
1246 1884 1379 1937 fecit
1416 1884 1650 1937 idoneos
1682 1901 1860 1955 regno

160 1973 460 2038 ccelorum,
516 1988 612 2023 vos
663 1977 1003 2041 paupertate
1064 1972 1296 2041 spiritus
1352 1972 1518 2026 faciat
1571 1980 1861 2027 consortes

160 2076 385 2113 eorum.
420 2063 629 2113 Amen.

198 2148 202 2153 ’
231 2148 402 2211 Quod
434 2148 577 2217 ipse.

478 2268 644 2308 B.IN
695 2269 929 2308 NATALI
979 2268 1173 2308 UNIUS
1222 2268 1553 2308 APOSTOLL

233 2344 409 2406 Deus,
470 2342 571 2411 qui
632 2358 729 2394 vos
788 2344 846 2394 in
903 2341 1228 2411 apostolicis
1291 2342 1490 2395 tribuit
1552 2342 1862 2396 consistere

161 2431 579 2491 fundamentis,
625 2430 957 2483 benedicere
987 2447 1083 2483 vos
1108 2432 1379 2501 dignetur
1420 2431 1571 2485 beati
1620 2432 1864 2501 apostoli

162 2521 253 2573 sui
288 2521 352 2573 N.
389 2519 871 2573 intercedentibus
898 2520 1132 2573 meritis.
1168 2524 1367 2573 Amen.

236 2609 629 2678 Defendatque
688 2623 786 2659 vos
845 2624 874 2659 a
943 2609 1160 2660 cunctis
1215 2608 1485 2673 adversis,
1541 2609 1863 2679 apostolicis

160 2697 471 2767 praesidiis,
510 2697 610 2767 qui
652 2712 751 2748 vos
791 2711 994 2748 eorum
1029 2695 1211 2749 voluit
1245 2698 1437 2749 ornari
1476 2700 1533 2749 et
1574 2698 1863 2749 munerari

163 2786 445 2855 exemplis
476 2790 533 2837 et
564 2785 941 2837 documentis.
975 2788 1175 2837 Amen.

233 2874 359 2937 Quo
421 2889 526 2942 per
592 2890 793 2926 eorum
861 2873 1324 2926 intercessionem
1392 2872 1731 2943 perveniatis
1792 2872 1863 2925 ad

162 2969 396 3015 aeternas
436 2962 638 3030 patrias
678 2961 1094 3025 hzereditatem,
1128 2976 1232 3030 per
1265 2977 1509 3030 quorum
1544 2960 1862 3014 doctrinam

158 3051 370 3103 tenetis
398 3050 535 3103 fidet
568 3050 975 3120 integritatem.
1010 3053 1212 3103 Amen.

232 3139 397 3202 Quod
429 3138 571 3209 ipse.

460 3260 627 3299 B.IN
670 3259 907 3299 NATALI
958 3260 1153 3299 UNIUS
1201 3257 1558 3297 MARTYRIS.

234 3334 393 3387 Beati
440 3334 705 3404 martyris
748 3334 839 3387 sui
883 3335 946 3388 N.
1000 3333 1407 3387 intercessione
1452 3349 1547 3386 vos
1584 3331 1860 3386 Dominus

159 3421 467 3475 benedicat
497 3427 551 3475 et
581 3422 650 3475 ab
685 3421 844 3475 omni
872 3421 1023 3474 malo
1057 3420 1337 3475 defendat.
1372 3424 1576 3474 Amen.

232 3510 514 3564 Extendat
556 3511 613 3564 in
654 3526 751 3564 vos
796 3511 1087 3564 dexteram
1135 3527 1251 3563 suae
1283 3508 1725 3580 propitiationis,
1762 3507 1861 3577 qui

158 3615 295 3652 eum
327 3599 576 3670 suscepit
609 3615 710 3669 per
737 3598 1018 3669 supplicia
1044 3598 1343 3668 passionis.
1374 3602 1574 3650 Amen.

229 3689 359 3751 Quo
392 3688 514 3757 ejus
560 3689 619 3741 in
664 3688 807 3741 cmlo
858 3685 1197 3741 mereamini
1234 3686 1445 3739 habere
1488 3683 1857 3746 consortium,

158 3776 327 3844 cujus
374 3776 592 3830 devotis
650 3776 939 3831 mentibus
996 3776 1056 3829 in
1109 3781 1265 3829 terra
1320 3772 1616 3828 celebratis
1665 3772 1863 3825 trium-

158 3864 369 3933 phum.
397 3868 601 3918 Amen.

229 3952 395 4014 Quod
427 3951 568 4022 ipse.

336 4074 501 4113 B.IN
552 4073 1256 4114 NATALIPLURIMORUM
1305 4073 1689 4113 MARTYRUM.

234 4147 548 4200 Beuedicat
579 4163 677 4200 vos
715 4146 990 4201 Dominus
1028 4147 1329 4200 beatorum
1369 4150 1685 4215 martyrum
1725 4161 1858 4198 suo-

161 4252 295 4289 rum
338 4236 645 4306 suffragiis,
687 4241 743 4291 et
782 4236 989 4290 liberet
1029 4237 1099 4290 ab
1144 4235 1575 4289 adversitatibus
1612 4234 1851 4289 cunctis.

160 4326 368 4377 Amen.

232 4412 613 4465 Commendet
660 4428 755 4466 vos
807 4411 1136 4465 intercessio
1188 4410 1455 4481 gloriosa,
1506 4424 1750 4480 quorum
1800 4407 1859 4460 in

158 4507 469 4570 conspectu
504 4502 626 4570 ejus
659 4508 741 4555 est
771 4518 924 4555 mors
957 4500 1222 4570 pretiosa.
1254 4502 1459 4552 Amen.

232 4590 307 4642 Ut
336 4589 483 4642 sicut
520 4590 603 4642 illi
642 4606 741 4659 per
782 4590 1002 4644 diversa
1043 4604 1253 4659 genera
1292 4590 1710 4641 tormentorum
1756 4600 1862 4637 cm—

160 4677 318 4730 lestis
358 4678 524 4747 regni
565 4684 697 4731 sunt
738 4678 926 4731 sortiti
970 4677 1385 4741 hazreditatem,
1417 4676 1496 4728 ita
1534 4690 1627 4727 vos
1662 4689 1860 4727 eorum

160 4766 509 4820 mereamini
567 4767 915 4820 consortium
972 4782 1074 4835 per
1128 4781 1370 4835 operum
1425 4762 1859 4817 exhibitiouem.

160 4860 369 4909 Amen.

232 4944 402 5008 Quod
430 4944 569 5014 ipse.

419 5066 579 5105 B.IN
628 5064 865 5105 NATALI
914 5064 1108 5104 UNIUS
1153 5062 1599 5103 CONFESSORIS.

233 5158 613 5227 Omnipotens
663 5157 812 5210 Deus
850 5157 945 5209 det
990 5154 1150 5209 vobis
1190 5154 1413 5225 copiam
1456 5168 1573 5205 sua:
1624 5152 1866 5207 benedi-

162 5245 392 5312 ctionis,
440 5246 539 5315 qui
578 5245 809 5298 beatum
856 5245 919 5298 N.
969 5243 1078 5296 sibi
1121 5243 1355 5296 adscivit
1398 5241 1607 5293 virtute
1645 5240 1863 5293 confes-

165 5334 363 5386 sionis.
401 5336 605 5386 Amen.

234 5421 307 5474 Et
348 5422 448 5492 qui
490 5422 656 5475 illum
702 5420 834 5474 fecit
876 5436 1174 5474 coruscare
1213 5418 1525 5486 miraculis,
1570 5434 1671 5473 vos
1702 5434 1866 5473 exor-

166 5514 265 5563 net
294 5509 578 5563 bonorum
616 5525 857 5579 operum
889 5508 1275 5562 incrementis.
1306 5510 1504 5562 Amen.

236 5598 363 5662 Quo
402 5598 525 5668 ejus
563 5598 839 5668 exemplis
880 5597 1085 5651 eruditi
1117 5603 1175 5651 et
1202 5597 1609 5651 intercessione
1643 5595 1865 5661 muniti,

1974 560 2183 613 cmlesti
2216 560 2445 629 regione
2478 561 2741 629 adjungi.
2772 564 2972 615 Amen.

2098 690 2261 727 B.lN
2314 690 2548 728 NATALI
2599 690 3020 730 PLURIMORUM
3064 693 3544 733 CUNFESSORUM.

2045 790 2377 843 Sanctorum
2440 788 2834 841 confessorum
2891 807 3122 843 suorum
3176 792 3239 845 N.
3301 793 3517 846 meritis
3566 811 3667 847 vos

1976 877 2253 931 Dominus
2301 877 2471 930 faciat
2518 877 2802 944 benedici,
2855 884 2911 931 et
2954 885 3153 932 contra
3195 882 3427 934 adversa
3472 884 3667 936 omnia

1972 981 2171 1019 eorum
2203 966 2611 1018 intercessione
2639 965 2873 1018 muniri.
2911 969 3113 1019 Amen.

2044 1054 2249 1106 Eorum
2284 1069 2381 1106 vos
2411 1053 2622 1105 efficiat
2667 1053 2938 1123 suffragio
2985 1053 3191 1119 felices,
3231 1071 3473 1124 quorum
3509 1056 3664 1110 festi-

1974 1140 2163 1194 vitatis
2194 1141 2343 1194 diem
2374 1140 2673 1195 celebratis
2708 1148 2962 1195 ovantes.
2998 1147 3196 1195 Amen.

2042 1229 2162 1292 Quo
2189 1245 2390 1281 eorum
2421 1229 2711 1281 imitantes
2764 1231 3039 1299 exempla,
3078 1230 3145 1283 ad
3182 1230 3433 1285 coelestia
3465 1246 3665 1301 perve-

1971 1317 2094 1370 nire
2123 1317 2356 1387 possitis
2387 1318 2682 1387 promissa.
2718 1320 2921 1371 Amen.

2042 1405 2199 1469 Quod
2230 1406 2373 1475 ipse.

2292 1535 2447 1573 B.IN
2499 1536 2732 1574 NATALI
2785 1536 2977 1575 UNIUS
3022 1536 3342 1575 VIRGINIS.

2042 1634 2347 1689 Beuedicat
2377 1635 2535 1688 vobis
2571 1635 2841 1688 Dominus
2875 1636 2971 1704 qui
3001 1635 3178 1688 beatus
3210 1635 3416 1705 virgini
3447 1636 3506 1689 N.
3536 1651 3669 1688 con-

1972 1724 2140 1777 cessit
2185 1730 2241 1776 et
2283 1724 2547 1776 decorem
2589 1723 2952 1792 virginitatis,
2995 1729 3050 1776 et
3088 1724 3329 1791 gloriam
3363 1724 3663 1792 passionis.

1971 1814 2178 1868 Amen.

2042 1903 2107 1955 Et
2137 1902 2298 1971 cujus
2328 1900 2704 1969 opitulatione
2736 1900 2832 1953 illa
2863 1901 3074 1953 meruit
3100 1905 3156 1953 et
3187 1916 3350 1953 sexus
3381 1900 3665 1969 fragilita-

1972 1995 2107 2056 tem,
2154 1997 2208 2043 et
2253 1989 2720 2060 persequentium
2772 1988 2988 2041 rabiem
3032 1988 3351 2053 deviucere,
3397 2004 3494 2041 vos
3534 2005 3668 2058 pos-

1973 2079 2095 2132 sitis
2151 2084 2206 2132 et
2263 2084 2581 2131 vestrorum
2623 2093 2927 2146 corporum
2969 2077 3285 2143 illecebras,
3336 2082 3391 2131 et
3444 2077 3667 2147 antiqui

1970 2166 2147 2219 hostis
2182 2167 2645 2220 machinamenta
2680 2181 2971 2233 superare.
3000 2169 3201 2218 Amen.

2041 2255 2163 2317 Quo
2192 2254 2335 2306 sicut
2365 2255 2459 2306 illa
2492 2270 2628 2306 sexu
2662 2253 2854 2321 fragili
2896 2253 3056 2306 virile
3088 2253 3209 2306 nisa
3253 2259 3337 2307 est
3376 2257 3664 2307 certamen

1971 2342 2147 2407 adire,
2182 2346 2238 2394 et
2280 2347 2407 2410 post
2444 2347 2729 2394 certamen
2776 2343 2845 2394 dc
2888 2342 3146 2394 hostibus
3181 2342 3557 2411 triumphare,
3589 2342 3667 2395 ita

1971 2446 2070 2483 vos
2109 2430 2168 2482 in
2203 2430 2306 2483 hac
2339 2430 2682 2482 mortalitate
2710 2430 2982 2494 viventes,
3014 2430 3245 2483 valeatis
3276 2436 3332 2483 ct
3361 2430 3665 2497 antiquum

1972 2519 2193 2571 hostem
2246 2518 2561 2581 deviucere,
2611 2523 2666 2570 et
2707 2518 2775 2569 ad
2822 2533 2999 2585 regna
3046 2518 3294 2571 ccelestia
3340 2519 3658 2587 pervenire.

1972 2610 2173 2661 Amen.

2043 2696 2205 2760 Quod
2237 2695 2378 2765 ipse.

2154 2825 2319 2863 B.lN
2368 2824 2603 2863 NATALI
2653 2822 3081 2863 PLURIMORUM
3128 2822 3480 2863 VIRGINUM.

2043 2923 2418 2993 Omnipotens
2454 2922 2752 2990 Dominus,
2794 2922 3276 2975 intercedentibus
3315 2922 3520 2975 sanctis
3552 2921 3664 2974 vir-

1973 3012 2203 3082 ginibus
2234 3012 2372 3079 suis,
2400 3028 2495 3064 vos
2527 3011 2795 3080 dignetur
2821 3011 3178 3075 benedicere,
3207 3011 3305 3081 qui
3336 3012 3403 3064 de
3432 3011 3666 3081 antiquo

1969 3102 2131 3155 hostc
2160 3116 2275 3153 non
2316 3101 2500 3152 solum
2543 3114 2649 3167 per
2682 3098 2863 3164 viros,
2904 3113 3102 3151 verum
3143 3098 3315 3151 etiam
3356 3113 3458 3167 per
3496 3098 3665 3152 femi-

1969 3205 2071 3242 nas
2100 3180 2273 3241 voluit
2306 3188 2684 3257 triumphare.
2720 3190 2923 3240 Amen.

2040 3279 2103 3330 Et
2135 3276 2234 3347 qui
2277 3276 2387 3329 illis
2427 3275 2605 3329 voluit
2641 3274 2937 3329 ceutesimi
2965 3274 3184 3328 fructus
3215 3274 3434 3329 donum
3465 3275 3665 3328 decore

1968 3366 2313 3435 virginitatis
2348 3370 2403 3418 et
2433 3380 2615 3434 agone
2646 3364 2905 3433 martyrii
2939 3363 3218 3430 conferre,
3259 3381 3357 3416 vos
3396 3364 3667 3433 dignetur

1969 3461 2027 3509 et
2055 3455 2329 3507 vitiorum
2360 3454 2724 3523 squaloribus
2750 3468 3088 3524 expurgare,
3125 3456 3181 3506 et
3210 3451 3487 3506 virtutum
3514 3452 3664 3505 lam-

1970 3544 2212 3615 padibus
2246 3559 2543 3596 exornare.
2579 3546 2782 3595 Amen.

2040 3632 2330 3695 Quatenus
2372 3632 2648 3684 virtutum
2694 3630 2842 3696 oleo,
2880 3629 2957 3682 ita
3005 3632 3301 3699 pectorum
3346 3633 3667 3681 vestrorum

1969 3720 2261 3789 lampades
2308 3720 2531 3789 possint
2562 3718 2793 3788 repleri,
2827 3722 2891 3770 ut
2921 3732 3052 3769 cum
3087 3716 3167 3769 eis
3198 3717 3442 3771 ccelestis
3469 3716 3665 3787 sponsi

1967 3807 2284 3860 thalamum
2322 3808 2551 3860 valeatis
2580 3807 2823 3879 ingredi.
2857 3810 3053 3861 Amen.

2039 3895 2199 3959 Quod
2236 3895 2374 3965 ipse.

2384 4023 2551 4062 B.DE
2596 4023 2834 4063 SANCTA
2884 4021 3260 4062 TRINITATE.

2042 4127 2211 4191 Deus,
2255 4142 2321 4178 ex
2361 4140 2474 4194 quo
2505 4129 2635 4177 sunt
2666 4124 2881 4190 omnia,
2913 4122 3154 4193 inspiret
3179 4121 3337 4175 vobis
3381 4119 3662 4175 desideria

1963 4212 2137 4283 justa.
2174 4217 2374 4266 Amen.

2047 4302 2216 4367 Deus,
2250 4318 2353 4371 per
2369 4317 2542 4371 quem
2582 4304 2717 4354 sunt
2746 4300 2961 4365 omnia,
2982 4298 3207 4369 ingredi
3238 4315 3331 4352 vos
3365 4298 3533 4351 faciat
3561 4313 3665 4367 per

1975 4406 2078 4444 sua
2107 4391 2393 4443 mandata.
2422 4392 2624 4443 Amen.

2042 4479 2207 4543 Deus,
2254 4477 2311 4529 in
2349 4492 2462 4546 quo
2508 4482 2642 4529 sunt
2681 4475 2894 4540 omnia,
2932 4472 3244 4527 sanctiﬁcet
3281 4489 3380 4527 vos
3420 4472 3665 4527 tuitione

1970 4583 2091 4619 sua.
2131 4570 2331 4619 Amen.

2041 4654 2200 4717 Quod
2230 4654 2351 4722 ipse
2398 4655 2666 4722 praestare
2710 4649 2999 4719 dignetur,
3034 4650 3153 4719 qui,
3188 4650 3374 4703 trinus
3405 4654 3461 4703 et
3492 4666 3662 4717 unus,

1970 4747 2173 4796 cuncta
2221 4741 2373 4794 bona
2423 4739 2671 4804 inchoat,
2715 4738 2935 4807 perlicit
2981 4743 3038 4791 et
3079 4742 3393 4800 conservat,
3428 4742 3485 4790 et
3532 4754 3669 4791 cou-

1972 4834 2191 4884 servata
2235 4830 2357 4882 sine
2399 4828 2512 4880 line
2562 4831 2891 4880 remunerat
2939 4825 2998 4878 in
3053 4828 3259 4880 saecula
3300 4826 3663 4879 saeculorum.

1972 4922 2171 4973 Amen.

2663 5033 2789 5086 Item
2820 5032 2954 5085 alia.

2049 5148 2347 5203 Beuedicat
2384 5164 2484 5200 vos
2527 5149 2672 5201 Deus
2703 5149 2886 5213 Pater,
2922 5161 2990 5198 ex
3022 5160 3136 5215 quo
3173 5142 3394 5209 omnia;
3441 5142 3670 5196 benedi-

1974 5244 2062 5293 cat
2090 5255 2185 5292 vos
2218 5239 2364 5291 Deus
2397 5235 2591 5301 Filius,
2619 5252 2722 5306 per
2753 5251 2924 5305 quem
2952 5232 3176 5298 omnia;
3202 5232 3499 5286 benedicat
3524 5232 3671 5284 Deus

1974 5328 2216 5398 Spiritus
2244 5330 2493 5391 sanctus,
2527 5325 2588 5377 in
2619 5340 2733 5394 quo
2764 5322 2977 5376 omnia.
3012 5323 3212 5373 Amen.

2050 5415 2351 5469 Beuedicat
2380 5430 2480 5467 vos
2520 5413 2703 5466 trinus
2748 5417 2805 5465 et
2845 5427 2992 5464 unus
3037 5411 3183 5464 Deus
3226 5408 3383 5461 omni
3430 5407 3673 5462 benedi-

1977 5504 2164 5558 ctione
2203 5502 2435 5567 cmlesti,
2480 5505 2817 5570 sanctosque
2856 5503 2911 5553 et
2953 5514 3129 5567 puros
3171 5497 3377 5551 efficiat
3411 5497 3470 5550 in
3502 5513 3671 5549 cons-

1976 5596 2148 5663 pectu
2179 5608 2301 5647 suo.
2334 5595 2373 5645 A
2387 5606 2536 5644 men.
