4078 6180
452 316 555 367 879
1600 313 1939 369 GRIMALDI
1980 314 2200 368 SANGA
2210 313 2491 369 LLENSIS
2528 313 2816 369 ABBATIS
3828 320 3919 371 880

524 444 1003 516 Superabundent
1040 444 1099 497 in
1144 460 1240 497 vos
1270 443 1481 497 divitiae
1513 444 1713 513 glorias
1748 445 1888 514 ejus,
1925 460 2139 514 vosque
2178 452 2221 504 Α
2252 445 2365 509 det,
2391 450 2448 498 et
2478 462 2595 499 suae
2624 445 3039 499 benedictionis
3070 445 3222 500 dono
3254 446 3580 517 locupletet.
3613 450 3807 501 Amen.

453 534 627 587 verbo
674 532 925 586 veritatis
978 532 1241 598 instruat,
1304 533 1603 601 Evangelio
1654 533 1853 585 salutis
1898 534 2141 597 erudiat,

455 623 831 691 omniumque
880 625 1203 673 sanctorum
1248 621 1521 674 charitate
1562 622 1891 691 locupletet.
1938 624 2141 674 Arnen.

526 711 688 774 Quod
718 710 859 779 ipse,
892 714 1022 777 etc.,
1059 710 1157 779 qui
1189 709 1385 763 trinus.

455 814 968 854 BENEDICTIONES
1039 813 1463 859 QUOTIDIANIS
1533 813 1759 852 DIEBUS
1826 812 2142 852 DICBNDE.

525 888 830 941 Benedicat
862 887 1017 941 vobis
1049 888 1346 953 Dominus,
1382 893 1438 941 et
1471 888 1755 940 custodiat
1786 904 1906 939 vos.
1938 890 2143 940 Amen.

525 976 819 1031 Illuminet
864 976 1068 1030 faciem
1109 992 1270 1029 suam
1319 992 1493 1046 super
1534 993 1653 1043 vos,
1702 982 1760 1031 et
1808 976 2149 1029 misereatur

452 1066 647 1119 vestri.
681 1067 883 1118 Amen.

524 1155 829 1209 Convertat
856 1152 1077 1206 vultum
1111 1168 1277 1206 suum
1309 1152 1376 1205 ad
1412 1169 1531 1219 vos,
1566 1157 1622 1206 et
1647 1153 1819 1207 donet
1852 1152 2009 1207 vobis
2040 1169 2148 1223 pa-

452 1258 596 1297 cem.
633 1244 835 1294 Amen.

526 1331 687 1395 Quod
727 1330 869 1401 ipse.

1214 1418 1365 1471 Alia.

525 1525 897 1595 Omnipotens
928 1526 1077 1577 Deus
1120 1540 1222 1576 sua
1253 1541 1350 1577 vos
1391 1523 1697 1578 clementia
1740 1524 2059 1593 benedicat,
2092 1530 2149 1580 et

454 1629 682 1666 sensum
713 1612 873 1665 vobis
905 1612 1199 1681 sapientia!
1230 1612 1496 1666 salutaris
1528 1613 1809 1667 infundat.
1833 1617 2038 1668 Amen.

526 1701 829 1754 Catholicae
888 1700 1019 1753 lidei
1075 1717 1170 1752 Vos
1228 1701 1586 1755 documentis
1647 1703 1915 1770 euutriat,
1974 1707 2029 1757 et
2088 1703 2146 1757 in

452 1790 657 1842 sanctis
688 1790 955 1858 operibus
986 1790 1431 1857 perseverabiles
1464 1791 1685 1844 reddat.
1714 1793 1915 1845 Amen.

521 1879 755 1932 Gressus
786 1883 1001 1930 vestros
1038 1878 1107 1931 ab
1143 1894 1336 1931 errore
1368 1885 1675 1946 convertat,
1713 1885 1769 1933 et
1814 1881 1963 1934 viam
1990 1880 2149 1934 vobis

450 1967 604 2036 pacis
637 1970 691 2019 et
721 1966 1011 2019 charitatis
1038 1968 1320 2021 ostendat.
1356 1972 1559 2022 Amen.

521 2054 683 2118 Quod
728 2055 869 2124 ipse.

1222 2144 1376 2197 Alia.

524 2250 763 2304 Inclinet
814 2249 1087 2304 Dominus
1133 2266 1331 2303 aurem
1368 2265 1531 2304 suam
1582 2250 1651 2304 ad
1696 2266 1893 2320 preces
1946 2254 2148 2305 vestrae

454 2339 815 2403 humilitatis,
846 2344 903 2393 et
940 2339 1037 2392 det
1082 2339 1240 2392 vobis
1280 2340 1523 2408 gratiam
1566 2355 1682 2392 suae
1713 2339 2146 2403 benedictionis,

454 2434 510 2482 et
540 2428 843 2497 praemium
868 2428 1235 2497 sempiternae
1268 2427 1486 2482 salutis.
1518 2431 1720 2483 Amen.

525 2516 762 2585 Semper
802 2521 857 2569 et
906 2515 1117 2585 ubique
1159 2516 1465 2568 Dominum
1512 2516 1831 2586 propitium
1871 2516 2146 2584 habeatis,

455 2608 513 2657 et
543 2604 599 2656 in
633 2605 755 2671 ejus
781 2603 1051 2655 laudibus
1072 2602 1386 2656 exsultetis.
1411 2605 1613 2657 Amen.

526 2691 800 2745 Omnium
840 2694 1203 2760 peccatorum
1242 2695 1562 2744 vestrorum
1604 2691 1832 2745 vincula
1860 2691 2061 2758 solvat,
2094 2696 2152 2747 et

455 2779 527 2833 ad
562 2778 807 2850 gloriam
838 2779 1245 2849 sempiternam
1272 2796 1367 2833 vos
1397 2780 1695 2851 pervenire
1724 2780 1907 2835 faciat.
1944 2784 2147 2836 Amen.

526 2868 688 2932 Quod
726 2867 870 2938 ipse.

1220 2956 1374 3009 Alia.

526 3061 900 3116 Devotionem
931 3066 1177 3115 vestram
1210 3061 1485 3115 Dominus
1524 3061 1831 3132 dignanter
1868 3061 2147 3131 intendat,

454 3156 510 3205 et
538 3168 655 3205 suas
686 3152 844 3205 vobis
889 3150 1301 3204 benedictionis
1341 3150 1559 3204 donum
1605 3151 1895 3205 concedat.
1943 3154 2144 3208 Amen.

524 3240 761 3310 Talique
806 3256 904 3293 vos
942 3239 999 3292 in
1047 3241 1317 3308 praesenti
1362 3240 1568 3292 saeculo
1606 3239 1861 3293 subsidio
1903 3241 2147 3308 muniat,

451 3332 518 3382 ut
547 3328 796 3398 paradisi
829 3344 926 3379 vos
966 3328 1024 3380 in
1066 3328 1257 3381 futuro
1299 3327 1647 3380 habitatores
1682 3328 1909 3381 efficiat.
1942 3332 2145 3384 Amen.

526 3417 730 3487 Sicque
782 3416 954 3469 corda
1009 3422 1197 3469 vestra
1246 3416 1653 3469 sanctiﬁcando
1713 3416 2034 3483 benedicat,
2093 3423 2149 3473 et

454 3503 843 3556 benedicendo
883 3503 1210 3569 sanctificet,
1254 3507 1317 3555 ut
1351 3502 1666 3569 vobiscum,
1703 3504 1818 3557 imo
1860 3504 1920 3558 in
1964 3506 2143 3574 vobis,

454 3607 584 3643 eum
612 3590 827 3660 jugiter
860 3591 1115 3644 habitare
1147 3590 1404 3645 delectet.
1433 3595 1633 3646 Amen.

526 3679 689 3742 Quod
723 3680 862 3749 ipse.

1218 3769 1376 3823 Αιία.

2327 532 2720 603 Concedatque
2758 534 2919 587 vobis
2959 540 3021 587 ut
3052 535 3151 605 qui
3190 536 3248 588 in
3287 536 3408 589 sola
3452 551 3551 605 spe
3578 536 3772 605 gratim
3818 551 3920 588 cm-

2254 619 2410 672 lestis
2457 620 2793 687 innitimini,
2853 622 3069 675 caslesti
3117 623 3289 677 etiam
3329 623 3686 693 protectione
3725 624 3920 675 munia-

2257 708 2418 762 mini.
2448 711 2651 762 Amen.

2327 796 2615 859 Quatenus
2649 802 2707 851 et
2735 798 2795 851 in
2829 800 3101 868 praesenti
3141 801 3346 853 saeculo
3385 800 3643 853 mortalis
3681 801 3805 852 vitae
3845 816 3921 852 so-

2257 885 2391 938 latia
2422 885 2673 955 capiatis,
2727 892 2783 941 et
2820 888 3173 957 sempiterna
3212 889 3423 959 gaudia
3462 888 3923 959 comprehendere

2257 974 2511 1027 valeatis.
2545 976 2752 1030 Amen.

2328 1062 2488 1126 Quod
2518 1062 2660 1133 ipse.

3028 1154 3181 1209 Alia.

2330 1240 2703 1311 Omnipotens
2743 1242 2891 1296 Deus
2936 1241 3181 1297 dexteras
3228 1259 3349 1297 suae
3387 1248 3661 1314 perpetuo
3703 1260 3802 1297 vos
3839 1243 3924 1295 cir-

2258 1330 2488 1383 cumdet
2534 1330 2768 1398 auxilio,
2824 1336 2880 1385 et
2925 1331 3393 1386 benedictionum
3441 1347 3669 1386 suarum
3730 1330 3923 1402 repleat

2257 1419 2429 1473 dono.
2464 1421 2664 1473 Amen.

2328 1507 2408 1562 Ab
2439 1508 2597 1562 omni
2629 1524 2726 1561 vos
2758 1508 3037 1578 pravitate
3088 1508 3374 1571 defendat,
3408 1514 3464 1564 et
3494 1509 3654 1563 donis
3694 1508 3923 1563 celesti-

2256 1595 2362 1649 bus
2393 1596 2704 1650 exuberare
2738 1597 3026 1651 concedat.
3070 1601 3271 1651 Amen.

2329 1684 2451 1749 Quo
2496 1702 2736 1756 corpore
2784 1686 3043 1739 mundati
3094 1703 3157 1740 ac
3205 1692 3417 1747 mente,
3470 1686 3639 1740 talem
3686 1686 3745 1739 ei
3785 1686 3921 1739 exhi-

2188 1747 2227 1801 Β
2258 1774 2438 1826 beatis
2472 1774 2822 1836 servitutem,
2858 1789 2962 1843 per
2998 1790 3169 1844 quam
3210 1790 3371 1828 suam
3410 1774 3678 1844 consequi
3710 1774 3921 1827 valeatis

2258 1862 2747 1931 propitiationem.
2793 1869 2994 1918 Amen.

2328 1950 2486 2013 Quod
2512 1950 2650 2020 ipse.

3023 2040 3175 2092 Alia.

2329 2128 2597 2181 Purificet
2626 2128 2990 2197 omnipotens
3024 2128 3170 2180 Deus
3200 2132 3518 2180 vestrorum
3562 2127 3814 2180 cordium
3842 2142 3923 2179 ar-

2256 2232 2415 2282 cana,
2449 2223 2504 2270 et
2528 2216 2941 2271 benedictionis
2990 2232 3106 2269 sua:
3139 2216 3294 2269 vobis
3329 2216 3543 2269 tribuat
3572 2216 3918 2269 incrementa.

2256 2308 2456 2360 Amen.
2808 2370 2811 2373 _

2326 2393 2410 2447 Ab
2444 2392 2709 2446 omnibus
2742 2393 2869 2447 vitm
2910 2394 3206 2463 praseutis
3246 2393 3517 2463 periculis
3546 2393 3847 2459 exuamini,
3875 2396 3922 2445 et

2257 2482 2533 2536 virtutum
2582 2482 2927 2553 spiritalium
2970 2483 3317 2535 ornamentis
3362 2483 3695 2536 induamini.
3735 2486 3916 2536 Amen.

2327 2572 2448 2635 Quo
2482 2570 2636 2624 illius
2662 2571 2942 2639 adjutorio
2973 2571 3121 2636 fulti,
3165 2571 3242 2625 sic
3278 2570 3327 2624 ei
3361 2572 3617 2625 servietis
3659 2572 3717 2625 in
3751 2570 3915 2629 terris,

2257 2665 2322 2714 ut
2353 2659 2405 2712 ei
2435 2658 2708 2729 conjungi
2739 2660 2971 2713 valeatis
3001 2660 3061 2713 in
3090 2660 3265 2714 caelis.
3298 2662 3500 2714 Amen.

2331 2748 2493 2812 Quod
2524 2748 2667 2818 ipse.

3025 2838 3174 2890 Alia.

2330 2923 2703 2995 Omnipotens
2749 2926 2896 2977 Deus
2934 2926 3195 2979 universa
3232 2944 3263 2978 a
3302 2926 3458 2979 vobis
3492 2926 3721 2980 adversa
3749 2924 3916 2978 exclu-

2189 3043 2229 3097 C
2259 3013 2374 3080 dat,
2409 3019 2463 3067 et
2493 3030 2610 3067 suae
2644 3029 2819 3083 super
2846 3030 2946 3067 vos
2976 3014 3391 3069 benedictionis
3420 3015 3569 3069 dona
3600 3014 3914 3085 propitiatus

2258 3101 2537 3155 infundat.
2577 3105 2779 3155 Amen.

2327 3190 2510 3244 Corda
2546 3193 2732 3242 vestra
2770 3188 2980 3243 efﬁciat
3018 3188 3191 3243 sacris
3229 3189 3449 3243 intenta
3490 3190 3773 3255 doctrinis,
3818 3202 3913 3259 quo

2256 3277 2477 3347 possint
2505 3277 2714 3347 repleri
2740 3277 3028 3331 beneﬁciis
3060 3277 3439 3346 sempiternis.
3476 3280 3675 3332 Amen.

2326 3365 2618 3429 Quatenus
2675 3365 3037 3435 exsequenda
3083 3364 3490 3435 intelligentes,
3550 3371 3607 3419 et
3658 3364 3912 3418 intellecta

2256 3460 2650 3523 exsequentes,
2706 3457 2761 3506 et
2818 3453 2970 3506 inter
3026 3453 3257 3506 adversa
3315 3454 3515 3507 mundi
3574 3450 3910 3507 inveniamini

2256 3542 2575 3606 indemnes,
2600 3546 2654 3594 et
2680 3541 2981 3595 beatorum
3007 3541 3314 3612 spirituum
3341 3541 3668 3595 efficiamini
3694 3540 3910 3593 cohaere-

2254 3630 2371 3684 des.
2406 3633 2606 3684 Amen.

2325 3718 2487 3783 Quod
2532 3718 2671 3789 ipse.

3023 3806 3179 3860 Alia.

2323 3891 2698 3961 Omnipotens
2745 3893 2891 3945 Deus
2937 3892 3057 3946 dies
3095 3898 3311 3947 vestros
3352 3893 3411 3946 in
3450 3909 3553 3947 sua
3584 3909 3714 3964 pace
3738 3892 3903 3961 dispo-

2254 3986 2372 4047 nat,
2401 3985 2457 4034 et
2482 3996 2599 4034 sum
2626 3979 2783 4033 vobis
2808 3980 3221 4035 benedictionis
3243 3982 3390 4035 dona
3418 3983 3704 4036 concedat.
3730 3984 3902 4035 Amen.

2322 4069 2407 4122 Ab
2439 4068 2705 4123 omnibus
2734 4085 2831 4122 vos
2870 4071 3399 4139 perturbationibus
3432 4073 3650 4133 liberet,
3683 4076 3735 4124 et
3760 4084 3901 4123 men-

2252 4162 2337 4211 tes
2384 4162 2597 4213 vestras
2644 4157 2705 4211 in
2754 4174 2871 4212 suae
2917 4158 3075 4228 pacis
3124 4160 3543 4232 tranquillitate
3600 4157 3900 4215 consolidat.

520 3862 623 3915 Det
666 3860 826 3915 vobis
869 3862 1142 3915 Dominus
1184 3878 1394 3917 munus
1437 3879 1555 3917 sum
1602 3864 2043 3937 benedictionis,
2088 3872 2146 3921 et

455 3951 669 4020 repleat
694 3966 786 4003 vos
816 3950 1027 4020 Spiritu
1060 3950 1314 4004 veritatis
1341 3955 1396 4004 et
1422 3952 1596 4022 pacis.
1628 3956 1833 4009 Amen.

521 4038 813 4101 Quatenus
844 4040 921 4091 sic
962 4055 1064 4107 per
1106 4039 1254 4092 viam
1302 4040 1499 4093 salutis
1541 4042 1743 4096 devota
1787 4049 1980 4097 mente
2010 4059 2145 4097 cur-

449 4128 589 4179 ratis
620 4133 685 4179 ut
721 4127 1164 4194 subripit-utinm
1204 4128 1543 4182 delictorum
1574 4130 1809 4201 laqueos
1839 4132 2146 4187 salubriter

451 4214 720 4266 evadatis.
749 4217 947 4266 Amen.

521 4302 726 4372 Sicque
771 4302 1103 4355 efﬁciamini
1141 4302 1201 4356 in
1243 4303 1365 4373 ejus
1399 4304 1812 4375 supplicatione
1842 4308 2055 4378 devoti,
2087 4313 2145 4364 et

451 4390 510 4444 in
556 4396 753 4443 mutua
796 4391 1097 4444 dilectione
1136 4392 1365 4457 sinceri,
1406 4399 1471 4448 ut
1521 4395 1592 4448 ad
1626 4396 1853 4451 caeleste
1899 4413 2142 4469 regnum

450 4479 750 4549 pervenire
790 4480 1018 4549 possitis
1051 4481 1255 4535 securi.
1288 4484 1496 4538 Amen.

523 4568 679 4631 Quod
712 4568 854 4638 ipse.

1214 4658 1366 4713 Alia.

521 4752 805 4807 Concedat
846 4753 1005 4807 vobis
1049 4755 1192 4808 Deus
1232 4756 1600 4827 omnipotens
1647 4775 1856 4813 munus
1889 4777 2005 4814 sua:
2043 4760 2140 4815 be-

449 4841 809 4910 nedictionis,
878 4843 978 4913 qui
1035 4848 1237 4897 vestrm
1309 4851 1393 4899 est
1449 4848 1709 4900 conscius
1767 4849 2137 4903 inﬁrmitatis.

448 4933 650 4985 Amen.

523 5020 588 5072 Et
617 5019 716 5089 qui
760 5019 918 5073 vobis
958 5020 1315 5090 supplicandi
1348 5022 1547 5076 tribuit
1594 5024 1878 5093 affectum,
1926 5026 2142 5081 tribuat

448 5108 852 5162 consolationis
882 5109 1176 5163 auxilium.
1210 5111 1414 5164 Amen.

522 5198 589 5250 Ut
626 5201 696 5251 ab
742 5213 808 5250 eo
845 5202 901 5250 et
925 5197 1222 5266 praesentis
1261 5203 1317 5251 et
1356 5198 1562 5252 futurae
1605 5201 1731 5254 vitae
1764 5201 2016 5256 subsidia
2046 5219 2139 5256 ca-

446 5284 640 5355 piatis,
700 5285 861 5355 cujus
919 5304 1013 5340 vos
1088 5287 1345 5341 bonitate
1419 5292 1633 5341 creatos
1695 5306 1817 5344 esse
1885 5291 2135 5346 creditis.

446 5376 651 5429 Amen.

1216 5466 1368 5521 Alia.

518 5568 893 5640 Omnipotens
928 5572 1073 5625 Deus
1102 5572 1312 5626 caelesti
1363 5588 1462 5625 vos
1501 5572 1851 5642 prolectione
1890 5575 2134 5629 circum-

2252 4248 2455 4301 Amen.

2183 4336 2228 4391 D
2323 4336 2615 4400 Quatenus
2646 4335 2787 4405 spei,
2821 4334 2955 4389 ﬁdei
2982 4340 3039 4390 et
3068 4336 3359 4391 charitatis
3398 4340 3643 4409 gemmis
3672 4335 3834 4391 ornati
3856 4337 3901 4385 et

2252 4428 2595 4495 praesentem
2644 4424 2819 4479 vitam
2870 4425 3198 4493 transigatis
3243 4425 3428 4494 illaesi,
3462 4432 3518 4481 et
3567 4428 3637 4483 ad
3667 4433 3894 4481 aeternam

2254 4512 2602 4584 perveniatis
2632 4512 2834 4567 securi.
2868 4515 3068 4569 Amen.

2323 4603 2483 4666 Quod
2512 4602 2653 4672 ipse.

2873 4705 2927 4744 B.
2965 4705 3031 4744 IN
3067 4704 3337 4745 SYNODO.

2323 4777 2596 4831 Dominus
2636 4777 2836 4830 messis
2878 4782 2933 4831 et
2969 4778 3283 4847 corporalis
3320 4782 3378 4832 et
3406 4778 3679 4849 spiritalis
3712 4779 3796 4833 det
3820 4790 3888 4828 vo-

2249 4868 2338 4922 bis
2365 4868 2716 4922 incrementa
2745 4868 2942 4937 gratias
2976 4867 3357 4921 sacerdotalis.
3404 4872 3618 4925 Amen.

2322 4958 2390 5011 Ut
2438 4972 2614 5010 manu
2666 4960 2723 5010 et
2768 4956 2966 5027 lingua
3010 4972 3293 5026 pauperes
3338 4957 3548 5011 Christi
3599 4959 3886 5015 reci-canus,

2250 5062 2379 5099 cum
2412 5044 2533 5098 istis
2565 5043 2715 5098 ﬁatis
2746 5049 2992 5098 ovantes.
3026 5048 3226 5098 Amen.

2322 5136 2385 5187 Et
2427 5133 2497 5187 ad
2547 5133 2839 5187 dexteram
2884 5133 3179 5188 constituti
3217 5132 3583 5205 participium
3611 5127 3891 5204 percipiatis

2250 5223 2384 5294 agni
2418 5222 2538 5277 Dei.
2571 5225 2776 5277 Amen.

2321 5312 2479 5376 Quod
2539 5314 2658 5381 ejus
2712 5311 3043 5381 dignatione
3098 5311 3222 5365 ﬁeri
3259 5312 3635 5382 postulemus,
3670 5312 3891 5383 quiqle

2250 5405 2379 5454 ante
2425 5401 2693 5453 saeculum
2744 5400 3025 5469 prazscivit
3070 5406 3127 5454 et
3176 5400 3649 5471 praasdestinavit,
3694 5405 3746 5452 et
3790 5398 3890 5450 ante

2248 5487 2421 5541 ﬁnem
2468 5488 2661 5541 saeculi
2708 5489 2929 5542 vocavit
2978 5494 3035 5543 et
3072 5489 3426 5557 justiﬁcavit,
3475 5490 3536 5543 in
3580 5489 3689 5543 line
3732 5479 3889 5540 saacnli

2246 5576 2606 5647 gloriﬁcabit.
2641 5579 2844 5631 Amen.

4020 4326 4021 4393 ι

4010 4898 4013 4993 l
