4078 6180
203 262 297 311 881

968 391 1123 443 Alia.

274 478 485 531 Cautos
514 494 610 531 vos
644 477 917 531 Dominus
958 477 1127 531 faciat
1167 482 1359 531 contra
1413 484 1660 548 peccata,
1718 495 1750 531 a
1801 495 1898 532 vo-

204 566 292 621 bis
318 567 406 620 vel
440 584 470 619 a
491 568 763 620 fratribus
792 567 992 620 vestris
1031 566 1297 620 admissa.
1328 571 1529 620 Amen.

275 656 344 709 Ut
374 655 474 709 illa
504 672 618 709 non
646 655 969 725 negligatis,
997 655 1092 708 sed
1139 656 1393 709 studiose
1426 672 1625 710 curare
1665 657 1895 711 curetis.

202 747 405 797 Amen.

272 832 567 895 Quatenus
624 831 693 885 de
723 831 880 885 lucro
942 830 1190 885 fraterno
1231 831 1525 887 exsultetis
1572 848 1701 885 cum
1734 834 1898 886 Patre

202 920 576 990 sempiterno.
620 922 820 973 Amen.

268 1008 432 1072 Quod
485 1009 607 1078 ipse
653 1013 923 1078 praestare
974 1008 1266 1078 dignetur,
1330 1010 1493 1078 cujus
1552 1025 1799 1079 regnum
1842 1015 1899 1064 et

200 1096 513 1167 imperium
546 1098 667 1151 sine
696 1096 810 1150 fine
842 1103 1162 1166 permanet.

901 1186 1030 1238 Item
1062 1185 1193 1237 alia.

273 1272 384 1336 Qui
423 1272 708 1341 dispersos
757 1273 927 1325 Israel
991 1276 1324 1342 congregat,
1390 1272 1512 1343 ipse
1558 1289 1655 1327 vos
1713 1272 1806 1326 hic
1842 1278 1900 1327 et

204 1360 421 1431 ubique
444 1361 743 1414 custodiat.
772 1364 973 1414 Amen.

274 1450 338 1503 Et
365 1466 482 1502 non
513 1450 701 1503 solum
736 1466 831 1502 vos
863 1448 1165 1511 custodiat,
1200 1449 1297 1503 sed
1350 1454 1406 1502 et
1436 1449 1626 1503 ovium
1660 1466 1895 1504 suarum

200 1535 440 1590 idoneos
474 1538 735 1591 custodes
760 1538 987 1590 efficiat.
1023 1539 1228 1590 Amen.

277 1627 346 1679 Ut
377 1642 506 1678 cum
555 1642 779 1679 summo
824 1631 1053 1695 pastore
1085 1625 1313 1679 Christo
1370 1624 1440 1679 de
1468 1641 1713 1696 gregum
1761 1642 1890 1680 suo-

199 1730 331 1767 rum
364 1714 623 1783 pastione
656 1714 952 1783 gaudeatis
975 1714 1035 1767 in
1064 1714 1227 1768 coelo.
1261 1717 1463 1768 Amen.

272 1803 452 1867 Quod’
472 1805 611 1872 ipse,
648 1807 777 1867 etc.,
808 1802 907 1873 qui
940 1818 1068 1855 cum
1098 1804 1282 1857 Patre.

456 1906 511 1944 B.
556 1905 755 1945 SUPER
806 1906 1015 1944 REGEM
1063 1905 1351 1944 TBMPORE
1395 1904 1657 1944 SYNODI.

273 1980 581 2034 Benedicat
611 1979 714 2032 tibi
768 1980 1045 2033 Dominus
1089 1979 1489 2049 custodiatque
1530 1983 1606 2045 te,
1638 1983 1697 2032 et
1754 1978 1899 2032 sicut

200 2072 255 2120 te
288 2068 471 2121 voluit
502 2083 675 2137 super
700 2069 983 2137 populum
1016 2084 1183 2121 suum
1205 2067 1549 2120 constituere
1580 2083 1795 2136 regem,
1821 2066 1900 2121 ita

200 2160 257 2208 et
287 2156 348 2208 in
389 2156 658 2226 praesenti
690 2157 897 2209 saeculo
951 2157 1197 2224 felicem,
1233 2162 1289 2209 et
1321 2162 1551 2210 aeternae
1610 2156 1897 2209 felicitatis

198 2245 420 2297 tribuat
450 2261 571 2298 esse
599 2251 944 2299 consortem.
978 2249 1179 2299 Amen.

270 2334 497 2387 Clerum
533 2350 596 2386 ac
624 2335 903 2403 populum
960 2351 1131 2405 quem
1166 2350 1267 2386 sua
1299 2333 1476 2387 voluit
1507 2332 1895 2403 opitulatione

198 2426 299 2475 tua
331 2423 624 2475 sanctione
655 2424 1016 2493 congregari,
1066 2440 1167 2477 sua
1197 2423 1649 2492 dispensatione,
1708 2427 1764 2474 et
1796 2428 1896 2475 tua

198 2511 699 2565 administratione
739 2529 843 2582 per
872 2513 1147 2566 diuturna
1184 2517 1447 2583 tempora
1497 2511 1668 2566 faciat
1709 2510 1893 2565 felici-

198 2606 285 2653 ter
319 2601 647 2669 gubernari.
691 2604 897 2655 Amen.

271 2690 564 2752 Quatenus
624 2690 831 2742 divinis
865 2690 1095 2743 monitis
1118 2695 1402 2759 parentes,
1456 2688 1893 2743 adversitatibus

198 2777 472 2829 omnibus
520 2783 794 2838 carentes.
827 2777 993 2831 bonis
1032 2778 1304 2831 omnibus
1346 2777 1746 2839 exuberantes,
1789 2782 1889 2828 tuo

196 2865 523 2919 ministerio
571 2866 701 2919 fidei
750 2882 943 2919 amore
974 2866 1374 2936 obsequentes,
1431 2871 1487 2919 et
1532 2866 1592 2917 in
1620 2864 1890 2934 praesenti

194 2955 405 3007 saeculo
450 2954 606 3023 pacis
638 2956 1052 3025 tranquillitate
1085 2956 1372 3014 fruantur,
1407 2959 1461 3007 et
1492 2960 1680 3008 tecum
1721 2959 1885 3007 aster-

192 3059 405 3097 norum
433 3043 642 3097 civium
663 3044 948 3097 consortio
980 3043 1161 3114 potiri
1200 3048 1550 3097 mereantur.
1580 3047 1782 3096 Amen.

268 3130 432 3195 Quod
463 3131 604 3202 ipse.

976 3221 1125 3274 Alia.

267 3308 646 3379 Omnipotens
708 3310 856 3362 Deus
909 3308 1009 3378 qui
1071 3313 1122 3361 te
1179 3306 1383 3377 pOpuli
1414 3304 1503 3358 sui
1555 3306 1739 3359 voluit
1769 3322 1893 3361 esse

192 3402 498 3462 rectorem,
547 3397 668 3466 ipse
716 3401 769 3450 te
800 3396 1013 3450 caelesti
1059 3394 1467 3449 benedictione
1511 3394 1887 3462 sanctiﬁcans,

196 3485 404 3537 aeterni
438 3486 602 3554 regni
633 3485 802 3537 faciat
830 3501 951 3538 esse
984 3490 1326 3537 consortem.
1358 3487 1557 3537 Amen.

269 3573 668 3643 Concedatque
714 3573 819 3627 tibi
865 3578 1064 3626 contra
1120 3588 1319 3625 omnes
1373 3572 1508 3625 ﬁdei
1563 3571 1893 3626 Christianae

193 3660 395 3714 hostes
426 3660 679 3713 visibiles
728 3667 899 3732 atque
960 3660 1274 3714 invisibiles
1333 3660 1631 3713 victoriam
1689 3660 1893 3712 trium-

193 3749 451 3819 phalem,
510 3754 566 3801 et
621 3749 773 3819 pacis
823 3755 877 3802 et
934 3749 1145 3819 quietis
1177 3748 1572 3801 ecclesiastica:
1628 3747 1891 3801 felicissi-

193 3853 361 3891 mum
386 3842 439 3889 te
467 3837 593 3890 ﬁeri
624 3838 791 3906 longe
817 3838 1042 3907 lateque
1076 3838 1462 3891 fundatorem.
1497 3840 1699 3889 Amen.

267 3926 563 3989 Quatenus
602 3930 655 3979 te
714 3925 1102 3995 gubernacula
1159 3925 1323 3995 regni
1364 3930 1611 3988 tenente,
1650 3925 1895 3994 populus

196 4013 300 4067 tibi
320 4013 632 4082 subjectus,
658 4014 993 4068 Christianae
1027 4014 1325 4083 religionis
1375 4013 1507 4082 jura
1545 4013 1891 4079 custodiens,

190 4102 458 4171 undique
494 4106 669 4167 tutus,
700 4118 836 4171 pace
868 4103 1180 4173 tranquilla
1212 4102 1558 4172 perfruatur,
1593 4107 1649 4155 et
1674 4106 1728 4154 te
1759 4118 1892 4154 con-

191 4190 327 4243 cilio
377 4206 581 4259 regum
638 4190 940 4244 beatorum
988 4192 1285 4255 collocato,
1336 4194 1551 4243 aeterna
1617 4190 1893 4243 felicitate

191 4278 421 4333 ibidem
444 4284 633 4332 tecum
661 4279 874 4349 pariter
902 4280 1156 4349 gaudere
1185 4282 1490 4332 mereatur.
1524 4281 1725 4332 Amen.

268 4366 431 4430 Quod
463 4366 606 4437 ipse.

535 4470 588 4509 Β.
637 4470 701 4508 1N
747 4469 1197 4509 0RDINATIONE
1244 4469 1559 4509 EPISCOPI.

270 4541 645 4613 Omnipotens
688 4544 855 4611 Deus,
906 4544 1007 4614 qui
1058 4543 1118 4596 in
1168 4544 1382 4614 populo
1422 4559 1525 4596 suo
1576 4542 1897 4595 ministerio

193 4631 383 4685 utitur
413 4632 798 4696 sacerdotum,
831 4634 1086 4687 conferat
1116 4632 1275 4686 vobis
1306 4648 1424 4686 suae
1472 4630 1898 4703 propitiationis

194 4724 255 4773 et
288 4719 710 4773 benedictionis
741 4721 977 4775 donum.
1012 4725 1216 4775 Amen.

272 4808 499 4876 Quique
534 4823 625 4861 me
656 4808 983 4878 indignum,
1026 4809 1197 4861 nullis
1244 4806 1615 4861 existentibus
1655 4804 1895 4871 meritis,

194 4894 299 4949 sed
352 4894 604 4965 gratuita
661 4912 762 4949 sua
841 4896 1057 4966 pietate
1114 4896 1248 4950 huic
1309 4896 1568 4949 Ecclesiae
1654 4910 1899 4965 praeesse

195 4984 401 5045 voluit,
465 4984 750 5054 suffragiis
800 4990 1129 5039 sanctorum
1170 5000 1408 5039 suorum
1460 5000 1551 5037 me
1596 4983 1663 5036 ab
1713 4981 1897 5035 omni-

196 5073 308 5126 bus
350 5073 594 5126 vinculis
641 5079 1006 5144 peccatorum
1056 5074 1337 5140 absolvat,
1409 5072 1733 5141 sanctisque
1782 5070 1899 5123 suis

200 5161 487 5215 altaribus
527 5167 826 5216 strenuum
881 5163 1238 5232 dignumque
1279 5160 1606 5214 ministrum
1665 5159 1894 5213 efficiat.

196 5254 407 5303 Amen.

273 5338 569 5401 Quatenus
595 5355 697 5408 per
725 5339 993 5409 exempla
1023 5342 1353 5391 sanctorum
1384 5336 1765 5402 sacerdotum,
1796 5335 1895 5406 qui

199 5427 264 5480 in
295 5428 403 5480 hac
428 5427 563 5480 sede
594 5433 650 5481 et
697 5428 758 5480 in
791 5428 899 5481 hoc
939 5425 1257 5480 ministerio
1294 5425 1347 5479 ei
1389 5426 1729 5496 placuerunt
1769 5441 1893 5495 gra-

204 5514 454 5583 dientes,
480 5530 829 5587 gregemque
858 5514 1228 5570 commissum
1258 5514 1571 5569 secundum
1602 5528 1765 5567 suam
1795 5529 1897 5567 vo-

1040 260 1242 315 LIBER
1280 260 1922 316 SACRAMENTORUM.
1946 291 2014 298 —
2050 262 2600 319 BENEDICTIONES
2641 267 2855 321 EPISC.

3596 275 3700 326 88‘2

1929 398 1973 445 Α
2004 392 2305 457 luntatem,
2338 408 2403 445 eo
2426 392 2764 463 opitulante,
2818 402 3103 465 regentes,
3139 398 3208 452 ab
3251 399 3511 452 omnium
3572 418 3696 470 pas-

2009 481 2199 530 torum
2224 483 2452 546 pastorc
2492 480 2713 534 Christo
2753 481 2991 535 Domino
3022 484 3262 551 praemia
3300 484 3508 537 sanctis
3569 502 3697 555 pro-

2009 567 2182 619 missa
2240 582 2352 619 una
2413 584 2543 620 cum
2602 569 2841 622 subditis
2886 571 3200 641 percipere,
3263 572 3323 625 in
3382 573 3694 627 electorum

2007 671 2251 709 numero
2278 672 2605 709 mereamur
2634 658 2889 728 adjungi.
2922 663 3123 713 Amen.

2080 744 2244 809 Quod
2274 745 2396 814 ejus
2414 745 2745 814 dignatione
2772 748 2894 799 fieri
2927 751 3303 817 postulemus.

2276 866 2329 905 B.
2378 866 2440 905 1N
2487 867 2980 908 ANNIVERSAHIO
3027 870 3417 912 PONTIFICIS.

2081 955 2226 1007 Deus
2245 955 2582 1025 quipopulis
2602 958 2719 1010 suis
2741 958 3095 1028 indulgendo
3117 963 3381 1027 consulit,
3415 968 3469 1016 et
3498 980 3698 1019 amore

2006 1042 2356 1109 dominatur,
2408 1044 2505 1097 det
2554 1045 2821 1113 spiritum
2879 1048 3174 1117 sapientiae
3218 1050 3424 1118 quibus
3455 1053 3693 1107 tradidit

2005 1130 2263 1200 regimen
2296 1131 2630 1201 disciplinae,
2675 1139 2735 1186 ut
2757 1134 2825 1186 de
2859 1135 3114 1203 profectu
3145 1142 3467 1192 sanctarum
3499 1141 3690 1195 ovium

2004 1218 2144 1271 fiant
2172 1219 2380 1288 gaudia
2420 1226 2637 1274 aeterna
2671 1228 2986 1291 pastorum.
3022 1227 3228 1278 Amen.

2078 1308 2142 1361 Et
2172 1307 2270 1378 qui
2301 1309 2525 1363 dierum
2555 1316 2880 1364 nostrorum
2910 1329 3217 1367 numerum
3253 1319 3695 1386 temporumque

2006 1411 2301 1449 mensuras
2347 1398 2659 1466 majestatis
2700 1416 2817 1453 suze
2867 1406 3147 1469 potestate
3197 1402 3508 1472 dispensat,
3559 1420 3699 1473 pro-

2004 1484 2181 1553 pitius
2220 1486 2289 1537 ad
2320 1486 2661 1540 humilitatis
2691 1494 2899 1542 nostra:
2933 1491 3200 1558 respiciat
3253 1492 3608 1559 servitutem,
3646 1498 3702 1548 et

2004 1573 2160 1641 pacis
2186 1590 2303 1627 suae
2335 1575 2745 1629 abundantiam
2800 1578 3156 1648 temporibus
3212 1579 3418 1633 nostris
3447 1586 3697 1649 praeten-

1935 1691 1975 1744 Β
2007 1661 2103 1715 dat
2133 1667 2187 1715 et
2216 1669 2532 1717 conservet.
2568 1668 2766 1719 Amen.

2078 1752 2306 1805 Collatis
2329 1769 2558 1824 quoque
2589 1754 2647 1807 in
2681 1771 2771 1808 me
2802 1771 2902 1824 per
2935 1754 3180 1825 gratiam
3215 1772 3375 1809 suam
3411 1755 3689 1825 propitie-

2005 1845 2100 1894 tur
2156 1842 2515 1912 muneribus,
2556 1849 2611 1897 et
2650 1860 2819 1915 quem
2881 1844 3013 1897 fecit
3044 1846 3221 1914 gradu
3264 1844 3575 1915 episcopali
3608 1860 3697 1897 su-

2007 1928 2268 1995 blimem,
2302 1929 2474 1984 faciat
2505 1947 2747 2000 operum
2779 1931 3127 2001 perfectione
3178 1932 3285 1985 sibi
3333 1932 3694 2002 placabilem,

2005 2021 2177 2088 atque
2199 2018 2259 2071 in
2291 2019 2455 2073 illum
2496 2020 2764 2073 affectum
2798 2021 3007 2089 dirigat
3039 2037 3138 2074 cor
3180 2020 3363 2089 plebis
3394 2026 3449 2073 et
3477 2036 3693 2089 praesu-

2006 2105 2094 2172 lis,
2148 2112 2211 2159 ut
2256 2124 2360 2160 nec
2392 2109 2609 2177 pastori
2639 2108 2972 2161 obedientia
3004 2109 3217 2179 gregis,
3252 2124 3355 2162 nec
3387 2108 3549 2178 gregi
3580 2125 3691 2161 un-

2006 2211 2179 2265 quam
2212 2196 2360 2250 desit
2388 2212 2523 2250 cura
2549 2197 2808 2265 pastoris.
2845 2201 3049 2251 Amen.

2077 2284 2238 2348 Quod
2261 2302 2485 2339 summa
2515 2286 2757 2339 Trinitas
2800 2291 3073 2356 priestare
3103 2286 3390 2352 dignetur.

2429 2406 2484 2446 Β.
2532 2406 2650 2446 PRO
2697 2407 2843 2447 ITER
2892 2407 3266 2446 AGENTIBUS.

2076 2495 2294 2565 Dirigat
2318 2496 2423 2550 iter
2465 2502 2721 2551 vestrum
2754 2498 3033 2551 Dominus
3087 2498 3148 2551 in
3178 2495 3535 2567 beneplacito
3568 2512 3689 2562 suo,

2001 2584 2275 2654 vobisque
2304 2584 2765 2655 inseparabiliter
2816 2586 3261 2656 benignissimus
3290 2590 3479 2639 custos
3514 2583 3692 2637 inhae-

2001 2675 2143 2723 reat.
2178 2674 2379 2725 Amen.

2076 2759 2288 2811 Ducem
2335 2758 2496 2813 vobis
2535 2759 2944 2829 archangelum
3002 2760 3351 2829 Raphaelem
3399 2758 3687 2823 adhibeat,

2001 2851 2059 2900 et
2086 2863 2316 2901 omnem
2349 2864 2381 2900 a
2418 2848 2579 2901 vobis
2611 2848 3138 2901 incommoditatem
3174 2854 3345 2918 atque
3378 2846 3693 2900 contrarie-

1995 2938 2172 2989 tatem
2204 2934 2545 3004 propitiatus
2576 2941 2853 2989 amoveat.
2898 2938 3101 2991 Amen.

2076 3022 2503 3077 Desideriorum
2546 3028 2865 3077 vestrorum
2916 3024 3010 3093 pia
3060 3027 3188 3076 vota
3226 3023 3537 3076 clementer
3579 3020 3696 3075 im-

2002 3111 2172 3181 pleat,
2216 3116 2278 3164 ut
2306 3118 2361 3165 et
2388 3111 2480 3165 hic
2522 3111 2671 3164 bona
2721 3112 3018 3181 consequi,
3054 3118 3109 3164 et
3136 3112 3207 3165 ad
3255 3114 3529 3165 aeternam
3560 3111 3695 3164 bea-

2000 3198 2305 3254 titudinem
2334 3199 2630 3269 pervenire
2659 3199 2900 3253 feliciter
2931 3199 3288 3253 mereamini.
3321 3201 3523 3253 Amen.

2073 3288 2235 3352 Quod
2267 3288 2410 3358 ipse.

2353 3426 2407 3465 B.
2438 3425 2499 3465 IN
2542 3426 2976 3465 DEDICATIONE
3006 3425 3347 3466 ECCLBSIE.

2074 3516 2448 3588 Omnipotens
2480 3518 2627 3571 Deus
2668 3518 2765 3587 qui
2798 3534 2895 3570 vos
2922 3517 3203 3571 hodierna
3231 3518 3321 3573 die
3356 3516 3426 3571 ad
3458 3515 3692 3570 dedica-

2000 3605 2219 3659 tionem
2249 3605 2412 3659 istius
2451 3606 2595 3659 aulae
2644 3606 2912 3674 dignatus
2971 3610 3056 3659 est
3102 3605 3373 3672 adunare,
3426 3604 3547 3673 ipse
3595 3618 3697 3656 vos

2004 3692 2216 3745 cmlesti
2248 3693 2647 3747 benedictione
2683 3693 2955 3764 dignetur
2982 3693 3373 3763 loculpletare.
3416 3696 3623 3747 Amen.

2074 3780 2231 3842 Quod
2263 3780 2406 3850 ipse.

2076 3868 2473 3936 Concedatque
2497 3868 2656 3921 vobis
2698 3867 2821 3923 ﬁeri
2850 3869 3132 3938 templum
3166 3883 3334 3921 suum
3380 3874 3437 3919 et
3474 3866 3699 3921 habita-

2003 3956 2195 4008 culum
2244 3957 2488 4026 Spiritus
2541 3956 2740 4021 sancti,
2778 3957 2876 4026 qui
2926 3957 3224 4027 proprium
3277 3955 3481 4009 Filium
3528 3971 3695 4009 suum

2005 4044 2313 4097 Dominum
2358 4050 2612 4097 nostrum
2642 4046 2835 4099 Jesum
2870 4045 3159 4100 Christum
3199 4061 3303 4115 pro
3335 4043 3492 4097 vobis
3525 4043 3699 4113 elegit

2004 4131 2312 4185 immolari.
2339 4138 2541 4187 Amen.

2075 4220 2369 4284 Quatenus
2398 4227 2587 4275 mente
2615 4224 2672 4275 et
2699 4238 2934 4292 corpore
2966 4221 3270 4292 puriﬁcati,
3303 4221 3692 4275 habitatorem

2009 4309 2189 4361 Deum
2236 4309 2294 4362 in
2340 4310 2757 4381 vobismetipsis
2811 4326 3039 4381 semper
3088 4310 3297 4364 habere
3340 4309 3595 4379 possitis,
3644 4312 3700 4362 et

2006 4401 2235 4451 aaternaa
2274 4398 2642 4453 beatitudinis
2674 4399 3071 4453 hereditatem
3103 4415 3233 4453 cum
3267 4398 3475 4453 sanctis
3503 4401 3559 4452 et
3590 4399 3698 4451 ele-

2005 4484 2111 4539 ctis
2141 4486 2430 4554 possidere
2458 4488 2709 4541 valeatis.
2743 4491 2946 4542 Amen.

2079 4574 2240 4637 Quod
2270 4575 2413 4645 ipse.

2173 4713 2227 4751 Β.
2275 4713 2338 4752 IN
2397 4712 2825 4753 DEDICATIONE
2872 4713 3161 4753 VIOLATE
3204 4713 3543 4754 ECCLESIE.

2078 4805 2383 4859 Benedicat
2413 4810 2470 4858 et
2524 4805 2807 4859 custodiat
2850 4822 2948 4859 vos
2973 4806 3338 4876 omnipotens
3402 4805 3697 4872 Dominus,

2010 4894 2364 4964 domumque
2393 4893 2541 4947 hanc
2570 4893 2656 4947 sui
2688 4893 2867 4948 sancti
2902 4894 3155 4947 muneris
3202 4894 3506 4964 praasentia
3537 4894 3695 4947 illus-

2008 4989 2140 5048 tret,
2176 4988 2346 5052 atque
2380 4998 2497 5036 sum
2530 4982 2758 5051 pietatis
2786 4984 2982 5037 oculos
3012 4998 3184 5052 super
3233 4998 3357 5035 eam
3382 4982 3472 5034 die
3505 4999 3567 5034 ac
3601 4999 3700 5035 no-

2007 5076 2093 5125 cte
2120 5070 2389 5140 dignetur
2414 5070 2657 5139 aperire.
2690 5074 2892 5124 Amen.

2078 5158 2477 5229 Concedatque
2523 5160 2808 5230 propitius
2832 5164 2894 5213 ut
2919 5174 3120 5212 omnes
3152 5157 3249 5227 qui
3284 5157 3349 5210 ad
3386 5156 3696 5210 dedicatio-

2009 5264 2142 5301 nem
2169 5248 2343 5317 hujus
2374 5248 2625 5302 basilicaz
2650 5248 2847 5302 devote
2880 5245 3241 5312 convenistis,
3274 5245 3701 5299 intervenienti-

2010 5337 2115 5389 bus
2141 5335 2409 5389 omnibus
2434 5336 2663 5399 sanctis,
2696 5336 2923 5389 veniam
2970 5334 3060 5387 hic
3089 5338 3454 5405 peccatorum
3482 5338 3700 5387 vestro-

2010 5440 2138 5477 rum
2164 5424 2418 5493 accipere
2451 5424 2805 5495 mereamini.
2826 5427 3023 5478 Amen.

2080 5514 2369 5577 Quatenus
2408 5514 2593 5583 gratia
2643 5513 2738 5567 Dei
2764 5530 2861 5567 vos
2892 5512 2999 5583 ipsi
3034 5512 3315 5582 templum
3352 5508 3531 5564 sancti
3571 5509 3701 5580 Spi-
