4078 6180
387 238 488 292 883

389 369 534 423 ritus
560 368 918 438 efﬁciamini,
965 374 1021 422 et
1056 367 1115 422 in
1146 368 1269 438 ipso
1306 369 1417 421 Deo
1455 368 1675 439 jugiter
1714 368 2079 423 delectemini
2116 369 2164 422 Α

391 457 670 511 habitare.
703 460 899 512 Amen.

464 546 623 611 Quod
645 546 786 615 ipse.

398 669 451 707 Β.
526 669 591 707 IN
644 668 1135 709 ANNIVERSARIO
1210 669 1668 709 DEDICATIONIS
1743 668 2082 709 ECCLESIJS.

466 757 840 826 Omnipotens
874 759 1044 824 Deus,
1076 758 1176 828 qui
1214 774 1310 812 vos
1341 775 1532 811 annua
1561 759 1731 828 hujus
1758 758 1961 827 templi
1995 759 2089 811 de-

398 845 680 900 dicatione
712 847 980 916 dignatus
1010 852 1093 900 est
1132 847 1441 912 laetiﬁcare,
1476 848 1593 915 ipse
1622 864 1718 900 vos
1749 854 1966 900 (eterna
1992 848 2087 900 be-

398 934 718 990 nedictione
750 935 1019 1005 dignetur
1044 936 1416 989 sanctiticare.
1453 940 1653 988 Amen.

466 1023 865 1092 Concedatque
914 1040 1011 1075 vos
1070 1030 1258 1077 mente
1308 1032 1364 1076 et
1402 1040 1638 1092 corpore
1722 1024 2086 1088 castiﬁcatos,

398 1109 522 1165 ﬁeri
550 1112 849 1180 proprium
882 1113 1161 1182 templum
1189 1118 1245 1165 et
1276 1112 1669 1166 habitaculum
1702 1113 1946 1182 Spiritus
1971 1129 2092 1165 sau-

400 1201 476 1254 cti
507 1201 947 1269 sempiternum.
982 1204 1183 1254 Amen.

472 1290 764 1353 Quatenus
822 1289 920 1341 tali
976 1290 1299 1342 habitatore
1349 1290 1684 1359 gaudentes,
1765 1295 1821 1343 et
1876 1289 2093 1359 Spiritu

402 1383 599 1431 sancto
634 1377 934 1439 ferventes,
986 1378 1134 1430 inter
1166 1380 1456 1432 mundana
1491 1379 1823 1432 discrimina
1870 1395 2095 1448 semper

404 1466 651 1519 caelestia
704 1466 1056 1533 desideretis,
1104 1472 1157 1519 et
1208 1467 1279 1519 ad
1330 1467 1449 1520 haec
1516 1467 1864 1537 quandoque
1906 1469 2091 1537 possi-

406 1554 593 1609 denda
629 1555 922 1623 pervenire
957 1554 1205 1625 possitis.
1238 1558 1438 1608 Amen.

478 1642 641 1707 Quod
675 1642 814 1713 ipse.

826 1763 878 1800 B.
927 1762 988 1801 IN
1037 1763 1370 1803 TRIDUANO
1404 1764 1673 1804 JEJUNIO

1090 1857 1193 1909 Die
1217 1857 1416 1924 primo.

478 1960 640 2026 Deus,
674 1958 775 2028 qui
805 1963 1078 2028 operatur
1108 1960 1166 2013 in
1198 1961 1404 2014 sanctis
1435 1961 1550 2014 suis
1582 1966 1638 2015 et
1667 1963 1809 2015 velle
1842 1967 1896 2016 et
1922 1963 2096 2033 perfi-

404 2062 530 2100 cere
587 2063 691 2116 pro
733 2047 882 2101 bona
938 2048 1253 2113 voluntate,
1318 2049 1683 2103 devotionem
1740 2056 1985 2105 vestram
2025 2053 2096 2107 ad

405 2136 828 2205 exsequendam
873 2137 1138 2190 salutaris
1183 2138 1541 2191 abstinentiae
1592 2139 1937 2193 medicinam
1994 2158 2099 2195 sua

405 2225 610 2278 excitet
678 2224 1047 2279 miseratione
1143 2230 1198 2279 et
1269 2226 1598 2280 corroboret
1672 2226 2094 2283 benedictione.

406 2318 605 2367 Amen.

475 2400 697 2470 Quique
738 2400 975 2471 castigat
1018 2417 1252 2455 omnem
1300 2403 1483 2456 tilium
1523 2420 1694 2474 quem
1726 2405 1947 2475 recipit,
1980 2422 2100 2459 non

407 2506 506 2543 vos
549 2489 803 2558 patiatur
839 2489 898 2542 in
938 2490 1178 2560 ﬂagellis
1220 2507 1348 2561 qum
1381 2508 1675 2545 meremur
1718 2494 2096 2563 impatientia:

407 2579 543 2631 vitio
583 2578 853 2643 titubare,
889 2580 985 2633 sed
1035 2581 1103 2633 ad
1142 2596 1303 2633 suam
1354 2580 1522 2634 faciat
1570 2582 1843 2652 pietatem
1893 2584 2100 2637 humili

405 2668 818 2737 supplicatione
849 2668 1176 2738 confugere.
1211 2672 1410 2722 Amen.

481 2758 542 2809 Et
575 2756 675 2827 qui
704 2756 1071 2826 fragilitatem
1110 2758 1382 2810 humanae
1434 2758 1834 2812 mutabilitatis
1856 2800 1870 2826 ,
1900 2765 2098 2830 utpote

405 2851 648 2912 creator,
684 2845 960 2916 agnoscit,
1006 2846 1285 2900 auxilium
1321 2864 1487 2900 suum
1520 2848 1686 2901 bonis
1720 2848 2095 2901 inchoationi-

1520 235 1862 291 GRIMALDI
1903 235 2415 293 SANGALLENSIS
2452 234 2740 290 ABBATIS
3772 236 3859 288 884

2862 369 2964 421 Die
2990 366 3238 421 secundo.

2264 455 2641 527 Omnipotens
2682 457 2850 520 Deus,
2887 454 2987 525 qui
3042 454 3425 508 Ninivitarum
3480 453 3675 523 culpas
3702 452 3773 506 ita
3800 454 3864 507 fe

2192 543 2306 597 rire
2335 544 2636 615 disposuit,
2669 550 2732 597 ut
2756 542 2950 613 potius
2980 543 3215 612 eligeret
3271 540 3531 594 misereri
3584 539 3861 607 conversis,

2192 648 2287 684 vos
2337 632 2733 685 benedictione
2784 646 2887 685 sua
2915 630 3144 695 ditatos,
3169 630 3340 699 digne
3366 628 3535 682 faciat
3605 628 3857 697 paenitere

2194 722 2345 790 quod
2408 722 2557 774 male
2590 719 2866 789 gessistis,
2920 723 2975 773 et
3024 718 3300 788 largiatur
3346 715 3587 786 praemia
3635 731 3758 785 quae
3783 716 3862 784 pie

2197 810 2554 864 desideratis.
2592 812 2793 862 Amen.

2267 899 2666 968 Concedatque
2697 896 3013 950 humilitati
3043 899 3242 948 vestrm
3266 898 3327 947 ut
3368 894 3449 947 ita
3476 907 3736 961 corpora,
3763 906 3865 942 am-

2198 987 2498 1057 plectendo
2545 986 2981 1056 parcimoniam,
3051 984 3120 1037 ab
3171 983 3473 1053 epularum
3523 980 3743 1033 deliciis
3787 979 3865 1031 ab-

2200 1077 2472 1143 stineant,
2525 1082 2807 1145 quatenus
2862 1078 3079 1126 mentes
3110 1076 3309 1124 vestrae
3352 1069 3666 1122 esurientes
3724 1072 3775 1119 et
3801 1068 3867 1119 si-

2198 1165 2736 1234 tientesjustitiam.
2792 1163 2862 1216 ab
2920 1160 3204 1215 illecebris
3260 1159 3408 1211 male
3461 1155 3861 1209 blandientium

2194 1254 2459 1325 jejunent
2486 1252 2783 1305 vitiorum.
2818 1254 3019 1304 Amen.

2272 1342 2561 1396 Accedant
2591 1340 2763 1394 corda
2790 1344 2979 1392 vestra
3011 1338 3220 1391 timore
3251 1336 3405 1389 casto
3436 1339 3491 1388 et
3540 1348 3733 1387 amore
3762 1348 3870 1401 per-

2201 1432 2362 1494 fecto,
2396 1436 2457 1484 ut
2478 1428 2728 1483 evadatis
2757 1428 2908 1480 mala
2945 1426 3057 1479 reis
3106 1424 3362 1479 timenda
3407 1426 3461 1476 et
3488 1418 3869 1491 adipiscamini

2202 1522 2350 1574 bona
2383 1517 2658 1588 perennia
2682 1516 2863 1571 beatis
2896 1514 3196 1585 speranda.
3223 1516 3425 1566 Amen.

2276 1607 2435 1672 Quod
2458 1608 2601 1677 ipse.

2892 1692 2989 1745 Die
3019 1692 3195 1744 tertio.

2276 1783 2591 1838 Misericors
2642 1785 2699 1834 et
2754 1779 3055 1833 miserator
3088 1777 3387 1842 Dominus,
3444 1774 3871 1845 benignissimus

2205 1876 2475 1929 humanae
2497 1870 2696 1925 salutis
2716 1873 2955 1935 amator,
2990 1883 3093 1921 sua
3120 1865 3519 1921 benedictione
3541 1881 3642 1917 vos
3663 1864 3720 1917 in
3738 1863 3869 1916 bono

2207 1961 2526 2028 conﬁrmet,
2569 1966 2624 2013 et
2671 1958 2744 2012 ad
2799 1963 3029 2013 reterns:
3081 1953 3455 2009 beatitudinis
3486 1952 3874 2023 perfectionem

2206 2058 2336 2106 vota
2366 2056 2548 2104 vestra
2568 2048 2858 2118 perducat.
2892 2048 3098 2101 Amen.

2278 2143 2461 2210 Atque
2489 2136 2893 2208 temporalium
2922 2134 3164 2204 injurias
3199 2131 3602 2196 afﬂictionum,
3638 2144 3761 2199 quae
3787 2143 3873 2198 pro

2208 2228 2528 2283 excessibus
2571 2225 2768 2279 vestris
2816 2223 3139 2277 necessaria
3185 2220 3504 2290 disciplina}
3554 2217 3877 2272 emendatio-

2208 2320 2297 2372 nis
2340 2316 2664 2387 provisione
2712 2314 2952 2383 irrogat,
3000 2312 3078 2365 ita
3135 2310 3443 2375 modiﬁcet,
3484 2312 3549 2361 ut
3578 2315 3635 2360 et
3660 2306 3875 2360 adversa

2206 2423 2309 2477 per
2335 2404 2726 2459 fortitudinem
2759 2402 2939 2455 animi
2969 2400 3205 2453 sufferre
3244 2396 3491 2467 possitis,
3528 2400 3585 2447 et
3625 2408 3877 2464 prospera

2208 2494 2329 2546 sine
2360 2492 2569 2545 mentis
2596 2488 2961 2545 enervatione
3005 2488 3063 2542 in
3098 2486 3414 2559 gratiarum
3444 2485 3731 2538 actionem
3776 2497 3877 2535 ver-

2208 2582 2361 2636 tatis.
2397 2586 2599 2635 Amen.

2279 2671 2580 2725 Convertat
2637 2669 2851 2722 luctum
2906 2672 3157 2719 vestrum
3215 2664 3273 2717 in
3302 2662 3575 2734 gaudium
3622 2659 3871 2730 spiritale,

2209 2765 2261 2814 et
2309 2760 2387 2813 ita
2442 2775 2538 2811 vos
2587 2757 2645 2810 in
2704 2773 2762 2809 se
2817 2756 3066 2821 credere,
3118 2754 3186 2807 de
3244 2770 3301 2804 se
3334 2767 3582 2821 sperare,
3616 2766 3673 2802 se
3703 2763 3875 2802 amare

2208 2846 2502 2909 concedat,
2535 2849 2594 2898 ut
2618 2843 2803 2914 specie
2835 2859 2979 2896 acra:
3010 2841 3078 2913 [Γ.
3115 2842 3309 2910 sacrae]
3332 2845 3504 2909 atque
3548 2842 3768 2889 aeterna:
3804 2833 3873 2885 vi-

405 2934 511 2988 bus
532 2934 731 2988 vestris
761 2935 1170 3003 accommodet,
1206 2942 1267 2989 ut
1292 2936 1415 3005 ipso
1450 2937 1754 3007 duce,quo
1777 2936 2097 3001 incitatore,
2141 2957 2179 3011 ρ
2210 2935 2388 2988 sionis
2445 2950 2561 2987 suae
2612 2948 2710 2985 vos
2778 2928 3129 3001 perfectione
3178 2925 3464 2979 beatiﬁcet
3524 2939 3588 2975 ac
3636 2923 3869 2975 coronet.

406 3040 536 3094 quae
565 3024 634 3077 ad
688 3038 883 3077 veram
930 3025 1170 3078 salutem
1204 3026 1511 3095 pertinent,
1555 3025 1864 3096 peragatis.
1914 3028 2096 3079 Amen

478 3112 642 3176 Quod
672 3111 812 3182 ipse.

2206 3028 2406 3078 Amen.

2277 3112 2436 3177 Quod
2467 3110 2607 3181 ipse.

1280 3561 2311 3668 PBFEFATIONES
2378 3562 3054 3677 ANTIQUZE

1714 3786 1869 3852 PER
1917 3786 2115 3851 ANNI
2167 3785 2592 3850 CIRCULUM.

917 4115 1198 4168 PAMELII
1240 4116 1577 4171 MONITUM.

2205 4082 2336 4135 dam
2367 4097 2487 4134 esse
2532 4082 2731 4136 statuit
2791 4080 3005 4134 scilicet
3035 4078 3094 4133 in
3126 4079 3323 4133 Natale
3355 4077 3600 4143 Domini,
3649 4075 3867 4147 Epipha-

2212 4153 2324 4219 nia,
2377 4152 2603 4219 Pascha,
2682 4152 3047 4216 Ascensione,
3108 4153 3455 4215 Pentecoste,
3514 4151 3654 4202 item
3692 4146 3864 4219 ideS.

483 4220 590 4296 llas
642 4234 875 4288 quoque
913 4222 1304 4296 "lfraefationes
1378 4222 1879 4296 Sacramentorum
1951 4223 2096 4276 libro
2141 4243 2181 4296 ι)
2208 4223 2499 4296 Trinitate,
2542 4218 2609 4276 de
2639 4222 2946 4296 Apostolis,
2994 4223 3060 4296 de
3105 4227 3295 4274 sancta
3324 4222 3518 4296 Cruce,
3554 4228 3637 4296 et_
3656 4218 3867 4296 deiciu-

408 4288 681 4357 adjecisse
720 4305 778 4340 se
818 4289 1015 4343 scribit
1048 4290 1373 4344 Grimaldus
1430 4292 1619 4346 abbas.
1658 4315 1685 4341 «
1739 4295 2097 4359 Praefationes

406 4359 843 4430 porrokinquit.
882 4360 941 4412 in
972 4360 1085 4413 fine
1118 4360 1288 4428 hujus
1325 4364 1622 4430 posuimus
1676 4365 1900 4429 codicis,
1936 4371 1998 4418 ut
2027 4365 2097 4419 ab

407 4427 494 4481 his
526 4428 733 4503 quibus
772 4430 999 4498 placent
1045 4427 1340 4503 charitate'
1360 4434 1743 4503 suscipiantur
1786 4440 1837 4489 et
1888 4427 2095 4488 canan-

407 4504 518 4572 tur.
543 4499 629 4551 Ab
658 4498 747 4552 his
791 4516 921 4552 vero
961 4502 1059 4570 qui
1100 4517 1193 4553 eas
1252 4498 1602 4572 intelligit-nt,
1634 4522 1733 4557 nec
1774 4511 1963 4559 tamen
1997 4507 2094 4559 de-

406 4569 855 4649 lectantur,‘nec
897 4569 1011 4649 non
1046 4574 1214 4649 et_ab
1245 4574 1331 4627 his
1372 4569 1469 4645 qui
1503 4569 1596 4628 eas
1633 4578 1848 4639 volunt,
1884 4592 1987 4630 nec
2018 4583 2097 4630 ta-

407 4655 538 4692 men
580 4640 928 4711 intelligunt,
974 4643 1260 4712 poscimus
1310 4640 1530 4699 ut—nec
1575 4654 1938 4700 assumantur
1990 4664 2094 4701 nec

406 4716 704 4790 canentur.
734 4732 755 4757 ι
804 4712 1070 4790 Quarum
1096 4723 1290 4790 tamen
1344 4717 1745 4790 Priefationum
1795 4720 2092 4790 plerasque

407 4797 533 4834 mea
563 4781 796 4857 quidem
828 4785 1129 4857 sententia,
1163 4786 1448 4840 Grimaldo
1479 4793 1534 4840 et
1564 4788 1686 4857 ipso
1720 4781 2090 4857 D.'Gregorio

404 4852 742 4906 vetustiores
806 4869 945 4919 esse,
1018 4854 1135 4908 imo
1206 4857 1526 4911 Gelasianas
1574 4852 1631 4911 et
1687 4852 2091 4912 Ambrosianas

403 4924 858 4998 complures,_ut
886 4925 1110 4998 credam
1154 4928 1240 4998 vel
1275 4928 1417 4981 illud
1461 4945 1551 4981 me
1596 4930 1773 4981 movit
1802 4929 1955 4998 quod
1988 4930 2089 4983 ha—

404 5008 533 5069 rum
559 4995 868 5047 nonnullas
889 4994 1038 5069 inter
1066 4996 1470 5051 Ambrosianas
1519 4994 1854 5067 repererini,
1902 5016 2079 5069 usque

404 5064 544 5117 adeo
573 5069 633 5116 ut
674 5079 767 5117 eas
790 5080 913 5117 esse
955 5067 1234 5120 duntaxat
1262 5069 1535 5122 Grimaldi
1564 5064 1661 5121 aut
1689 5070 1913 5123 Alcuini
1947 5064 2083 5123 mihi

402 5134 779 5203 persuadeam
817 5152 957 5205 quas
1000 5137 1163 5190 uncis
1184 5138 1538 5193 inclusimus.
1588 5140 1832 5195 Crateras
1879 5157 1948 5193 ex
1993 5157 2087 5194 ea-

398 5221 530 5280 rum
570 5220 810 5280 numero
846 5221 977 5280 esse
1034 5223 1237 5280 censeo
1297 5209 1364 5262 de
1413 5210 1620 5279 quibus
1669 5211 1738 5263 ad
1792 5212 2085 5280 episcopos

401 5275 719 5349 Germania:
751 5281 808 5329 et
835 5277 1030 5330 Galliae
1064 5278 1262 5331 scribit
1290 5280 1352 5332 D.
1388 5275 1647 5349 Gregorii
1685 5275 1947 5334 decessor
1982 5275 2082 5335 Pe-

397 5346 582 5424 lagius
616 5348 682 5424 II,
739 5362 869 5424 cum
936 5349 1330 5403 Praefationem
1380 5346 1798 5424 quotidianam,
1848 5352 2083 5424 pateris

398 5417 814 5491 prmtermissis,
864 5433 1068 5491 novem
1102 5417 1503 5474 tantummodo
1538 5417 1969 5491 prmfatiOnibus
2000 5438 2085 5475 se-

396 5486 647 5539 cundum
679 5489 979 5558 antiquum
1028 5490 1349 5544 Romanum
1399 5486 1661 5547 ordinem
1718 5497 2079 5559 commutan-

2210 4295 2305 4347 nio
2347 4289 2846 4363 quadragesimali.
2902 4292 3117 4357 Quibus
3168 4298 3363 4361 postea
3394 4294 3554 4363 (teste
3602 4289 3863 4363 Radolpbo

2207 4364 2331 4417 loco
2362 4358 2525 4434 saepe
2572 4358 2766 4432 citato)
2820 4364 3078 4417 Urbanus
3110 4358 3185 4429 ll,
3216 4363 3273 4415 in
3307 4358 3549 4434 concilio
3593 4358 3863 4434 Placentia:

2207 4430 2512 4497 celebrato,
2557 4430 2836 4488 decimam
2884 4435 2951 4487 de
2996 4434 3227 4506 Virgine
3278 4433 3499 4506 addidit
3544 4448 3695 4506 anno
3728 4430 3858 4506 1095.

2207 4507 2402 4576 Neque
2451 4522 2583 4558 vero
2635 4511 2943 4575 propterea
2988 4504 3601 4576 supprimendasquis
3647 4503 3859 4576 dixerit;

2204 4574 2348 4629 nihil
2385 4576 2571 4629 obstat
2598 4574 2906 4646 quominus
2959 4592 3026 4629 ex
3059 4576 3322 4628 devotine
3373 4574 3641 4646 privatim
3695 4574 3861 4640 legan-

2204 4652 2314 4713 tur,
2351 4644 2663 4700 dummod'o
2711 4647 2771 4699 in
2832 4647 3079 4717 publico,
3106 4647 3294 4698 missa:
3332 4644 3606 4717 sacriﬁcio
3651 4648 3859 4717 praeter-

2203 4708 2533 4782 mittantur;
2578 4720 2633 4771 et
2681 4708 2937 4770 cum.de
2969 4716 3311 4785 antiquitate
3362 4715 3593 4767 illorum
3648 4708 3859 4785 constet,

2200 4804 2313 4841 non
2340 4804 2453 4841 uno
2491 4794 2643 4841 certe
2675 4787 2795 4841 loco
2823 4788 2993 4841 fidem
3018 4784 3355 4840 catholicam
3396 4790 3598 4837 contra
3626 4784 3859 4838 adversa-

2199 4859 2312 4911 rios
2372 4862 2654 4912 asserunt.
2705 4859 3117 4919 Ambrosianis,
3155 4862 3217 4909 ut
3260 4857 3566 4921 credimus,
3630 4861 3684 4908 et
3724 4852 3859 4907 Gela-

2199 4929 2371 4982 sianis
2401 4928 2832 4983 Prazfationibus
2892 4931 2940 4981 Α
2992 4934 3047 4981 et
3077 4928 3120 4983 G
3160 4928 3394 4994 litteras,
3421 4944 3485 4979 ac
3520 4927 3590 4979 iis
3650 4940 3781 4995 quas
3806 4936 3857 4973 ex

2198 5016 2331 5080 mss.
2410 5000 2700 5054 codicibus
2773 5015 2971 5053 recens
3036 4999 3342 5063 edidimus,
3423 5000 3525 5052 Ms.
3597 4999 3856 5067 praenota-

2197 5086 2401 5123 Vimus.

2549 5185 3038 5265 PREFATIONES
3061 5210 3149 5264 DE
3186 5209 3532 5264 TEMPORE.

2479 5364 2541 5403 1N
2580 5363 2832 5403 VlGlLIA
2875 5362 3299 5402 NATIVITATIS
3338 5362 3597 5402 DOMINI.

2261 5490 2504 5561 (Αηιὸν.)
2549 5493 2775 5545 Αέῐθτηθ
2830 5491 2997 5544 Deus.
3052 5492 3159 5545 Per
3232 5490 3517 5545 Christum
3576 5486 3855 5545 Dominum
