4078 6180
158 303 255 353 883i

1116 304 1321 360 LIBER
1363 305 2001 365 SACRAMENTORUM.
2027 341 2095 347 —
2117 310 2428 364 PREFA’I‘.
2474 312 2697 376 ANTIQ.

3556 322 3660 374 886

156 439 433 483 nostrum.
472 433 644 503 Cujus
690 434 880 499 hodie,
935 438 1064 497 etc.,
1098 438 1155 488 ut
1190 435 1367 490 videre
1396 442 1473 491 cst
1514 440 1657 490 inter
1703 439 1843 492 Am-
1882 444 1923 495 A
1960 457 2107 503 rum,
2159 456 2302 510 quos
2351 447 2579 510 prOpter
2624 444 2801 496 nostri
2852 445 3153 498 Salvatoris
3194 447 3496 503 infantiam
3554 452 3655 504 be-

157 519 463 574 brosianas.

762 611 831 663 In
861 610 1039 663 media
1070 617 1237 665 nocte.

218 713 449 780 (Getas)
502 714 607 766 Per
656 714 947 768 Christum
975 717 1281 770 Dominum
1328 724 1607 774 nostrum.
1670 722 1846 791 Cujus

154 803 363 855 divinae
423 802 735 856 nativitatis
787 805 1099 872 potentiam
1149 806 1406 874 ingenita
1455 808 1678 862 virtutis
1734 817 1848 863 tua)

151 891 355 961 genuit
386 891 736 960 magnitudo.
775 892 954 954 Quem
982 909 1205 963 semper
1230 896 1433 949 Filium
1466 903 1521 949 et
1552 904 1682 951 ante
1712 902 1847 951 tem-

147 995 288 1049 pora
325 985 541 1033 aeterna
572 980 853 1048 genitum,
887 982 1022 1050 quia
1048 983 1150 1035 tibi
1182 984 1348 1051 pleno
1368 992 1539 1054 atque
1570 987 1840 1055 perfecto,

146 1069 348 1122 aaterni
401 1070 579 1122 Patris
626 1085 842 1123 nomen
889 1087 998 1123 non
1046 1072 1245 1135 defut,
1303 1074 1721 1141 prmdicamus:
1786 1080 1841 1127 et

150 1157 395 1225 honore,
432 1160 746 1227 majestate,
781 1164 949 1228 atque
985 1159 1213 1224 virtute,
1247 1163 1529 1229 aequalem
1562 1162 1664 1216 tibi
1714 1179 1843 1216 cum

150 1245 372 1315 Spiritu
402 1253 595 1300 sancto
626 1248 983 1313 confitemur,
1019 1255 1070 1300 et
1103 1248 1161 1301 in
1194 1248 1343 1301 trino
1379 1252 1674 1317 vocabulo,
1716 1252 1841 1305 uui-

144 1350 271 1388 cam
299 1336 587 1389 credimus
617 1337 992 1405 majestatem.
1021 1338 1086 1390 Et
1114 1338 1242 1390 ideo
1274 1354 1403 1391 cum
1436 1340 1672 1409 angelis.

699 1441 769 1495 1n
801 1445 1111 1511 crepusculo
1144 1445 1299 1498 lucis.

216 1545 338 1611 (Α.)
392 1545 621 1599 ίΕῐθιἮθ
670 1548 835 1601 Deus.
892 1548 1034 1611 Quia
1084 1549 1260 1603 nostri
1316 1550 1646 1618 Salvatoris,
1707 1557 1837 1620 etc.,

142 1644 201 1690 ut
232 1638 419 1691 videre
448 1645 526 1693 est
552 1641 694 1693 inter
723 1642 1135 1695 Ambrosianus.

781 1748 845 1800 In
876 1747 963 1800 die
994 1753 1197 1802 sancto.

210 1848 335 1919 (6.)
383 1851 611 1904 Aiterne
646 1852 811 1904 Deus.
870 1852 1013 1915 Quia
1042 1868 1146 1921 per
1192 1852 1471 1905 incarnati
1499 1853 1667 1907 Verbi
1714 1870 1837 1925 my-

140 1937 404 2002 sterium,
441 1954 583 1991 nova
613 1940 819 1993 mentis
850 1946 1059 1993 nostra!
1092 1941 1270 1993 oculis
1303 1942 1396 1994 lux
1427 1948 1539 1995 tuae
1565 1944 1837 1997 claritatis

134 2025 366 2078 infulsit
410 2032 489 2092 ut,
539 2027 672 2080 dum
706 2028 1009 2081 visibiliter
1059 2030 1238 2082 Deum
1284 2034 1697 2100 cognoscimus,
1734 2048 1837 2102 per

134 2112 292 2167 hunc
324 2114 383 2167 in
416 2115 792 2169 invisibilium
826 2132 1078 2170 amorem
1107 2118 1419 2188 rapiamur.
1454 2120 1519 2173 Et
1549 2121 1697 2173 ideo.

906 2223 1062 2275 Alia.

203 2306 357 2375 (Ms)
410 2308 632 2362 .Eterne
686 2310 852 2363 Deus.
898 2311 1054 2363 Tunc
1104 2310 1291 2364 laudis
1324 2311 1569 2364 hostiam
1613 2312 1834 2382 jugiter

135 2394 527 2462 immolantes,
593 2398 753 2466 cujus
807 2398 1051 2467 figuram
1116 2400 1253 2452 Abel
1306 2400 1494 2467 justus
1560 2400 1827 2467 instituit,

131 2499 320 2552 agnus
364 2501 593 2554 quoque
635 2486 833 2555 legalis
867 2487 1133 2552 ostendit,
1167 2488 1472 2542 celebravit
1518 2489 1825 2556 Abraham,

134 2572 557 2625 Melchisedech
607 2577 867 2627 sacerdos
916 2574 1191 2643 exhibuit,
1242 2580 1301 2628 ut
1327 2593 1493 2630 verus
1543 2595 1725 2647 agnus
1775 2587 1831 2634 et

131 2666 385 2713 aeternus
416 2662 689 2731 pontifex,
722 2663 894 2717 hodie
927 2668 1095 2717 natus
1127 2664 1379 2717 Christus
1406 2665 1685 2735 implevit.

638 2784 701 2823 IN
745 2786 847 2824 DIE
893 2786 941 2824 S.
981 2784 1326 2825 STEPHANI.

199 2876 311 2946 (G.)
364 2878 589 2931 1Eterne
638 2879 806 2931 Deus.
844 2880 907 2932 B.
967 2880 1260 2950 Stephani,
1319 2879 1521 2934 Levita:
1551 2879 1723 2933 simul
1773 2884 1831 2933 et

128 2967 425 3035 martyris,
476 2968 736 3020 natalitia
787 2968 1118 3034 recolentes,
1158 2970 1257 3039 qui
1299 2969 1453 3035 fidei,
1509 2970 1609 3040 qui
1655 2986 1827 3023 sacrm

127 3032 375 3120 militiae,
421 3056 519 3124 qui
550 3056 989 3125 dispensationis
1020 3064 1075 3111 et
1103 3032 1380 3113 castitatis
1421 3032 1691 3129 egregiae,
1727 3060 1825 3129 qui
1865 3032 1905 3087 Ο

124 3144 551 3211 praedicationis
580 3146 974 3217 mirabilisque
1004 3149 1356 3215 constantiae,
1391 3150 1490 3219 qui
1520 3149 1823 3202 confessio-

124 3233 210 3285 nis
240 3250 309 3285 ac
339 3233 629 3303 patientiae
658 3236 821 3289 nobis
851 3238 1113 3307 exempla
1145 3238 1467 3291 veneranda
1500 3239 1817 3307 proposuit.

124 3320 189 3373 Et
214 3321 348 3374 ideo
380 3322 736 3377 nativitatem
776 3326 900 3379 Filii
930 3327 1011 3379 tui
1044 3325 1247 3379 merito
1280 3342 1399 3395 pra:
1426 3326 1646 3379 caeteris
1694 3344 1821 3396 pas-

122 3410 301 3462 sionis
334 3427 454 3463 suae
493 3412 796 3467 festivitate
831 3415 1221 3485 prosequitur,
1254 3416 1417 3483 cujus
1442 3416 1646 3486 gloriae
1674 3432 1822 3469 sem-

121 3498 366 3565 piternae
393 3499 616 3567 primus
648 3508 863 3570 martyr
895 3504 1155 3557 occurrit.
1193 3505 1259 3558 Et
1284 3504 1428 3557 ideo.

401 3620 461 3658 IN
516 3622 617 3659 DIE
661 3623 710 3661 S.
757 3622 1028 3662 JOANNIS
1075 3624 1553 3665 EVANGELIST.’E.

188 3692 301 3763 (0.)
352 3693 588 3748 xEterne
648 3697 811 3748 Deus.
874 3697 1029 3750 Beati
1064 3700 1308 3767 apostoli
1356 3700 1438 3753 tui
1479 3704 1534 3753 et
1576 3716 1821 3772 evange-

122 3782 259 3835 lista:
312 3783 553 3835 Joannis
601 3785 924 3837 veneranda
978 3785 1239 3839 natalitia
1288 3793 1665 3854 recensentes,
1723 3791 1823 3859 qui

122 3870 354 3923 Domini
405 3871 537 3923 Jesu
595 3871 803 3927 Christi
864 3872 988 3924 Filii
1036 3873 1121 3925 tui
1178 3874 1491 3927 vocationis
1540 3881 1818 3945 suscepta,

119 3964 418 4013 terrenum
468 3962 689 4030 respuit
737 3968 982 4029 patrem,
1014 3967 1076 4015 ut
1117 3968 1311 4032 posset
1339 3963 1595 4016 invenire
1644 3965 1821 4018 cmle-

119 4053 295 4113 stem;
350 4049 591 4118 adeptus
631 4050 690 4103 in
738 4066 919 4119 regno
974 4051 1247 4104 caslorum
1282 4052 1475 4105 sedem
1524 4054 1822 4120 apostolici

120 4137 393 4189 culminis
425 4138 526 4207 qui
558 4143 781 4191 tantum
818 4138 961 4192 retia
990 4139 1240 4191 carnalia
1266 4144 1690 4209 contempserat
1722 4158 1819 4211 ge-

122 4225 331 4277 nitoris
358 4241 369 4277 :
396 4226 611 4295 quique
638 4227 708 4279 ab
736 4227 1031 4293 unigenito
1054 4227 1193 4280 Filio
1218 4233 1313 4280 tuo
1345 4228 1707 4282 familiariter
1737 4235 1821 4283 est

120 4314 386 4379 dilectus,
435 4319 490 4367 et
518 4315 812 4367 immensa:
846 4316 1044 4382 gratia:
1076 4316 1411 4369 muneribus
1447 4318 1816 4385 approbatur,

122 4408 183 4455 ut
218 4419 355 4455 eum
387 4403 539 4456 idem
564 4403 838 4455 Dominus
864 4403 923 4456 in
954 4404 1253 4473 crucejam
1276 4404 1514 4473 positus,
1552 4406 1823 4459 vicarium

122 4508 237 4545 suae
266 4493 440 4545 matri
472 4493 681 4561 virgini
714 4493 900 4547 tilium
941 4492 1296 4562 subrogaret,
1333 4498 1615 4561 quatenus
1645 4494 1823 4547 beatas

121 4581 419 4648 genitricis
448 4580 788 4649 integritati,
822 4582 1044 4651 probati
1076 4582 1381 4651 dilectique
1416 4581 1678 4650 discipuli
1713 4582 1824 4633 vir-

120 4669 338 4737 ginitas
369 4670 701 4722 deserviret.
753 4671 892 4723 Nam
918 4677 975 4723 et
1022 4670 1080 4722 in
1112 4687 1284 4723 coenae
1335 4670 1588 4739 mystica:
1638 4685 1824 4722 sacro-

120 4762 320 4810 sancto
354 4758 635 4819 convivio,
687 4774 858 4827 super
890 4759 1081 4827 ipsum
1117 4760 1244 4812 vita:
1276 4759 1492 4812 fontem
1521 4763 1821 4823 aeternum,

122 4847 340 4899 scilicet
374 4852 573 4915 pectus
618 4847 956 4900 recubuerat
986 4848 1306 4911 Salvatoris,
1356 4848 1423 4900 de
1456 4863 1569 4917 quo
1611 4863 1823 4916 peren-

120 4934 276 4987 niter
315 4935 615 4988 manantia
650 4935 893 4989 cmlestis
941 4936 1215 4989 hauriens
1263 4937 1480 4989 fluenta
1525 4936 1822 5001 doctrinae,

121 5029 239 5076 tam
276 5023 579 5092 profundis
601 5040 665 5076 ac
698 5023 949 5093 mysticis
972 5023 1412 5077 revelationibus
1433 5030 1516 5077 est
1546 5025 1822 5091 imbutus,

122 5117 185 5164 ut
236 5127 471 5165 omnem
520 5112 946 5181 transgrediens
979 5118 1321 5177 creaturam,
1372 5114 1591 5165 excelsa
1636 5119 1825 5166 mente

122 5200 459 5269 respiceret,
508 5205 565 5253 et
612 5202 940 5270 evangeliea
986 5216 1118 5253 voce
1164 5200 1463 5270 proferret,
1513 5202 1713 5270 quod:
1766 5203 1827 5255 In

121 5291 403 5356 principio
435 5294 554 5341 erat
601 5289 849 5355 Verbum,
884 5294 932 5343 et
974 5289 1209 5344 Verbum
1243 5293 1360 5342 erat
1407 5290 1555 5357 apud
1586 5292 1750 5343 Deum
1779 5295 1828 5343 et

126 5377 277 5430 Deus
310 5381 429 5429 erat
461 5377 709 5431 Verbum.
748 5378 815 5431 Et
844 5377 992 5439 ideo,
1026 5382 1131 5431 etc.

402 5498 465 5537 IN
520 5499 620 5538 DIE
666 5500 1038 5540 SANCTORUM
1087 5499 1563 5539 INNOCENTIUM.

198 5570 437 5625 :Eterne
481 5571 646 5625 Deus.
702 5573 767 5626 Et
810 5572 867 5626 in
918 5572 1185 5642 pretiosis
1230 5572 1510 5627 mortibus
1561 5574 1824 5643 parvulo-

1962 530 2110 582 stiali
2146 529 2363 582 saevitia
2395 530 2647 584 Herodes
2679 534 2937 586 funestus
2972 535 3193 598 occidit,
3232 536 3514 591 immensa
3544 541 3655 591 cle-

1961 618 2191 671 mentite
2236 623 2348 670 tua:
2395 619 2540 671 dona
2572 620 2904 689 prmdicare.
2954 624 3019 676 ln
3055 624 3265 693 quibus
3315 626 3496 695 fulget
3534 629 3653 681 sola

1960 706 2144 776 magis
2192 708 2376 776 gratia
2406 724 2579 777 quam
2613 710 2894 772 voluntas,
2946 717 3001 763 et
3031 712 3182 764 clara
3212 718 3295 766 est
3327 715 3486 782 prius
3518 732 3651 768 con-

1959 794 2126 847 fessio
2159 812 2332 865 quam
2374 796 2622 865 loquela,
2656 802 2786 849 ante
2821 799 3004 866 passio
3038 816 3209 868 quam
3242 802 3498 855 membra
3529 803 3650 857 ido-

1958 900 2065 936 nea
2106 885 2377 952 passioni.
2427 886 2686 939 Existunt
2715 888 2867 939 enim
2916 894 3086 939 testes
3119 889 3343 954 Christi,
3380 892 3475 959 qui
3527 893 3650 961 ejus

1959 973 2214 1025 nondum
2266 974 2500 1027 fuerunt
2549 977 2855 1043 aguitores.
2907 976 2949 1030 Ο
3006 977 3229 1029 inﬁnita
3287 979 3645 1048 benignitas!

1955 1080 1987 1113 o
2020 1062 2325 1115 ineffabilis
2374 1064 2783 1130 misericordia,
2819 1082 2946 1135 qua),
2980 1081 3084 1134 pro
3117 1082 3217 1118 suo
3260 1068 3492 1121 nomine
3525 1076 3648 1122 tru-

1958 1150 2180 1213 cidatis,
2218 1152 2486 1205 meritum
2535 1158 2762 1205 externae
2806 1154 3024 1219 glorim,
3056 1154 3240 1223 perire
3269 1171 3379 1207 non
3412 1157 3644 1225 patitur,

1954 1244 2009 1293 et
2034 1240 2353 1309 imputatur
2374 1256 2587 1293 corona
2620 1242 2899 1311 martyrii.
2937 1243 3001 1294 Et
3032 1242 3179 1295 ideo.

2358 1361 2671 1401 DOMINICA
2722 1363 2737 1401 I
2787 1363 2933 1401 POST
2983 1364 3254 1402 NA'I‘ALE.

2024 1450 2136 1520 (ϐ.)
2184 1452 2409 1504 Αῖῐθτηθ
2465 1453 2629 1504 Deus.
2694 1454 2757 1505 Et
2815 1468 3042 1506 sursum
3097 1454 3365 1507 cordibus
3445 1455 3648 1507 erectis

1951 1539 2211 1593 divinum
2261 1541 2501 1592 adorare
2549 1542 2924 1609 mysterium:
2975 1547 3036 1593 ut
3065 1542 3220 1611 quod
3266 1558 3481 1612 magno
3518 1560 3645 1596 mu-

1950 1644 2086 1681 nere
2138 1628 2237 1681 Dei
2276 1630 2514 1697 geritur,
2568 1628 2790 1697 magnis
2834 1629 3091 1681 Ecclesiae
3124 1630 3345 1697 gaudiis
3392 1632 3641 1684 celebre-

1882 1736 1921 1790 Β
1952 1720 2063 1769 tur.
2115 1716 2395 1779 Quoniam
2442 1718 2693 1769 humana
2742 1716 3010 1781 conditio,
3062 1722 3248 1770 vetere
3298 1722 3641 1789 terrenaque

1948 1804 2073 1874 lege
2106 1812 2379 1872 cessante,
2419 1820 2567 1858 nova
2595 1805 2924 1875 ccelestique
2957 1805 3273 1859 substantia
3305 1806 3643 1861 mirabiliter

1948 1897 2261 1946 restaurata
2306 1893 2610 1962 profertur.
2669 1896 2775 1947 Per
2825 1895 3111 1949 Christum
3161 1896 3464 1950 Dominum
3531 1913 3638 1950 no-

1947 1986 2150 2035 strum.
2186 1984 2292 2035 Per
2318 1998 2511 2052 quem.

2285 2102 2528 2142 OCTAVA
2579 2102 3001 2141 NATIVITA'I‘IS
3050 2103 3302 2143 DOMINI.

2013 2193 2125 2264 (ἃ.)
2174 2195 2399 2247 fEterne
2450 2195 2617 2247 Deus.
2669 2195 2775 2248 Per
2837 2194 3123 2247 Christum
3179 2195 3485 2249 Dominum
3537 2213 3635 2249 no-

1942 2287 2147 2335 strum.
2185 2282 2359 2351 Cujus
2389 2282 2556 2335 hodie
2609 2282 3059 2335 circumcisionis
3089 2284 3262 2349 diem,
3297 2289 3353 2337 et
3382 2284 3637 2339 nativita-

1939 2371 2010 2424 tis
2044 2378 2307 2425 octavum
2342 2370 2712 2436 celebrantes,
2766 2376 2882 2436 tua,
2920 2371 3177 2437 Domine,
3213 2372 3500 2425 mirabilia
3547 2390 3635 2427 ve-

1941 2476 2241 2514 neramur.
2280 2460 2423 2524 Quia
2462 2476 2592 2531 qum
2623 2460 2869 2530 peperit,
2920 2465 2974 2513 et
3003 2461 3161 2531 virgo
3194 2467 3250 2515 et
3298 2468 3480 2515 mater
3519 2468 3631 2529 est;

1942 2549 2042 2619 qui
2090 2555 2258 2602 natus
2289 2554 2392 2616 est,
2428 2554 2483 2602 et
2516 2549 2701 2603 infans
2750 2554 2803 2601 et
2839 2550 2984 2603 Deus
3015 2554 3115 2602 est.
3156 2550 3354 2604 Merito
3384 2551 3507 2605 coeli
3548 2553 3631 2605 lo-

1939 2638 2057 2691 cuti
2117 2643 2268 2703 sunt,
2323 2639 2510 2708 angeli
2560 2639 2848 2708 gratulati,
2909 2644 3163 2708 pastores
3226 2640 3420 2705 laetati,
3480 2641 3633 2710 magi

1936 2726 2181 2793 invitati,
2236 2743 2399 2796 reges
2429 2727 2665 2794 turbati,
2694 2728 2914 2799 parvuli
2954 2728 3201 2797 gloriosa
3239 2729 3503 2798 passione
3532 2745 3631 2782 co-

1938 2814 2145 2867 ronati.
2185 2815 2247 2867 Et
2276 2815 2425 2870 ideo.

2388 2938 2449 2976 IN
2500 2938 2755 2976 VlGILIA
2800 2938 3188 2977 EPIPKANIE.

2008 3026 2113 3095 (G.)
2146 3028 2373 3079 Aiterne
2424 3027 2581 3080 Deus.
2620 3029 2681 3080 Et
2724 3032 2775 3080 te
2812 3028 3044 3080 laudare
3088 3027 3408 3081 mirabilem
3447 3028 3625 3080 Deum

1939 3116 1995 3168 in
2029 3114 2296 3168 omnibus
2340 3115 2607 3185 operibus
2640 3115 2774 3181 tuis,
2812 3116 3019 3185 quibus
3050 3116 3431 3168 sacratissima
3464 3116 3623 3186 regni

1935 3204 2018 3257 tui
2094 3204 2364 3273 mysteria
2424 3205 2705 3257 revelasti.
2772 3205 2921 3256 Hanc
2978 3205 3188 3257 etenim
3263 3204 3625 3256 festivitatem

1936 3293 2249 3346 Dominicae
2300 3293 2674 3363 apparitionis
2720 3293 2887 3346 index
2932 3294 3090 3346 stella
3138 3293 3446 3362 prmcessit,
3497 3308 3625 3362 qum

1935 3388 2133 3435 natum
2180 3383 2239 3435 in
2271 3387 2423 3435 terra
2470 3384 2595 3436 coeli
2647 3382 2979 3449 Dominum,
3031 3381 3211 3449 magis
3263 3381 3624 3449 stupentibus

1934 3471 2261 3525 nuntiaret:
2316 3476 2378 3524 ut
2410 3472 2855 3525 manifestaudus
2888 3471 3100 3524 mundo
3134 3471 3279 3523 Deus
3311 3474 3366 3523 et
3413 3468 3623 3523 cmlesti

1934 3559 2371 3613 denuntiaretur
2426 3560 2651 3621 indicio,
2706 3566 2762 3613 et
2822 3560 3219 3628 temporaliter
3274 3564 3621 3628 procreatus,

1935 3644 2233 3713 signorum
2291 3649 2696 3718 temporalium
2753 3647 3073 3701 ministerio
3125 3648 3491 3715 panderetur.
3556 3648 3620 3700 Et

1934 3732 2081 3787 ideo.

2388 3839 2449 3878 IN
2502 3838 2862 3877 EPIPIIANIA
2912 3838 3207 3899 DOMINI._

2003 3927 2127 3997 (G.)
2160 3930 2396 3985 2Eterne.
2424 3931 2593 3983 Deus.
2644 3930 2787 3993 Quia
2819 3936 3015 3983 notam
3064 3929 3242 3983 fecisti
3291 3929 3351 3982 in
3395 3930 3624 3999 populis

1934 4017 2386 4071 misericordiam
2440 4024 2619 4085 tuam,
2654 4024 2709 4071 et
2739 4019 2984 4072 salutare
3020 4024 3181 4071 tuum
3213 4018 3428 4071 cunctis
3477 4034 3623 4088 gen--

1934 4106 2085 4159 tibus
2136 4106 2457 4173 declarasti,
2510 4108 2855 4161 hodiernum
2908 4109 3124 4178 eligens
3180 4108 3353 4173 diem,
3402 4109 3460 4160 in
3510 4126 3622 4178 quo

1934 4195 2277 4249 adorandam
2313 4197 2428 4248 veri
2473 4198 2622 4265 regis
2669 4197 2996 4261 infantiam,
3031 4197 3298 4250 excitatos
3324 4198 3394 4250 de
3432 4213 3619 4250 remo-

1862 4314 1901 4368 Β
1933 4283 2005 4335 tis
2052 4284 2307 4352 partibus
2357 4300 2575 4352 magos,
2628 4286 2834 4338 clarior
2863 4285 3084 4339 czeteris
3130 4286 3411 4338 sideribus
3460 4286 3622 4338 stella

1932 4373 2288 4440 perduceret,
2338 4379 2395 4426 et
2432 4374 2557 4427 coeli
2590 4391 2654 4427 ac
2704 4379 2870 4428 terrm
2905 4374 3209 4428 Dominum
3253 4375 3624 4444 corporaliter

1930 4465 2130 4512 natum
2163 4461 2321 4513 radio
2354 4477 2470 4514 suae
2506 4462 2646 4514 lucis
2677 4464 3018 4516 ostenderet.
3050 4463 3117 4515 Et
3149 4462 3299 4515 ideo.

2695 4552 2849 4603 Alia.

2004 4653 2127 4723 (G.)
2180 4656 2406 4707 {Eterne
2457 4655 2624 4707 Deus.
2682 4655 2786 4717 Qui
2836 4670 2964 4707 cum
3000 4654 3341 4724 Unigenitus
3386 4660 3517 4709 tuus
3561 4655 3621 4708 in

1935 4742 2252 4796 substantia
2292 4747 2503 4796 nostra:
2535 4741 2901 4796 mortalitatis
2933 4744 3218 4812 apparuit,
3256 4745 3316 4797 in
3346 4759 3493 4797 nova
3519 4759 3622 4796 nos

1932 4830 2382 4884 immortalitatis
2417 4846 2529 4883 suae
2561 4830 2684 4885 luce
2718 4832 3017 4900 reparavit.
3055 4834 3121 4885 Et
3149 4832 3298 4886 ideo.

2042 4953 2105 4992 IN
2160 4953 2347 4991 FESTO
2390 4951 2925 4991 PUIIIFICATIONIS
2960 4953 3218 4992 SANC'I‘B
3268 4952 3512 4992 MARI/E.

2006 5044 2127 5110 (ϐ.)
2211 5046 2436 5097 Ᾱσὲὶθῑηθ
2505 5045 2668 5097 Deus.
2748 5044 2892 5108 Quia
2948 5061 3051 5113 per
3103 5044 3381 5097 incarnati
3458 5045 3624 5097 Verbi

1938 5133 2289 5202 mysterium,
2357 5148 2502 5184 nova
2560 5132 2788 5195 mentis,
2862 5138 2991 5198 etc.,
3047 5138 3107 5185 ut
3164 5136 3220 5185 in
3280 5134 3455 5187 natali
3514 5136 3620 5187 Do-

1932 5224 2086 5276 mini.

2234 5323 2386 5363 DOM.
2439 5324 2487 5363 II
2534 5324 2685 5364 POST
2734 5324 3031 5363 NATALEM
3082 5324 3335 5364 DOIIINI.

2008 5399 2117 5470 (0.)
2176 5400 2401 5452 Aﬂterne
2456 5400 2621 5453 Deus.
2679 5398 2787 5463 Qui
2847 5404 3077 5468 peccato
3134 5400 3307 5468 primi
3366 5400 3620 5470 parentis

1935 5488 2231 5541 hominem
2278 5504 2309 5540 a
2350 5486 2548 5541 salutis
2596 5487 2805 5541 finibus
2852 5488 3223 5552 exsulantem,
3264 5488 3492 5557 pietatis
3541 5488 3629 5541 in-

1936 5575 2231 5646 dulgentia
2282 5575 2349 5629 ad
2394 5576 2619 5628 veniam
2670 5575 2958 5645 vitamque
3006 5574 3304 5639 revocasti,
3354 5576 3628 5631 mittendo
