  <div class='ocr_page' id='page_1' title='image "/cluster/home/n/w/nwhite01/storage/ocr_20150623/121/hvd.32044054759832/449.png"; bbox 0 0 4048 6170; ppageno 0'>
   <div class='ocr_carea' id='block_1_1' title="bbox 438 300 543 354">
    <p class='ocr_par' dir='ltr' id='par_1_1' title="bbox 438 300 543 354">
     <span class='ocr_line' id='line_1_1' title="bbox 438 300 543 354; baseline -0.01 0"><span class='ocrx_word' id='word_1_1' title='bbox 438 300 543 354; x_wconf 88' lang='lat'>887</span> 
     </span>
    </p>
   </div>
   <div class='ocr_carea' id='block_1_2' title="bbox 1574 293 3873 355">
    <p class='ocr_par' dir='ltr' id='par_1_2' title="bbox 1574 293 3873 355">
     <span class='ocr_line' id='line_1_2' title="bbox 1574 293 3873 355; baseline -0.001 -2"><span class='ocrx_word' id='word_1_2' title='bbox 1574 297 1919 355; x_wconf 78' lang='lat' dir='ltr'>GRIMALDI</span> <span class='ocrx_word' id='word_1_3' title='bbox 1960 299 2039 353; x_wconf 89' lang='lat' dir='ltr'>SA</span> <span class='ocrx_word' id='word_1_4' title='bbox 2050 295 2317 353; x_wconf 85' lang='lat' dir='ltr'>NGALLE</span> <span class='ocrx_word' id='word_1_5' title='bbox 2327 293 2473 351; x_wconf 84' lang='lat' dir='ltr'>NSIS</span> <span class='ocrx_word' id='word_1_6' title='bbox 2510 294 2803 350; x_wconf 82' lang='lat' dir='ltr'>ABBATIS</span> <span class='ocrx_word' id='word_1_7' title='bbox 3792 298 3873 350; x_wconf 86' lang='lat'>888</span> 
     </span>
    </p>
   </div>
   <div class='ocr_carea' id='block_1_3' title="bbox 440 429 3865 508">
    <p class='ocr_par' dir='ltr' id='par_1_3' title="bbox 440 429 3865 508">
     <span class='ocr_line' id='line_1_3' title="bbox 440 429 3865 508; baseline -0.002 -17"><span class='ocrx_word' id='word_1_8' title='bbox 440 436 606 493; x_wconf 91' lang='lat' dir='ltr'>nobis</span> <span class='ocrx_word' id='word_1_9' title='bbox 638 434 998 508; x_wconf 83' lang='lat' dir='ltr'>unigenitum</span> <span class='ocrx_word' id='word_1_10' title='bbox 1047 433 1252 489; x_wconf 88' lang='lat' dir='ltr'>Filium</span> <span class='ocrx_word' id='word_1_11' title='bbox 1296 438 1459 488; x_wconf 90' lang='lat' dir='ltr'>tuum</span> <span class='ocrx_word' id='word_1_12' title='bbox 1491 435 1796 489; x_wconf 89' lang='lat' dir='ltr'>Dominum</span> <span class='ocrx_word' id='word_1_13' title='bbox 1836 439 1893 490; x_wconf 92' lang='lat' dir='ltr'>et</span> <span class='ocrx_word' id='word_1_14' title='bbox 1920 435 2113 489; x_wconf 86' lang='lat' dir='ltr'>Salva-</span> <span class='ocrx_word' id='word_1_15' title='bbox 2150 434 2197 486; x_wconf 76' lang='grc' dir='ltr'><strong>Α</strong></span> <span class='ocrx_word' id='word_1_16' title='bbox 2224 432 2396 486; x_wconf 85' lang='lat' dir='ltr'>nullis</span> <span class='ocrx_word' id='word_1_17' title='bbox 2448 431 2885 486; x_wconf 89' lang='lat' dir='ltr'>adversitatibus</span> <span class='ocrx_word' id='word_1_18' title='bbox 2937 429 3145 485; x_wconf 87' lang='lat' dir='ltr'>obruta</span> <span class='ocrx_word' id='word_1_19' title='bbox 3194 432 3517 500; x_wconf 88' lang='lat' dir='ltr'>superetur.</span> <span class='ocrx_word' id='word_1_20' title='bbox 3582 432 3683 485; x_wconf 88' lang='lat' dir='ltr'>Per</span> <span class='ocrx_word' id='word_1_21' title='bbox 3731 432 3865 486; x_wconf 87' lang='lat' dir='ltr'>Chri-</span> 
     </span>
    </p>
   </div>
   <div class='ocr_carea' id='block_1_4' title="bbox 440 530 936 581">
    <p class='ocr_par' dir='ltr' id='par_1_4' title="bbox 440 530 936 581">
     <span class='ocr_line' id='line_1_4' title="bbox 440 530 936 581; baseline -0.008 -1"><span class='ocrx_word' id='word_1_22' title='bbox 440 530 626 581; x_wconf 90' lang='lat' dir='ltr'>torem</span> <span class='ocrx_word' id='word_1_23' title='bbox 656 530 936 579; x_wconf 90' lang='lat' dir='ltr'>nostrum.</span> 
     </span>
    </p>
   </div>
   <div class='ocr_carea' id='block_1_5' title="bbox 810 643 1764 685">
    <p class='ocr_par' dir='ltr' id='par_1_5' title="bbox 810 643 1764 685">
     <span class='ocr_line' id='line_1_5' title="bbox 810 643 1764 685; baseline 0 -2"><span class='ocrx_word' id='word_1_24' title='bbox 810 645 957 685; x_wconf 74' lang='lat' dir='ltr'>DOM.</span> <span class='ocrx_word' id='word_1_25' title='bbox 1007 645 1022 683; x_wconf 95' lang='lat' dir='ltr'>I</span> <span class='ocrx_word' id='word_1_26' title='bbox 1069 644 1221 684; x_wconf 89' lang='lat' dir='ltr'>POST</span> <span class='ocrx_word' id='word_1_27' title='bbox 1270 643 1764 683; x_wconf 69' lang='lat' dir='ltr'>THEOPHANIAM.</span> 
     </span>
    </p>
   </div>
   <div class='ocr_carea' id='block_1_6' title="bbox 513 734 2133 805">
    <p class='ocr_par' dir='ltr' id='par_1_6' title="bbox 513 734 2133 805">
     <span class='ocr_line' id='line_1_6' title="bbox 513 734 2133 805; baseline -0.002 -14"><span class='ocrx_word' id='word_1_28' title='bbox 513 740 739 792; x_wconf 68' lang='lat' dir='ltr'>Eterne</span> <span class='ocrx_word' id='word_1_29' title='bbox 777 739 942 791; x_wconf 88' lang='lat' dir='ltr'>Deus.</span> <span class='ocrx_word' id='word_1_30' title='bbox 994 736 1138 800; x_wconf 86' lang='lat' dir='ltr'>Quia</span> <span class='ocrx_word' id='word_1_31' title='bbox 1169 752 1297 788; x_wconf 89' lang='lat' dir='ltr'>cum</span> <span class='ocrx_word' id='word_1_32' title='bbox 1351 734 1687 805; x_wconf 89' lang='lat' dir='ltr'>Uuigenitus</span> <span class='ocrx_word' id='word_1_33' title='bbox 1716 742 1844 790; x_wconf 88' lang='lat' dir='ltr'>tuus</span> <span class='ocrx_word' id='word_1_34' title='bbox 1894 736 1953 790; x_wconf 92' lang='lat' dir='ltr'>in</span> <span class='ocrx_word' id='word_1_35' title='bbox 2000 735 2133 789; x_wconf 88' lang='lat' dir='ltr'>sub-</span> 
     </span>
    </p>
   </div>
   <div class='ocr_carea' id='block_1_7' title="bbox 442 824 1730 893">
    <p class='ocr_par' dir='ltr' id='par_1_7' title="bbox 442 824 1730 893">
     <span class='ocr_line' id='line_1_7' title="bbox 442 824 1730 893; baseline 0 -13"><span class='ocrx_word' id='word_1_36' title='bbox 442 826 664 880; x_wconf 68' lang='lat' dir='ltr'>stantia:</span> <span class='ocrx_word' id='word_1_37' title='bbox 690 830 898 880; x_wconf 88' lang='lat' dir='ltr'>nostrae</span> <span class='ocrx_word' id='word_1_38' title='bbox 924 824 1289 878; x_wconf 84' lang='lat' dir='ltr'>mortalitatis</span> <span class='ocrx_word' id='word_1_39' title='bbox 1317 824 1601 893; x_wconf 80' lang='lat' dir='ltr'>apparuit,</span> <span class='ocrx_word' id='word_1_40' title='bbox 1627 831 1730 881; x_wconf 85' lang='lat' dir='ltr'>etc.</span> 
     </span>
    </p>
   </div>
   <div class='ocr_carea' id='block_1_8' title="bbox 802 942 1786 984">
    <p class='ocr_par' dir='ltr' id='par_1_8' title="bbox 802 942 1786 984">
     <span class='ocr_line' id='line_1_8' title="bbox 802 942 1786 984; baseline 0.001 -1"><span class='ocrx_word' id='word_1_41' title='bbox 802 944 949 983; x_wconf 79' lang='lat' dir='ltr'>DOM.</span> <span class='ocrx_word' id='word_1_42' title='bbox 998 943 1046 982; x_wconf 88' lang='lat' dir='ltr'>II</span> <span class='ocrx_word' id='word_1_43' title='bbox 1094 942 1245 982; x_wconf 83' lang='lat' dir='ltr'>POST</span> <span class='ocrx_word' id='word_1_44' title='bbox 1290 943 1786 984; x_wconf 72' lang='lat' dir='ltr'>THEOPHANIAM.</span> 
     </span>
    </p>
   </div>
   <div class='ocr_carea' id='block_1_9' title="bbox 512 1034 2134 1104">
    <p class='ocr_par' dir='ltr' id='par_1_9' title="bbox 512 1034 2134 1104">
     <span class='ocr_line' id='line_1_9' title="bbox 512 1034 2134 1104; baseline -0.001 -15"><span class='ocrx_word' id='word_1_45' title='bbox 512 1036 637 1104; x_wconf 62' lang='grc' dir='ltr'>(Α.)</span> <span class='ocrx_word' id='word_1_46' title='bbox 683 1037 911 1089; x_wconf 72' lang='grc' dir='ltr'>Αῐῐθηιθ</span> <span class='ocrx_word' id='word_1_47' title='bbox 942 1037 1111 1089; x_wconf 87' lang='lat' dir='ltr'>Deus.</span> <span class='ocrx_word' id='word_1_48' title='bbox 1162 1034 1513 1104; x_wconf 89' lang='lat' dir='ltr'>Semperque</span> <span class='ocrx_word' id='word_1_49' title='bbox 1565 1035 1801 1089; x_wconf 84' lang='lat' dir='ltr'>virtutes</span> <span class='ocrx_word' id='word_1_50' title='bbox 1831 1040 1888 1089; x_wconf 92' lang='lat' dir='ltr'>et</span> <span class='ocrx_word' id='word_1_51' title='bbox 1935 1035 2134 1088; x_wconf 90' lang='lat' dir='ltr'>laudes</span> 
     </span>
    </p>
   </div>
   <div class='ocr_carea' id='block_1_10' title="bbox 442 1122 2139 1193">
    <p class='ocr_par' dir='ltr' id='par_1_10' title="bbox 442 1122 2139 1193">
     <span class='ocr_line' id='line_1_10' title="bbox 442 1122 2139 1193; baseline -0.002 -15"><span class='ocrx_word' id='word_1_52' title='bbox 442 1129 569 1178; x_wconf 90' lang='lat' dir='ltr'>tuas</span> <span class='ocrx_word' id='word_1_53' title='bbox 622 1125 786 1178; x_wconf 87' lang='lat' dir='ltr'>labiis</span> <span class='ocrx_word' id='word_1_54' title='bbox 833 1124 1202 1177; x_wconf 80' lang='lat' dir='ltr'>exultationis</span> <span class='ocrx_word' id='word_1_55' title='bbox 1244 1122 1425 1189; x_wconf 83' lang='lat' dir='ltr'>eﬁ&#39;ari,</span> <span class='ocrx_word' id='word_1_56' title='bbox 1479 1128 1609 1189; x_wconf 88' lang='lat' dir='ltr'>etc.,</span> <span class='ocrx_word' id='word_1_57' title='bbox 1664 1130 1725 1177; x_wconf 93' lang='lat' dir='ltr'>ut</span> <span class='ocrx_word' id='word_1_58' title='bbox 1767 1139 1939 1193; x_wconf 85' lang='lat' dir='ltr'>supra</span> <span class='ocrx_word' id='word_1_59' title='bbox 1984 1124 2139 1177; x_wconf 90' lang='lat' dir='ltr'>inter</span> 
     </span>
    </p>
   </div>
   <div class='ocr_carea' id='block_1_11' title="bbox 448 1214 865 1267">
    <p class='ocr_par' dir='ltr' id='par_1_11' title="bbox 448 1214 865 1267">
     <span class='ocr_line' id='line_1_11' title="bbox 448 1214 865 1267; baseline -0.005 0"><span class='ocrx_word' id='word_1_60' title='bbox 448 1214 865 1267; x_wconf 73' lang='lat' dir='ltr'>Ambrosianus.</span> 
     </span>
    </p>
   </div>
   <div class='ocr_carea' id='block_1_12' title="bbox 789 1331 1807 1373">
    <p class='ocr_par' dir='ltr' id='par_1_12' title="bbox 789 1331 1807 1373">
     <span class='ocr_line' id='line_1_12' title="bbox 789 1331 1807 1373; baseline -0.003 0"><span class='ocrx_word' id='word_1_61' title='bbox 789 1334 937 1373; x_wconf 74' lang='lat' dir='ltr'>DOM.</span> <span class='ocrx_word' id='word_1_62' title='bbox 985 1333 1064 1372; x_wconf 87' lang='lat' dir='ltr'>III</span> <span class='ocrx_word' id='word_1_63' title='bbox 1111 1332 1262 1372; x_wconf 87' lang='lat' dir='ltr'>POST</span> <span class='ocrx_word' id='word_1_64' title='bbox 1308 1331 1807 1372; x_wconf 70' lang='grc' dir='ltr'>ΤΗΕΟΡΗΛΝῙΛΗ.</span> 
     </span>
    </p>
   </div>
   <div class='ocr_carea' id='block_1_13' title="bbox 516 1421 2137 1495">
    <p class='ocr_par' dir='ltr' id='par_1_13' title="bbox 516 1421 2137 1495">
     <span class='ocr_line' id='line_1_13' title="bbox 516 1421 2137 1495; baseline -0.003 -16"><span class='ocrx_word' id='word_1_65' title='bbox 516 1424 636 1495; x_wconf 83' lang='grc' dir='ltr'>(Α.)</span> <span class='ocrx_word' id='word_1_66' title='bbox 684 1425 910 1478; x_wconf 66' lang='lat' dir='ltr'>Eterne</span> <span class='ocrx_word' id='word_1_67' title='bbox 942 1426 1109 1477; x_wconf 90' lang='lat' dir='ltr'>Deus.</span> <span class='ocrx_word' id='word_1_68' title='bbox 1155 1425 1219 1476; x_wconf 91' lang='lat' dir='ltr'>Et</span> <span class='ocrx_word' id='word_1_69' title='bbox 1248 1429 1301 1476; x_wconf 89' lang='lat' dir='ltr'>te</span> <span class='ocrx_word' id='word_1_70' title='bbox 1334 1422 1393 1475; x_wconf 92' lang='lat' dir='ltr'>in</span> <span class='ocrx_word' id='word_1_71' title='bbox 1426 1422 1587 1475; x_wconf 92' lang='lat' dir='ltr'>omni</span> <span class='ocrx_word' id='word_1_72' title='bbox 1618 1428 1876 1493; x_wconf 89' lang='lat' dir='ltr'>tempore</span> <span class='ocrx_word' id='word_1_73' title='bbox 1924 1421 2137 1475; x_wconf 86' lang='lat' dir='ltr'>collau-</span> 
     </span>
    </p>
   </div>
   <div class='ocr_carea' id='block_1_14' title="bbox 448 1512 2141 1583">
    <p class='ocr_par' dir='ltr' id='par_1_14' title="bbox 448 1512 2141 1583">
     <span class='ocr_line' id='line_1_14' title="bbox 448 1512 2141 1583; baseline -0.002 -16"><span class='ocrx_word' id='word_1_74' title='bbox 448 1513 601 1579; x_wconf 87' lang='lat' dir='ltr'>dare,</span> <span class='ocrx_word' id='word_1_75' title='bbox 637 1519 693 1567; x_wconf 89' lang='lat' dir='ltr'>et</span> <span class='ocrx_word' id='word_1_76' title='bbox 721 1513 1080 1581; x_wconf 85' lang='lat' dir='ltr'>benedicere,</span> <span class='ocrx_word' id='word_1_77' title='bbox 1112 1512 1247 1583; x_wconf 91' lang='lat' dir='ltr'>quia</span> <span class='ocrx_word' id='word_1_78' title='bbox 1274 1513 1335 1565; x_wconf 91' lang='lat' dir='ltr'>in</span> <span class='ocrx_word' id='word_1_79' title='bbox 1367 1518 1421 1566; x_wconf 89' lang='lat' dir='ltr'>te</span> <span class='ocrx_word' id='word_1_80' title='bbox 1452 1513 1717 1575; x_wconf 84' lang='lat' dir='ltr'>vivimus,</span> <span class='ocrx_word' id='word_1_81' title='bbox 1748 1517 1877 1576; x_wconf 90' lang='lat' dir='ltr'>etc.,</span> <span class='ocrx_word' id='word_1_82' title='bbox 1909 1516 1969 1565; x_wconf 78' lang='lat' dir='ltr'>ut</span> <span class='ocrx_word' id='word_1_83' title='bbox 1998 1513 2141 1564; x_wconf 80' lang='lat' dir='ltr'>inter</span> 
     </span>
    </p>
   </div>
   <div class='ocr_carea' id='block_1_15' title="bbox 446 1603 853 1657">
    <p class='ocr_par' dir='ltr' id='par_1_15' title="bbox 446 1603 853 1657">
     <span class='ocr_line' id='line_1_15' title="bbox 446 1603 853 1657; baseline -0.007 0"><span class='ocrx_word' id='word_1_84' title='bbox 446 1603 853 1657; x_wconf 77' lang='lat' dir='ltr'>Ambrosianus.</span> 
     </span>
    </p>
   </div>
   <div class='ocr_carea' id='block_1_16' title="bbox 795 1714 1795 1757">
    <p class='ocr_par' dir='ltr' id='par_1_16' title="bbox 795 1714 1795 1757">
     <span class='ocr_line' id='line_1_16' title="bbox 795 1714 1795 1757; baseline -0.004 0"><span class='ocrx_word' id='word_1_85' title='bbox 795 1717 945 1757; x_wconf 74' lang='lat' dir='ltr'>DOM.</span> <span class='ocrx_word' id='word_1_86' title='bbox 991 1716 1057 1755; x_wconf 79' lang='lat' dir='ltr'><strong>IV</strong></span> <span class='ocrx_word' id='word_1_87' title='bbox 1100 1715 1252 1757; x_wconf 86' lang='lat' dir='ltr'>POST</span> <span class='ocrx_word' id='word_1_88' title='bbox 1298 1714 1795 1756; x_wconf 74' lang='lat' dir='ltr'><strong>THEOPHANIAII.</strong></span> 
     </span>
    </p>
   </div>
   <div class='ocr_carea' id='block_1_17' title="bbox 517 1806 2126 1877">
    <p class='ocr_par' dir='ltr' id='par_1_17' title="bbox 517 1806 2126 1877">
     <span class='ocr_line' id='line_1_17' title="bbox 517 1806 2126 1877; baseline -0.003 -13"><span class='ocrx_word' id='word_1_89' title='bbox 517 1813 743 1864; x_wconf 66' lang='lat' dir='ltr'>Eterne</span> <span class='ocrx_word' id='word_1_90' title='bbox 798 1811 963 1863; x_wconf 90' lang='lat' dir='ltr'>Deus.</span> <span class='ocrx_word' id='word_1_91' title='bbox 1015 1807 1124 1871; x_wconf 85' lang='lat' dir='ltr'>Qui</span> <span class='ocrx_word' id='word_1_92' title='bbox 1177 1823 1360 1877; x_wconf 88' lang='lat' dir='ltr'>genus</span> <span class='ocrx_word' id='word_1_93' title='bbox 1411 1808 1731 1859; x_wconf 89' lang='lat' dir='ltr'>humanum</span> <span class='ocrx_word' id='word_1_94' title='bbox 1786 1806 2126 1875; x_wconf 79' lang='lat' dir='ltr'>praevarica-</span> 
     </span>
    </p>
   </div>
   <div class='ocr_carea' id='block_1_18' title="bbox 447 1895 2144 1967">
    <p class='ocr_par' dir='ltr' id='par_1_18' title="bbox 447 1895 2144 1967">
     <span class='ocr_line' id='line_1_18' title="bbox 447 1895 2144 1967; baseline -0.004 -13"><span class='ocrx_word' id='word_1_95' title='bbox 447 1900 604 1954; x_wconf 87' lang='lat' dir='ltr'>tione</span> <span class='ocrx_word' id='word_1_96' title='bbox 656 1898 849 1953; x_wconf 89' lang='lat' dir='ltr'>suain</span> <span class='ocrx_word' id='word_1_97' title='bbox 900 1897 1079 1967; x_wconf 80' lang='lat' dir='ltr'>ipsius</span> <span class='ocrx_word' id='word_1_98' title='bbox 1128 1896 1366 1966; x_wconf 84' lang='lat' dir='ltr'>originis</span> <span class='ocrx_word' id='word_1_99' title='bbox 1400 1896 1587 1949; x_wconf 90' lang='lat' dir='ltr'>radice</span> <span class='ocrx_word' id='word_1_100' title='bbox 1638 1895 1994 1962; x_wconf 88' lang='lat' dir='ltr'>damnatum,</span> <span class='ocrx_word' id='word_1_101' title='bbox 2039 1911 2144 1965; x_wconf 90' lang='lat' dir='ltr'>per</span> 
     </span>
    </p>
   </div>
   <div class='ocr_carea' id='block_1_19' title="bbox 448 1984 2145 2056">
    <p class='ocr_par' dir='ltr' id='par_1_19' title="bbox 448 1984 2145 2056">
     <span class='ocr_line' id='line_1_19' title="bbox 448 1984 2145 2056; baseline -0.003 -14"><span class='ocrx_word' id='word_1_102' title='bbox 448 1988 651 2042; x_wconf 89' lang='lat' dir='ltr'>ﬂorem</span> <span class='ocrx_word' id='word_1_103' title='bbox 693 1987 985 2056; x_wconf 76' lang='lat' dir='ltr'>virginalis</span> <span class='ocrx_word' id='word_1_104' title='bbox 1020 1986 1171 2039; x_wconf 91' lang='lat' dir='ltr'>uteri</span> <span class='ocrx_word' id='word_1_105' title='bbox 1212 1985 1450 2038; x_wconf 89' lang='lat' dir='ltr'>reddere</span> <span class='ocrx_word' id='word_1_106' title='bbox 1498 1984 1765 2053; x_wconf 88' lang='lat' dir='ltr'>dignatus</span> <span class='ocrx_word' id='word_1_107' title='bbox 1812 2000 1870 2037; x_wconf 91' lang='lat' dir='ltr'>es</span> <span class='ocrx_word' id='word_1_108' title='bbox 1913 1984 2145 2037; x_wconf 90' lang='lat' dir='ltr'>absolu-</span> 
     </span>
    </p>
   </div>
   <div class='ocr_carea' id='block_1_20' title="bbox 448 2073 2145 2144">
    <p class='ocr_par' dir='ltr' id='par_1_20' title="bbox 448 2073 2145 2144">
     <span class='ocr_line' id='line_1_20' title="bbox 448 2073 2145 2144; baseline -0.002 -15"><span class='ocrx_word' id='word_1_109' title='bbox 448 2081 595 2140; x_wconf 85' lang='lat' dir='ltr'>tum,</span> <span class='ocrx_word' id='word_1_110' title='bbox 645 2082 704 2128; x_wconf 93' lang='lat' dir='ltr'>ut</span> <span class='ocrx_word' id='word_1_111' title='bbox 734 2075 1028 2127; x_wconf 86' lang='lat' dir='ltr'>hominem</span> <span class='ocrx_word' id='word_1_112' title='bbox 1067 2090 1239 2144; x_wconf 90' lang='lat' dir='ltr'>quem</span> <span class='ocrx_word' id='word_1_113' title='bbox 1284 2073 1646 2143; x_wconf 79' lang='lat' dir='ltr'>unigenitum</span> <span class='ocrx_word' id='word_1_114' title='bbox 1679 2088 1991 2140; x_wconf 88' lang='lat' dir='ltr'>creaveras,</span> <span class='ocrx_word' id='word_1_115' title='bbox 2043 2088 2145 2142; x_wconf 91' lang='lat' dir='ltr'>per</span> 
     </span>
    </p>
   </div>
   <div class='ocr_carea' id='block_1_21' title="bbox 453 2160 2143 2218">
    <p class='ocr_par' dir='ltr' id='par_1_21' title="bbox 453 2160 2143 2218">
     <span class='ocr_line' id='line_1_21' title="bbox 453 2160 2143 2218; baseline -0.003 0"><span class='ocrx_word' id='word_1_116' title='bbox 453 2166 659 2218; x_wconf 86' lang='lat' dir='ltr'>Filium</span> <span class='ocrx_word' id='word_1_117' title='bbox 706 2168 870 2216; x_wconf 90' lang='lat' dir='ltr'>tuum</span> <span class='ocrx_word' id='word_1_118' title='bbox 920 2164 1102 2215; x_wconf 91' lang='lat' dir='ltr'>Deum</span> <span class='ocrx_word' id='word_1_119' title='bbox 1132 2166 1189 2214; x_wconf 89' lang='lat' dir='ltr'>et</span> <span class='ocrx_word' id='word_1_120' title='bbox 1218 2160 1515 2214; x_wconf 86' lang='lat' dir='ltr'>hominem</span> <span class='ocrx_word' id='word_1_121' title='bbox 1560 2175 1865 2213; x_wconf 88' lang='lat' dir='ltr'>recreares.</span> <span class='ocrx_word' id='word_1_122' title='bbox 1907 2161 1972 2213; x_wconf 86' lang='lat' dir='ltr'>Et</span> <span class='ocrx_word' id='word_1_123' title='bbox 2018 2160 2143 2214; x_wconf 88' lang='lat' dir='ltr'>dia-</span> 
     </span>
    </p>
   </div>
   <div class='ocr_carea' id='block_1_22' title="bbox 452 2248 2145 2321">
    <p class='ocr_par' dir='ltr' id='par_1_22' title="bbox 452 2248 2145 2321">
     <span class='ocr_line' id='line_1_22' title="bbox 452 2248 2145 2321; baseline -0.003 -15"><span class='ocrx_word' id='word_1_124' title='bbox 452 2253 621 2306; x_wconf 88' lang='lat' dir='ltr'>bolus</span> <span class='ocrx_word' id='word_1_125' title='bbox 667 2251 766 2321; x_wconf 92' lang='lat' dir='ltr'>qui</span> <span class='ocrx_word' id='word_1_126' title='bbox 796 2250 979 2304; x_wconf 77' lang='lat' dir='ltr'>Adam</span> <span class='ocrx_word' id='word_1_127' title='bbox 1010 2250 1070 2302; x_wconf 94' lang='lat' dir='ltr'>in</span> <span class='ocrx_word' id='word_1_128' title='bbox 1120 2249 1313 2319; x_wconf 82' lang='lat' dir='ltr'>fragili</span> <span class='ocrx_word' id='word_1_129' title='bbox 1345 2263 1513 2302; x_wconf 87' lang='lat' dir='ltr'>carne</span> <span class='ocrx_word' id='word_1_130' title='bbox 1559 2248 1863 2313; x_wconf 87' lang='lat' dir='ltr'>devicerat,</span> <span class='ocrx_word' id='word_1_131' title='bbox 1910 2264 2145 2301; x_wconf 90' lang='lat' dir='ltr'>conser-</span> 
     </span>
    </p>
   </div>
   <div class='ocr_carea' id='block_1_23' title="bbox 452 2335 2147 2410">
    <p class='ocr_par' dir='ltr' id='par_1_23' title="bbox 452 2335 2147 2410">
     <span class='ocr_line' id='line_1_23' title="bbox 452 2335 2147 2410; baseline -0.004 -17"><span class='ocrx_word' id='word_1_132' title='bbox 452 2344 579 2393; x_wconf 89' lang='lat' dir='ltr'>vata</span> <span class='ocrx_word' id='word_1_133' title='bbox 620 2338 863 2410; x_wconf 89' lang='lat' dir='ltr'>justitia,</span> <span class='ocrx_word' id='word_1_134' title='bbox 906 2352 939 2390; x_wconf 88' lang='lat' dir='ltr'>a</span> <span class='ocrx_word' id='word_1_135' title='bbox 970 2338 1085 2391; x_wconf 88' lang='lat' dir='ltr'>Deo</span> <span class='ocrx_word' id='word_1_136' title='bbox 1135 2352 1305 2390; x_wconf 91' lang='lat' dir='ltr'>carne</span> <span class='ocrx_word' id='word_1_137' title='bbox 1334 2335 1659 2389; x_wconf 83' lang='lat' dir='ltr'>vinceretur</span> <span class='ocrx_word' id='word_1_138' title='bbox 1698 2340 2009 2405; x_wconf 87' lang='lat' dir='ltr'>assumpta.</span> <span class='ocrx_word' id='word_1_139' title='bbox 2042 2337 2147 2388; x_wconf 89' lang='lat' dir='ltr'>Per</span> 
     </span>
    </p>
   </div>
   <div class='ocr_carea' id='block_1_24' title="bbox 453 2427 883 2499">
    <p class='ocr_par' dir='ltr' id='par_1_24' title="bbox 453 2427 883 2499">
     <span class='ocr_line' id='line_1_24' title="bbox 453 2427 883 2499; baseline 0 -18"><span class='ocrx_word' id='word_1_140' title='bbox 453 2444 627 2499; x_wconf 88' lang='lat' dir='ltr'>quem</span> <span class='ocrx_word' id='word_1_141' title='bbox 661 2427 883 2498; x_wconf 88' lang='lat' dir='ltr'>majest.</span> 
     </span>
    </p>
   </div>
   <div class='ocr_carea' id='block_1_25' title="bbox 813 2544 1785 2586">
    <p class='ocr_par' dir='ltr' id='par_1_25' title="bbox 813 2544 1785 2586">
     <span class='ocr_line' id='line_1_25' title="bbox 813 2544 1785 2586; baseline -0.004 0"><span class='ocrx_word' id='word_1_142' title='bbox 813 2546 962 2586; x_wconf 73' lang='lat' dir='ltr'>DOM.</span> <span class='ocrx_word' id='word_1_143' title='bbox 1010 2546 1045 2585; x_wconf 69' lang='grc' dir='ltr'><strong>Υ</strong></span> <span class='ocrx_word' id='word_1_144' title='bbox 1091 2545 1244 2585; x_wconf 76' lang='lat' dir='ltr'>POST</span> <span class='ocrx_word' id='word_1_145' title='bbox 1289 2544 1785 2585; x_wconf 74' lang='lat' dir='ltr'>THEOPHANIAM.</span> 
     </span>
    </p>
   </div>
   <div class='ocr_carea' id='block_1_26' title="bbox 529 2634 2149 2705">
    <p class='ocr_par' dir='ltr' id='par_1_26' title="bbox 529 2634 2149 2705">
     <span class='ocr_line' id='line_1_26' title="bbox 529 2634 2149 2705; baseline -0.001 -14"><span class='ocrx_word' id='word_1_146' title='bbox 529 2638 653 2705; x_wconf 83' lang='grc' dir='ltr'>(Α.)</span> <span class='ocrx_word' id='word_1_147' title='bbox 703 2636 931 2690; x_wconf 73' lang='grc' dir='ltr'>ιΕὶθιὌθ</span> <span class='ocrx_word' id='word_1_148' title='bbox 975 2637 1145 2689; x_wconf 90' lang='lat' dir='ltr'>Deus.</span> <span class='ocrx_word' id='word_1_149' title='bbox 1181 2636 1251 2689; x_wconf 89' lang='lat' dir='ltr'>Ut</span> <span class='ocrx_word' id='word_1_150' title='bbox 1279 2634 1381 2687; x_wconf 87' lang='lat' dir='ltr'>tibi</span> <span class='ocrx_word' id='word_1_151' title='bbox 1412 2635 1557 2688; x_wconf 91' lang='lat' dir='ltr'>hanc</span> <span class='ocrx_word' id='word_1_152' title='bbox 1586 2634 1995 2688; x_wconf 89' lang='lat' dir='ltr'>immolationis</span> <span class='ocrx_word' id='word_1_153' title='bbox 2040 2634 2149 2689; x_wconf 93' lang='lat' dir='ltr'>ho-</span> 
     </span>
    </p>
   </div>
   <div class='ocr_carea' id='block_1_27' title="bbox 458 2722 2147 2794">
    <p class='ocr_par' dir='ltr' id='par_1_27' title="bbox 458 2722 2147 2794">
     <span class='ocr_line' id='line_1_27' title="bbox 458 2722 2147 2794; baseline -0.001 -15"><span class='ocrx_word' id='word_1_154' title='bbox 458 2726 628 2779; x_wconf 90' lang='lat' dir='ltr'>stiam</span> <span class='ocrx_word' id='word_1_155' title='bbox 671 2725 897 2787; x_wconf 78' lang='lat' dir='ltr'>offerre,</span> <span class='ocrx_word' id='word_1_156' title='bbox 939 2740 1069 2794; x_wconf 81' lang='lat' dir='ltr'>quae</span> <span class='ocrx_word' id='word_1_157' title='bbox 1112 2722 1426 2789; x_wconf 86' lang='lat' dir='ltr'>salutifero,</span> <span class='ocrx_word' id='word_1_158' title='bbox 1459 2726 1588 2791; x_wconf 89' lang='lat' dir='ltr'>etc.,</span> <span class='ocrx_word' id='word_1_159' title='bbox 1633 2730 1692 2777; x_wconf 79' lang='lat' dir='ltr'>ut</span> <span class='ocrx_word' id='word_1_160' title='bbox 1722 2724 1865 2777; x_wconf 78' lang='lat' dir='ltr'>inter</span> <span class='ocrx_word' id='word_1_161' title='bbox 1911 2723 2147 2778; x_wconf 75' lang='lat' dir='ltr'>Ambro-</span> 
     </span>
    </p>
   </div>
   <div class='ocr_carea' id='block_1_28' title="bbox 458 2816 667 2869">
    <p class='ocr_par' dir='ltr' id='par_1_28' title="bbox 458 2816 667 2869">
     <span class='ocr_line' id='line_1_28' title="bbox 458 2816 667 2869; baseline -0.005 0"><span class='ocrx_word' id='word_1_162' title='bbox 458 2816 667 2869; x_wconf 80' lang='lat' dir='ltr'>sianas.</span> 
     </span>
    </p>
   </div>
   <div class='ocr_carea' id='block_1_29' title="bbox 1229 2883 1379 2937">
    <p class='ocr_par' dir='ltr' id='par_1_29' title="bbox 1229 2883 1379 2937">
     <span class='ocr_line' id='line_1_29' title="bbox 1229 2883 1379 2937; baseline 0 0"><span class='ocrx_word' id='word_1_163' title='bbox 1229 2883 1379 2937; x_wconf 79' lang='lat' dir='ltr'>Alia.</span> 
     </span>
    </p>
   </div>
   <div class='ocr_carea' id='block_1_30' title="bbox 2242 526 2413 575">
    <p class='ocr_par' dir='ltr' id='par_1_30' title="bbox 2242 526 2413 575">
     <span class='ocr_line' id='line_1_30' title="bbox 2242 526 2413 575; baseline -0.006 0"><span class='ocrx_word' id='word_1_164' title='bbox 2242 526 2413 575; x_wconf 89' lang='lat' dir='ltr'>stum.</span> 
     </span>
    </p>
   </div>
   <div class='ocr_carea' id='block_1_31' title="bbox 2640 621 3555 671">
    <p class='ocr_par' dir='ltr' id='par_1_31' title="bbox 2640 621 3555 671">
     <span class='ocr_line' id='line_1_31' title="bbox 2640 621 3555 671; baseline -0.004 -8"><span class='ocrx_word' id='word_1_165' title='bbox 2640 624 2787 664; x_wconf 69' lang='lat' dir='ltr'>DOM.</span> <span class='ocrx_word' id='word_1_166' title='bbox 2836 623 2900 662; x_wconf 77' lang='lat' dir='ltr'>IN</span> <span class='ocrx_word' id='word_1_167' title='bbox 2947 621 3505 671; x_wconf 72' lang='lat' dir='ltr'><strong>QUINQUAGBSIMA.</strong></span> <span class='ocrx_word' id='word_1_168' title='bbox 3550 664 3555 669; x_wconf 30' lang='grc' dir='ltr'><strong><em>ι</em></strong></span> 
     </span>
    </p>
   </div>
   <div class='ocr_carea' id='block_1_32' title="bbox 2314 714 3880 785">
    <p class='ocr_par' dir='ltr' id='par_1_32' title="bbox 2314 714 3880 785">
     <span class='ocr_line' id='line_1_32' title="bbox 2314 714 3880 785; baseline 0.001 -16"><span class='ocrx_word' id='word_1_169' title='bbox 2314 714 2545 769; x_wconf 69' lang='lat' dir='ltr'>Eterne</span> <span class='ocrx_word' id='word_1_170' title='bbox 2585 716 2753 769; x_wconf 89' lang='lat' dir='ltr'>Deus.</span> <span class='ocrx_word' id='word_1_171' title='bbox 2802 716 2867 767; x_wconf 85' lang='lat' dir='ltr'>Et</span> <span class='ocrx_word' id='word_1_172' title='bbox 2910 714 3268 784; x_wconf 89' lang='lat' dir='ltr'>majestatem</span> <span class='ocrx_word' id='word_1_173' title='bbox 3310 718 3467 767; x_wconf 92' lang='lat' dir='ltr'>tuam</span> <span class='ocrx_word' id='word_1_174' title='bbox 3499 730 3698 767; x_wconf 92' lang='lat' dir='ltr'>cernua</span> <span class='ocrx_word' id='word_1_175' title='bbox 3732 715 3801 785; x_wconf 78' lang='lat' dir='ltr'>[id</span> <span class='ocrx_word' id='word_1_176' title='bbox 3822 722 3880 770; x_wconf 75' lang='lat' dir='ltr'>est</span> 
     </span>
    </p>
   </div>
   <div class='ocr_carea' id='block_1_33' title="bbox 2244 802 3881 872">
    <p class='ocr_par' dir='ltr' id='par_1_33' title="bbox 2244 802 3881 872">
     <span class='ocr_line' id='line_1_33' title="bbox 2244 802 3881 872; baseline 0 -16"><span class='ocrx_word' id='word_1_177' title='bbox 2244 803 2533 872; x_wconf 90' lang='lat' dir='ltr'>continua]</span> <span class='ocrx_word' id='word_1_178' title='bbox 2584 804 2885 857; x_wconf 81' lang='lat' dir='ltr'>devotione</span> <span class='ocrx_word' id='word_1_179' title='bbox 2941 817 3195 869; x_wconf 72' lang='lat' dir='ltr'>exorare,</span> <span class='ocrx_word' id='word_1_180' title='bbox 3241 806 3305 855; x_wconf 92' lang='lat' dir='ltr'>ut</span> <span class='ocrx_word' id='word_1_181' title='bbox 3351 802 3644 855; x_wconf 87' lang='lat' dir='ltr'>modulum</span> <span class='ocrx_word' id='word_1_182' title='bbox 3687 808 3881 857; x_wconf 71' lang='lat' dir='ltr'>terrena:</span> 
     </span>
    </p>
   </div>
   <div class='ocr_carea' id='block_1_34' title="bbox 2244 890 3882 961">
    <p class='ocr_par' dir='ltr' id='par_1_34' title="bbox 2244 890 3882 961">
     <span class='ocr_line' id='line_1_34' title="bbox 2244 890 3882 961; baseline -0.001 -16"><span class='ocrx_word' id='word_1_183' title='bbox 2244 890 2572 961; x_wconf 85' lang='lat' dir='ltr'>fragilitatis</span> <span class='ocrx_word' id='word_1_184' title='bbox 2621 891 2921 961; x_wconf 87' lang='lat' dir='ltr'>aspiciens,</span> <span class='ocrx_word' id='word_1_185' title='bbox 2964 907 3081 943; x_wconf 84' lang='lat' dir='ltr'>non</span> <span class='ocrx_word' id='word_1_186' title='bbox 3112 890 3172 943; x_wconf 91' lang='lat' dir='ltr'>in</span> <span class='ocrx_word' id='word_1_187' title='bbox 3200 890 3285 943; x_wconf 91' lang='lat' dir='ltr'>ira</span> <span class='ocrx_word' id='word_1_188' title='bbox 3315 894 3412 943; x_wconf 87' lang='lat' dir='ltr'>tua</span> <span class='ocrx_word' id='word_1_189' title='bbox 3442 906 3544 960; x_wconf 89' lang='lat' dir='ltr'>pro</span> <span class='ocrx_word' id='word_1_190' title='bbox 3577 896 3757 944; x_wconf 86' lang='lat' dir='ltr'>nostra</span> <span class='ocrx_word' id='word_1_191' title='bbox 3780 907 3882 961; x_wconf 86' lang='lat' dir='ltr'>pra-</span> 
     </span>
    </p>
   </div>
   <div class='ocr_carea' id='block_1_35' title="bbox 2243 978 3883 1050">
    <p class='ocr_par' dir='ltr' id='par_1_35' title="bbox 2243 978 3883 1050">
     <span class='ocr_line' id='line_1_35' title="bbox 2243 978 3883 1050; baseline 0 -18"><span class='ocrx_word' id='word_1_192' title='bbox 2243 978 2419 1033; x_wconf 83' lang='lat' dir='ltr'>vitate</span> <span class='ocrx_word' id='word_1_193' title='bbox 2458 995 2560 1033; x_wconf 90' lang='lat' dir='ltr'>nos</span> <span class='ocrx_word' id='word_1_194' title='bbox 2590 995 2816 1049; x_wconf 82' lang='lat' dir='ltr'>arguas,</span> <span class='ocrx_word' id='word_1_195' title='bbox 2851 979 2950 1033; x_wconf 88' lang='lat' dir='ltr'>sed</span> <span class='ocrx_word' id='word_1_196' title='bbox 2991 979 3275 1032; x_wconf 90' lang='lat' dir='ltr'>immensa</span> <span class='ocrx_word' id='word_1_197' title='bbox 3303 979 3605 1032; x_wconf 90' lang='lat' dir='ltr'>clementia</span> <span class='ocrx_word' id='word_1_198' title='bbox 3634 984 3722 1033; x_wconf 82' lang='lat' dir='ltr'>tua</span> <span class='ocrx_word' id='word_1_199' title='bbox 3761 980 3883 1050; x_wconf 87' lang='lat' dir='ltr'>puri-</span> 
     </span>
    </p>
   </div>
   <div class='ocr_carea' id='block_1_36' title="bbox 2246 1067 3880 1136">
    <p class='ocr_par' dir='ltr' id='par_1_36' title="bbox 2246 1067 3880 1136">
     <span class='ocr_line' id='line_1_36' title="bbox 2246 1067 3880 1136; baseline -0.001 -15"><span class='ocrx_word' id='word_1_200' title='bbox 2246 1067 2398 1133; x_wconf 90' lang='lat' dir='ltr'>ﬁces,</span> <span class='ocrx_word' id='word_1_201' title='bbox 2432 1067 2680 1136; x_wconf 86' lang='lat' dir='ltr'>erudias,</span> <span class='ocrx_word' id='word_1_202' title='bbox 2712 1067 3044 1121; x_wconf 91' lang='lat' dir='ltr'>consoleris.</span> <span class='ocrx_word' id='word_1_203' title='bbox 3079 1067 3187 1131; x_wconf 88' lang='lat' dir='ltr'>Qui</span> <span class='ocrx_word' id='word_1_204' title='bbox 3219 1083 3351 1120; x_wconf 91' lang='lat' dir='ltr'>cum</span> <span class='ocrx_word' id='word_1_205' title='bbox 3381 1067 3503 1120; x_wconf 88' lang='lat' dir='ltr'>sine</span> <span class='ocrx_word' id='word_1_206' title='bbox 3535 1072 3589 1120; x_wconf 90' lang='lat' dir='ltr'>te</span> <span class='ocrx_word' id='word_1_207' title='bbox 3617 1067 3750 1120; x_wconf 86' lang='lat' dir='ltr'>nihil</span> <span class='ocrx_word' id='word_1_208' title='bbox 3779 1084 3880 1136; x_wconf 88' lang='lat' dir='ltr'>pos-</span> 
     </span>
    </p>
   </div>
   <div class='ocr_carea' id='block_1_37' title="bbox 2245 1154 3887 1226">
    <p class='ocr_par' dir='ltr' id='par_1_37' title="bbox 2245 1154 3887 1226">
     <span class='ocr_line' id='line_1_37' title="bbox 2245 1154 3887 1226; baseline -0.001 -17"><span class='ocrx_word' id='word_1_209' title='bbox 2245 1156 2423 1209; x_wconf 89' lang='lat' dir='ltr'>simus</span> <span class='ocrx_word' id='word_1_210' title='bbox 2456 1157 2641 1210; x_wconf 87' lang='lat' dir='ltr'>facere</span> <span class='ocrx_word' id='word_1_211' title='bbox 2674 1157 2824 1226; x_wconf 90' lang='lat' dir='ltr'>quod</span> <span class='ocrx_word' id='word_1_212' title='bbox 2856 1154 2959 1210; x_wconf 87' lang='lat' dir='ltr'>tibi</span> <span class='ocrx_word' id='word_1_213' title='bbox 2994 1155 3068 1208; x_wconf 91' lang='lat' dir='ltr'>sit</span> <span class='ocrx_word' id='word_1_214' title='bbox 3094 1155 3389 1225; x_wconf 87' lang='lat' dir='ltr'>placitum,</span> <span class='ocrx_word' id='word_1_215' title='bbox 3436 1160 3532 1208; x_wconf 89' lang='lat' dir='ltr'>tua</span> <span class='ocrx_word' id='word_1_216' title='bbox 3564 1155 3718 1209; x_wconf 92' lang='lat' dir='ltr'>nobis</span> <span class='ocrx_word' id='word_1_217' title='bbox 3745 1156 3887 1225; x_wconf 84' lang='lat' dir='ltr'>gratia</span> 
     </span>
    </p>
   </div>
   <div class='ocr_carea' id='block_1_38' title="bbox 2246 1242 3884 1313">
    <p class='ocr_par' dir='ltr' id='par_1_38' title="bbox 2246 1242 3884 1313">
     <span class='ocr_line' id='line_1_38' title="bbox 2246 1242 3884 1313; baseline -0.002 -16"><span class='ocrx_word' id='word_1_218' title='bbox 2246 1245 2370 1297; x_wconf 91' lang='lat' dir='ltr'>sola</span> <span class='ocrx_word' id='word_1_219' title='bbox 2428 1243 2720 1313; x_wconf 68' lang='lat' dir='ltr'>pra-stabit</span> <span class='ocrx_word' id='word_1_220' title='bbox 2786 1250 2848 1296; x_wconf 91' lang='lat' dir='ltr'>ut</span> <span class='ocrx_word' id='word_1_221' title='bbox 2903 1242 3122 1296; x_wconf 88' lang='lat' dir='ltr'>salubri</span> <span class='ocrx_word' id='word_1_222' title='bbox 3170 1243 3596 1295; x_wconf 89' lang='lat' dir='ltr'>conversatione</span> <span class='ocrx_word' id='word_1_223' title='bbox 3655 1243 3884 1295; x_wconf 81' lang='lat' dir='ltr'>vivamus.</span> 
     </span>
    </p>
   </div>
   <div class='ocr_carea' id='block_1_39' title="bbox 2249 1332 3684 1401">
    <p class='ocr_par' dir='ltr' id='par_1_39' title="bbox 2249 1332 3684 1401">
     <span class='ocr_line' id='line_1_39' title="bbox 2249 1332 3684 1401; baseline -0.001 -15"><span class='ocrx_word' id='word_1_224' title='bbox 2249 1333 2356 1386; x_wconf 88' lang='lat' dir='ltr'>Per</span> <span class='ocrx_word' id='word_1_225' title='bbox 2386 1332 2674 1387; x_wconf 86' lang='lat' dir='ltr'>Christum</span> <span class='ocrx_word' id='word_1_226' title='bbox 2708 1332 3015 1386; x_wconf 91' lang='lat' dir='ltr'>Dominum</span> <span class='ocrx_word' id='word_1_227' title='bbox 3046 1336 3326 1385; x_wconf 90' lang='lat' dir='ltr'>nostrum.</span> <span class='ocrx_word' id='word_1_228' title='bbox 3362 1332 3469 1384; x_wconf 90' lang='lat' dir='ltr'>Per</span> <span class='ocrx_word' id='word_1_229' title='bbox 3499 1346 3684 1401; x_wconf 86' lang='lat' dir='ltr'>quem.</span> 
     </span>
    </p>
   </div>
   <div class='ocr_carea' id='block_1_40' title="bbox 2581 1450 3607 1492">
    <p class='ocr_par' dir='ltr' id='par_1_40' title="bbox 2581 1450 3607 1492">
     <span class='ocr_line' id='line_1_40' title="bbox 2581 1450 3607 1492; baseline -0.004 0"><span class='ocrx_word' id='word_1_230' title='bbox 2581 1452 2771 1492; x_wconf 70' lang='lat' dir='ltr'><strong>FERIA</strong></span> <span class='ocrx_word' id='word_1_231' title='bbox 2818 1453 2896 1491; x_wconf 90' lang='lat' dir='ltr'>III</span> <span class='ocrx_word' id='word_1_232' title='bbox 2944 1452 3009 1491; x_wconf 83' lang='lat' dir='ltr'>IN</span> <span class='ocrx_word' id='word_1_233' title='bbox 3055 1450 3283 1491; x_wconf 73' lang='lat' dir='ltr'>CAPITE</span> <span class='ocrx_word' id='word_1_234' title='bbox 3327 1450 3607 1489; x_wconf 76' lang='lat' dir='ltr'>JEJUNII.</span> 
     </span>
    </p>
   </div>
   <div class='ocr_carea' id='block_1_41' title="bbox 2321 1540 3890 1613">
    <p class='ocr_par' dir='ltr' id='par_1_41' title="bbox 2321 1540 3890 1613">
     <span class='ocr_line' id='line_1_41' title="bbox 2321 1540 3890 1613; baseline -0.003 -16"><span class='ocrx_word' id='word_1_235' title='bbox 2321 1542 2437 1613; x_wconf 91' lang='lat' dir='ltr'>(G.)</span> <span class='ocrx_word' id='word_1_236' title='bbox 2494 1544 2722 1597; x_wconf 69' lang='lat' dir='ltr'>Eterne</span> <span class='ocrx_word' id='word_1_237' title='bbox 2782 1544 2949 1597; x_wconf 90' lang='lat' dir='ltr'>Deus.</span> <span class='ocrx_word' id='word_1_238' title='bbox 3011 1542 3119 1607; x_wconf 88' lang='lat' dir='ltr'>Qui</span> <span class='ocrx_word' id='word_1_239' title='bbox 3176 1542 3461 1612; x_wconf 89' lang='lat' dir='ltr'>corporali</span> <span class='ocrx_word' id='word_1_240' title='bbox 3513 1540 3725 1611; x_wconf 75' lang='lat' dir='ltr'>jejunio</span> <span class='ocrx_word' id='word_1_241' title='bbox 3789 1540 3890 1593; x_wconf 85' lang='lat' dir='ltr'>vitia</span> 
     </span>
    </p>
   </div>
   <div class='ocr_carea' id='block_1_42' title="bbox 2250 1629 3892 1702">
    <p class='ocr_par' dir='ltr' id='par_1_42' title="bbox 2250 1629 3892 1702">
     <span class='ocr_line' id='line_1_42' title="bbox 2250 1629 3892 1702; baseline -0.002 -17"><span class='ocrx_word' id='word_1_242' title='bbox 2250 1632 2599 1702; x_wconf 86' lang='lat' dir='ltr'>comprimis,</span> <span class='ocrx_word' id='word_1_243' title='bbox 2635 1636 2885 1686; x_wconf 87' lang='lat' dir='ltr'>mentem</span> <span class='ocrx_word' id='word_1_244' title='bbox 2911 1632 3117 1695; x_wconf 86' lang='lat' dir='ltr'>elevas,</span> <span class='ocrx_word' id='word_1_245' title='bbox 3146 1630 3415 1684; x_wconf 84' lang='lat' dir='ltr'>virtutem</span> <span class='ocrx_word' id='word_1_246' title='bbox 3448 1629 3671 1700; x_wconf 86' lang='lat' dir='ltr'>largiris</span> <span class='ocrx_word' id='word_1_247' title='bbox 3701 1633 3752 1683; x_wconf 88' lang='lat' dir='ltr'>et</span> <span class='ocrx_word' id='word_1_248' title='bbox 3777 1644 3892 1698; x_wconf 45' lang='lat' dir='ltr'>pra)-</span> 
     </span>
    </p>
   </div>
   <div class='ocr_carea' id='block_1_43' title="bbox 2178 1717 2768 1777">
    <p class='ocr_par' dir='ltr' id='par_1_43' title="bbox 2178 1717 2768 1777">
     <span class='ocr_line' id='line_1_43' title="bbox 2178 1717 2768 1777; baseline 0.002 -2"><span class='ocrx_word' id='word_1_249' title='bbox 2178 1717 2224 1767; x_wconf 83' lang='lat' dir='ltr'><strong>A</strong></span> <span class='ocrx_word' id='word_1_250' title='bbox 2253 1721 2388 1775; x_wconf 88' lang='lat' dir='ltr'>mia.</span> <span class='ocrx_word' id='word_1_251' title='bbox 2423 1723 2532 1775; x_wconf 88' lang='lat' dir='ltr'>Per</span> <span class='ocrx_word' id='word_1_252' title='bbox 2562 1721 2768 1777; x_wconf 88' lang='lat' dir='ltr'>Christ.</span> 
     </span>
    </p>
   </div>
   <div class='ocr_carea' id='block_1_44' title="bbox 2957 1823 3250 1863">
    <p class='ocr_par' dir='ltr' id='par_1_44' title="bbox 2957 1823 3250 1863">
     <span class='ocr_line' id='line_1_44' title="bbox 2957 1823 3250 1863; baseline -0.01 0"><span class='ocrx_word' id='word_1_253' title='bbox 2957 1823 3148 1863; x_wconf 73' lang='lat' dir='ltr'><strong>FERIA</strong></span> <span class='ocrx_word' id='word_1_254' title='bbox 3191 1823 3250 1862; x_wconf 66' lang='grc' dir='ltr'>Υ.</span> 
     </span>
    </p>
   </div>
   <div class='ocr_carea' id='block_1_45' title="bbox 2322 1892 3892 1963">
    <p class='ocr_par' dir='ltr' id='par_1_45' title="bbox 2322 1892 3892 1963">
     <span class='ocr_line' id='line_1_45' title="bbox 2322 1892 3892 1963; baseline -0.004 -12"><span class='ocrx_word' id='word_1_255' title='bbox 2322 1899 2545 1951; x_wconf 69' lang='lat' dir='ltr'>Eterue</span> <span class='ocrx_word' id='word_1_256' title='bbox 2578 1898 2745 1951; x_wconf 89' lang='lat' dir='ltr'>Deus.</span> <span class='ocrx_word' id='word_1_257' title='bbox 2780 1896 3063 1960; x_wconf 88' lang='lat' dir='ltr'>Quoniam</span> <span class='ocrx_word' id='word_1_258' title='bbox 3094 1897 3203 1948; x_wconf 88' lang='lat' dir='ltr'>ista</span> <span class='ocrx_word' id='word_1_259' title='bbox 3234 1895 3375 1949; x_wconf 84' lang='lat' dir='ltr'>festa</span> <span class='ocrx_word' id='word_1_260' title='bbox 3403 1898 3679 1957; x_wconf 87' lang='lat' dir='ltr'>remeant,</span> <span class='ocrx_word' id='word_1_261' title='bbox 3725 1892 3892 1963; x_wconf 87' lang='lat' dir='ltr'>quibus</span> 
     </span>
    </p>
   </div>
   <div class='ocr_carea' id='block_1_46' title="bbox 2252 1983 3892 2055">
    <p class='ocr_par' dir='ltr' id='par_1_46' title="bbox 2252 1983 3892 2055">
     <span class='ocr_line' id='line_1_46' title="bbox 2252 1983 3892 2055; baseline -0.004 -16"><span class='ocrx_word' id='word_1_262' title='bbox 2252 1991 2465 2040; x_wconf 67' lang='lat' dir='ltr'>nostrae</span> <span class='ocrx_word' id='word_1_263' title='bbox 2514 1985 2851 2039; x_wconf 86' lang='lat' dir='ltr'>mortalitati</span> <span class='ocrx_word' id='word_1_264' title='bbox 2899 1988 3240 2055; x_wconf 86' lang='lat' dir='ltr'>procuratur</span> <span class='ocrx_word' id='word_1_265' title='bbox 3288 1983 3616 2036; x_wconf 86' lang='lat' dir='ltr'>immortale</span> <span class='ocrx_word' id='word_1_266' title='bbox 3662 1997 3892 2035; x_wconf 86' lang='lat' dir='ltr'>commer-</span> 
     </span>
    </p>
   </div>
   <div class='ocr_carea' id='block_1_47' title="bbox 2253 2070 3896 2143">
    <p class='ocr_par' dir='ltr' id='par_1_47' title="bbox 2253 2070 3896 2143">
     <span class='ocr_line' id='line_1_47' title="bbox 2253 2070 3896 2143; baseline -0.007 -14"><span class='ocrx_word' id='word_1_267' title='bbox 2253 2076 2424 2141; x_wconf 90' lang='lat' dir='ltr'>cium,</span> <span class='ocrx_word' id='word_1_268' title='bbox 2483 2090 2544 2127; x_wconf 90' lang='lat' dir='ltr'>ac</span> <span class='ocrx_word' id='word_1_269' title='bbox 2588 2072 2896 2143; x_wconf 85' lang='lat' dir='ltr'>temporali</span> <span class='ocrx_word' id='word_1_270' title='bbox 2940 2073 3067 2126; x_wconf 69' lang='lat' dir='ltr'>vitae</span> <span class='ocrx_word' id='word_1_271' title='bbox 3118 2072 3462 2141; x_wconf 89' lang='lat' dir='ltr'>subrogatur</span> <span class='ocrx_word' id='word_1_272' title='bbox 3511 2070 3817 2123; x_wconf 71' lang='lat' dir='ltr'>mternitas:</span> <span class='ocrx_word' id='word_1_273' title='bbox 3856 2072 3896 2119; x_wconf 85' lang='lat' dir='ltr'>et</span> 
     </span>
    </p>
   </div>
   <div class='ocr_carea' id='block_1_48' title="bbox 2254 2157 3895 2233">
    <p class='ocr_par' dir='ltr' id='par_1_48' title="bbox 2254 2157 3895 2233">
     <span class='ocr_line' id='line_1_48' title="bbox 2254 2157 3895 2233; baseline -0.007 -15"><span class='ocrx_word' id='word_1_274' title='bbox 2254 2164 2323 2218; x_wconf 87' lang='lat' dir='ltr'>de</span> <span class='ocrx_word' id='word_1_275' title='bbox 2393 2163 2611 2233; x_wconf 88' lang='lat' dir='ltr'>peccati</span> <span class='ocrx_word' id='word_1_276' title='bbox 2668 2178 2856 2232; x_wconf 67' lang='lat' dir='ltr'>paena,</span> <span class='ocrx_word' id='word_1_277' title='bbox 2923 2166 3153 2231; x_wconf 88' lang='lat' dir='ltr'>peccata</span> <span class='ocrx_word' id='word_1_278' title='bbox 3214 2160 3592 2223; x_wconf 76' lang='lat' dir='ltr'>mandantur,</span> <span class='ocrx_word' id='word_1_279' title='bbox 3670 2157 3895 2225; x_wconf 80' lang='lat' dir='ltr'>mirisque</span> 
     </span>
    </p>
   </div>
   <div class='ocr_carea' id='block_1_49' title="bbox 2255 2248 3894 2319">
    <p class='ocr_par' dir='ltr' id='par_1_49' title="bbox 2255 2248 3894 2319">
     <span class='ocr_line' id='line_1_49' title="bbox 2255 2248 3894 2319; baseline -0.007 -14"><span class='ocrx_word' id='word_1_280' title='bbox 2255 2251 2439 2306; x_wconf 91' lang='lat' dir='ltr'>modis</span> <span class='ocrx_word' id='word_1_281' title='bbox 2484 2250 2786 2304; x_wconf 84' lang='lat' dir='ltr'>conﬁcitur</span> <span class='ocrx_word' id='word_1_282' title='bbox 2820 2250 2888 2303; x_wconf 88' lang='lat' dir='ltr'>de</span> <span class='ocrx_word' id='word_1_283' title='bbox 2941 2249 3264 2319; x_wconf 88' lang='lat' dir='ltr'>perditione</span> <span class='ocrx_word' id='word_1_284' title='bbox 3313 2248 3591 2302; x_wconf 88' lang='lat' dir='ltr'>salvatio:</span> <span class='ocrx_word' id='word_1_285' title='bbox 3652 2250 3709 2299; x_wconf 89' lang='lat' dir='ltr'>ut</span> <span class='ocrx_word' id='word_1_286' title='bbox 3756 2248 3894 2297; x_wconf 85' lang='lat' dir='ltr'>status</span> 
     </span>
    </p>
   </div>
   <div class='ocr_carea' id='block_1_50' title="bbox 2255 2333 3893 2407">
    <p class='ocr_par' dir='ltr' id='par_1_50' title="bbox 2255 2333 3893 2407">
     <span class='ocr_line' id='line_1_50' title="bbox 2255 2333 3893 2407; baseline -0.007 -14"><span class='ocrx_word' id='word_1_287' title='bbox 2255 2339 2599 2394; x_wconf 88' lang='lat' dir='ltr'>conditionis</span> <span class='ocrx_word' id='word_1_288' title='bbox 2646 2339 2933 2405; x_wconf 75' lang='lat' dir='ltr'>humanae,</span> <span class='ocrx_word' id='word_1_289' title='bbox 2970 2337 3069 2406; x_wconf 92' lang='lat' dir='ltr'>qui</span> <span class='ocrx_word' id='word_1_290' title='bbox 3112 2353 3215 2407; x_wconf 90' lang='lat' dir='ltr'>per</span> <span class='ocrx_word' id='word_1_291' title='bbox 3263 2335 3556 2390; x_wconf 86' lang='lat' dir='ltr'>felicitatis</span> <span class='ocrx_word' id='word_1_292' title='bbox 3583 2333 3893 2387; x_wconf 84' lang='lat' dir='ltr'>insolentiam</span> 
     </span>
    </p>
   </div>
   <div class='ocr_carea' id='block_1_51' title="bbox 2254 2422 3896 2493">
    <p class='ocr_par' dir='ltr' id='par_1_51' title="bbox 2254 2422 3896 2493">
     <span class='ocr_line' id='line_1_51' title="bbox 2254 2422 3896 2493; baseline -0.007 -11"><span class='ocrx_word' id='word_1_293' title='bbox 2254 2428 2409 2482; x_wconf 85' lang='lat' dir='ltr'>venit</span> <span class='ocrx_word' id='word_1_294' title='bbox 2441 2428 2509 2481; x_wconf 93' lang='lat' dir='ltr'>ad</span> <span class='ocrx_word' id='word_1_295' title='bbox 2553 2427 2867 2493; x_wconf 88' lang='lat' dir='ltr'>tristitiam,</span> <span class='ocrx_word' id='word_1_296' title='bbox 2901 2426 3137 2479; x_wconf 87' lang='lat' dir='ltr'>humilis</span> <span class='ocrx_word' id='word_1_297' title='bbox 3180 2430 3235 2478; x_wconf 93' lang='lat' dir='ltr'>et</span> <span class='ocrx_word' id='word_1_298' title='bbox 3279 2424 3576 2477; x_wconf 90' lang='lat' dir='ltr'>modestus</span> <span class='ocrx_word' id='word_1_299' title='bbox 3618 2422 3684 2476; x_wconf 89' lang='lat' dir='ltr'>ad</span> <span class='ocrx_word' id='word_1_300' title='bbox 3728 2426 3896 2475; x_wconf 62' lang='lat' dir='ltr'>aeterna</span> 
     </span>
    </p>
   </div>
   <div class='ocr_carea' id='block_1_52' title="bbox 2258 2512 3558 2587">
    <p class='ocr_par' dir='ltr' id='par_1_52' title="bbox 2258 2512 3558 2587">
     <span class='ocr_line' id='line_1_52' title="bbox 2258 2512 3558 2587; baseline -0.005 -18"><span class='ocrx_word' id='word_1_301' title='bbox 2258 2515 2469 2587; x_wconf 88' lang='lat' dir='ltr'>gaudia</span> <span class='ocrx_word' id='word_1_302' title='bbox 2500 2516 2694 2569; x_wconf 89' lang='lat' dir='ltr'>redeat</span> <span class='ocrx_word' id='word_1_303' title='bbox 2718 2532 2821 2586; x_wconf 90' lang='lat' dir='ltr'>per</span> <span class='ocrx_word' id='word_1_304' title='bbox 2850 2530 3176 2569; x_wconf 63' lang='lat' dir='ltr'>maerorem.</span> <span class='ocrx_word' id='word_1_305' title='bbox 3208 2514 3315 2567; x_wconf 90' lang='lat' dir='ltr'>Per</span> <span class='ocrx_word' id='word_1_306' title='bbox 3344 2512 3558 2567; x_wconf 87' lang='lat' dir='ltr'>Christ.</span> 
     </span>
    </p>
   </div>
   <div class='ocr_carea' id='block_1_53' title="bbox 2948 2634 3272 2674">
    <p class='ocr_par' dir='ltr' id='par_1_53' title="bbox 2948 2634 3272 2674">
     <span class='ocr_line' id='line_1_53' title="bbox 2948 2634 3272 2674; baseline -0.006 0"><span class='ocrx_word' id='word_1_307' title='bbox 2948 2635 3137 2674; x_wconf 77' lang='lat' dir='ltr'><strong>FEBIA</strong></span> <span class='ocrx_word' id='word_1_308' title='bbox 3183 2634 3272 2673; x_wconf 73' lang='lat' dir='ltr'><strong>VI.</strong></span> 
     </span>
    </p>
   </div>
   <div class='ocr_carea' id='block_1_54' title="bbox 2328 2703 3899 2779">
    <p class='ocr_par' dir='ltr' id='par_1_54' title="bbox 2328 2703 3899 2779">
     <span class='ocr_line' id='line_1_54' title="bbox 2328 2703 3899 2779; baseline -0.006 -16"><span class='ocrx_word' id='word_1_309' title='bbox 2328 2711 2552 2763; x_wconf 68' lang='lat' dir='ltr'>Eterne</span> <span class='ocrx_word' id='word_1_310' title='bbox 2583 2710 2750 2763; x_wconf 91' lang='lat' dir='ltr'>Deus.</span> <span class='ocrx_word' id='word_1_311' title='bbox 2803 2709 2867 2763; x_wconf 90' lang='lat' dir='ltr'>Et</span> <span class='ocrx_word' id='word_1_312' title='bbox 2897 2711 3251 2779; x_wconf 89' lang='lat' dir='ltr'>majestatem</span> <span class='ocrx_word' id='word_1_313' title='bbox 3277 2712 3434 2759; x_wconf 89' lang='lat' dir='ltr'>tuam</span> <span class='ocrx_word' id='word_1_314' title='bbox 3472 2704 3788 2775; x_wconf 89' lang='lat' dir='ltr'>suppliciter</span> <span class='ocrx_word' id='word_1_315' title='bbox 3826 2703 3899 2755; x_wconf 87' lang='lat' dir='ltr'>de-</span> 
     </span>
    </p>
   </div>
   <div class='ocr_carea' id='block_1_55' title="bbox 2257 2790 3897 2869">
    <p class='ocr_par' dir='ltr' id='par_1_55' title="bbox 2257 2790 3897 2869">
     <span class='ocr_line' id='line_1_55' title="bbox 2257 2790 3897 2869; baseline -0.006 -18"><span class='ocrx_word' id='word_1_316' title='bbox 2257 2798 2501 2869; x_wconf 89' lang='lat' dir='ltr'>precari,</span> <span class='ocrx_word' id='word_1_317' title='bbox 2535 2802 2597 2851; x_wconf 91' lang='lat' dir='ltr'>ut</span> <span class='ocrx_word' id='word_1_318' title='bbox 2627 2797 3025 2867; x_wconf 66' lang='lat' dir='ltr'>intelligentiae</span> <span class='ocrx_word' id='word_1_319' title='bbox 3054 2796 3217 2850; x_wconf 92' lang='lat' dir='ltr'>nobis</span> <span class='ocrx_word' id='word_1_320' title='bbox 3246 2794 3517 2865; x_wconf 89' lang='lat' dir='ltr'>spiritum</span> <span class='ocrx_word' id='word_1_321' title='bbox 3548 2794 3805 2863; x_wconf 88' lang='lat' dir='ltr'>benignus</span> <span class='ocrx_word' id='word_1_322' title='bbox 3831 2790 3897 2843; x_wconf 87' lang='lat' dir='ltr'>in-</span> 
     </span>
    </p>
   </div>
   <div class='ocr_carea' id='block_1_56' title="bbox 2260 2882 3897 2956">
    <p class='ocr_par' dir='ltr' id='par_1_56' title="bbox 2260 2882 3897 2956">
     <span class='ocr_line' id='line_1_56' title="bbox 2260 2882 3897 2956; baseline -0.005 -17"><span class='ocrx_word' id='word_1_323' title='bbox 2260 2886 2485 2948; x_wconf 82' lang='lat' dir='ltr'>fundas,</span> <span class='ocrx_word' id='word_1_324' title='bbox 2521 2902 2635 2956; x_wconf 90' lang='lat' dir='ltr'>quo</span> <span class='ocrx_word' id='word_1_325' title='bbox 2676 2886 2762 2939; x_wconf 87' lang='lat' dir='ltr'>vel</span> <span class='ocrx_word' id='word_1_326' title='bbox 2794 2884 2903 2955; x_wconf 88' lang='lat' dir='ltr'>ipsi</span> <span class='ocrx_word' id='word_1_327' title='bbox 2936 2883 3355 2938; x_wconf 88' lang='lat' dir='ltr'>rationabiliter</span> <span class='ocrx_word' id='word_1_328' title='bbox 3379 2882 3605 2951; x_wconf 89' lang='lat' dir='ltr'>agenda</span> <span class='ocrx_word' id='word_1_329' title='bbox 3631 2895 3897 2941; x_wconf 81' lang='lat' dir='ltr'>cernamus,</span> 
     </span>
    </p>
   </div>
   <div class='ocr_carea' id='block_1_57' title="bbox 533 2972 3899 3061">
    <p class='ocr_par' dir='ltr' id='par_1_57' title="bbox 533 2972 3899 3061">
     <span class='ocr_line' id='line_1_57' title="bbox 533 2972 3899 3061; baseline -0.007 -17"><span class='ocrx_word' id='word_1_330' title='bbox 533 2992 685 3061; x_wconf 80' lang='grc' dir='ltr'>(Με.)</span> <span class='ocrx_word' id='word_1_331' title='bbox 733 2989 841 3055; x_wconf 92' lang='lat' dir='ltr'>Qui</span> <span class='ocrx_word' id='word_1_332' title='bbox 874 3006 977 3060; x_wconf 89' lang='lat' dir='ltr'>per</span> <span class='ocrx_word' id='word_1_333' title='bbox 1006 2995 1299 3060; x_wconf 86' lang='lat' dir='ltr'>peccatum</span> <span class='ocrx_word' id='word_1_334' title='bbox 1331 2987 1505 3059; x_wconf 88' lang='lat' dir='ltr'>primi</span> <span class='ocrx_word' id='word_1_335' title='bbox 1556 2986 1809 3057; x_wconf 86' lang='lat' dir='ltr'>parentis</span> <span class='ocrx_word' id='word_1_336' title='bbox 1854 2987 2153 3042; x_wconf 75' lang='lat' dir='ltr'>hominem</span> <span class='ocrx_word' id='word_1_337' title='bbox 2191 2991 2233 3046; x_wconf 75' lang='grc' dir='ltr'>ο</span> <span class='ocrx_word' id='word_1_338' title='bbox 2261 2975 2350 3029; x_wconf 88' lang='lat' dir='ltr'>vel</span> <span class='ocrx_word' id='word_1_339' title='bbox 2408 2974 2489 3027; x_wconf 92' lang='lat' dir='ltr'>eis</span> <span class='ocrx_word' id='word_1_340' title='bbox 2522 2974 2621 3044; x_wconf 91' lang='lat' dir='ltr'>qui</span> <span class='ocrx_word' id='word_1_341' title='bbox 2670 2973 2899 3027; x_wconf 89' lang='lat' dir='ltr'>inutilia</span> <span class='ocrx_word' id='word_1_342' title='bbox 2956 2974 3231 3038; x_wconf 88' lang='lat' dir='ltr'>sentiunt,</span> <span class='ocrx_word' id='word_1_343' title='bbox 3292 2972 3619 3025; x_wconf 87' lang='lat' dir='ltr'>indicemus</span> <span class='ocrx_word' id='word_1_344' title='bbox 3655 2986 3763 3024; x_wconf 86' lang='lat' dir='ltr'>esse</span> <span class='ocrx_word' id='word_1_345' title='bbox 3802 2982 3899 3019; x_wconf 81' lang='lat' dir='ltr'>cen-</span> 
     </span>
    </p>
   </div>
   <div class='ocr_carea' id='block_1_58' title="bbox 460 3076 2151 3146">
    <p class='ocr_par' dir='ltr' id='par_1_58' title="bbox 460 3076 2151 3146">
     <span class='ocr_line' id='line_1_58' title="bbox 460 3076 2151 3146; baseline -0.003 -11"><span class='ocrx_word' id='word_1_346' title='bbox 460 3099 494 3136; x_wconf 90' lang='lat' dir='ltr'>a</span> <span class='ocrx_word' id='word_1_347' title='bbox 531 3079 731 3135; x_wconf 90' lang='lat' dir='ltr'>salutis</span> <span class='ocrx_word' id='word_1_348' title='bbox 759 3079 970 3133; x_wconf 91' lang='lat' dir='ltr'>ﬁnibus</span> <span class='ocrx_word' id='word_1_349' title='bbox 1001 3079 1377 3143; x_wconf 88' lang='lat' dir='ltr'>exsulantem,</span> <span class='ocrx_word' id='word_1_350' title='bbox 1410 3076 1638 3146; x_wconf 85' lang='lat' dir='ltr'>pietatis</span> <span class='ocrx_word' id='word_1_351' title='bbox 1686 3076 2052 3146; x_wconf 88' lang='lat' dir='ltr'>indulgentia</span> <span class='ocrx_word' id='word_1_352' title='bbox 2082 3076 2151 3130; x_wconf 91' lang='lat' dir='ltr'>ad</span> 
     </span>
    </p>
   </div>
   <div class='ocr_carea' id='block_1_59' title="bbox 461 3165 2156 3239">
    <p class='ocr_par' dir='ltr' id='par_1_59' title="bbox 461 3165 2156 3239">
     <span class='ocr_line' id='line_1_59' title="bbox 461 3165 2156 3239; baseline -0.003 -17"><span class='ocrx_word' id='word_1_353' title='bbox 461 3170 688 3224; x_wconf 90' lang='lat' dir='ltr'>veniam</span> <span class='ocrx_word' id='word_1_354' title='bbox 728 3168 1015 3239; x_wconf 87' lang='lat' dir='ltr'>vitamque</span> <span class='ocrx_word' id='word_1_355' title='bbox 1050 3166 1343 3232; x_wconf 89' lang='lat' dir='ltr'>revocasti,</span> <span class='ocrx_word' id='word_1_356' title='bbox 1382 3165 1659 3219; x_wconf 87' lang='lat' dir='ltr'>mittendo</span> <span class='ocrx_word' id='word_1_357' title='bbox 1693 3165 1855 3218; x_wconf 91' lang='lat' dir='ltr'>nobis</span> <span class='ocrx_word' id='word_1_358' title='bbox 1885 3165 2156 3234; x_wconf 89' lang='lat' dir='ltr'>unigeni-</span> 
     </span>
    </p>
   </div>
   <div class='ocr_carea' id='block_1_60' title="bbox 462 3254 2007 3313">
    <p class='ocr_par' dir='ltr' id='par_1_60' title="bbox 462 3254 2007 3313">
     <span class='ocr_line' id='line_1_60' title="bbox 462 3254 2007 3313; baseline -0.004 0"><span class='ocrx_word' id='word_1_359' title='bbox 462 3264 587 3313; x_wconf 92' lang='lat' dir='ltr'>tum</span> <span class='ocrx_word' id='word_1_360' title='bbox 621 3263 786 3311; x_wconf 90' lang='lat' dir='ltr'>tuum</span> <span class='ocrx_word' id='word_1_361' title='bbox 809 3259 1003 3312; x_wconf 71' lang='lat' dir='ltr'>Iesum</span> <span class='ocrx_word' id='word_1_362' title='bbox 1037 3255 1324 3311; x_wconf 89' lang='lat' dir='ltr'>Christum</span> <span class='ocrx_word' id='word_1_363' title='bbox 1355 3254 1702 3308; x_wconf 86' lang='lat' dir='ltr'>Salvatorem</span> <span class='ocrx_word' id='word_1_364' title='bbox 1730 3259 2007 3307; x_wconf 89' lang='lat' dir='ltr'>nostrum.</span> 
     </span>
    </p>
   </div>
   <div class='ocr_carea' id='block_1_61' title="bbox 818 3374 1805 3418">
    <p class='ocr_par' dir='ltr' id='par_1_61' title="bbox 818 3374 1805 3418">
     <span class='ocr_line' id='line_1_61' title="bbox 818 3374 1805 3418; baseline -0.004 -1"><span class='ocrx_word' id='word_1_365' title='bbox 818 3378 966 3418; x_wconf 67' lang='grc' dir='ltr'>θοι.</span> <span class='ocrx_word' id='word_1_366' title='bbox 1010 3377 1077 3416; x_wconf 71' lang='lat' dir='ltr'><strong>VI</strong></span> <span class='ocrx_word' id='word_1_367' title='bbox 1125 3376 1274 3416; x_wconf 83' lang='lat' dir='ltr'>POST</span> <span class='ocrx_word' id='word_1_368' title='bbox 1320 3374 1805 3414; x_wconf 74' lang='grc' dir='ltr'>ΤΗΕΟΡΗΔΝῘΔΜ.</span> 
     </span>
    </p>
   </div>
   <div class='ocr_carea' id='block_1_62' title="bbox 538 3465 2159 3541">
    <p class='ocr_par' dir='ltr' id='par_1_62' title="bbox 538 3465 2159 3541">
     <span class='ocr_line' id='line_1_62' title="bbox 538 3465 2159 3541; baseline -0.003 -17"><span class='ocrx_word' id='word_1_369' title='bbox 538 3472 655 3541; x_wconf 89' lang='lat' dir='ltr'>(G.)</span> <span class='ocrx_word' id='word_1_370' title='bbox 702 3471 931 3524; x_wconf 66' lang='lat' dir='ltr'>Eterne</span> <span class='ocrx_word' id='word_1_371' title='bbox 983 3469 1147 3522; x_wconf 85' lang='lat' dir='ltr'>Deus.</span> <span class='ocrx_word' id='word_1_372' title='bbox 1198 3467 1281 3520; x_wconf 87' lang='lat' dir='ltr'>Ad</span> <span class='ocrx_word' id='word_1_373' title='bbox 1324 3466 1485 3535; x_wconf 89' lang='lat' dir='ltr'>cujus</span> <span class='ocrx_word' id='word_1_374' title='bbox 1516 3466 1851 3519; x_wconf 84' lang='lat' dir='ltr'>immensam</span> <span class='ocrx_word' id='word_1_375' title='bbox 1905 3465 2159 3535; x_wconf 86' lang='lat' dir='ltr'>pertinet</span> 
     </span>
    </p>
   </div>
   <div class='ocr_carea' id='block_1_63' title="bbox 468 3553 2156 3631">
    <p class='ocr_par' dir='ltr' id='par_1_63' title="bbox 468 3553 2156 3631">
     <span class='ocr_line' id='line_1_63' title="bbox 468 3553 2156 3631; baseline -0.003 -20"><span class='ocrx_word' id='word_1_376' title='bbox 468 3558 731 3631; x_wconf 85' lang='lat' dir='ltr'>gloriam,</span> <span class='ocrx_word' id='word_1_377' title='bbox 781 3562 847 3610; x_wconf 90' lang='lat' dir='ltr'>ut</span> <span class='ocrx_word' id='word_1_378' title='bbox 893 3572 1008 3609; x_wconf 90' lang='lat' dir='ltr'>non</span> <span class='ocrx_word' id='word_1_379' title='bbox 1051 3555 1236 3607; x_wconf 91' lang='lat' dir='ltr'>solum</span> <span class='ocrx_word' id='word_1_380' title='bbox 1282 3553 1620 3606; x_wconf 88' lang='lat' dir='ltr'>mortalibus</span> <span class='ocrx_word' id='word_1_381' title='bbox 1652 3558 1749 3606; x_wconf 88' lang='lat' dir='ltr'>tua</span> <span class='ocrx_word' id='word_1_382' title='bbox 1780 3553 1990 3622; x_wconf 77' lang='lat' dir='ltr'>pietate</span> <span class='ocrx_word' id='word_1_383' title='bbox 2029 3570 2156 3607; x_wconf 92' lang='lat' dir='ltr'>suc-</span> 
     </span>
    </p>
   </div>
   <div class='ocr_carea' id='block_1_64' title="bbox 468 3641 2157 3712">
    <p class='ocr_par' dir='ltr' id='par_1_64' title="bbox 468 3641 2157 3712">
     <span class='ocr_line' id='line_1_64' title="bbox 468 3641 2157 3712; baseline -0.003 -12"><span class='ocrx_word' id='word_1_384' title='bbox 468 3660 745 3710; x_wconf 90' lang='lat' dir='ltr'>curreres,</span> <span class='ocrx_word' id='word_1_385' title='bbox 790 3643 891 3697; x_wconf 86' lang='lat' dir='ltr'>sed</span> <span class='ocrx_word' id='word_1_386' title='bbox 920 3643 989 3697; x_wconf 89' lang='lat' dir='ltr'>de</span> <span class='ocrx_word' id='word_1_387' title='bbox 1020 3643 1147 3712; x_wconf 88' lang='lat' dir='ltr'>ipsa</span> <span class='ocrx_word' id='word_1_388' title='bbox 1189 3642 1361 3695; x_wconf 89' lang='lat' dir='ltr'>etiam</span> <span class='ocrx_word' id='word_1_389' title='bbox 1396 3641 1741 3694; x_wconf 86' lang='lat' dir='ltr'>mortalitate</span> <span class='ocrx_word' id='word_1_390' title='bbox 1771 3646 1965 3694; x_wconf 91' lang='lat' dir='ltr'>nostra</span> <span class='ocrx_word' id='word_1_391' title='bbox 1994 3642 2157 3695; x_wconf 91' lang='lat' dir='ltr'>nobis</span> 
     </span>
    </p>
   </div>
   <div class='ocr_carea' id='block_1_65' title="bbox 468 3730 2159 3802">
    <p class='ocr_par' dir='ltr' id='par_1_65' title="bbox 468 3730 2159 3802">
     <span class='ocr_line' id='line_1_65' title="bbox 468 3730 2159 3802; baseline -0.003 -13"><span class='ocrx_word' id='word_1_392' title='bbox 468 3733 789 3789; x_wconf 88' lang='lat' dir='ltr'>remedium</span> <span class='ocrx_word' id='word_1_393' title='bbox 814 3731 1165 3802; x_wconf 90' lang='lat' dir='ltr'>provideres,</span> <span class='ocrx_word' id='word_1_394' title='bbox 1198 3736 1253 3784; x_wconf 93' lang='lat' dir='ltr'>et</span> <span class='ocrx_word' id='word_1_395' title='bbox 1284 3730 1533 3801; x_wconf 84' lang='lat' dir='ltr'>perditos</span> <span class='ocrx_word' id='word_1_396' title='bbox 1565 3746 1843 3801; x_wconf 88' lang='lat' dir='ltr'>quosque,</span> <span class='ocrx_word' id='word_1_397' title='bbox 1878 3731 2032 3784; x_wconf 91' lang='lat' dir='ltr'>unde</span> <span class='ocrx_word' id='word_1_398' title='bbox 2063 3746 2159 3801; x_wconf 91' lang='lat' dir='ltr'>pe-</span> 
     </span>
    </p>
   </div>
   <div class='ocr_carea' id='block_1_66' title="bbox 468 3817 1633 3887">
    <p class='ocr_par' dir='ltr' id='par_1_66' title="bbox 468 3817 1633 3887">
     <span class='ocr_line' id='line_1_66' title="bbox 468 3817 1633 3887; baseline -0.004 -10"><span class='ocrx_word' id='word_1_399' title='bbox 468 3823 704 3887; x_wconf 88' lang='lat' dir='ltr'>rierant,</span> <span class='ocrx_word' id='word_1_400' title='bbox 740 3822 871 3876; x_wconf 91' lang='lat' dir='ltr'>inde</span> <span class='ocrx_word' id='word_1_401' title='bbox 897 3821 1161 3874; x_wconf 89' lang='lat' dir='ltr'>salvares.</span> <span class='ocrx_word' id='word_1_402' title='bbox 1191 3820 1298 3873; x_wconf 88' lang='lat' dir='ltr'>Per</span> <span class='ocrx_word' id='word_1_403' title='bbox 1329 3817 1633 3873; x_wconf 90' lang='lat' dir='ltr'>Christum.</span> 
     </span>
    </p>
   </div>
   <div class='ocr_carea' id='block_1_67' title="bbox 908 3938 1724 3982">
    <p class='ocr_par' dir='ltr' id='par_1_67' title="bbox 908 3938 1724 3982">
     <span class='ocr_line' id='line_1_67' title="bbox 908 3938 1724 3982; baseline -0.002 -1"><span class='ocrx_word' id='word_1_404' title='bbox 908 3941 1060 3982; x_wconf 73' lang='lat' dir='ltr'>DOM.</span> <span class='ocrx_word' id='word_1_405' title='bbox 1105 3942 1169 3981; x_wconf 84' lang='lat' dir='ltr'>IN</span> <span class='ocrx_word' id='word_1_406' title='bbox 1216 3938 1724 3981; x_wconf 72' lang='lat' dir='ltr'>SEPTUAGESIIIA.</span> 
     </span>
    </p>
   </div>
   <div class='ocr_carea' id='block_1_68' title="bbox 542 4032 2158 4103">
    <p class='ocr_par' dir='ltr' id='par_1_68' title="bbox 542 4032 2158 4103">
     <span class='ocr_line' id='line_1_68' title="bbox 542 4032 2158 4103; baseline -0.003 -13"><span class='ocrx_word' id='word_1_407' title='bbox 542 4037 772 4091; x_wconf 66' lang='lat' dir='ltr'>Eterne</span> <span class='ocrx_word' id='word_1_408' title='bbox 825 4036 992 4089; x_wconf 90' lang='lat' dir='ltr'>Deus.</span> <span class='ocrx_word' id='word_1_409' title='bbox 1050 4033 1193 4097; x_wconf 90' lang='lat' dir='ltr'>Quia</span> <span class='ocrx_word' id='word_1_410' title='bbox 1242 4048 1346 4103; x_wconf 90' lang='lat' dir='ltr'>per</span> <span class='ocrx_word' id='word_1_411' title='bbox 1414 4050 1480 4085; x_wconf 91' lang='lat' dir='ltr'>ea</span> <span class='ocrx_word' id='word_1_412' title='bbox 1528 4048 1656 4102; x_wconf 68' lang='lat' dir='ltr'>quae</span> <span class='ocrx_word' id='word_1_413' title='bbox 1703 4032 2158 4101; x_wconf 87' lang='lat' dir='ltr'>conspiciuntur,</span> 
     </span>
    </p>
   </div>
   <div class='ocr_carea' id='block_1_69' title="bbox 471 4119 2159 4193">
    <p class='ocr_par' dir='ltr' id='par_1_69' title="bbox 471 4119 2159 4193">
     <span class='ocr_line' id='line_1_69' title="bbox 471 4119 2159 4193; baseline -0.004 -14"><span class='ocrx_word' id='word_1_414' title='bbox 471 4126 830 4190; x_wconf 89' lang='lat' dir='ltr'>instruimur,</span> <span class='ocrx_word' id='word_1_415' title='bbox 874 4122 1081 4193; x_wconf 89' lang='lat' dir='ltr'>quibus</span> <span class='ocrx_word' id='word_1_416' title='bbox 1130 4121 1313 4175; x_wconf 91' lang='lat' dir='ltr'>modis</span> <span class='ocrx_word' id='word_1_417' title='bbox 1344 4121 1415 4175; x_wconf 89' lang='lat' dir='ltr'>ad</span> <span class='ocrx_word' id='word_1_418' title='bbox 1447 4119 1752 4173; x_wconf 88' lang='lat' dir='ltr'>invisibilia</span> <span class='ocrx_word' id='word_1_419' title='bbox 1784 4120 2019 4173; x_wconf 88' lang='lat' dir='ltr'>tendere</span> <span class='ocrx_word' id='word_1_420' title='bbox 2064 4120 2159 4173; x_wconf 89' lang='lat' dir='ltr'>de-</span> 
     </span>
    </p>
   </div>
   <div class='ocr_carea' id='block_1_70' title="bbox 470 4208 2161 4280">
    <p class='ocr_par' dir='ltr' id='par_1_70' title="bbox 470 4208 2161 4280">
     <span class='ocr_line' id='line_1_70' title="bbox 470 4208 2161 4280; baseline -0.004 -14"><span class='ocrx_word' id='word_1_421' title='bbox 470 4212 727 4266; x_wconf 87' lang='lat' dir='ltr'>beamus.</span> <span class='ocrx_word' id='word_1_422' title='bbox 787 4211 1045 4280; x_wconf 89' lang='lat' dir='ltr'>Denique</span> <span class='ocrx_word' id='word_1_423' title='bbox 1096 4210 1495 4271; x_wconf 85' lang='lat' dir='ltr'>admonemur,</span> <span class='ocrx_word' id='word_1_424' title='bbox 1552 4208 1687 4261; x_wconf 90' lang='lat' dir='ltr'>anni</span> <span class='ocrx_word' id='word_1_425' title='bbox 1736 4208 1978 4261; x_wconf 89' lang='lat' dir='ltr'>ducente</span> <span class='ocrx_word' id='word_1_426' title='bbox 2038 4224 2161 4261; x_wconf 88' lang='lat' dir='ltr'>suc-</span> 
     </span>
    </p>
   </div>
   <div class='ocr_carea' id='block_1_71' title="bbox 472 4290 2247 4370">
    <p class='ocr_par' dir='ltr' id='par_1_71' title="bbox 472 4290 2247 4370">
     <span class='ocr_line' id='line_1_71' title="bbox 472 4290 2247 4370; baseline -0.007 -16"><span class='ocrx_word' id='word_1_427' title='bbox 472 4317 653 4366; x_wconf 86' lang='lat' dir='ltr'>cessu,</span> <span class='ocrx_word' id='word_1_428' title='bbox 691 4300 759 4354; x_wconf 87' lang='lat' dir='ltr'>de</span> <span class='ocrx_word' id='word_1_429' title='bbox 800 4298 1107 4370; x_wconf 61' lang='lat' dir='ltr'>praeteritis</span> <span class='ocrx_word' id='word_1_430' title='bbox 1138 4298 1207 4351; x_wconf 92' lang='lat' dir='ltr'>ad</span> <span class='ocrx_word' id='word_1_431' title='bbox 1237 4298 1450 4363; x_wconf 84' lang='lat' dir='ltr'>futura,</span> <span class='ocrx_word' id='word_1_432' title='bbox 1484 4297 1553 4350; x_wconf 89' lang='lat' dir='ltr'>de</span> <span class='ocrx_word' id='word_1_433' title='bbox 1582 4301 1859 4349; x_wconf 87' lang='lat' dir='ltr'>vetustate</span> <span class='ocrx_word' id='word_1_434' title='bbox 1888 4298 1951 4349; x_wconf 91' lang='lat' dir='ltr'>ad</span> <span class='ocrx_word' id='word_1_435' title='bbox 1998 4296 2161 4349; x_wconf 91' lang='lat' dir='ltr'>novi-</span> <span class='ocrx_word' id='word_1_436' title='bbox 2203 4290 2247 4342; x_wconf 92' lang='lat' dir='ltr'><strong>D</strong></span> 
     </span>
    </p>
   </div>
   <div class='ocr_carea' id='block_1_72' title="bbox 472 4384 2160 4453">
    <p class='ocr_par' dir='ltr' id='par_1_72' title="bbox 472 4384 2160 4453">
     <span class='ocr_line' id='line_1_72' title="bbox 472 4384 2160 4453; baseline -0.003 -10"><span class='ocrx_word' id='word_1_437' title='bbox 472 4394 646 4443; x_wconf 87' lang='lat' dir='ltr'>tatem</span> <span class='ocrx_word' id='word_1_438' title='bbox 685 4388 811 4442; x_wconf 65' lang='lat' dir='ltr'>vitm</span> <span class='ocrx_word' id='word_1_439' title='bbox 844 4387 1107 4453; x_wconf 89' lang='lat' dir='ltr'>transire,</span> <span class='ocrx_word' id='word_1_440' title='bbox 1139 4392 1202 4439; x_wconf 89' lang='lat' dir='ltr'>ut</span> <span class='ocrx_word' id='word_1_441' title='bbox 1233 4384 1473 4438; x_wconf 86' lang='lat' dir='ltr'>terrenis</span> <span class='ocrx_word' id='word_1_442' title='bbox 1526 4384 2030 4439; x_wconf 87' lang='lat' dir='ltr'>sustentationibus</span> <span class='ocrx_word' id='word_1_443' title='bbox 2060 4401 2160 4438; x_wconf 79' lang='lat' dir='ltr'>ex-</span> 
     </span>
    </p>
   </div>
   <div class='ocr_carea' id='block_1_73' title="bbox 474 4472 2159 4547">
    <p class='ocr_par' dir='ltr' id='par_1_73' title="bbox 474 4472 2159 4547">
     <span class='ocr_line' id='line_1_73' title="bbox 474 4472 2159 4547; baseline -0.002 -17"><span class='ocrx_word' id='word_1_444' title='bbox 474 4476 673 4547; x_wconf 88' lang='lat' dir='ltr'>pediti,</span> <span class='ocrx_word' id='word_1_445' title='bbox 706 4476 949 4531; x_wconf 78' lang='lat' dir='ltr'>coelestis</span> <span class='ocrx_word' id='word_1_446' title='bbox 980 4474 1121 4529; x_wconf 92' lang='lat' dir='ltr'>doni</span> <span class='ocrx_word' id='word_1_447' title='bbox 1146 4474 1441 4544; x_wconf 88' lang='lat' dir='ltr'>capiamus</span> <span class='ocrx_word' id='word_1_448' title='bbox 1474 4472 1905 4527; x_wconf 89' lang='lat' dir='ltr'>desiderabilius</span> <span class='ocrx_word' id='word_1_449' title='bbox 1935 4473 2159 4527; x_wconf 88' lang='lat' dir='ltr'>uberta-</span> 
     </span>
    </p>
   </div>
   <div class='ocr_carea' id='block_1_74' title="bbox 472 4562 2165 4636">
    <p class='ocr_par' dir='ltr' id='par_1_74' title="bbox 472 4562 2165 4636">
     <span class='ocr_line' id='line_1_74' title="bbox 472 4562 2165 4636; baseline -0.002 -16"><span class='ocrx_word' id='word_1_450' title='bbox 472 4573 588 4620; x_wconf 86' lang='lat' dir='ltr'>tem</span> <span class='ocrx_word' id='word_1_451' title='bbox 622 4583 634 4621; x_wconf 93' lang='lat'><strong>:</strong></span> <span class='ocrx_word' id='word_1_452' title='bbox 691 4571 747 4620; x_wconf 87' lang='lat' dir='ltr'>et</span> <span class='ocrx_word' id='word_1_453' title='bbox 790 4582 891 4636; x_wconf 88' lang='lat' dir='ltr'>per</span> <span class='ocrx_word' id='word_1_454' title='bbox 920 4580 1052 4618; x_wconf 90' lang='lat' dir='ltr'>eum</span> <span class='ocrx_word' id='word_1_455' title='bbox 1084 4563 1295 4629; x_wconf 88' lang='lat' dir='ltr'>cibum,</span> <span class='ocrx_word' id='word_1_456' title='bbox 1343 4563 1441 4632; x_wconf 92' lang='lat' dir='ltr'>qui</span> <span class='ocrx_word' id='word_1_457' title='bbox 1472 4562 1765 4616; x_wconf 90' lang='lat' dir='ltr'>beneﬁciis</span> <span class='ocrx_word' id='word_1_458' title='bbox 1808 4567 2165 4632; x_wconf 66' lang='lat' dir='ltr'>praarogatur</span> 
     </span>
    </p>
   </div>
   <div class='ocr_carea' id='block_1_75' title="bbox 475 4650 2165 4725">
    <p class='ocr_par' dir='ltr' id='par_1_75' title="bbox 475 4650 2165 4725">
     <span class='ocr_line' id='line_1_75' title="bbox 475 4650 2165 4725; baseline -0.004 -16"><span class='ocrx_word' id='word_1_459' title='bbox 475 4656 731 4720; x_wconf 88' lang='lat' dir='ltr'>alterius,</span> <span class='ocrx_word' id='word_1_460' title='bbox 778 4653 1175 4725; x_wconf 87' lang='lat' dir='ltr'>perveniamus</span> <span class='ocrx_word' id='word_1_461' title='bbox 1222 4652 1292 4705; x_wconf 90' lang='lat' dir='ltr'>ad</span> <span class='ocrx_word' id='word_1_462' title='bbox 1342 4652 1552 4705; x_wconf 87' lang='lat' dir='ltr'>victum</span> <span class='ocrx_word' id='word_1_463' title='bbox 1608 4650 1732 4705; x_wconf 88' lang='lat' dir='ltr'>sine</span> <span class='ocrx_word' id='word_1_464' title='bbox 1776 4651 1891 4704; x_wconf 87' lang='lat' dir='ltr'>ﬁne</span> <span class='ocrx_word' id='word_1_465' title='bbox 1938 4667 2165 4704; x_wconf 89' lang='lat' dir='ltr'>mansu-</span> 
     </span>
    </p>
   </div>
   <div class='ocr_carea' id='block_1_76' title="bbox 473 4740 2167 4809">
    <p class='ocr_par' dir='ltr' id='par_1_76' title="bbox 473 4740 2167 4809">
     <span class='ocr_line' id='line_1_76' title="bbox 473 4740 2167 4809; baseline -0.003 -11"><span class='ocrx_word' id='word_1_466' title='bbox 473 4760 624 4809; x_wconf 91' lang='lat' dir='ltr'>rum,</span> <span class='ocrx_word' id='word_1_467' title='bbox 685 4745 875 4798; x_wconf 87' lang='lat' dir='ltr'>Jesum</span> <span class='ocrx_word' id='word_1_468' title='bbox 952 4742 1240 4796; x_wconf 88' lang='lat' dir='ltr'>Christum</span> <span class='ocrx_word' id='word_1_469' title='bbox 1317 4740 1625 4795; x_wconf 91' lang='lat' dir='ltr'>Dominum</span> <span class='ocrx_word' id='word_1_470' title='bbox 1696 4744 1974 4793; x_wconf 89' lang='lat' dir='ltr'>nostrum.</span> <span class='ocrx_word' id='word_1_471' title='bbox 2057 4740 2167 4794; x_wconf 90' lang='lat' dir='ltr'>Per</span> 
     </span>
    </p>
   </div>
   <div class='ocr_carea' id='block_1_77' title="bbox 475 4848 669 4904">
    <p class='ocr_par' dir='ltr' id='par_1_77' title="bbox 475 4848 669 4904">
     <span class='ocr_line' id='line_1_77' title="bbox 475 4848 669 4904; baseline 0 -17"><span class='ocrx_word' id='word_1_472' title='bbox 475 4848 669 4904; x_wconf 88' lang='lat' dir='ltr'>quem.</span> 
     </span>
    </p>
   </div>
   <div class='ocr_carea' id='block_1_78' title="bbox 958 4931 1688 4974">
    <p class='ocr_par' dir='ltr' id='par_1_78' title="bbox 958 4931 1688 4974">
     <span class='ocr_line' id='line_1_78' title="bbox 958 4931 1688 4974; baseline -0.005 0"><span class='ocrx_word' id='word_1_473' title='bbox 958 4934 1106 4974; x_wconf 70' lang='lat' dir='ltr'>DOH.</span> <span class='ocrx_word' id='word_1_474' title='bbox 1153 4933 1215 4972; x_wconf 80' lang='lat' dir='ltr'><strong>IN</strong></span> <span class='ocrx_word' id='word_1_475' title='bbox 1264 4931 1688 4972; x_wconf 70' lang='lat' dir='ltr'>SEXAGESIMA.</span> 
     </span>
    </p>
   </div>
   <div class='ocr_carea' id='block_1_79' title="bbox 543 5023 2165 5089">
    <p class='ocr_par' dir='ltr' id='par_1_79' title="bbox 543 5023 2165 5089">
     <span class='ocr_line' id='line_1_79' title="bbox 543 5023 2165 5089; baseline -0.004 -6"><span class='ocrx_word' id='word_1_476' title='bbox 543 5028 777 5083; x_wconf 68' lang='lat' dir='ltr'>IEterne</span> <span class='ocrx_word' id='word_1_477' title='bbox 836 5027 1005 5080; x_wconf 87' lang='lat' dir='ltr'>Deus.</span> <span class='ocrx_word' id='word_1_478' title='bbox 1058 5024 1166 5089; x_wconf 91' lang='lat' dir='ltr'>Qui</span> <span class='ocrx_word' id='word_1_479' title='bbox 1233 5023 1634 5077; x_wconf 86' lang='lat' dir='ltr'>rationabilem</span> <span class='ocrx_word' id='word_1_480' title='bbox 1695 5026 2035 5089; x_wconf 90' lang='lat' dir='ltr'>creaturam,</span> <span class='ocrx_word' id='word_1_481' title='bbox 2094 5039 2165 5076; x_wconf 90' lang='lat' dir='ltr'>ne</span> 
     </span>
    </p>
   </div>
   <div class='ocr_carea' id='block_1_80' title="bbox 474 5111 2166 5186">
    <p class='ocr_par' dir='ltr' id='par_1_80' title="bbox 474 5111 2166 5186">
     <span class='ocr_line' id='line_1_80' title="bbox 474 5111 2166 5186; baseline -0.004 -15"><span class='ocrx_word' id='word_1_482' title='bbox 474 5115 887 5186; x_wconf 86' lang='lat' dir='ltr'>temporalibus</span> <span class='ocrx_word' id='word_1_483' title='bbox 937 5114 1129 5169; x_wconf 88' lang='lat' dir='ltr'>dedita</span> <span class='ocrx_word' id='word_1_484' title='bbox 1173 5113 1365 5180; x_wconf 89' lang='lat' dir='ltr'>bonis,</span> <span class='ocrx_word' id='word_1_485' title='bbox 1414 5112 1482 5165; x_wconf 92' lang='lat' dir='ltr'>ad</span> <span class='ocrx_word' id='word_1_486' title='bbox 1530 5112 1770 5180; x_wconf 73' lang='lat' dir='ltr'>praemia</span> <span class='ocrx_word' id='word_1_487' title='bbox 1816 5111 2166 5181; x_wconf 88' lang='lat' dir='ltr'>sempiterna</span> 
     </span>
    </p>
   </div>
   <div class='ocr_carea' id='block_1_81' title="bbox 473 5199 2168 5271">
    <p class='ocr_par' dir='ltr' id='par_1_81' title="bbox 473 5199 2168 5271">
     <span class='ocr_line' id='line_1_81' title="bbox 473 5199 2168 5271; baseline -0.004 -10"><span class='ocrx_word' id='word_1_488' title='bbox 473 5222 594 5262; x_wconf 91' lang='lat' dir='ltr'>non</span> <span class='ocrx_word' id='word_1_489' title='bbox 639 5204 857 5270; x_wconf 86' lang='lat' dir='ltr'>tendat,</span> <span class='ocrx_word' id='word_1_490' title='bbox 909 5220 977 5258; x_wconf 86' lang='lat' dir='ltr'>ea</span> <span class='ocrx_word' id='word_1_491' title='bbox 1025 5200 1452 5271; x_wconf 85' lang='lat' dir='ltr'>dispensatione</span> <span class='ocrx_word' id='word_1_492' title='bbox 1499 5200 1753 5268; x_wconf 88' lang='lat' dir='ltr'>dignaris</span> <span class='ocrx_word' id='word_1_493' title='bbox 1801 5199 2047 5261; x_wconf 88' lang='lat' dir='ltr'>erudire,</span> <span class='ocrx_word' id='word_1_494' title='bbox 2101 5204 2168 5254; x_wconf 86' lang='lat' dir='ltr'>ut</span> 
     </span>
    </p>
   </div>
   <div class='ocr_carea' id='block_1_82' title="bbox 476 5286 2165 5362">
    <p class='ocr_par' dir='ltr' id='par_1_82' title="bbox 476 5286 2165 5362">
     <span class='ocr_line' id='line_1_82' title="bbox 476 5286 2165 5362; baseline -0.005 -14"><span class='ocrx_word' id='word_1_495' title='bbox 476 5311 580 5350; x_wconf 92' lang='lat' dir='ltr'>nec</span> <span class='ocrx_word' id='word_1_496' title='bbox 624 5291 997 5362; x_wconf 87' lang='lat' dir='ltr'>castigatione</span> <span class='ocrx_word' id='word_1_497' title='bbox 1041 5288 1286 5355; x_wconf 89' lang='lat' dir='ltr'>deﬁciat,</span> <span class='ocrx_word' id='word_1_498' title='bbox 1326 5304 1432 5341; x_wconf 90' lang='lat' dir='ltr'>nec</span> <span class='ocrx_word' id='word_1_499' title='bbox 1479 5286 1959 5356; x_wconf 88' lang='lat' dir='ltr'>prosperitatibus</span> <span class='ocrx_word' id='word_1_500' title='bbox 2009 5286 2165 5340; x_wconf 91' lang='lat' dir='ltr'>inso-</span> 
     </span>
    </p>
   </div>
   <div class='ocr_carea' id='block_1_83' title="bbox 475 5374 2166 5450">
    <p class='ocr_par' dir='ltr' id='par_1_83' title="bbox 475 5374 2166 5450">
     <span class='ocr_line' id='line_1_83' title="bbox 475 5374 2166 5450; baseline -0.002 -15"><span class='ocrx_word' id='word_1_501' title='bbox 475 5382 667 5449; x_wconf 84' lang='lat' dir='ltr'>lescat,</span> <span class='ocrx_word' id='word_1_502' title='bbox 700 5382 799 5437; x_wconf 88' lang='lat' dir='ltr'>sed</span> <span class='ocrx_word' id='word_1_503' title='bbox 827 5381 933 5435; x_wconf 89' lang='lat' dir='ltr'>hoc</span> <span class='ocrx_word' id='word_1_504' title='bbox 960 5379 1155 5450; x_wconf 89' lang='lat' dir='ltr'>potius</span> <span class='ocrx_word' id='word_1_505' title='bbox 1172 5378 1271 5433; x_wconf 88' lang='lat' dir='ltr'>ﬁat</span> <span class='ocrx_word' id='word_1_506' title='bbox 1293 5378 1415 5448; x_wconf 89' lang='lat' dir='ltr'>ejus</span> <span class='ocrx_word' id='word_1_507' title='bbox 1445 5374 1698 5447; x_wconf 87' lang='lat' dir='ltr'>gloriosa</span> <span class='ocrx_word' id='word_1_508' title='bbox 1726 5374 1978 5444; x_wconf 88' lang='lat' dir='ltr'>devotio,</span> <span class='ocrx_word' id='word_1_509' title='bbox 2011 5376 2166 5446; x_wconf 90' lang='lat' dir='ltr'>quod</span> 
     </span>
    </p>
   </div>
   <div class='ocr_carea' id='block_1_84' title="bbox 546 5551 1591 5623">
    <p class='ocr_par' dir='ltr' id='par_1_84' title="bbox 546 5551 1591 5623">
     <span class='ocr_line' id='line_1_84' title="bbox 546 5551 1591 5623; baseline -0.001 -16"><span class='ocrx_word' id='word_1_510' title='bbox 546 5562 571 5587; x_wconf 78' lang='grc'><strong>⁸</strong></span> <span class='ocrx_word' id='word_1_511' title='bbox 600 5552 822 5620; x_wconf 82' lang='lat' dir='ltr'>Ambr.,</span> <span class='ocrx_word' id='word_1_512' title='bbox 855 5555 1001 5620; x_wconf 55' lang='lat' dir='ltr'>feria</span> <span class='ocrx_word' id='word_1_513' title='bbox 1028 5570 1088 5608; x_wconf 84' lang='grc' dir='ltr'>ιιι</span> <span class='ocrx_word' id='word_1_514' title='bbox 1122 5553 1295 5623; x_wconf 87' lang='lat' dir='ltr'>hujus</span> <span class='ocrx_word' id='word_1_515' title='bbox 1321 5551 1591 5607; x_wconf 88' lang='lat' dir='ltr'>hebdom.</span> 
     </span>
    </p>
   </div>
   <div class='ocr_carea' id='block_1_85' title="bbox 2262 3056 3901 3127">
    <p class='ocr_par' dir='ltr' id='par_1_85' title="bbox 2262 3056 3901 3127">
     <span class='ocr_line' id='line_1_85' title="bbox 2262 3056 3901 3127; baseline -0.005 -11"><span class='ocrx_word' id='word_1_516' title='bbox 2262 3063 2544 3117; x_wconf 86' lang='lat' dir='ltr'>sendum:</span> <span class='ocrx_word' id='word_1_517' title='bbox 2591 3078 2697 3116; x_wconf 92' lang='lat' dir='ltr'>nec</span> <span class='ocrx_word' id='word_1_518' title='bbox 2729 3062 2918 3116; x_wconf 90' lang='lat' dir='ltr'>studia</span> <span class='ocrx_word' id='word_1_519' title='bbox 2964 3067 3160 3115; x_wconf 87' lang='lat' dir='ltr'>nostra</span> <span class='ocrx_word' id='word_1_520' title='bbox 3203 3064 3514 3127; x_wconf 89' lang='lat' dir='ltr'>sectemur,</span> <span class='ocrx_word' id='word_1_521' title='bbox 3566 3059 3658 3113; x_wconf 92' lang='lat' dir='ltr'>sed</span> <span class='ocrx_word' id='word_1_522' title='bbox 3708 3056 3901 3111; x_wconf 59' lang='lat' dir='ltr'>offereno</span> 
     </span>
    </p>
   </div>
   <div class='ocr_carea' id='block_1_86' title="bbox 2260 3146 3901 3217">
    <p class='ocr_par' dir='ltr' id='par_1_86' title="bbox 2260 3146 3901 3217">
     <span class='ocr_line' id='line_1_86' title="bbox 2260 3146 3901 3217; baseline -0.005 -13"><span class='ocrx_word' id='word_1_523' title='bbox 2260 3150 2412 3205; x_wconf 89' lang='lat' dir='ltr'>tibus</span> <span class='ocrx_word' id='word_1_524' title='bbox 2458 3151 2696 3204; x_wconf 88' lang='lat' dir='ltr'>meliora</span> <span class='ocrx_word' id='word_1_525' title='bbox 2725 3151 3059 3204; x_wconf 89' lang='lat' dir='ltr'>subdamur.</span> <span class='ocrx_word' id='word_1_526' title='bbox 3112 3149 3393 3213; x_wconf 90' lang='lat' dir='ltr'>Quoniam</span> <span class='ocrx_word' id='word_1_527' title='bbox 3430 3148 3557 3201; x_wconf 79' lang='lat' dir='ltr'>haec</span> <span class='ocrx_word' id='word_1_528' title='bbox 3587 3146 3727 3217; x_wconf 88' lang='lat' dir='ltr'>apud</span> <span class='ocrx_word' id='word_1_529' title='bbox 3762 3151 3808 3198; x_wconf 88' lang='lat' dir='ltr'>te</span> <span class='ocrx_word' id='word_1_530' title='bbox 3833 3159 3901 3195; x_wconf 79' lang='lat' dir='ltr'>sa-</span> 
     </span>
    </p>
   </div>
   <div class='ocr_carea' id='block_1_87' title="bbox 2262 3231 3903 3310">
    <p class='ocr_par' dir='ltr' id='par_1_87' title="bbox 2262 3231 3903 3310">
     <span class='ocr_line' id='line_1_87' title="bbox 2262 3231 3903 3310; baseline -0.005 -17"><span class='ocrx_word' id='word_1_531' title='bbox 2262 3239 2483 3310; x_wconf 88' lang='lat' dir='ltr'>pientia</span> <span class='ocrx_word' id='word_1_532' title='bbox 2514 3244 2617 3305; x_wconf 91' lang='lat' dir='ltr'>est,</span> <span class='ocrx_word' id='word_1_533' title='bbox 2663 3255 2789 3310; x_wconf 60' lang='lat' dir='ltr'>quae</span> <span class='ocrx_word' id='word_1_534' title='bbox 2831 3255 2943 3293; x_wconf 92' lang='lat' dir='ltr'>non</span> <span class='ocrx_word' id='word_1_535' title='bbox 2998 3238 3114 3291; x_wconf 91' lang='lat' dir='ltr'>suis</span> <span class='ocrx_word' id='word_1_536' title='bbox 3158 3238 3402 3291; x_wconf 64' lang='lat' dir='ltr'>inhaeret</span> <span class='ocrx_word' id='word_1_537' title='bbox 3430 3237 3612 3303; x_wconf 83' lang='lat' dir='ltr'>vitiis,</span> <span class='ocrx_word' id='word_1_538' title='bbox 3653 3234 3739 3289; x_wconf 87' lang='lat' dir='ltr'>sed</span> <span class='ocrx_word' id='word_1_539' title='bbox 3776 3231 3903 3287; x_wconf 70' lang='lat' dir='ltr'>unde</span> 
     </span>
    </p>
   </div>
   <div class='ocr_carea' id='block_1_88' title="bbox 2263 3324 3735 3399">
    <p class='ocr_par' dir='ltr' id='par_1_88' title="bbox 2263 3324 3735 3399">
     <span class='ocr_line' id='line_1_88' title="bbox 2263 3324 3735 3399; baseline -0.003 -17"><span class='ocrx_word' id='word_1_540' title='bbox 2263 3344 2489 3399; x_wconf 91' lang='lat' dir='ltr'>cunque</span> <span class='ocrx_word' id='word_1_541' title='bbox 2516 3329 2799 3399; x_wconf 89' lang='lat' dir='ltr'>prolatam</span> <span class='ocrx_word' id='word_1_542' title='bbox 2832 3327 3017 3397; x_wconf 91' lang='lat' dir='ltr'>diligit</span> <span class='ocrx_word' id='word_1_543' title='bbox 3038 3326 3360 3381; x_wconf 87' lang='lat' dir='ltr'>veritatem.</span> <span class='ocrx_word' id='word_1_544' title='bbox 3393 3326 3505 3379; x_wconf 88' lang='lat' dir='ltr'>Per</span> <span class='ocrx_word' id='word_1_545' title='bbox 3540 3324 3735 3379; x_wconf 80' lang='lat' dir='ltr'>Christ.</span> 
     </span>
    </p>
   </div>
   <div class='ocr_carea' id='block_1_89' title="bbox 2959 3447 3265 3488">
    <p class='ocr_par' dir='ltr' id='par_1_89' title="bbox 2959 3447 3265 3488">
     <span class='ocr_line' id='line_1_89' title="bbox 2959 3447 3265 3488; baseline -0.01 0"><span class='ocrx_word' id='word_1_546' title='bbox 2959 3447 3265 3488; x_wconf 74' lang='lat' dir='ltr'>SABBATO.</span> 
     </span>
    </p>
   </div>
   <div class='ocr_carea' id='block_1_90' title="bbox 2335 3514 3904 3591">
    <p class='ocr_par' dir='ltr' id='par_1_90' title="bbox 2335 3514 3904 3591">
     <span class='ocr_line' id='line_1_90' title="bbox 2335 3514 3904 3591; baseline -0.007 -15"><span class='ocrx_word' id='word_1_547' title='bbox 2335 3524 2561 3577; x_wconf 71' lang='lat' dir='ltr'>Aiterne</span> <span class='ocrx_word' id='word_1_548' title='bbox 2588 3522 2755 3575; x_wconf 90' lang='lat' dir='ltr'>Deus.</span> <span class='ocrx_word' id='word_1_549' title='bbox 2804 3522 2869 3576; x_wconf 88' lang='lat' dir='ltr'>Et</span> <span class='ocrx_word' id='word_1_550' title='bbox 2914 3521 3270 3591; x_wconf 89' lang='lat' dir='ltr'>majestatem</span> <span class='ocrx_word' id='word_1_551' title='bbox 3296 3525 3455 3576; x_wconf 88' lang='lat' dir='ltr'>tuam</span> <span class='ocrx_word' id='word_1_552' title='bbox 3494 3518 3805 3590; x_wconf 88' lang='lat' dir='ltr'>suppliciter</span> <span class='ocrx_word' id='word_1_553' title='bbox 3838 3514 3904 3567; x_wconf 85' lang='lat' dir='ltr'>de-</span> 
     </span>
    </p>
   </div>
   <div class='ocr_carea' id='block_1_91' title="bbox 2265 3605 3901 3683">
    <p class='ocr_par' dir='ltr' id='par_1_91' title="bbox 2265 3605 3901 3683">
     <span class='ocr_line' id='line_1_91' title="bbox 2265 3605 3901 3683; baseline -0.006 -18"><span class='ocrx_word' id='word_1_554' title='bbox 2265 3612 2507 3683; x_wconf 90' lang='lat' dir='ltr'>precari,</span> <span class='ocrx_word' id='word_1_555' title='bbox 2557 3614 2623 3664; x_wconf 89' lang='lat' dir='ltr'>ut</span> <span class='ocrx_word' id='word_1_556' title='bbox 2651 3615 2905 3663; x_wconf 90' lang='lat' dir='ltr'>mentem</span> <span class='ocrx_word' id='word_1_557' title='bbox 2937 3615 3191 3664; x_wconf 89' lang='lat' dir='ltr'>nostram</span> <span class='ocrx_word' id='word_1_558' title='bbox 3223 3610 3326 3663; x_wconf 92' lang='lat' dir='ltr'>tibi</span> <span class='ocrx_word' id='word_1_559' title='bbox 3363 3609 3639 3679; x_wconf 88' lang='lat' dir='ltr'>placitam</span> <span class='ocrx_word' id='word_1_560' title='bbox 3671 3605 3901 3673; x_wconf 82' lang='lat' dir='ltr'>benignus</span> 
     </span>
    </p>
   </div>
   <div class='ocr_carea' id='block_1_92' title="bbox 2266 3692 3901 3769">
    <p class='ocr_par' dir='ltr' id='par_1_92' title="bbox 2266 3692 3901 3769">
     <span class='ocr_line' id='line_1_92' title="bbox 2266 3692 3901 3769; baseline -0.008 -15"><span class='ocrx_word' id='word_1_561' title='bbox 2266 3699 2479 3754; x_wconf 81' lang='lat' dir='ltr'>efﬁcias</span> <span class='ocrx_word' id='word_1_562' title='bbox 2506 3715 2519 3751; x_wconf 74' lang='grc' dir='ltr'><strong><em>τ</em></strong></span> <span class='ocrx_word' id='word_1_563' title='bbox 2550 3714 2679 3769; x_wconf 64' lang='lat' dir='ltr'>quae</span> <span class='ocrx_word' id='word_1_564' title='bbox 2710 3715 2828 3753; x_wconf 94' lang='lat' dir='ltr'>non</span> <span class='ocrx_word' id='word_1_565' title='bbox 2848 3704 3072 3752; x_wconf 90' lang='lat' dir='ltr'>tantum</span> <span class='ocrx_word' id='word_1_566' title='bbox 3094 3698 3341 3767; x_wconf 84' lang='lat' dir='ltr'>speciem</span> <span class='ocrx_word' id='word_1_567' title='bbox 3370 3696 3648 3751; x_wconf 89' lang='lat' dir='ltr'>bonitatis</span> <span class='ocrx_word' id='word_1_568' title='bbox 3673 3692 3901 3753; x_wconf 82' lang='lat' dir='ltr'>ostendat,</span> 
     </span>
    </p>
   </div>
   <div class='ocr_carea' id='block_1_93' title="bbox 2268 3785 3905 3858">
    <p class='ocr_par' dir='ltr' id='par_1_93' title="bbox 2268 3785 3905 3858">
     <span class='ocr_line' id='line_1_93' title="bbox 2268 3785 3905 3858; baseline -0.007 -16"><span class='ocrx_word' id='word_1_569' title='bbox 2268 3788 2366 3843; x_wconf 89' lang='lat' dir='ltr'>sed</span> <span class='ocrx_word' id='word_1_570' title='bbox 2406 3786 2643 3858; x_wconf 71' lang='lat' dir='ltr'>justitia:</span> <span class='ocrx_word' id='word_1_571' title='bbox 2691 3786 2971 3840; x_wconf 90' lang='lat' dir='ltr'>fructibus</span> <span class='ocrx_word' id='word_1_572' title='bbox 3022 3785 3344 3839; x_wconf 88' lang='lat' dir='ltr'>illuminata</span> <span class='ocrx_word' id='word_1_573' title='bbox 3388 3786 3679 3848; x_wconf 85' lang='lat' dir='ltr'>clarescat,</span> <span class='ocrx_word' id='word_1_574' title='bbox 3725 3786 3905 3847; x_wconf 69' lang='lat' dir='ltr'>tutaque</span> 
     </span>
    </p>
   </div>
   <div class='ocr_carea' id='block_1_94' title="bbox 2268 3864 3905 3947">
    <p class='ocr_par' dir='ltr' id='par_1_94' title="bbox 2268 3864 3905 3947">
     <span class='ocr_line' id='line_1_94' title="bbox 2268 3864 3905 3947; baseline -0.007 -17"><span class='ocrx_word' id='word_1_575' title='bbox 2268 3892 2497 3947; x_wconf 89' lang='lat' dir='ltr'>semper</span> <span class='ocrx_word' id='word_1_576' title='bbox 2527 3875 2717 3929; x_wconf 89' lang='lat' dir='ltr'>dedita</span> <span class='ocrx_word' id='word_1_577' title='bbox 2755 3874 3061 3944; x_wconf 87' lang='lat' dir='ltr'>majestati,</span> <span class='ocrx_word' id='word_1_578' title='bbox 3094 3873 3375 3928; x_wconf 89' lang='lat' dir='ltr'>beneﬁcia</span> <span class='ocrx_word' id='word_1_579' title='bbox 3424 3873 3739 3927; x_wconf 88' lang='lat' dir='ltr'>desiderata</span> <span class='ocrx_word' id='word_1_580' title='bbox 3764 3864 3905 3938; x_wconf 86' lang='lat' dir='ltr'>perci-</span> 
     </span>
    </p>
   </div>
   <div class='ocr_carea' id='block_1_95' title="bbox 2269 3952 3907 4034">
    <p class='ocr_par' dir='ltr' id='par_1_95' title="bbox 2269 3952 3907 4034">
     <span class='ocr_line' id='line_1_95' title="bbox 2269 3952 3907 4034; baseline -0.007 -18"><span class='ocrx_word' id='word_1_581' title='bbox 2269 3964 2409 4034; x_wconf 90' lang='lat' dir='ltr'>piat.</span> <span class='ocrx_word' id='word_1_582' title='bbox 2457 3962 2564 4025; x_wconf 91' lang='lat' dir='ltr'>Qui</span> <span class='ocrx_word' id='word_1_583' title='bbox 2597 3961 2927 4015; x_wconf 88' lang='lat' dir='ltr'>necessariis</span> <span class='ocrx_word' id='word_1_584' title='bbox 2970 3961 3241 4031; x_wconf 90' lang='lat' dir='ltr'>prosequi</span> <span class='ocrx_word' id='word_1_585' title='bbox 3270 3960 3610 4013; x_wconf 90' lang='lat' dir='ltr'>muneribus</span> <span class='ocrx_word' id='word_1_586' title='bbox 3653 3972 3757 4011; x_wconf 92' lang='lat' dir='ltr'>non</span> <span class='ocrx_word' id='word_1_587' title='bbox 3784 3952 3907 4008; x_wconf 81' lang='lat' dir='ltr'>omit-</span> 
     </span>
    </p>
   </div>
   <div class='ocr_carea' id='block_1_96' title="bbox 2269 4047 3905 4121">
    <p class='ocr_par' dir='ltr' id='par_1_96' title="bbox 2269 4047 3905 4121">
     <span class='ocr_line' id='line_1_96' title="bbox 2269 4047 3905 4121; baseline -0.009 -16"><span class='ocrx_word' id='word_1_588' title='bbox 2269 4052 2360 4118; x_wconf 91' lang='lat' dir='ltr'>tis,</span> <span class='ocrx_word' id='word_1_589' title='bbox 2385 4067 2528 4121; x_wconf 88' lang='lat' dir='ltr'>quos</span> <span class='ocrx_word' id='word_1_590' title='bbox 2558 4055 2655 4104; x_wconf 91' lang='lat' dir='ltr'>tuo</span> <span class='ocrx_word' id='word_1_591' title='bbox 2686 4050 2863 4103; x_wconf 91' lang='lat' dir='ltr'>cultui</span> <span class='ocrx_word' id='word_1_592' title='bbox 2888 4049 3223 4120; x_wconf 64' lang='lat' dir='ltr'>prazstiteris</span> <span class='ocrx_word' id='word_1_593' title='bbox 3252 4048 3661 4102; x_wconf 81' lang='lat' dir='ltr'>convenienter</span> <span class='ocrx_word' id='word_1_594' title='bbox 3686 4047 3905 4100; x_wconf 86' lang='lat' dir='ltr'>intentos.</span> 
     </span>
    </p>
   </div>
   <div class='ocr_carea' id='block_1_97' title="bbox 2272 4138 2613 4194">
    <p class='ocr_par' dir='ltr' id='par_1_97' title="bbox 2272 4138 2613 4194">
     <span class='ocr_line' id='line_1_97' title="bbox 2272 4138 2613 4194; baseline -0.009 0"><span class='ocrx_word' id='word_1_595' title='bbox 2272 4140 2381 4194; x_wconf 91' lang='lat' dir='ltr'>Per</span> <span class='ocrx_word' id='word_1_596' title='bbox 2410 4138 2613 4194; x_wconf 89' lang='lat' dir='ltr'>Christ.</span> 
     </span>
    </p>
   </div>
   <div class='ocr_carea' id='block_1_98' title="bbox 2644 4232 3612 4287">
    <p class='ocr_par' dir='ltr' id='par_1_98' title="bbox 2644 4232 3612 4287">
     <span class='ocr_line' id='line_1_98' title="bbox 2644 4232 3612 4287; baseline -0.004 -6"><span class='ocrx_word' id='word_1_597' title='bbox 2644 4240 2793 4281; x_wconf 77' lang='lat' dir='ltr'>DOM.</span> <span class='ocrx_word' id='word_1_598' title='bbox 2840 4242 2857 4281; x_wconf 95' lang='lat' dir='ltr'>I</span> <span class='ocrx_word' id='word_1_599' title='bbox 2904 4240 2969 4280; x_wconf 86' lang='lat' dir='ltr'>IN</span> <span class='ocrx_word' id='word_1_600' title='bbox 3016 4239 3545 4287; x_wconf 75' lang='lat' dir='ltr'>QUADRAGESIIIA.</span> <span class='ocrx_word' id='word_1_601' title='bbox 3587 4232 3612 4257; x_wconf 77' lang='grc'>⁸</span> 
     </span>
    </p>
   </div>
   <div class='ocr_carea' id='block_1_99' title="bbox 2345 4310 3908 4385">
    <p class='ocr_par' dir='ltr' id='par_1_99' title="bbox 2345 4310 3908 4385">
     <span class='ocr_line' id='line_1_99' title="bbox 2345 4310 3908 4385; baseline -0.009 -16"><span class='ocrx_word' id='word_1_602' title='bbox 2345 4316 2468 4385; x_wconf 83' lang='grc' dir='ltr'>(Α.)</span> <span class='ocrx_word' id='word_1_603' title='bbox 2522 4318 2749 4369; x_wconf 70' lang='grc' dir='ltr'>Εῑετηθ</span> <span class='ocrx_word' id='word_1_604' title='bbox 2801 4317 2965 4369; x_wconf 91' lang='lat' dir='ltr'>Deus.</span> <span class='ocrx_word' id='word_1_605' title='bbox 3024 4315 3128 4367; x_wconf 89' lang='lat' dir='ltr'>Per</span> <span class='ocrx_word' id='word_1_606' title='bbox 3167 4313 3455 4369; x_wconf 89' lang='lat' dir='ltr'>Christum</span> <span class='ocrx_word' id='word_1_607' title='bbox 3506 4310 3799 4367; x_wconf 89' lang='lat' dir='ltr'>Dominum</span> <span class='ocrx_word' id='word_1_608' title='bbox 3839 4318 3908 4356; x_wconf 87' lang='lat' dir='ltr'>no-</span> 
     </span>
    </p>
   </div>
   <div class='ocr_carea' id='block_1_100' title="bbox 2272 4400 3907 4474">
    <p class='ocr_par' dir='ltr' id='par_1_100' title="bbox 2272 4400 3907 4474">
     <span class='ocr_line' id='line_1_100' title="bbox 2272 4400 3907 4474; baseline -0.005 -15"><span class='ocrx_word' id='word_1_609' title='bbox 2272 4410 2472 4459; x_wconf 91' lang='lat' dir='ltr'>strum.</span> <span class='ocrx_word' id='word_1_610' title='bbox 2526 4404 2633 4468; x_wconf 92' lang='lat' dir='ltr'>Qui</span> <span class='ocrx_word' id='word_1_611' title='bbox 2692 4404 3040 4458; x_wconf 90' lang='lat' dir='ltr'>continuatis</span> <span class='ocrx_word' id='word_1_612' title='bbox 3088 4402 3467 4474; x_wconf 89' lang='lat' dir='ltr'>quadraginta</span> <span class='ocrx_word' id='word_1_613' title='bbox 3518 4400 3714 4455; x_wconf 87' lang='lat' dir='ltr'>diebus</span> <span class='ocrx_word' id='word_1_614' title='bbox 3755 4401 3801 4450; x_wconf 89' lang='lat' dir='ltr'>et</span> <span class='ocrx_word' id='word_1_615' title='bbox 3837 4408 3907 4445; x_wconf 85' lang='lat' dir='ltr'>n0-</span> 
     </span>
    </p>
   </div>
   <div class='ocr_carea' id='block_1_101' title="bbox 2272 4486 3907 4563">
    <p class='ocr_par' dir='ltr' id='par_1_101' title="bbox 2272 4486 3907 4563">
     <span class='ocr_line' id='line_1_101' title="bbox 2272 4486 3907 4563; baseline -0.005 -15"><span class='ocrx_word' id='word_1_616' title='bbox 2272 4494 2457 4548; x_wconf 88' lang='lat' dir='ltr'>ctibus</span> <span class='ocrx_word' id='word_1_617' title='bbox 2496 4493 2605 4546; x_wconf 92' lang='lat' dir='ltr'>hoc</span> <span class='ocrx_word' id='word_1_618' title='bbox 2637 4492 2932 4563; x_wconf 90' lang='lat' dir='ltr'>jejunium</span> <span class='ocrx_word' id='word_1_619' title='bbox 2973 4508 3088 4545; x_wconf 92' lang='lat' dir='ltr'>non</span> <span class='ocrx_word' id='word_1_620' title='bbox 3116 4492 3369 4545; x_wconf 90' lang='lat' dir='ltr'>esuriens</span> <span class='ocrx_word' id='word_1_621' title='bbox 3401 4489 3712 4553; x_wconf 85' lang='lat' dir='ltr'>dedicavit;</span> <span class='ocrx_word' id='word_1_622' title='bbox 3755 4486 3907 4555; x_wconf 71' lang='grc' dir='ltr'>Ροεῑεει</span> 
     </span>
    </p>
   </div>
   <div class='ocr_carea' id='block_1_102' title="bbox 2273 4571 3905 4648">
    <p class='ocr_par' dir='ltr' id='par_1_102' title="bbox 2273 4571 3905 4648">
     <span class='ocr_line' id='line_1_102' title="bbox 2273 4571 3905 4648; baseline -0.007 -12"><span class='ocrx_word' id='word_1_623' title='bbox 2273 4582 2429 4637; x_wconf 90' lang='lat' dir='ltr'>enim</span> <span class='ocrx_word' id='word_1_624' title='bbox 2473 4581 2692 4648; x_wconf 89' lang='lat' dir='ltr'>esuriit,</span> <span class='ocrx_word' id='word_1_625' title='bbox 2726 4597 2842 4635; x_wconf 91' lang='lat' dir='ltr'>non</span> <span class='ocrx_word' id='word_1_626' title='bbox 2884 4584 3001 4634; x_wconf 80' lang='lat' dir='ltr'>tam</span> <span class='ocrx_word' id='word_1_627' title='bbox 3032 4580 3225 4633; x_wconf 91' lang='lat' dir='ltr'>cibum</span> <span class='ocrx_word' id='word_1_628' title='bbox 3252 4578 3577 4644; x_wconf 90' lang='lat' dir='ltr'>hominum,</span> <span class='ocrx_word' id='word_1_629' title='bbox 3610 4590 3768 4648; x_wconf 88' lang='lat' dir='ltr'>quam</span> <span class='ocrx_word' id='word_1_630' title='bbox 3792 4571 3905 4624; x_wconf 80' lang='lat' dir='ltr'>salu-</span> 
     </span>
    </p>
   </div>
   <div class='ocr_carea' id='block_1_103' title="bbox 2272 4657 3903 4737">
    <p class='ocr_par' dir='ltr' id='par_1_103' title="bbox 2272 4657 3903 4737">
     <span class='ocr_line' id='line_1_103' title="bbox 2272 4657 3903 4737; baseline -0.008 -13"><span class='ocrx_word' id='word_1_631' title='bbox 2272 4676 2411 4735; x_wconf 88' lang='lat' dir='ltr'>tem,</span> <span class='ocrx_word' id='word_1_632' title='bbox 2465 4671 2575 4723; x_wconf 88' lang='lat' dir='ltr'>Nec</span> <span class='ocrx_word' id='word_1_633' title='bbox 2623 4684 2880 4722; x_wconf 84' lang='lat' dir='ltr'>escarum</span> <span class='ocrx_word' id='word_1_634' title='bbox 2931 4668 3292 4722; x_wconf 67' lang='lat' dir='ltr'>saecularium</span> <span class='ocrx_word' id='word_1_635' title='bbox 3341 4669 3543 4737; x_wconf 89' lang='lat' dir='ltr'>epulas</span> <span class='ocrx_word' id='word_1_636' title='bbox 3617 4657 3903 4731; x_wconf 78' lang='lat' dir='ltr'>concupivit.</span> 
     </span>
    </p>
   </div>
   <div class='ocr_carea' id='block_1_104' title="bbox 2274 4747 3905 4827">
    <p class='ocr_par' dir='ltr' id='par_1_104' title="bbox 2274 4747 3905 4827">
     <span class='ocr_line' id='line_1_104' title="bbox 2274 4747 3905 4827; baseline -0.006 -14"><span class='ocrx_word' id='word_1_637' title='bbox 2274 4759 2373 4813; x_wconf 89' lang='lat' dir='ltr'>sed</span> <span class='ocrx_word' id='word_1_638' title='bbox 2404 4759 2725 4812; x_wconf 89' lang='lat' dir='ltr'>animarum</span> <span class='ocrx_word' id='word_1_639' title='bbox 2767 4757 3114 4811; x_wconf 88' lang='lat' dir='ltr'>desideravit</span> <span class='ocrx_word' id='word_1_640' title='bbox 3146 4756 3331 4827; x_wconf 84' lang='lat' dir='ltr'>potius</span> <span class='ocrx_word' id='word_1_641' title='bbox 3364 4756 3732 4809; x_wconf 90' lang='lat' dir='ltr'>sanctitatem.</span> <span class='ocrx_word' id='word_1_642' title='bbox 3779 4747 3905 4804; x_wconf 76' lang='lat' dir='ltr'>Cibus</span> 
     </span>
    </p>
   </div>
   <div class='ocr_carea' id='block_1_105' title="bbox 2274 4835 3907 4917">
    <p class='ocr_par' dir='ltr' id='par_1_105' title="bbox 2274 4835 3907 4917">
     <span class='ocr_line' id='line_1_105' title="bbox 2274 4835 3907 4917; baseline -0.005 -16"><span class='ocrx_word' id='word_1_643' title='bbox 2274 4863 2523 4917; x_wconf 89' lang='lat' dir='ltr'>namque</span> <span class='ocrx_word' id='word_1_644' title='bbox 2568 4847 2691 4917; x_wconf 90' lang='lat' dir='ltr'>ejus</span> <span class='ocrx_word' id='word_1_645' title='bbox 2721 4851 2809 4900; x_wconf 88' lang='lat' dir='ltr'>est</span> <span class='ocrx_word' id='word_1_646' title='bbox 2848 4845 3163 4915; x_wconf 87' lang='lat' dir='ltr'>redemptio</span> <span class='ocrx_word' id='word_1_647' title='bbox 3212 4845 3579 4914; x_wconf 90' lang='lat' dir='ltr'>populorum.</span> <span class='ocrx_word' id='word_1_648' title='bbox 3628 4842 3783 4897; x_wconf 90' lang='lat' dir='ltr'>Cibus</span> <span class='ocrx_word' id='word_1_649' title='bbox 3818 4835 3907 4902; x_wconf 68' lang='lat' dir='ltr'>ejus</span> 
     </span>
    </p>
   </div>
   <div class='ocr_carea' id='block_1_106' title="bbox 2275 4920 3907 4996">
    <p class='ocr_par' dir='ltr' id='par_1_106' title="bbox 2275 4920 3907 4996">
     <span class='ocr_line' id='line_1_106' title="bbox 2275 4920 3907 4996; baseline -0.007 -5"><span class='ocrx_word' id='word_1_650' title='bbox 2275 4942 2360 4992; x_wconf 86' lang='lat' dir='ltr'>est</span> <span class='ocrx_word' id='word_1_651' title='bbox 2392 4935 2568 4989; x_wconf 89' lang='lat' dir='ltr'>totius</span> <span class='ocrx_word' id='word_1_652' title='bbox 2616 4935 2786 4989; x_wconf 70' lang='lat' dir='ltr'>bona:</span> <span class='ocrx_word' id='word_1_653' title='bbox 2836 4934 3143 4988; x_wconf 86' lang='lat' dir='ltr'>voluntatis</span> <span class='ocrx_word' id='word_1_654' title='bbox 3185 4932 3438 4986; x_wconf 76' lang='lat' dir='ltr'>affectus.</span> <span class='ocrx_word' id='word_1_655' title='bbox 3486 4932 3595 4996; x_wconf 89' lang='lat' dir='ltr'>Qui</span> <span class='ocrx_word' id='word_1_656' title='bbox 3626 4946 3724 4985; x_wconf 88' lang='lat' dir='ltr'>nos</span> <span class='ocrx_word' id='word_1_657' title='bbox 3759 4920 3907 4980; x_wconf 63' lang='lat' dir='ltr'>docuit</span> 
     </span>
    </p>
   </div>
   <div class='ocr_carea' id='block_1_107' title="bbox 2275 5018 3907 5095">
    <p class='ocr_par' dir='ltr' id='par_1_107' title="bbox 2275 5018 3907 5095">
     <span class='ocr_line' id='line_1_107' title="bbox 2275 5018 3907 5095; baseline -0.008 -16"><span class='ocrx_word' id='word_1_658' title='bbox 2275 5024 2501 5095; x_wconf 89' lang='lat' dir='ltr'>operari</span> <span class='ocrx_word' id='word_1_659' title='bbox 2552 5040 2667 5079; x_wconf 92' lang='lat' dir='ltr'>non</span> <span class='ocrx_word' id='word_1_660' title='bbox 2700 5024 2885 5077; x_wconf 90' lang='lat' dir='ltr'>solum</span> <span class='ocrx_word' id='word_1_661' title='bbox 2915 5023 3127 5088; x_wconf 90' lang='lat' dir='ltr'>cibum,</span> <span class='ocrx_word' id='word_1_662' title='bbox 3166 5022 3266 5093; x_wconf 94' lang='lat' dir='ltr'>qui</span> <span class='ocrx_word' id='word_1_663' title='bbox 3304 5022 3549 5075; x_wconf 87' lang='lat' dir='ltr'>terrenis</span> <span class='ocrx_word' id='word_1_664' title='bbox 3577 5018 3797 5089; x_wconf 85' lang='lat' dir='ltr'>dapibus</span> <span class='ocrx_word' id='word_1_665' title='bbox 3832 5025 3907 5077; x_wconf 83' lang='lat' dir='ltr'>ap-</span> 
     </span>
    </p>
   </div>
   <div class='ocr_carea' id='block_1_108' title="bbox 2274 5107 3906 5182">
    <p class='ocr_par' dir='ltr' id='par_1_108' title="bbox 2274 5107 3906 5182">
     <span class='ocr_line' id='line_1_108' title="bbox 2274 5107 3906 5182; baseline -0.01 -17"><span class='ocrx_word' id='word_1_666' title='bbox 2274 5116 2535 5182; x_wconf 89' lang='lat' dir='ltr'>paratur;</span> <span class='ocrx_word' id='word_1_667' title='bbox 2574 5110 2670 5166; x_wconf 88' lang='lat' dir='ltr'>sed</span> <span class='ocrx_word' id='word_1_668' title='bbox 2697 5110 2869 5163; x_wconf 87' lang='lat' dir='ltr'>etiam</span> <span class='ocrx_word' id='word_1_669' title='bbox 2898 5124 3030 5163; x_wconf 89' lang='lat' dir='ltr'>eum</span> <span class='ocrx_word' id='word_1_670' title='bbox 3061 5109 3161 5179; x_wconf 89' lang='lat' dir='ltr'>qui</span> <span class='ocrx_word' id='word_1_671' title='bbox 3189 5108 3509 5162; x_wconf 90' lang='lat' dir='ltr'>divinarum</span> <span class='ocrx_word' id='word_1_672' title='bbox 3542 5107 3906 5177; x_wconf 84' lang='lat' dir='ltr'>Scripturarum</span> 
     </span>
    </p>
   </div>
   <div class='ocr_carea' id='block_1_109' title="bbox 2274 5197 3467 5269">
    <p class='ocr_par' dir='ltr' id='par_1_109' title="bbox 2274 5197 3467 5269">
     <span class='ocr_line' id='line_1_109' title="bbox 2274 5197 3467 5269; baseline -0.003 -15"><span class='ocrx_word' id='word_1_673' title='bbox 2274 5200 2516 5254; x_wconf 87' lang='lat' dir='ltr'>lectione</span> <span class='ocrx_word' id='word_1_674' title='bbox 2540 5198 2873 5269; x_wconf 89' lang='lat' dir='ltr'>percipitur.</span> <span class='ocrx_word' id='word_1_675' title='bbox 2909 5200 3013 5251; x_wconf 87' lang='lat' dir='ltr'>Per</span> <span class='ocrx_word' id='word_1_676' title='bbox 3044 5213 3216 5267; x_wconf 89' lang='lat' dir='ltr'>quem</span> <span class='ocrx_word' id='word_1_677' title='bbox 3244 5197 3467 5267; x_wconf 89' lang='lat' dir='ltr'>majest.</span> 
     </span>
    </p>
   </div>
   <div class='ocr_carea' id='block_1_110' title="bbox 2969 5301 3280 5341">
    <p class='ocr_par' dir='ltr' id='par_1_110' title="bbox 2969 5301 3280 5341">
     <span class='ocr_line' id='line_1_110' title="bbox 2969 5301 3280 5341; baseline 0 -1"><span class='ocrx_word' id='word_1_678' title='bbox 2969 5301 3158 5341; x_wconf 75' lang='lat' dir='ltr'><strong>FRRIA</strong></span> <span class='ocrx_word' id='word_1_679' title='bbox 3206 5301 3280 5340; x_wconf 87' lang='lat' dir='ltr'><strong>II.</strong></span> 
     </span>
    </p>
   </div>
   <div class='ocr_carea' id='block_1_111' title="bbox 2347 5358 3909 5446">
    <p class='ocr_par' dir='ltr' id='par_1_111' title="bbox 2347 5358 3909 5446">
     <span class='ocr_line' id='line_1_111' title="bbox 2347 5358 3909 5446; baseline -0.006 -16"><span class='ocrx_word' id='word_1_680' title='bbox 2347 5375 2456 5446; x_wconf 81' lang='grc' dir='ltr'>(Α.)</span> <span class='ocrx_word' id='word_1_681' title='bbox 2505 5377 2732 5429; x_wconf 61' lang='grc' dir='ltr'>[Εῐεωθ</span> <span class='ocrx_word' id='word_1_682' title='bbox 2782 5376 2945 5429; x_wconf 87' lang='lat' dir='ltr'>Deus.</span> <span class='ocrx_word' id='word_1_683' title='bbox 2980 5375 3088 5439; x_wconf 92' lang='lat' dir='ltr'>Qui</span> <span class='ocrx_word' id='word_1_684' title='bbox 3129 5376 3231 5430; x_wconf 88' lang='lat' dir='ltr'>das</span> <span class='ocrx_word' id='word_1_685' title='bbox 3258 5390 3444 5428; x_wconf 89' lang='lat' dir='ltr'>escam</span> <span class='ocrx_word' id='word_1_686' title='bbox 3481 5371 3636 5427; x_wconf 91' lang='lat' dir='ltr'>omni</span> <span class='ocrx_word' id='word_1_687' title='bbox 3677 5364 3829 5429; x_wconf 87' lang='lat' dir='ltr'>carni,</span> <span class='ocrx_word' id='word_1_688' title='bbox 3868 5358 3909 5409; x_wconf 70' lang='grc' dir='ltr'>εί</span> 
     </span>
    </p>
   </div>
  </div>
