4078 6180
220 293 322 347 889

221 514 363 568 escis
393 516 579 569 reﬁcis
616 532 628 569 :
680 521 743 571 ut
787 534 898 571 non
939 518 996 571 in
1038 521 1156 573 solo
1209 538 1357 591 pane
1407 524 1679 588 vivamus,
1724 529 1820 582 sed
1854 530 1914 583 in

218 603 381 655 omni
410 604 582 657 verbo
615 609 713 658 tuo
763 607 992 660 vitalem
1046 608 1360 664 habeamus
1402 613 1759 683 alimoniam,
1808 634 1913 671 nec

216 694 444 743 tantum
494 693 803 761 epulando,
863 695 960 748 sed
1015 695 1188 749 etiam
1226 700 1546 769 jejunando
1588 720 1909 772 pascamur.

217 777 362 831 Nam
408 784 469 831 ut
513 779 756 849 dapibus
799 787 855 835 et
898 783 1115 852 poculis
1161 802 1420 855 corpora,
1471 792 1549 843 sic
1589 792 1827 862 jejuniis
1859 802 1915 849 et

214 866 527 921 virtutibus
574 870 782 923 animas
814 872 1171 941 saginantur.
1216 877 1476 946 Magnam
1517 880 1576 933 in
1626 882 1733 935 hoc
1779 899 1910 937 mu-

211 970 355 1008 nere
387 956 777 1011 salubritatem
813 961 1020 1013 mentis
1051 966 1106 1014 et
1136 966 1395 1033 corporis
1426 970 1743 1037 contulisti,
1776 973 1912 1041 quia

204 1043 502 1112 jejunium
528 1046 694 1099 nobis
717 1050 1038 1103 venerabile
1060 1051 1351 1120 dedicasti,
1378 1060 1441 1107 ut
1466 1056 1533 1109 ad
1558 1059 1910 1129 paradisum,

211 1130 282 1184 de
314 1147 428 1200 quo
460 1149 573 1185 non
607 1134 945 1189 abstinendo
985 1139 1313 1207 cecidimus,
1348 1142 1666 1212 jejunando
1698 1149 1911 1202 solem-

210 1219 347 1273 nius
372 1220 693 1275 redeamus.
728 1224 834 1277 Per
854 1225 1056 1280 Christ.

896 1346 1086 1386 FERIA
1134 1348 1237 1387 IIL

284 1431 512 1483 Eterne
553 1433 716 1486 Deus.
764 1434 871 1488 Per
918 1436 1204 1490 Christum
1260 1440 1565 1494 Dominum
1628 1448 1907 1497 nostrum.

211 1518 276 1570 In
308 1535 427 1588 quo
458 1519 844 1588 jejunantium
878 1523 1017 1578 ﬁdes
1055 1526 1246 1589 alitur,
1290 1534 1419 1595 etc.,
1463 1535 1521 1583 ut
1559 1546 1730 1600 supra
1760 1535 1908 1586 Dom.

215 1621 232 1659 1
270 1606 557 1675 Quadi-ag.
588 1610 841 1665 Ambros.

908 1698 1103 1740 FERIA
1148 1701 1234 1741 IV.

282 1780 400 1851 (A.)
434 1786 659 1839 Eterne
691 1787 857 1841 Deus.
892 1788 1000 1853 Qui
1030 1790 1089 1843 in
1134 1790 1468 1846 alimentum
1508 1797 1764 1865 corporis
1795 1795 1906 1849 hu-

208 1870 369 1923 mani
401 1870 635 1941 frugum
665 1874 888 1943 copiam
921 1877 1162 1945 produci
1189 1879 1427 1948 jussisti,
1470 1886 1528 1934 et
1568 1882 1625 1935 in
1669 1883 1908 1936 alimen-

208 1965 338 2013 tum
397 1961 722 2016 animarum
759 1964 966 2033 jejunii
1020 1966 1185 2020 nobis
1237 1968 1581 2023 medicinam
1628 1970 1905 2027 indidisti.

208 2047 286 2100 Te
313 2048 509 2118 itaque
538 2052 821 2121 supplices
854 2053 1206 2123 invocamus,
1237 2063 1303 2109 ut
1322 2057 1425 2110 tibi
1458 2058 1530 2110 sit
1561 2061 1909 2129 acceptabile

206 2134 495 2205 jejunium
536 2144 815 2206 nostrum,
858 2146 912 2194 et
955 2158 1054 2194 nos
1100 2159 1132 2195 a
1174 2143 1313 2197 cibis
1346 2145 1674 2215 jejuuautes
1705 2165 1737 2201 a
1778 2164 1908 2218 pec-

207 2222 353 2276 catis
392 2222 664 2278 absolvas.
698 2226 806 2280 Per
833 2227 1141 2282 Christum.

930 2348 1119 2388 FERIA
1156 2350 1214 2389 ν.

234 2430 239 2437 ’
300 2434 418 2505 (Λ.)
452 2437 677 2490 JEterne
726 2437 894 2491 Deus.
940 2439 1082 2502 Quia
1120 2446 1513 2511 competenter
1552 2449 1722 2515 atque
1759 2447 1913 2500 salu-

208 2522 397 2575 briter
436 2524 701 2594 religiosa
746 2532 880 2579 sunt
919 2528 1083 2581 nobis
1123 2528 1384 2584 instituta
1404 2532 1649 2601 jejunia,
1697 2539 1757 2587 ut
1787 2552 1911 2588 cor-

206 2626 403 2680 poreae
439 2612 815 2681 jucunditatis
861 2615 1266 2670 immoderatas
1316 2635 1680 2674 coerceamus
1725 2622 1910 2677 illece-

205 2699 343 2753 bras
386 2717 399 2754 :
446 2705 508 2754 ut
537 2706 781 2756 terrente
820 2704 1213 2760 delectationis
1253 2707 1561 2762 insolentia
1604 2711 1909 2779 refrenata,

204 2788 412 2858 purior
443 2796 614 2859 atque
642 2791 1009 2862 tranquillior
1038 2795 1325 2863 appetitus
1371 2798 1437 2849 ad
1493 2799 1747 2852 cmlestia
1777 2817 1911 2854 con-

206 2877 544 2946 templanda
601 2880 871 2950 mysteria
922 2882 1181 2937 ﬁdelium
1245 2884 1517 2939 reddatur
1565 2888 1907 2943 animarum.

208 2966 319 3019 Per
344 2964 552 3020 Christ.

900 3054 1089 3095 FBRIA
1131 3056 1219 3096 νι.

279 3143 514 3196 ΑΞὶθωθ
546 3144 713 3197 Deus.
745 3144 853 3208 Qui
883 3146 1082 3216 jejunii
1115 3149 1513 3205 observatione
1553 3156 1609 3205 et
1635 3128 1907 3207 .eleemo-

207 3244 490 3299 synarum
529 3233 852 3301 gratissima
890 3235 1191 3305 largitione
1241 3254 1341 3291 nos
1388 3239 1634 3293 docuisti
1684 3246 1906 3295 nostro-

206 3334 346 3371 rum
378 3320 634 3374 remedia
658 3323 933 3392 consequi
965 3332 1349 3393 peccatorum.
1390 3328 1549 3381 Unde
1588 3334 1746 3383 tuam
1789 3331 1904 3383 im-

206 3406 511 3477 ploramus
564 3410 949 3478 clementiam,
1018 3419 1081 3467 ut
1132 3415 1221 3468 his
1272 3417 1781 3485 observationibus,
1853 3424 1909 3473 et

207 3497 435 3550 caeteris
468 3498 752 3552 bonorum
802 3517 1040 3570 operum
1076 3504 1520 3560 exhibitionibus
1571 3509 1795 3572 muniti,
1840 3525 1907 3561 ea

206 3601 522 3655 operemur
550 3588 754 3657 quibus
793 3590 864 3643 ad
913 3597 1124 3645 aeterna
1168 3594 1379 3663 gaudia
1418 3598 1819 3667 consequeuda
1851 3603 1907 3652 et

203 3690 340 3745 spes
375 3674 540 3729 nobis
566 3683 835 3748 suppetat
867 3685 922 3733 et
949 3679 1206 3737 facultas.
1244 3684 1349 3736 Per
1377 3684 1583 3739 Christ.

878 3784 1161 3825 SABBATO
1204 3780 1246 3827 ﬂ

278 3851 663 3922 (A.)1Eterne
709 3856 874 3909 Deus.
909 3858 1265 3913 lllumiuator
1308 3866 1362 3914 et
1401 3862 1730 3931 redemptor
1779 3863 1903 3916 ani-

201 3956 438 3993 marum
472 3948 818 4008 nostrarum,
849 3945 949 4014 qui
980 3963 1082 3999 nos
1127 3964 1228 4017 per
1274 3949 1527 4019 primum
1572 3950 1773 4015 Adam,
1805 3951 1903 4004 ab-

202 4029 501 4083 stinentiae
560 4031 684 4100 lege
748 4032 977 4099 violata,
1038 4037 1302 4103 paradiso
1361 4040 1589 4107 ejectos,
1643 4038 1903 4092 fortioris

196 4116 415 4187 jejunii
450 4120 707 4173 remedio
738 4121 806 4174 ad
836 4123 1087 4191 antiquae
1116 4126 1312 4194 patriae
1353 4126 1766 4181 beatitudinem
1806 4144 1906 4197 per

204 4205 461 4276 gratiam
508 4209 801 4273 revocasti,
850 4226 1069 4281 nosque
1117 4213 1211 4282 pia
1254 4213 1611 4269 institutione
1663 4215 1905 4269 docuisti

1178 300 1385 358 LIBER
1425 304 2065 368 SACRAMENTORUM.
2100 344 2166 353 ——
2196 313 2514 371 PBAEFAT.
2557 316 2788 381 ANTIO.

220 440 327 479 nos
350 442 472 480 non
508 428 698 481 solum
746 429 1093 499 carnalibus,
1140 433 1235 486 sed
1282 434 1454 489 etiam
1506 437 1906 507 spiritualibus
1946 444 1993 497 Α

3610 328 3712 380 890

2700 463 2891 503 FERIA
2938 463 3040 503 11L

2091 536 2318 589 Etcrne
2353 537 2514 589 Deus.
2550 537 2657 601 Qui
2688 537 2759 590 ob
2806 537 3126 592 animarum
3170 540 3453 595 medelam
3502 542 3710 612 jejunii

2019 621 2317 677 devotione
2375 641 2610 694 corpora
2675 625 2938 695 castigari
3012 629 3351 698 praecepisti,
3432 633 3707 695 concede:

2022 727 2372 780 quaesumus,
2412 720 2472 766 ut
2500 714 2670 765 corda
2720 720 2911 767 nostra
2942 714 3019 767 ita
3062 715 3286 784 pietatis
3333 724 3444 771 tuas
3488 721 3711 774 valeant

2022 815 2281 853 exercere
2334 803 2623 865 mandata,
2681 809 2743 854 ut
2791 803 2859 855 ad
2898 808 2994 854 tua
3039 821 3381 873 mereamur,
3418 812 3473 859 te
3514 809 3713 878 opitu-

2020 888 2191 950 lante,
2228 890 2529 958 pervenire
2560 891 2857 959 promissa.
2897 892 3002 944 Per
3035 892 3235 946 Christ.

2708 994 2897 1032 FERIA
2948 994 3031 1031 IV.

2089 1063 2207 1133 (A.)
2249 1067 2474 1119 .Eterne
2518 1066 2681 1118 Deus.
2745 1067 2849 1119 Per
2905 1067 3191 1120 Christum
3244 1069 3550 1123 Dominum
3608 1087 3711 1123 no-

2018 1156 2219 1205 strum.
2276 1155 2382 1207 Per
2421 1170 2590 1224 quem
2634 1155 2869 1207 humani
2917 1156 3144 1224 generis
3198 1158 3716 1212 reconciliationem

2019 1241 2267 1295 mirabili
2316 1242 2740 1312 dispensatione
2792 1247 3060 1312 operatus
3109 1260 3169 1296 es
3229 1261 3240 1297 :
3280 1251 3507 1314 praesta,
3553 1263 3709 1316 quas-

2019 1347 2234 1396 sumus,
2306 1336 2367 1383 ut
2420 1338 2612 1384 sancto
2679 1332 2961 1401 puriticati
3017 1332 3260 1401 jejunio,
3323 1339 3379 1386 et
3431 1334 3536 1387 tibi
3589 1339 3708 1387 toto

2020 1420 2185 1471 corde
2239 1418 2417 1472 simus
2464 1420 2722 1489 subjecti,
2770 1426 2826 1472 et
2871 1420 3021 1473 inter
3073 1422 3381 1474 mundanae
3418 1422 3710 1491 pravitatis

2017 1507 2273 1571 insidias,
2340 1512 2392 1559 te
2450 1508 2778 1573 miserante,
2839 1523 3269 1577 perseveremus
3353 1508 3537 1562 illaesi.
3613 1512 3718 1563 Per

2021 1612 2195 1665 quem
2225 1595 2447 1665 majest.

2716 1699 2909 1738 FERIA
2956 1698 3014 1737 ν.

2092 1775 2209 1847 (Α.)
2267 1778 2492 1829 [literne
2547 1776 2715 1830 Deus.
2780 1777 2841 1830 Et
2903 1781 3063 1829 tuam
3125 1790 3255 1829 cum
3323 1776 3704 1831 celebratione

2012 1864 2221 1935 jejunii
2252 1864 2521 1933 pietatem
2568 1864 2783 1918 devotis
2823 1865 3113 1917 mentibus
3168 1863 3483 1930 obsecrare,
3517 1870 3582 1918 ut
3612 1865 3711 1935 qui

2018 1953 2262 2022 peccatis
2300 1952 2700 2021 ingruentibus
2742 1952 3020 2004 malorum
3072 1952 3325 2021 pondere
3368 1952 3709 2022 premimur,

2020 2046 2075 2093 et
2107 2058 2134 2092 a
2166 2040 2412 2110 peccatis
2443 2040 2709 2092 omnibus
2736 2040 3067 2101 liberemur,
3095 2045 3149 2094 et
3182 2040 3363 2093 libera
3387 2040 3490 2093 tibi
3522 2047 3715 2094 mente

2016 2128 2382 2182 famulemur.
2417 2129 2523 2182 Per
2554 2128 2759 2182 Christ.

2707 2248 2899 2287 FERIA
2936 2249 3024 2286 Vl.

2089 2325 2315 2377 [Eterne
2348 2323 2516 2376 Deus.
2550 2321 2652 2385 Qui
2686 2322 3084 2392 delinquentes
3113 2320 3300 2391 perire
3335 2337 3449 2374 non
3475 2321 3712 2390 pateris,

2018 2412 2114 2465 sed
2149 2418 2210 2464 ut
2242 2412 2309 2465 ad
2344 2418 2400 2464 te
2439 2416 2860 2476 convertantur,
2915 2416 2973 2462 et
3016 2411 3225 2475 vivant,
3277 2408 3559 2462 hortaris:
3607 2423 3715 2477 po-

2017 2501 2228 2554 scimus
2267 2500 2459 2569 itaque
2493 2500 2767 2569 pietatem
2814 2505 2990 2564 tuam,
3020 2505 3085 2550 ut
3129 2516 3159 2551 a
3206 2498 3451 2568 peccatis
3501 2496 3712 2551 nostris

2017 2593 2129 2643 tute
2163 2590 2478 2642 severitatis
2519 2588 2832 2658 suspendas
2875 2587 3207 2650 vindictam,
3255 2593 3312 2639 et
3348 2585 3513 2639 nobis
3550 2591 3713 2655 opta-

2018 2680 2133 2729 tam
2170 2676 2613 2729 misericorditer
2651 2675 2868 2727 tribuas
2910 2673 3152 2727 veniam.
3196 2674 3308 2726 Nec
3340 2672 3714 2743 iniquitatum

2019 2768 2344 2816 nostrarum
2388 2764 2565 2817 moles
2617 2768 2670 2817 te
2712 2767 2982 2832 provocet
3015 2762 3085 2814 ad
3135 2760 3434 2827 ultionem,
3486 2762 3581 2813 sed
3623 2761 3711 2830 je-

2013 2852 2165 2921 junii
2230 2853 2547 2905 observatio
2607 2857 2664 2904 et
2720 2866 2949 2904 morum
3012 2849 3334 2904 emendatio
3407 2855 3462 2902 te
3521 2850 3711 2902 ﬂectat

2018 2940 2091 2993 ad
2121 2946 2486 3008 peccatorum
2531 2945 2861 2994 nostrorum
2899 2938 3312 2991 remissionem.
3348 2938 3454 2990 Per
3502 2936 3707 2990 Christ.

2711 3059 3014 3098 SABBATO.

2088 3133 2212 3203 (Α.)
2252 3136 2479 3188 Αὶὶθιθηθ
2533 3134 2697 3186 Deus.
2740 3133 2808 3185 Et
2858 3139 3016 3184 tuam
3058 3130 3277 3201 jugiter
3317 3146 3552 3183 exorare
3598 3130 3710 3183 cle-

2020 3224 2315 3287 mentiam,
2347 3228 2407 3275 ut
2438 3228 2658 3275 mentes
2701 3226 2947 3286 nostras,
2987 3236 3126 3291 quas
3157 3219 3438 3289 conspicis
3468 3219 3711 3272 terrenis

2018 3311 2313 3365 affectibus
2342 3309 2711 3381 praagravari,
2758 3308 3195 3363 medicinalibus
3225 3308 3442 3362 tribuas
3471 3307 3711 3377 jejuniis

2018 3400 2335 3466 exonerari,
2396 3405 2456 3453 ut
2512 3416 2615 3469 pro
2674 3397 2979 3451 afflictione
3043 3412 3351 3466 corporum
3412 3395 3713 3466 proveniat

2018 3490 2185 3543 nobis
2214 3489 2391 3543 robur
2419 3488 2764 3542 animarum.
2800 3489 2906 3540 Per
2936 3485 3138 3540 Christ.

2404 3612 2789 3652 DOM.IIIIN
2836 3608 3361 3658 QUADRAGESIMA.

2087 3690 2313 3741 Eterne
2361 3688 2528 3745 Deus.
2583 3688 2645 3739 Et
2692 3691 2747 3739 tc
2795 3684 3127 3754 suppliciter
3166 3698 3417 3745 exorare,
3469 3685 3530 3734 ut
3581 3697 3711 3734 cum

2016 3775 2365 3829 abstinentia
2419 3773 2719 3843 corporali,
2774 3788 2934 3825 mens
2988 3786 3218 3841 quoque
3273 3776 3468 3823 nostra
3515 3785 3713 3822 sensus

2016 3864 2263 3917 declinet
2311 3863 2537 3916 illicitos
2570 3879 2582 3915 :
2618 3868 2674 3914 et
2722 3877 2851 3931 qua).
2892 3865 3122 3913 terrena
3170 3858 3548 3917 delectatione
3585 3873 3712 3910 car-

2016 3952 2241 4005 nalibus
2272 3951 2457 4020 epulis
2480 3951 2851 4019 abnegamus,
2882 3949 3151 4001 humana:
3188 3945 3499 4001 voluntatis
3527 3945 3713 4015 pravis

2015 4039 2429 4093 intentionibus
2461 4041 2822 4109 amputemus
2854 4054 2866 4091 :
2914 4042 3194 4105 quatenus
3225 4036 3297 4089 ad
3348 4040 3539 4087 sancta
3576 4049 3710 4086 san-

2015 4134 2236 4183 ctorum
2280 4129 2523 4182 ﬁdeliter
2568 4127 2987 4196 salubriterque
3043 4124 3315 4194 capienda
3368 4121 3714 4192 competenti

2010 4219 2232 4288 jejunio
2255 4220 2542 4271 valeamus
2568 4215 2774 4285 aptari.
2807 4216 2984 4268 Tanto
3014 4214 3177 4267 nobis
3207 4212 3345 4265 certi
3371 4210 3714 4281 propensius

203 4295 423 4364 quibus
466 4296 964 4352 observationibus
1022 4317 1051 4352 a
1100 4303 1346 4370 peccatis
1386 4303 1654 4357 omnibus
1704 4304 1904 4357 libere-
1949 4314 1990 4366 Ι)
2015 4307 2232 4376 jugiter
2270 4306 2555 4371 adfutura,
2595 4309 2809 4374 quanto
2841 4303 3117 4357 fuerimus
3146 4317 3347 4355 eorum
3398 4300 3712 4354 institutio-

206 4398 367 4435 mur.
407 4385 512 4437 Per
541 4385 747 4438 Christ.
787 4388 891 4440 Per
930 4404 1123 4457 quem.

611 4506 1516 4556 DOM.IIIN’QUADBAGESIMA.

280 4577 400 4649 (G.)
432 4580 659 4633 z’Eterne
694 4581 861 4634 Deus.
894 4584 962 4636 Et
994 4585 1350 4654 majestatem
1384 4591 1543 4639 tuam
1577 4585 1911 4656 suppliciter

205 4683 474 4733 exorare,
507 4672 571 4720 ut
620 4669 904 4723 mentibus
953 4673 1157 4725 nostris
1199 4673 1555 4727 medicinalis
1595 4675 1908 4728 observan-

206 4756 305 4809 tia:
340 4771 552 4809 munus
581 4758 875 4823 infundas;
909 4764 961 4812 et
992 4761 1091 4831 qui
1124 4763 1544 4831 negligentibus
1567 4764 1737 4817 etiam
1771 4764 1910 4817 sub—

206 4843 425 4897 sidium
458 4844 605 4897 ferre
636 4862 753 4899 non
795 4847 1025 4916 desinis,
1067 4849 1342 4904 beneﬁcia
1385 4853 1642 4922 praebeas
1683 4853 1911 4923 potiora

205 4932 450 4987 devotis.
483 4934 589 4986 Per
621 4934 833 4991 Christ.

910 5039 1097 5079 FERIA
1148 5042 1221 5081 IL

279 5109 403 5180 (A.)
434 5111 660 5163 )Eterne
689 5112 854 5167 Deus.
880 5114 944 5167 Et
963 5114 1238 5183 pietatem
1263 5120 1421 5171 tuam
1454 5119 1697 5188 supplici
1729 5119 1908 5173 devo-

205 5199 370 5252 tione
393 5198 720 5268 deposcere,
751 5207 815 5254 ut
841 5202 1050 5272 jejunii
1091 5204 1272 5257 nostri
1312 5205 1599 5259 oblatione
1633 5208 1906 5277 placatus,

204 5292 267 5341 et
292 5292 658 5356 peccatorum
693 5290 856 5343 nobis
888 5292 1167 5346 concedas
1197 5294 1441 5360 veniam,
1467 5301 1523 5349 et
1553 5313 1653 5349 nos
1673 5313 1706 5350 a
1725 5297 1911 5351 noxiis

204 5375 419 5429 liberes
445 5376 691 5441 insidiis,
716 5379 824 5433 Per
851 5379 1055 5434 Christ.

282 5541 308 5565 ⁸
333 5532 556 5600 Ambr.,
584 5536 729 5600 feria
761 5536 1001 5591 hebdom.
1040 5551 1075 5591 v
1115 5538 1399 5606 Quadrag.

2020 4395 2184 4449 nibus
2214 4395 2512 4465 gratiores.
2548 4395 2653 4447 Per
2685 4394 2890 4448 Christ.

2714 4515 2902 4553 FERIA
2950 4513 3019 4551 IL

2090 4587 2212 4657 (A.)
2241 4589 2466 4641 Eterne
2501 4588 2665 4640 Deus.
2700 4588 2769 4640 Et
2798 4585 3163 4639 clementiam
3193 4589 3353 4638 tuam
3384 4600 3513 4637 cum
3546 4583 3709 4637 omni

2018 4676 2429 4745 supplicatione
2458 4676 2699 4743 precari,
2732 4679 2792 4729 ut
2824 4691 2924 4744 per
2952 4676 3097 4727 hanc
3120 4674 3481 4743 jejuniorum
3512 4672 3713 4726 obser-

2016 4765 2305 4817 vationem
2348 4768 2557 4817 crescat
2608 4769 2822 4816 nostra:
2867 4762 3189 4815 deVotionis
3238 4763 3518 4815 affectus:
3564 4777 3713 4830 qua-

2017 4860 2203 4921 tenus,
2265 4859 2320 4906 te
2365 4853 2694 4917 auxiliante,
2737 4857 2792 4904 et
2827 4852 2897 4905 ab
2946 4852 3215 4905 humanis
3255 4866 3486 4919 semper
3529 4854 3712 4902 retra-

2015 4942 2222 4995 hamur
2248 4942 2585 5007 excessibus,
2621 4946 2676 4994 et
2709 4940 2938 4993 monitis
2986 4941 3268 4993 inhaerere
3301 4940 3626 5005 valeamus,
3658 4942 3711 4991 te

2018 5031 2317 5101 largiente,
2349 5030 2685 5083 caelestibus.
2719 5032 2825 5083 Per
2854 5029 3061 5084 Christ.

2704 5152 2883 5191 FERIA
2932 5151 3033 5189 [IL

2090 5227 2207 5295 (A.)
2260 5229 2486 5280 Eterne
2543 5228 2708 5281 Deus.
2760 5224 2867 5288 Qui
2919 5222 3279 5293 peccantium
3317 5236 3429 5274 non
3464 5220 3545 5272 vis
3587 5218 3706 5271 ani-

2021 5330 2140 5367 mas
2176 5315 2388 5384 perire,
2433 5315 2528 5368 sed
2580 5316 2821 5384 culpas:
2872 5318 2929 5365 et
2977 5316 3273 5381 peccantes
3322 5325 3436 5362 non
3484 5323 3712 5377 semper

2018 5404 2288 5457 continuo
2348 5404 2589 5476 judicas,
2643 5402 2739 5456 sed
2780 5402 2850 5455 ad
2911 5400 3311 5473 paenitentiam
3375 5402 3710 5477 provocatos
