4048 6170
376 277 470 328 891
1510 269 1857 323 GRIMALDI
1896 268 2397 325 SANGALLENSIS
2435 269 2729 324 ABBATIS
3767 276 3853 325 89?.

377 408 667 473 exspectas
712 420 723 456 :

377 508 571 546 remur
608 492 771 557 iram,
808 496 864 542 et
912 504 1081 558 quam
1127 494 1412 557 optamus,
1469 503 1640 556 super
1700 504 1803 540 nos
1840 487 2070 540 effunde

377 580 735 648 clementiam
777 595 787 631 :
826 582 902 642 ut,
938 593 1095 630 sacro
1146 576 1429 645 puriticati
1462 575 1707 645 jejunio,
1758 576 2071 629 electorum

377 674 607 723 tuorum
640 683 967 720 mereamur
993 666 1192 719 ascisci
1228 665 1490 735 collegio.
1526 666 1632 717 Per
1667 665 1872 719 Christ.

1067 788 1256 825 FERIA
1296 786 1381 824 IV.

446 864 558 930 (Α.)
592 864 819 915 (literne
861 862 1027 913 Deus.
1070 862 1367 928 Tuamque
1422 857 1870 911 misericordiam
1932 874 2070 927 sup-

375 950 599 1020 pliciter
624 966 858 1002 exorare
888 956 947 1001 ut
973 948 1333 1018 jejuniorum
1362 952 1693 999 nostrorum
1713 952 2073 1000 sacrosancta

377 1039 647 1109 mysteria
696 1045 807 1091 tua;
854 1038 965 1092 sint
1010 1036 1208 1105 pietati
1264 1051 1495 1104 semper
1542 1040 1817 1103 accepta:
1867 1051 2070 1088 conce-

375 1129 589 1197 dasque
623 1132 684 1179 ut
713 1144 840 1196 quas
868 1127 1156 1194 [quorum]
1203 1141 1447 1194 corpora
1477 1124 1840 1178 abstinentia:
1870 1124 2066 1177 obser-

376 1216 599 1269 vatione
653 1223 1030 1279 macerantur,
1094 1219 1314 1266 mentes
1372 1229 1599 1283 quoque
1648 1212 1953 1266 virtutibus
2018 1218 2075 1267 et

379 1304 703 1359 cwlestibns
724 1302 998 1355 institutis
1022 1307 1388 1355 exornentur.
1418 1303 1524 1354 Per
1545 1300 1749 1354 Christ.

1087 1423 1275 1461 FERIA
1322 1423 1381 1459 Υ.

455 1500 569 1567 (Α.)
618 1500 840 1550 ίΕιθιδιιθ
892 1498 1057 1550 Deus.
1110 1498 1178 1548 Et
1216 1501 1375 1548 tuam
1420 1496 1760 1549 immensam
1816 1496 2069 1548 clemen-

380 1585 518 1639 tiam
554 1585 796 1654 supplici
828 1591 955 1638 voto
989 1586 1311 1654 deposcere,
1347 1589 1408 1636 ut
1437 1600 1541 1635 nos
1586 1584 1830 1636 famulos
1863 1589 1985 1635 tuos
2017 1589 2073 1637 et

373 1674 584 1744 jejunii
629 1674 1007 1726 maceratione
1047 1674 1371 1742 castigatos,
1428 1677 1481 1724 et
1523 1671 1742 1725 caeteris
1788 1672 2070 1726 bonorum
2113 1696 2152 1749 Β

379 1778 620 1832 operum
676 1762 1118 1816 exhibitionibus
1178 1762 1449 1828 eruditos,
1505 1762 1563 1813 in
1616 1760 1899 1814 mandatis
1958 1761 2069 1815 tuis

379 1852 550 1905 facias
594 1867 959 1921 perseverare
990 1852 1217 1917 illaesos,
1270 1851 1462 1921 sicque
1516 1850 1892 1919 praesentibus
1936 1851 2067 1905 sub-

377 1938 538 1992 sidiis
568 1940 946 2005 consolemur,
992 1944 1271 2009 quatenus
1314 1939 1378 1991 ad
1428 1943 1641 1990 aeterna
1690 1938 1898 2007 gaudia
1940 1954 2068 2009 per-

376 2028 595 2099 tingere
628 2043 972 2081 mereamur.
1006 2028 1111 2079 Per
1141 2027 1351 2079 Christ.

1027 2148 1217 2186 FERIA
1263 2146 1328 2185 Vl
1371 2141 1409 2182 Ἢ

450 2221 565 2292 (Α.)
616 2224 841 2276 ίΕίθΓΠρ
900 2222 1062 2275 Deus.
1107 2223 1213 2274 Per
1256 2220 1542 2273 Christum
1599 2218 1904 2272 Dominam
1956 2235 2066 2271 no-

377 2315 578 2364 strum.
631 2311 736 2374 Qui
782 2310 851 2364 ad
907 2310 1318 2363 insinuandum
1376 2308 1718 2361 humilitatis
1777 2307 2063 2377 [humani-

376 2400 527 2469 tatis]
562 2416 677 2451 sua:
711 2399 1063 2469 mysterium,
1118 2398 1390 2467 fatigatus
1437 2397 1648 2449 resedit
1695 2398 1762 2449 ad
1803 2402 2061 2466 puteum.

378 2487 551 2550 Quia
590 2488 829 2540 muliere
878 2486 1232 2540 Samaritana
1271 2501 1434 2554 aquas
1480 2484 1585 2536 sibi
1636 2484 1799 2554 petiit
1848 2484 2066 2552 porrigi

377 2580 596 2645 potum,
633 2576 731 2645 qui
756 2576 814 2627 in
845 2592 911 2627 ea
952 2578 1241 2627 creaverat
1270 2574 1401 2625 titlei
1434 2574 1647 2625 donum
1676 2588 1688 2624 :
1722 2577 1778 2625 et
1817 2572 1894 2624 ita
1943 2574 2067 2639 ejus

378 2663 535 2717 sitire
561 2664 828 2732 dignatus
858 2669 940 2716 est
965 2663 1154 2729 fidem,
1191 2667 1252 2715 ut
1281 2662 1417 2715 dum
1449 2661 1517 2713 ab
1556 2677 1622 2713 ea
1652 2676 1860 2731 aquam
1906 2668 2065 2730 pete-

376 2758 483 2817 ret,
516 2752 575 2804 in
614 2769 681 2804 ea
721 2751 917 2821 ignem
956 2750 1134 2804 divini
1182 2750 1393 2803 amoris
1448 2750 1800 2802 accenderet.
1853 2750 2064 2818 lmplo-

376 2856 571 2894 ramus
604 2841 799 2910 itaque
831 2846 985 2893 tuam
1026 2840 1365 2892 immensam
1399 2839 1782 2903 clementiam,
1826 2844 1888 2891 ut
1926 2854 2065 2891 con-

375 2933 695 2983 temnentes
744 2928 1104 2981 tenebrosam
1148 2928 1597 2996 profunditatem
1650 2927 1942 2992 vitiorum,
2010 2932 2066 2979 et

375 3018 765 3089 relinquentes
804 3018 1105 3071 noxiarum
1146 3017 1408 3087 hydriam
1458 3016 1860 3086 cupiditatum,
1910 3021 1965 3069 et
2010 3021 2065 3070 te

377 3105 477 3175 qui
506 3106 633 3159 fons
665 3107 792 3160 vitae
822 3111 878 3161 et
906 3106 1067 3177 origo
1110 3122 1169 3160 es
1209 3106 1499 3172 bonitatis,
1550 3121 1779 3174 semper
1809 3104 2067 3157 sitiamns

376 3201 430 3248 et
471 3195 823 3265 jejuniornm
867 3201 1196 3249 nostrorum
1250 3194 1642 3248 observatione
1688 3193 1791 3247 tibi
1840 3194 2065 3263 placea-

374 3299 524 3338 mus.
558 3286 665 3339 Per
696 3300 889 3355 quem.

1079 3369 1376 3409 SABBATO.

446 3463 568 3529 (Α.)
626 3463 852 3515 ίΕῐΘΓΠΘ
900 3462 1064 3514 Deus.
1128 3460 1235 3524 Qui
1285 3459 1493 3529 jejunii
1552 3457 2067 3528 Quadragesitnalis

377 3550 829 3603 observationem
859 3550 918 3602 in
946 3551 1129 3618 Moyse
1161 3554 1216 3602 et
1256 3550 1373 3601 Elia
1413 3548 1703 3614 dedicasti,
1738 3554 1793 3600 et
1834 3548 1894 3599 in
1947 3548 2069 3601 uni-

376 3638 571 3709 genito
606 3638 741 3690 Filio
784 3643 903 3704 tuo,
954 3638 1095 3707 legis
1134 3644 1191 3691 et
1233 3638 1667 3707 prophetarum,
1702 3642 2067 3689 nostrorum-

379 3744 491 3799 que
521 3728 781 3782 omnium
816 3729 1056 3781 Domino
1087 3728 1392 3781 exornasti.
1418 3729 1595 3781 Tuam
1624 3727 2063 3797 igiturimmen-

378 3834 498 3871 sam
537 3818 851 3871 bonitatem
891 3818 1177 3887 supplices
1225 3818 1599 3887 exposcimus,
1654 3822 1714 3869 ut
1762 3817 1919 3886 quod
1970 3817 2066 3869 ille

370 3905 875 3976 jngijejuniorum
909 3898 1217 3976 complevit
1256 3906 1707 3969 continuatione,
1744 3921 1844 3958 nos
1871 3905 2061 3958 adim—

376 3996 533 4065 plere
582 3996 870 4049 valeamus
908 3995 1061 4049 illius
1104 3996 1285 4066 adjnti
1317 3995 1633 4065 largissima
1659 3993 2060 4058 miseratione;

375 4090 432 4138 et
456 4084 834 4154 adimpleutes
866 4101 931 4137 ea
961 4101 1089 4154 quae
1118 4084 1411 4155 prazcepit,
1444 4084 1592 4137 dono
1622 4083 1915 4152 percipere
1940 4098 2063 4136 me-

377 4188 605 4226 reamur
635 4188 760 4242 quae
790 4173 1072 4243 promisit.
1111 4175 1213 4227 Per
1245 4189 1436 4243 quem.

755 4295 1003 4334 DOM.IV

448 4384 569 4450 (A.)
605 4386 827 4437 Aﬁterne
879 4386 1042 4437 Deus.
1092 4385 1159 4437 Et
1210 4388 1261 4437 te
1314 4387 1635 4438 Creatorem
1687 4382 1944 4435 omnium
2001 4382 2071 4435 de

377 4472 680 4541 praeteritis
709 4472 983 4526 fructibus
1025 4473 1365 4542 glorilicarc,
1401 4479 1458 4525 et
1487 4472 1554 4525 de
1601 4472 1808 4525 futuris
1847 4470 2071 4539 suppli—

378 4560 520 4614 citer
567 4576 823 4627 exorare,
862 4568 920 4614 ut
968 4578 1097 4615 cum
1138 4563 1206 4615 de
1254 4562 1537 4631 perceptis
1581 4577 1694 4613 non
1745 4560 2073 4612 invenimur

378 4649 612 4718 ingrati,
642 4649 711 4702 de
746 4652 1127 4720 percipiendis
1162 4668 1273 4704 non
1314 4652 1641 4719 judieemur
1673 4649 1925 4717 indigni;
1975 4650 2070 4701 sed

379 4739 634 4792 exhibito
666 4740 835 4793 toties
864 4741 1107 4793 solemni
1134 4741 1374 4811 jejunio.
1412 4757 1541 4793 cum
1565 4740 1833 4793 subsidiis
1864 4753 2072 4805 corpo-

377 4828 592 4881 ralibus
624 4829 941 4897 profectum
979 4844 1208 4899 quoque
1253 4830 1546 4898 capiamus
1585 4829 1931 4881 animarum.
1971 4827 2075 4879 Per

381 4913 585 4968 Christ.

1053 4294 1113 4333 IN
1164 4294 1688 4341 QUADRAGBSIMA.

1072 5016 1262 5056 FERIA
1310 5018 1380 5055 IL

452 5090 565 5160 (A.)
606 5092 830 5143 Eterne
870 5091 1032 5143 Deus.
1073 5092 1138 5144 Et
1171 5094 1324 5142 tuam
1371 5090 1707 5159 suppliciter
1751 5088 2073 5142 misericor-

379 5179 529 5233 diam
563 5178 892 5248 implorare,
936 5183 1000 5231 ut
1029 5179 1351 5231 exercitatio
1390 5178 1713 5230 veneranda
1757 5177 1959 5246 jejunii
1994 5193 2077 5228 sa-

381 5268 599 5334 lutaris,
635 5284 738 5320 nos
770 5286 803 5321 a
832 5275 1195 5336 peccatorum
1228 5274 1551 5320 nostrorum
1589 5266 1826 5318 maculis
1860 5282 2073 5334 purga-

384 5359 469 5409 tos
496 5357 713 5419 reddat,
743 5361 800 5410 et
829 5356 899 5410 ad
927 5372 1309 5426 supernorum
1341 5356 1549 5408 civium
1581 5354 1907 5407 societatem
1947 5368 2075 5423 per-

458 5543 483 5566 ⁸
512 5534 731 5601 Ambr.,
764 5538 916 5589 Dom.
954 5551 1000 5590 ii
1036 5534 1319 5601 Quadrag.

765 405 975 466 averte,
1024 414 1373 470 quaesumus,
1438 414 1471 451 a
1514 398 1680 452 nobis
1723 414 1897 468 quam
1945 415 2062 451 me-
2104 402 2148 453 Α
2178 399 2365 452 ducat.
2401 400 2461 452 Et
2512 404 2570 452 ut
2612 399 2705 452 hic
2745 399 3080 453 devotorum
3123 406 3355 454 actuum
3406 418 3697 456 sumamus
3725 421 3854 473 aug-

2183 492 2463 551 mentum,
2514 493 2569 539 et
2616 487 2729 540 illic
2784 494 3015 540 aeternas
3060 487 3431 542 beatitudinis
3486 490 3848 559 percipiamus

2182 575 2657 628 emolumentum.
2696 576 2802 628 Per
2832 575 3040 629 Christ.

2860 695 3046 734 FERIA
3100 696 3202 734 IIL

2252 772 2477 823 {Eterne
2520 771 2685 821 Deus.
2740 771 2846 822 Per
2892 768 3274 822 mediatorem
3321 769 3420 822 llei
3463 776 3518 823 et
3553 771 3854 834 hominum,

2179 859 2373 911 Jesum
2405 858 2694 913 Christum
2747 858 3053 910 Dominum
3086 863 3371 924 nostrum,
3423 858 3550 921 Qui,
3588 860 3855 911 mediante

2180 945 2271 999 die
2303 945 2465 1011 festo,
2510 946 2761 998 ascendit
2799 946 2858 998 in
2890 948 3168 1016 templum
3211 948 3436 1013 docere,
3484 948 3581 1016 qui
3630 947 3697 999 de
3735 950 3858 1001 ccelo

2182 1033 2493 1098 descendit,
2528 1035 2806 1087 mundum
2840 1035 2910 1088 ab
2942 1034 3276 1103 ignorantia:
3318 1036 3571 1088 tenebris
3604 1037 3849 1089 liberare.

2183 1124 2355 1192 Cujus
2396 1124 2700 1177 descensus
2747 1140 2927 1194 genus
2968 1124 3285 1176 humanum
3329 1124 3593 1177 doctrina
3639 1125 3856 1177 salutari

2180 1212 2447 1277 instituit,
2485 1228 2638 1265 mors
2684 1229 2717 1265 a
2753 1219 3027 1281 perpetua
3078 1218 3260 1264 morte
3306 1213 3573 1277 redemit,
3628 1215 3860 1267 ascensio

2184 1298 2250 1351 ad
2289 1299 2538 1351 coelestia
2584 1315 2760 1369 regna
2808 1300 3092 1368 perduxit.
3146 1301 3251 1353 Per
3299 1316 3471 1369 quem
3524 1308 3593 1364 te,
3652 1318 3856 1355 summe

2184 1388 2367 1447 Pater,
2402 1388 2687 1456 poscimus
2719 1393 2780 1440 ut
2820 1389 2942 1456 ejus
2975 1388 3337 1441 institutione
3366 1389 3574 1455 edocti,
3611 1391 3859 1443 salutaris

2180 1476 2549 1545 parcimonia:
2577 1477 2873 1529 devotione
2907 1477 3211 1546 purificati,
3237 1478 3308 1530 ad
3341 1483 3439 1531 tua
3473 1479 3857 1548 perveniamus

2181 1564 2461 1635 promissa
2492 1565 2693 1618 securi.
2729 1567 2833 1617 Per
2864 1581 3036 1634 quem
3064 1564 3443 1634 majestatem.

2874 1686 3065 1725 FERIA
3112 1686 3199 1724 IV.

2254 1759 2369 1829 (A.)
2408 1762 2632 1813 [Eterne
2683 1761 2849 1813 Deus.
2902 1761 3009 1813 Per
3059 1760 3348 1814 Christum
3408 1758 3718 1813 Dominum
3767 1776 3855 1812 no-

2181 1854 2381 1902 strum.
2414 1851 2522 1913 Qui
2559 1848 2982 1902 illuminatione
3013 1864 3130 1902 sure
3181 1849 3315 1903 fidei
3352 1849 3617 1902 tenebras
3663 1849 3861 1919 expulit

2182 1939 2400 2004 mundi,
2438 1944 2494 1992 et
2524 1955 2707 2007 genus
2735 1939 3048 1991 humanum
3082 1939 3234 2009 quod
3277 1939 3477 2008 prima:
3514 1940 3716 1991 matris
3755 1944 3861 1991 ute-

2179 2043 2274 2079 rus
2324 2028 2655 2096 profuderat
2696 2043 2930 2092 caacum,
2990 2027 3398 2080 incarnationis
3440 2042 3557 2079 sua:
3606 2030 3859 2097 mysterio

2178 2116 2426 2169 reddidit
2456 2116 2867 2179 illuminatum,
2902 2116 3148 2186 fecitque
3189 2116 3335 2169 filios
3366 2116 3721 2185 adoptionis,
3770 2116 3857 2185 qui

2180 2204 2521 2258 tenebantur
2576 2204 2815 2257 vinculis
2854 2206 3023 2274 justte
3076 2203 3475 2257 damnationis.
3534 2206 3640 2257 Per
3689 2204 3858 2272 ipsum

2176 2298 2230 2345 te
2268 2294 2536 2362 petimus,
2584 2299 2647 2347 ut
2689 2294 2827 2345 tales
2873 2294 2932 2346 in
2980 2294 3103 2363 ejus
3143 2293 3507 2345 inveniamur
3550 2292 3857 2360 justissima

2177 2382 2614 2448 examinatione,
2646 2383 2843 2451 quales
2877 2383 3006 2434 facti
3044 2397 3241 2433 sumus
3267 2381 3325 2433 in
3363 2380 3569 2434 lavacri
3604 2381 3857 2433 salutaris

2176 2470 2501 2523 felicissima
2535 2470 3005 2537 regeneratione:
3048 2477 3108 2523 ut
3146 2470 3267 2538 ejus
3298 2470 3710 2523 incarnationis
3746 2484 3856 2521 me-

2176 2559 2456 2611 dicamine
2489 2559 2714 2619 imbuti,
2769 2560 3108 2611 sacrosancti
3160 2559 3364 2611 lavacri
3411 2558 3709 2611 ablutione
3740 2557 3851 2622 loti,

2178 2646 2543 2717 parcimoniae
2603 2647 2904 2700 devotione
2960 2645 3169 2710 ornati,
3241 2647 3308 2699 ad
3375 2652 3591 2699 mterna
3656 2645 3855 2716 gaudia

2177 2735 2567 2805 perveniamus
2598 2735 2782 2787 illaesi.
2822 2736 2923 2787 Per
2955 2750 3125 2804 quem
3161 2734 3537 2802 majestatem.

2882 2856 3070 2896 FERIA
3113 2856 3170 2893 ν.

2274 2928 2385 2999 (Α.)
2418 2931 2643 2983 ίΕιθιἪθ
2678 2929 2846 2981 Deus.
2888 2930 3059 2997 Cujus
3106 2928 3325 2981 bonitas
3353 2928 3647 2982 hominem
3676 2929 3854 2983 condi-

2108 2993 2279 3085 Cdit,
2343 3018 2566 3087 justitia
2632 3018 2942 3083 damnavit,
3009 3017 3397 3071 misericordia
3465 3018 3727 3071 redemit.
3786 3019 3848 3070 Te

2174 3107 2473 3160 humiliter
2501 3123 2825 3171 exoramus,
2867 3112 2930 3159 ut
2961 3106 3106 3158 sicut
3133 3122 3235 3175 per
3266 3106 3496 3158 illicitos
3525 3107 3857 3176 appetitusa

2174 3196 2341 3249 beata
2374 3196 2604 3265 regione
2634 3195 2965 3259 decidimus,
2998 3194 3076 3247 sic
3106 3195 3175 3248 ad
3198 3200 3469 3247 aeternam
3499 3196 3741 3264 patriam
3767 3210 3857 3263 per

2174 3284 2575 3337 abstinentiam
2608 3284 2908 3337 redeamus
2944 3300 2955 3336 :
2987 3284 3180 3353 sicque
3208 3284 3538 3336 moderetur
3575 3289 3671 3336 tua
3702 3284 3857 3335 mise-

2174 3373 2395 3426 ratione
2427 3378 2623 3425 nostra
2660 3372 2962 3442 fragilitas,
3010 3379 3067 3425 ut
3114 3378 3170 3425 et
3215 3371 3565 3425 transitoriis
3606 3371 3855 3425 subsidiis

2174 3466 2370 3515 nostra
2402 3466 2752 3514 sustentetur
2798 3460 3131 3526 mortalitas,
3177 3466 3233 3513 et
3272 3476 3373 3529 per
3412 3460 3695 3514 bonorum
3734 3477 3856 3529 ope-

2174 3567 2302 3604 rum
2337 3551 2688 3604 incrementa
2721 3550 2885 3603 beata
2925 3550 3254 3619 acquiratur
3293 3549 3719 3602 immortalitas.
3764 3550 3859 3602 Per

2175 3638 2483 3693 Christum.

2866 3741 3054 3780 FERIA
3102 3742 3190 3780 VI.

2244 3836 2472 3887 :Eterne
2522 3834 2687 3886 Deus.
2746 3834 2852 3885 Per
2892 3833 3179 3885 Christum
3224 3832 3533 3884 Dominum
3586 3836 3855 3884 nostrum.

2175 3922 2281 3986 Qui
2307 3928 2390 3975 est
2431 3922 2576 3974 Dens
2610 3926 2878 3986 aeternus,
2924 3923 3013 3973 lux
3060 3920 3417 3986 indeticicns,
3462 3920 3689 3973 claritas
3728 3935 3858 3971 sem-

2174 4011 2417 4081 piterna.
2450 4010 2557 4073 Qui
2588 4009 2679 4061 hic
2709 4024 2980 4078 sequaces
3012 4025 3144 4061 suos
3185 4009 3245 4061 in
3280 4010 3401 4062 luce
3436 4009 3712 4078 praecepit
3739 4024 3856 4060 am-

2174 4100 2390 4163 bulare,
2444 4103 2506 4150 ut
2538 4096 2717 4149 noctis
2748 4102 2977 4149 aeternae
3009 4098 3233 4149 valeant
3283 4096 3588 4166 caliginem
3636 4096 3856 4149 evadere

2175 4193 2230 4241 et
2259 4188 2329 4239 ad
2360 4186 2497 4239 lucis
2546 4184 2786 4253 patriam
2826 4184 3066 4237 feliciter
3119 4185 3439 4253 pervenire.
3485 4184 3593 4247 Qui
3638 4200 3740 4253 per
3768 4184 3857 4235 hu-

2107 4274 2148 4326 D
2180 4276 2479 4329 militatem
2511 4280 2819 4343 assumptze
2847 4273 3223 4325 humanitatis
3253 4274 3525 4326 Laterum
3558 4272 3733 4338 flevit,
3764 4286 3857 4340 per

2178 4363 2493 4417 divinitatis
2547 4362 2865 4431 potentiam
2912 4361 3039 4414 vitae
3089 4361 3361 4414 reddidit.
3419 4362 3722 4430 Genusque
3759 4360 3855 4412 bu-

2182 4468 2439 4513 manum,
2496 4450 2815 4520 quadrilida
2856 4453 3217 4519 peccatorum
3270 4450 3422 4503 mole
3466 4449 3753 4515 obrutum,
3795 4446 3855 4499 ad

2180 4542 2355 4594 vitam
2394 4540 2639 4593 reduxit.
2687 4540 2792 4592 Per
2845 4556 3015 4609 quem
3067 4539 3319 4609 petimus
3355 4539 3565 4609 jejunii
3610 4540 3853 4591 observa-

2179 4630 2336 4684 tione
2369 4646 2400 4681 a
2431 4634 2792 4698 peccatorum
2824 4633 3147 4681 nostrorum
3181 4628 3420 4680 nexibus
3447 4628 3610 4692 solvi,
3642 4638 3854 4680 aeterna:

2182 4720 2312 4773 vita:
2341 4718 2595 4772 felicitati
2624 4718 2806 4782 reddi,
2833 4724 2890 4771 et
2931 4718 2991 4770 in
3025 4723 3351 4769 sanctorum
3398 4717 3638 4771 ccetibus
3666 4729 3859 4769 connu-

2184 4824 2337 4862 mera
2348 4808 2412 4861 ri.

2876 4910 3181 4950 SABBATO.

2253 5003 2375 5070 (Α.)
2414 5005 2655 5056 ίΕιοιἫθ.
2703 5004 2869 5055 Deus.
2919 5001 3317 5055 Misericordia:
3357 5001 3543 5059 dator,
3590 5004 3643 5052 et
3690 4998 3848 5052 totius

2184 5099 2379 5145 auctor
2420 5091 2710 5144 bonitatis.
2756 5090 2863 5153 Qui
2914 5090 3167 5160 jejuniis,
3216 5088 3573 5143 orationibus
3622 5093 3676 5141 et
3718 5088 3855 5139 elec-

2185 5180 2440 5249 mosynis
2508 5184 2872 5248 peccatorum
2963 5179 3217 5232 remedia
3292 5183 3347 5231 et
3411 5178 3688 5231 virtutum
3742 5188 3858 5228 om-

2185 5269 2346 5322 nium
2382 5268 2584 5321 tribuis
2632 5268 3003 5321 incrementa.
3050 5269 3125 5321 Te
3172 5266 3379 5320 humili
3419 5266 3715 5319 devotione
3743 5277 3860 5332 pre-

2188 5376 2407 5428 camur,
2439 5365 2502 5412 ut
2545 5360 2643 5429 qui
2677 5359 2746 5413 ad
2780 5360 2901 5412 hzec
2931 5359 3151 5430 agenda
3189 5358 3629 5411 saluberrimam
3672 5351 3860 5410 dedisti
