4078 6180
145 242 246 293 893

1102 246 1315 304 LIBER
1354 250 1993 309 SACRAMENTOBUM.
2012 283 2079 291 —
2100 253 2407 307 PBEFAT.
2450 253 2678 317 ANTIO.

3541 260 3645 313 894

141 372 483 440 doctrinam,
526 373 594 426 ad
639 375 978 444 complenda
1016 376 1356 433 indefessam
1390 380 1607 435 tribuas
1639 383 1835 436 effica-
1874 385 2083 437 AAnte
2131 385 2423 437 missarum
2478 385 2754 449 solemnia,
2803 386 2952 440 inter
3005 384 3396 441 benedictiones
3455 404 3643 443 ramo-

136 458 315 527 ciam;
371 465 435 513 ut
482 460 814 516 obedienter
861 470 957 518 tua
998 473 1371 536 exsequentes
1409 476 1709 539 praecepta,
1752 472 1829 525 fe-

138 549 323 601 liciter
354 554 453 602 tua
482 550 775 619 capiamus
807 554 1111 620 promissa.
1149 557 1253 608 Per
1287 556 1596 611 Christum.

360 671 672 711 DOMINICA
712 673 746 709 γ
796 674 857 712 IN
904 674 1261 715 PASSIONNE
1311 673 1618 717 υοΜιΝιδ.

207 759 324 831 (Α.)
384 762 607 817 :Eterne
663 765 829 818 Deus.
885 766 1235 835 Majestatem
1288 772 1442 822 tuam
1496 770 1836 839 propensius

139 850 515 918 implorantes
548 856 632 916 ut,
687 859 903 922 quanto
952 855 1135 925 magis
1180 856 1298 909 dies
1335 858 1642 911 salutifera:
1678 859 1835 912 festi-

138 937 332 990 vitatis
359 940 591 1002 accedit,
625 944 785 993 tanto
824 942 1061 995 devotus
1088 944 1154 996 ad
1187 945 1310 1013 ejus
1341 945 1513 1015 digne
1546 947 1839 1000 celebran-

139 1026 281 1079 dum
337 1028 705 1097 proﬁciamus
748 1030 1013 1100 paschale
1068 1034 1427 1103 mysterium.
1490 1036 1596 1089 Per
1648 1036 1837 1090 Chris-

141 1121 265 1168 tum
280 1156 290 1166 .

842 1223 1029 1263 FERIA
1080 1225 1151 1264 IL

215 1310 333 1379 (0.)
388 1312 612 1365 .Eterne
660 1314 825 1367 Deus.
890 1315 964 1368 Te
1018 1316 1354 1386 suppliciter
1405 1324 1723 1381 exorantes,
1777 1323 1841 1372 ut

144 1399 222 1452 sic
255 1405 452 1452 nostra
491 1401 913 1455 sanctiﬁcentur
943 1403 1187 1472 jejunia,
1225 1423 1337 1475 quo
1368 1412 1703 1461 cunctorum
1734 1425 1837 1461 no-

144 1488 234 1541 bis
295 1494 661 1557 peccatorum
724 1492 1020 1559 proveniat
1076 1493 1463 1563 indulgentia;
1534 1500 1834 1566 quatenus,

144 1578 652 1647 appropinquante
702 1579 985 1649 unigeniti
1036 1582 1161 1635 Filii
1210 1584 1293 1636 tui
1342 1584 1626 1652 passione,
1662 1586 1836 1639 bono-

143 1681 275 1719 rum
314 1682 556 1735 operum
599 1667 703 1722 tibi
740 1669 1071 1738 placeamus
1117 1672 1490 1727 exhibitione.
1534 1675 1641 1729 Per
1684 1690 1839 1730 eum-
1880 1683 1919 1736 Β

143 1753 274 1808 dem
310 1754 619 1809 Christum.

826 1860 1017 1901 PERIA
1063 1862 1165 1900 ιιι

214 1948 446 2001 [literne
482 1949 649 2002 Dens.
693 1951 759 2004 Et
801 1956 856 2005 te
901 1952 1118 2007 devotis
1158 1954 1448 2009 mentibus
1495 1958 1837 2027 supplicare,

146 2039 207 2088 ut
240 2051 344 2089 nos
390 2036 633 2092 interius
664 2041 1027 2111 exteriusque
1062 2048 1365 2109 restaures,
1402 2050 1456 2098 et
1488 2047 1843 2115 percimonia

143 2125 380 2177 salutari
442 2142 474 2179 a
535 2134 895 2196 peccatorum
951 2132 1213 2185 sordibus
1284 2149 1513 2203 purges.
1569 2136 1635 2188 Et
1700 2153 1843 2206 quos

143 2212 498 2268 illecebrosis
536 2216 1010 2273 delectationibus
1051 2237 1165 2273 non
1201 2222 1283 2274 vis
1330 2223 1627 2293 impedire,
1675 2226 1840 2294 spiri-

144 2301 394 2355 tualium
427 2303 699 2358 virtutum
732 2306 902 2359 facias
935 2307 1124 2377 vigore
1157 2309 1369 2363 muniri
1405 2326 1416 2364 :
1451 2316 1506 2363 et
1549 2311 1627 2364 sic
1655 2311 1713 2364 in
1747 2328 1842 2365 re-

145 2389 252 2442 bus
294 2392 636 2446 transitoriis
681 2394 886 2460 foveas,
934 2402 994 2449 ut
1036 2397 1331 2467 perpetuis
1374 2398 1654 2453 inhaerere
1700 2416 1842 2454 con-

148 2478 335 2531 cedas.
367 2480 474 2532 Per
503 2480 811 2536 Christum.

829 2588 1019 2627 FERIA
1066 2590 1153 2628 IV.

216 2674 451 2730 κεῖθι-[ιθ
503 2677 669 2731 Deus.
724 2679 790 2731 Et
832 2683 885 2732 te
943 2681 1191 2751 supplici
1240 2682 1538 2735 devotione
1586 2699 1838 2749 exorare,

145 2767 209 2815 ut
259 2780 364 2833 per
405 2766 628 2835 jejunia
675 2784 803 2839 quae
854 2769 1024 2823 sacris
1071 2770 1345 2825 institutis
1395 2772 1777 2841 exsequimur,
1812 2788 1842 2823 a

142 2851 367 2904 cunctis
400 2853 655 2907 reatibus
685 2857 987 2910 emundari
1028 2874 1357 2913 mereamur
1391 2877 1403 2913 :
1438 2866 1713 2929 tuamque
1746 2876 1839 2911 va-

142 2940 385 3035 leamus
411 2943 705 3013 percipere
756 2947 1250 3016 propitiationem,
1302 2949 1402 3020 qui
1450 2965 1845 3019 prmparamur
1881 2979 1921 3035 ρ

140 3028 212 3081 ad
244 3030 646 3085 celebrandam
689 3034 970 3105 unigeniti
1019 3037 1145 3090 Filii
1192 3038 1275 3091 tui
1346 3038 1684 3108 passionem.
1738 3039 1845 3091 Per

141 3134 316 3189 quem
353 3120 727 3189 majestatem.

846 3229 1035 3268 FBRIA
1081 3231 1138 3266 V.

212 3314 448 3369 zEterne
496 3316 663 3370 Deus.
705 3318 811 3383 Qui
848 3320 927 3373 sic
962 3336 1064 3374 nos
1101 3320 1306 3375 tribuis
1337 3321 1699 3375 solemnitate
1739 3321 1844 3375 tibi

143 3399 395 3469 deferre,
420 3402 731 3472 jejunium,
771 3412 830 3458 ut
862 3406 1237 3477 indulgentiae
1269 3412 1382 3461 tua:
1417 3424 1710 3478 speremus
1741 3424 1842 3461 nos

140 3488 448 3558 percipere
484 3490 821 3545 subsidium.
865 3494 951 3547 Sic
992 3510 1094 3547 nos
1133 3494 1371 3548 instruis
1401 3495 1471 3548 ad
1502 3495 1843 3549 celebranda

141 3577 441 3644 paschalia
467 3578 627 3645 festa,
667 3586 729 3633 ut
763 3597 863 3651 per
896 3582 1018 3635 haec
1053 3583 1414 3653 acquiramus
1445 3583 1656 3653 gaudia
1688 3601 1839 3637 sem-

141 3664 395 3735 piterna.
434 3667 540 3721 Per
569 3668 870 3723 Christum.

842 3792 1020 3831 FBRIA
1066 3794 1154 3832 VI.

209 3879 333 3947 (ϐ.)
375 3881 599 3933 Αἳῐθτοε
636 3881 800 3935 Deus.
839 3883 1011 3952 Cujus
1060 3899 1162 3937 nos
1194 3883 1584 3937 misericordia
1626 3900 1839 3953 praeve-

138 3967 244 4033 nit,
296 3972 367 4021 ut
411 3968 556 4022 bene
594 3985 858 4038 agamus;
902 3972 1289 4042 subsequitur,
1345 3989 1416 4025 ne
1457 3973 1666 4026 frustra
1713 3990 1841 4043 aga-

135 4072 297 4121 mus;
334 4058 594 4111 accendit
639 4055 1040 4122 intentionom,
1080 4077 1191 4131 qua
1222 4064 1287 4114 ad
1320 4063 1473 4115 bona
1502 4078 1673 4129 opera
1706 4078 1837 4132 per-

134 4146 368 4215 agenda
415 4146 867 4213 inardescamus;
920 4148 1122 4202 tribuit
1171 4150 1504 4213 efﬁcaciam,
1557 4167 1670 4219 qua
1718 4152 1839 4204 haec

134 4235 203 4287 ad
256 4234 580 4303 perfectum
638 4237 945 4305 perducere
978 4238 1285 4290 valeamus.
1339 4238 1515 4290 Tuam
1565 4252 1700 4306 ergo
1731 4238 1837 4288 cle-

134 4323 422 4376 mentiam
456 4322 752 4376 indefessis
785 4325 1012 4377 vocibus
1043 4325 1426 4390 obsecramus,
1463 4331 1523 4378 ut
1555 4341 1654 4376 nos
1683 4325 1834 4393 jeju-

135 4412 217 4464 nii
269 4411 519 4464 victimis
564 4428 596 4464 a
640 4416 884 4481 peccatis
932 4415 1254 4479 mundatos,
1314 4415 1383 4466 ad
1437 4413 1835 4467 celebrandam

130 4499 426 4569 unigeniti
458 4500 583 4552 Filii
616 4501 695 4553 tui
726 4501 951 4553 Domini
983 4502 1161 4554 nostri
1193 4502 1516 4571 passionem
1548 4501 1718 4554 facias
1743 4500 1837 4554 de-

131 4594 321 4641 votos.
358 4588 463 4641 Per
492 4604 663 4658 quem
696 4590 1072 4658 majestatem.

833 4709 1140 4750 SABBATO.

200 4800 325 4868 (6.)
382 4798 611 4852 IEterne
662 4801 829 4853 Deus.
890 4802 1063 4870 Cujus
1110 4818 1209 4853 nos
1251 4801 1389 4855 ﬁdes
1428 4801 1653 4866 excitat,
1706 4816 1835 4868 spes

129 4888 326 4956 erigit,
381 4887 626 4940 charitas
649 4888 868 4957 jungit;
902 4890 1064 4958 cujus
1102 4889 1395 4943 miseratio
1447 4889 1693 4957 gratuita
1727 4904 1833 4956 pu-

128 4976 338 5041 riﬁcat,
396 4992 541 5045 quos
585 4977 949 5030 conscientim
999 4984 1188 5031 reatus
1241 4984 1487 5031 accusat.
1534 4978 1607 5031 Te
1658 4977 1835 5046 igitur

126 5081 261 5118 cum
289 5065 521 5117 interno
548 5066 741 5135 rugitu
769 5066 1164 5134 deprecamur,
1187 5072 1251 5119 ut
1276 5067 1517 5119 carnalis
1544 5066 1832 5118 alimoniae

128 5153 519 5205 refrenatione
586 5154 882 5223 castigati,
951 5155 1021 5207 ad
1090 5155 1497 5208 celebrandum
1569 5154 1831 5223 paschale

126 5242 476 5311 mysterium
531 5242 893 5295 inveniamur
942 5242 1153 5297 idonei.
1208 5245 1313 5297 Per
1361 5243 1667 5298 Christum.
1728 5244 1833 5295 Per

127 5346 326 5400 quem.

198 5516 224 5539 δ
254 5506 485 5570 Ambr.,
516 5508 661 5571 feria
694 5524 750 5561 ιι.

2720 471 2858 508 γυηλ

2012 562 2036 602 b
2068 562 2313 629 {Equum
2368 562 2423 613 et
2472 559 2738 613 salutare.
2789 562 2883 625 Te,
2931 562 3191 627 Domine,
3236 561 3387 615 inter
3437 568 3642 618 cmtera

1944 646 2295 700 mirabilium
2329 651 2556 699 tuorum
2589 655 2872 716 praecepta
2911 649 3143 702 laudare
3191 654 3245 702 et
3278 651 3639 720 benedicere,

1945 736 2044 805 qui
2089 736 2349 797 Lamecb,
2390 752 2585 788 semen
2628 736 2869 805 justum,
2922 736 3123 790 dedisti
3166 739 3305 805 Noe,
3357 739 3446 792 cui
3479 756 3631 793 reve-

1946 824 2071 876 lasti
2119 840 2220 893 per
2258 824 2520 893 spiritum
2566 840 2741 893 aquas
2789 825 2984 877 diluvii
3016 826 3233 878 futuras
3273 844 3635 895 cognoscere.

1948 913 2121 981 Cujus
2154 928 2343 965 arcam
2390 913 2456 965 ad
2500 920 2755 965 nostram
2793 914 3037 965 salutem
3092 920 3333 967 testatur
3376 918 3644 982 Ecclesia,

1949 1001 2017 1053 de
2079 1017 2193 1070 qua
2250 1000 2458 1053 emissa
2512 1002 2778 1053 columba
2834 1002 3048 1065 volans,
3111 1003 3392 1071 spiritales
3479 1006 3647 1059 oliva:

1947 1088 2305 1142 fructuosum
2358 1090 2743 1142 ramusculum
2779 1091 2992 1155 retulit,
3027 1107 3200 1159 quam
3249 1092 3319 1144 ad
3362 1110 3418 1144 se
3460 1110 3643 1147 rever-

1946 1184 2161 1231 tentem
2215 1179 2331 1231 Noe
2380 1179 2637 1247 gaudens
2689 1180 2953 1248 suscepit.
3010 1180 3089 1231 De
3131 1179 3292 1237 cuius
3342 1182 3485 1234 rami
3540 1199 3643 1235 un-

1947 1267 2132 1319 ctione
2172 1266 2345 1319 .lacob
2386 1269 2619 1333 electus,
2654 1266 2887 1321 titulum
2928 1268 3127 1329 erexit,
3174 1269 3413 1321 Domino
3450 1276 3645 1324 votum

1946 1356 2119 1420 vovit,
2152 1362 2207 1407 et
2235 1356 2429 1408 oleum
2461 1356 2706 1423 desuper
2732 1356 2881 1408 fudit
2917 1355 3068 1427 [Haec
3115 1363 3201 1409 est
3253 1356 3466 1410 indicio
3500 1359 3645 1412 rami

1946 1443 2103 1497 illius
2155 1442 2461 1514 manantis]
2521 1444 2803 1496 manantis
2843 1444 2911 1497 de
2960 1444 3116 1497 caelis
3168 1444 3387 1512 gratiae,
3440 1462 3542 1499 sua
3593 1452 3651 1499 et

1947 1532 2142 1601 populi
2172 1548 2303 1584 vasa
2330 1532 2622 1600 replentis.
2658 1534 2786 1586 llaec
2817 1538 2902 1584 est
2926 1533 3132 1601 gratia,
3169 1550 3297 1602 qua:
3328 1540 3383 1585 et
3411 1534 3644 1587 viduam

1950 1618 2241 1673 benedixit
2273 1620 2332 1673 in
2377 1622 2533 1685 oleo;
2573 1621 2694 1673 haec
2730 1626 2816 1673 est
2858 1620 3069 1674 indicio
3116 1623 3263 1674 rami
3294 1622 3449 1676 illius
3481 1624 3643 1693 plan-

1954 1707 2053 1760 tati
2088 1724 2247 1760 secus
2287 1708 2559 1761 decursus
2596 1724 2900 1778 aquarum,
2948 1710 3109 1778 cujus
3142 1709 3345 1762 folium
3391 1726 3507 1778 non
3541 1712 3647 1765 de—

1953 1796 2101 1863 fluit,
2139 1812 2241 1864 per
2281 1798 2434 1866 quod
2483 1797 2738 1866 quotidie
2790 1813 2892 1867 per
2946 1798 3229 1850 lavacrum
3286 1797 3647 1869 baptismatis

1954 1885 2198 1938 Ecclesia
2266 1891 2615 1954 procreatur,
2683 1891 2738 1939 et
2804 1893 3000 1940 nostra
3055 1886 3319 1940 delentur
3394 1893 3644 1956 peccata.

1953 1976 2083 2028 Haec
2122 1980 2206 2027 est
2231 1980 2347 2039 tua,
2380 1975 2641 2040 Domine,
2676 1976 2953 2043 plantatio
3000 1975 3146 2027 bona
3191 1975 3373 2040 valde,
3406 1981 3463 2029 et
3494 1980 3554 2029 tu
3589 1993 3648 2029 es

1952 2062 2068 2115 vita
2116 2070 2173 2115 et
2220 2063 2560 2115 resurrectio
2608 2068 2986 2127 mortuorum,
3047 2063 3145 2132 qui
3191 2064 3645 2133 quatriduanum

1955 2149 2227 2202 Lazarum
2276 2150 2623 2203 resuscitasti
2655 2167 2684 2202 a
2720 2154 2982 2203 mortuis.
3026 2151 3335 2219 Propterea
3381 2155 3437 2202 et
3478 2149 3648 2203 turba

1952 2253 2078 2290 cum
2125 2238 2297 2290 ramis
2346 2239 2668 2307 palmarum
2716 2239 2949 2291 obvians
2998 2238 3121 2302 tibi,
3165 2238 3446 2291 clamabat
3480 2254 3492 2291 :
3526 2240 3642 2292 Ho-

1952 2341 2127 2379 sannu
2183 2328 2485 2381 benedictus
2545 2331 2640 2395 qui
2698 2330 2843 2381 venit
2897 2330 2953 2379 in
3006 2330 3217 2380 nomine
3268 2327 3491 2380 Domini
3547 2342 3644 2380 rea:

1951 2414 2143 2469 Israel.
2188 2415 2546 2485 Quapmpter
2587 2433 2936 2487 qumsumus,
2981 2416 3237 2480 Domine,
3278 2414 3643 2468 clementiam

1952 2509 2109 2556 tuam
2159 2510 2223 2557 ut
2256 2521 2355 2557 nos
2404 2505 2646 2557 famulos
2678 2512 2827 2573 tuos,
2862 2505 2959 2575 qui
2990 2504 3162 2574 hujus
3192 2504 3273 2557 rei
3298 2505 3540 2573 gratiam
3586 2509 3645 2557 et

1951 2592 2126 2645 ﬁdem
2158 2594 2410 2646 veritatis
2448 2594 2828 2663 percepimus,
2862 2610 3029 2646 eruas
3065 2594 3133 2645 de
3174 2608 3269 2645 ore
3319 2592 3549 2660 inferni,
3590 2598 3647 2645 et

1952 2682 2304 2751 adjutorium
2357 2682 2519 2735 nobis
2563 2683 2762 2751 gratiae
2811 2687 2925 2735 tum
2978 2682 3227 2735 tribuere
3279 2682 3551 2751 digneris,
3586 2685 3647 2733 ut

1945 2770 2101 2839 juste
2150 2778 2207 2823 et
2255 2771 2347 2840 pie
2393 2777 2699 2841 sancteque
2728 2771 2999 2838 viventes,
3047 2786 3176 2822 cum
3208 2770 3401 2823 electis
3432 2775 3485 2822 et
3520 2786 3647 2823 san-

1953 2859 2057 2911 ctis
2090 2858 2200 2912 tuis
2230 2859 2400 2912 facias
2430 2859 2639 2911 habere
2670 2859 3041 2911 consortium.
3079 2861 3182 2911 Per
3211 2858 3498 2911 eumdem.

2436 2961 2741 3001 DOMINICA
2790 2962 2852 3000 IN
2904 2962 3160 2999 PALMIS.
3608 2992 3619 2999 ί

2022 3036 2247 3088 xEterne
2292 3036 2459 3088 Deus.
2508 3036 2613 3087 Per
2667 3034 2951 3088 Christum
3004 3034 3311 3087 Dominum
3358 3037 3637 3086 nostrum.

1952 3124 2059 3176 Per
2108 3139 2280 3193 quem
2327 3123 2494 3176 nobis
2534 3123 2889 3192 indulgentia
2932 3123 3187 3193 largitur,
3237 3128 3291 3175 et
3330 3138 3439 3191 pax
3472 3138 3641 3175 omne

1953 3212 2226 3264 smculum
2284 3211 2646 3282 praedicatur,
2708 3212 2949 3265 traditur
3002 3211 3219 3265 cunctis
3276 3211 3641 3265 credentibus

1952 3299 2274 3369 disciplina,
2320 3305 2383 3352 ut
2427 3299 2801 3353 sanctiﬁcatos
2844 3316 2945 3353 nos
2990 3300 3166 3370 possit
3209 3299 3330 3353 dies
3369 3304 3641 3353 venturus

1952 3389 2228 3459 excipere.
2266 3390 2327 3442 Et
2359 3388 2486 3443 ideo
2516 3404 2645 3442 cum
2679 3404 2810 3458 ang.

2647 3492 2835 3531 FERIA
2880 3493 2951 3531 IL

2020 3564 2142 3634 (Α.)
2176 3566 2399 3617 ΑΞῐθιήεε
2446 3565 2612 3617 Deus.
2670 3566 2775 3617 Per
2828 3566 3111 3618 Christum
3164 3564 3472 3618 Dominum
3528 3580 3637 3617 no-

1950 3658 2151 3705 strum.
2196 3654 2367 3721 Cujus
2410 3669 2510 3705 nos
2544 3654 2870 3705 humanitas
2915 3654 3151 3722 colligit,
3188 3653 3481 3706 humilitas
3527 3652 3637 3706 eri-

1950 3741 2051 3811 git,
2095 3741 2326 3794 traditio
2365 3742 2625 3807 absolvit,
2667 3758 2835 3811 poena
2877 3742 3124 3808 redimit,
3168 3758 3302 3795 crux
3342 3741 3638 3810 salviﬁcat,

1950 3829 2178 3898 sanguis
2204 3831 2502 3895 emaculat,
2535 3846 2665 3883 caro
2696 3830 2939 3900 saginat.
2972 3832 3077 3883 Per
3107 3846 3278 3899 quem
3307 3836 3380 3896 te,
3415 3846 3639 3883 summe

1950 3919 2134 3983 Pater,
2179 3934 2307 3970 cum
2346 3918 2699 3987 jejuniorum
2748 3918 3023 3987 obsequio
3067 3918 3430 3970 obsecramus
3461 3921 3521 3969 ut
3570 3918 3639 3971 ad

1949 4008 2071 4075 ejus
2137 4005 2535 4059 celebrandam
2584 4006 2903 4076 passionem
2974 4006 3285 4076 puriﬁcatis
3350 4005 3639 4071 mentibus

1947 4095 2298 4148 accedamus.
2330 4096 2436 4148 Per
2467 4110 2658 4165 quem.

2628 4199 2814 4237 FERIA
2863 4199 2960 4237 llL

2022 4272 2139 4341 (A.)
2172 4273 2397 4325 rEterno
2454 4274 2621 4325 Deus.
2683 4274 2786 4325 Per
2834 4272 3119 4326 Christum
3174 4270 3483 4324 Dominum
3537 4286 3634 4323 no-

1947 4364 2146 4414 strum.
2201 4362 2373 4430 Cujus
2428 4360 2735 4413 salutiferae
2794 4360 3069 4429 passionis
3126 4364 3182 4413 et
3237 4359 3497 4428 gloriosae
3545 4356 3637 4411 rel

1946 4450 2312 4502 surrectionis
2344 4450 2462 4502 dies
2494 4449 2956 4519 appropinquare
2986 4455 3317 4513 noscuntur,
3342 4448 3402 4500 in
3431 4447 3638 4515 quibus

1946 4543 2002 4591 et
2043 4538 2263 4607 antiqui
2315 4538 2492 4591 hostis
2544 4538 2808 4606 superbia
2860 4538 3271 4605 triumphatur,
3323 4542 3379 4589 et
3424 4540 3637 4588 nostra:

1944 4626 2359 4695 redemptionis
2389 4625 2706 4678 celebratur
2748 4624 3102 4694 mysterium.
3152 4626 3307 4680 Unde
3354 4624 3637 4694 poscimus

1944 4720 2104 4768 tuam
2131 4714 2470 4766 immensam
2502 4713 2861 4765 clementiam
2896 4718 2958 4765 ut
2986 4714 3127 4765 sicut
3155 4714 3212 4766 in
3254 4730 3320 4765 eo
3349 4713 3467 4765 solo
3498 4728 3633 4765 con-

1945 4803 2093 4855 sistit
2122 4802 2294 4855 totius
2325 4806 2532 4854 nostrie
2565 4801 2890 4853 salvationis
2937 4816 3176 4860 summa,
3224 4801 3305 4854 ita
3347 4817 3448 4870 per
3502 4817 3634 4854 eum

1944 4889 2043 4943 tibi
2076 4889 2150 4942 sit
2180 4888 2537 4959 jejuniorum
2582 4893 2636 4941 et
2670 4892 2894 4941 actuum
2934 4894 3260 4941 nostrorum
3296 4905 3525 4959 semper
3553 4888 3633 4941 vi-

1943 4978 2113 5032 ctima
2148 4984 2326 5047 grata.
2362 4978 2468 5031 Per
2497 4994 2696 5047 quem.

2629 5080 2816 5119 FEBIA
2863 5082 2947 5119 IV.

2014 5153 2132 5223 (Λ.)
2182 5154 2407 5206 Αῐῑθπηθ
2455 5154 2620 5206 Deus.
2670 5155 2778 5206 Per
2827 5153 3110 5206 Christum
3169 5152 3475 5205 Dominum
3530 5170 3631 5206 no-

1942 5249 2143 5297 strum.
2180 5242 2287 5305 Qui
2312 5242 2586 5294 innocens
2629 5258 2732 5310 pro
2772 5241 2963 5310 impiis
3002 5241 3183 5293 voluit
3225 5242 3363 5310 pati,
3416 5246 3472 5294 et
3518 5258 3627 5309 pro

1941 5330 2225 5385 sceleratis
2257 5330 2511 5384 indebite
2562 5329 2954 5383 condemnari.
3008 5330 3179 5399 Cujus
3227 5345 3383 5383 mors
3427 5329 3633 5383 delicta

2011 5512 2037 5552 b
2079 5509 2228 5564 Ordo
2256 5509 2443 5577 Rom.,
2477 5525 2608 5579 pag.
2636 5510 2721 5563 45.
