4048 6170
437 261 539 313 895

1572 258 1915 313 GRIMALDI
1957 258 2469 313 SANGALLENSIS
2507 258 2801 313 ABBATIS
3805 262 3882 315 896

438 391 633 441 nostra
677 386 929 452 detorsit,
960 390 1016 440 et
1055 386 1396 441 resurrectio
1446 386 1610 441 nobis
1656 386 2125 456 justiﬁcatiouem
2164 391 2208 441 A
2240 388 2479 441 mortuis
2529 387 2858 441 resurrexit.
2897 387 2940 441 Ο
2986 390 3230 452 noctem,
3289 402 3420 457 qum
3467 386 3638 440 linem
3681 390 3883 443 tenebris

437 476 711 529 exhibuit.
742 478 847 529 Per
885 491 1057 545 quem
1099 480 1254 529 tuam
1300 476 1573 546 pietatem
1613 476 1899 546 supplices
1930 493 2133 529 exora-

436 581 563 618 mus
617 570 679 617 ut
718 564 795 617 sic
834 580 935 617 nos
972 564 1140 617 hodie
1176 582 1208 617 a
1253 565 1496 634 peccatis
1546 567 1848 632 emacules,
1896 572 1957 618 ut
2011 582 2134 618 cras

435 652 771 706 venerabilis
832 652 1015 706 carnis
1075 653 1315 722 dapibus
1370 653 1585 718 saties;
1645 653 1815 707 hodie
1878 659 2133 723 acceptes

434 740 849 794 confessionem
909 747 1232 794 nostrorum
1287 742 1704 811 peccaminum,
1752 747 1808 795 et
1851 758 1972 795 cras
2025 742 2127 795 tri-

436 830 577 883 buas
629 830 1015 898 spiritualium
1065 830 1421 883 incrementa
1463 830 1749 883 donorum
1792 847 1804 884 :
1848 831 2017 884 hodie
2052 831 2133 901 je-

428 917 723 988 juniorum
768 924 1095 971 nostrorum
1138 924 1267 971 vota
1315 918 1609 988 suscipias,
1650 923 1705 972 et
1744 935 1866 972 cras
1910 936 2015 972 nos
2062 920 2129 973 ad

434 1006 827 1060 sacratissimae
858 1006 1043 1059 carnis
1073 1006 1399 1060 convivium
1431 1007 1778 1061 introducas.
1816 1009 1921 1061 Per
1960 1025 2131 1078 quem

435 1095 820 1164 majestatem.

824 1195 1013 1233 FERIA
1059 1196 1092 1232 V
1140 1196 1204 1233 ΙΝ
1252 1194 1441 1235 (ΣΟΕΝΑ
1491 1194 1744 1234 ῡΟΜΙΝΙ.

508 1268 738 1321 Eterne
790 1270 953 1322 Deus.
1006 1270 1110 1322 Per
1160 1269 1447 1322 Christum
1502 1269 1807 1322 Dominum
1850 1274 2127 1322 nostrum.

438 1357 618 1419 Quem
654 1357 712 1409 in
746 1358 851 1410 hac
876 1363 1041 1411 nocte
1073 1358 1222 1411 inter
1260 1373 1445 1410 sacras
1490 1358 1685 1427 epulas
1717 1358 2129 1425 increpantem,
2160 1376 2163 1379 ί

436 1460 599 1497 mens
648 1445 753 1499 sibi
789 1446 1015 1498 conscia
1067 1446 1355 1498 traditoris
1397 1446 1544 1498 ferre
1596 1462 1708 1498 non
1760 1445 1962 1514 potuit.
2024 1445 2128 1499 Sed

438 1534 829 1601 apostolorum
878 1534 1074 1587 relicto
1120 1534 1404 1587 consortio
1449 1534 1745 1602 sanguinis
1797 1534 2046 1603 pretium
2100 1549 2131 1587 a

432 1622 644 1676 Iudaeis
696 1622 934 1691 accepit,
984 1629 1049 1676 ut
1091 1623 1266 1676 vitam
1318 1623 1585 1693 perderet
1630 1639 1803 1692 quam
1847 1623 2126 1676 distraxit.

437 1710 691 1765 Coenavit
740 1711 919 1779 igitur
970 1711 1140 1765 hodie
1196 1712 1457 1781 proditor
1514 1717 1758 1765 mortem
1812 1728 2014 1778 suam,
2073 1717 2131 1765 et

435 1798 687 1851 cruentis
722 1800 985 1853 manibus
1032 1816 1239 1871 panem
1274 1800 1343 1853 de
1384 1817 1555 1853 manu
1592 1800 1901 1853 Salvatoris
1945 1800 2127 1854 exitu-

437 1902 533 1939 rus
562 1888 797 1955 accepit,
835 1894 894 1941 ut
928 1888 1249 1958 saginatum
1279 1889 1403 1941 cibo
1438 1889 1619 1958 major
1651 1905 1817 1958 pcena
1849 1889 2129 1966 constrin-

436 1979 615 2045 geret,
659 1991 829 2045 quem
868 1993 971 2029 nec
1012 1977 1215 2029 sacrati
1252 1978 1363 2029 cibi
1404 1978 1631 2029 collatio
1676 1979 1745 2029 ab
1787 1978 1996 2030 scelere
2036 1992 2131 2030 re-

435 2068 681 2116 vocaret.
719 2065 935 2117 Patitur
978 2065 1174 2135 itaque
1215 2065 1495 2118 Dominus
1536 2071 1729 2118 noster
1767 2067 1928 2121 Jesus
1970 2066 2131 2120 Chri-

439 2154 559 2204 stus
588 2152 760 2205 Filius
807 2158 959 2217 tuus,
1003 2169 1133 2206 cum
1179 2154 1339 2206 hoste
1384 2154 1755 2206 novissimum
1790 2154 2132 2223 participare

438 2239 780 2307 convivium,
833 2258 862 2293 a
897 2257 1011 2310 quo
1056 2257 1113 2294 se
1153 2247 1388 2294 noverat
1426 2242 1697 2294 continuo
1734 2258 1854 2295 esse
1901 2243 2131 2295 traden-

440 2328 601 2395 dum,
637 2334 698 2382 ut
741 2330 1065 2399 exemplum
1105 2330 1447 2383 innocentiae
1499 2331 1712 2383 mundo
1757 2330 2129 2400 relinqueret,

441 2422 497 2470 et
528 2417 853 2487 passionem
902 2434 1062 2470 suam
1095 2434 1198 2487 pro
1233 2419 1423 2471 saeculi
1465 2419 1853 2489 redemptione
1902 2420 2135 2489 supple-

440 2510 547 2559 ret.
581 2504 765 2558 Pascit
792 2505 968 2573 igitur
1009 2506 1163 2559 mitis
1199 2507 1343 2558 Deus
1374 2506 1659 2568 immitem
1694 2508 1895 2561 Judam
1937 2514 1991 2559 et
2032 2524 2130 2559 su-

442 2593 615 2647 stinet
653 2593 782 2662 pius
830 2594 1121 2647 crudelem
1160 2595 1475 2647 convivam.
1528 2595 1632 2657 Qui
1678 2596 1881 2648 merito
1928 2597 2132 2665 laqueo

444 2698 546 2735 suo
575 2681 865 2751 periturus
904 2690 1045 2749 erat,
1081 2682 1232 2751 quod
1265 2682 1334 2735 de
1369 2683 1629 2752 magistri
1660 2684 1937 2753 sanguine
1977 2685 2131 2755 cogi-

441 2776 607 2825 tarat.
643 2770 685 2824 Ο
733 2771 1040 2824 Dominum
1081 2787 1182 2841 per
1224 2772 1419 2824 omnia
1458 2770 1802 2841 patientem!
1847 2772 1888 2826 Ο
1921 2790 2133 2843 agnum

440 2859 593 2912 inter
632 2876 761 2913 suas
800 2860 996 2930 epulas
1037 2859 1265 2913 mitem!
1310 2860 1509 2914 Cibum
1553 2861 1675 2929 ejus
1712 2860 1883 2913 Judas
1926 2860 1987 2913 in
2036 2876 2133 2913 ore

440 2946 679 3013 ferebat,
714 2953 768 3000 et
811 2947 1019 3016 quibus
1053 2962 1182 3000 eum
1216 2948 1487 3014 traderet,
1528 2953 1922 3017 persecutores
1961 2948 2131 3002 advo-

440 3036 621 3089 cabat.
656 3036 765 3090 Sed
797 3035 971 3089 Filius
1002 3041 1133 3089 tuus
1170 3037 1445 3089 Dominus
1478 3042 1672 3090 noster
1701 3042 1995 3108 tamquam
2040 3037 2135 3107 pia

439 3124 643 3191 hostia,
685 3130 740 3177 et
784 3124 1071 3177 immolari
1111 3141 1167 3177 se
1203 3124 1306 3179 tibi
1356 3141 1459 3194 pro
1492 3125 1656 3178 nobis
1688 3125 1973 3195 patienter
2003 3142 2131 3196 pro-

438 3213 614 3280 misit,
666 3218 721 3266 et
768 3218 1065 3283 peccatum
1114 3213 1269 3283 quod
1319 3213 1565 3267 mundus
1614 3213 1997 3280 commiserat,
2044 3230 2131 3267 re-

442 3302 671 3356 laxavit.
708 3303 816 3355 Per
842 3317 1011 3371 quem
1046 3303 1420 3370 majestatem.

1041 3390 1211 3452 Infra
1250 3393 1527 3443 actionem.

511 3477 1029 3542 Communicantes,
1064 3482 1120 3530 et
1163 3478 1314 3530 diem
1355 3477 1800 3531 sacratissimum
1842 3479 2130 3532 celebran-

440 3570 548 3631 tes,
582 3582 696 3635 quo
730 3565 1007 3619 Dominus
1039 3570 1231 3618 noster
1259 3566 1418 3619 Jesus
1451 3565 1704 3619 Christus
1745 3571 1830 3619 est
1868 3567 2128 3635 traditus,

442 3654 537 3708 sed
568 3658 623 3707 et
650 3654 991 3708 memoriam
1023 3659 1376 3718 venerantes,
1410 3659 1512 3707 etc.

512 3745 667 3797 Hanc
700 3742 875 3811 igitur
921 3742 1269 3796 oblationem
1321 3742 1610 3795 servitutis
1653 3748 1880 3809 nostras,
1932 3745 2027 3799 sed
2076 3750 2133 3800 et

442 3837 659 3886 cunctae
691 3831 922 3885 familite
951 3838 1084 3897 tute,
1114 3848 1286 3901 quam
1315 3832 1413 3884 tibi
1445 3831 1756 3898 offerimus,
1787 3832 1859 3885 ob
1887 3834 2039 3886 diem
2073 3834 2131 3887 in

438 3937 553 3991 qua
586 3920 861 3973 Dominus
894 3924 1091 3973 noster
1122 3921 1278 3973 .lesus
1314 3920 1566 3973 Christus
1597 3920 1831 3973 tradidit
1876 3921 2132 3990 discipu-

437 4009 506 4062 lis
561 4009 679 4061 suis
733 4009 989 4078 corporis
1054 4012 1109 4062 et
1160 4008 1455 4079 sanguinis
1513 4009 1600 4061 sui
1660 4010 1926 4078 mysteria
1985 4011 2130 4062 cele-

436 4098 652 4151 branda
699 4113 710 4150 :
763 4113 1112 4166 quaesumus,
1163 4096 1425 4161 Domine,
1460 4101 1521 4149 ut
1561 4098 1814 4165 placatus
1863 4097 2127 4167 accipias.

509 4185 617 4248 Qui
652 4185 834 4253 pridie
875 4202 1047 4255 quam
1078 4201 1182 4254 pro
1216 4191 1408 4237 nostra
1460 4184 1721 4237 omnium
1757 4185 1939 4239 salute
1972 4190 2129 4255 pate-

437 4278 615 4339 retur,
656 4275 761 4327 hoc
799 4279 901 4339 est,
946 4273 1136 4339 hodie,
1179 4273 1396 4343 accepit
1440 4288 1646 4343 panem
1697 4273 1756 4326 in
1804 4279 2023 4327 sanctas
2065 4290 2129 4328 ac
2169 4271 2212 4324 D

440 4362 798 4415 venerabiles
833 4378 1036 4415 manus
1066 4378 1214 4415 suas.

993 4466 1277 4505 SABBATO
1323 4464 1585 4505 SANCTO.

510 4540 628 4609 (G.)
688 4541 934 4610 Equum
994 4544 1051 4592 et
1105 4541 1372 4593 salutare.
1425 4542 1498 4593 Te
1553 4539 1806 4609 quidem,
1870 4539 2129 4607 Domine,

438 4627 598 4680 omni
629 4633 912 4697 tempore,
948 4628 1045 4681 sed
1074 4627 1134 4680 in
1176 4628 1278 4680 hac
1312 4627 1673 4697 potissimum
1724 4632 1883 4680 nocte
1914 4628 2133 4695 glorio-

437 4714 552 4769 sius
583 4716 913 4786 praadicare,
955 4732 1084 4769 cum
1132 4718 1338 4787 pascha
1382 4722 1637 4768 nostrum
1682 4716 2010 4769 immolatus
2050 4721 2134 4768 est

437 4803 722 4871 Christus;
770 4805 890 4873 ipse
936 4803 1089 4857 enim
1140 4821 1305 4857 verus
1353 4811 1437 4857 est
1487 4820 1690 4873 agnus,
1746 4804 1844 4873 qui
1901 4804 2135 4858 abstulit
2216 4868 2219 4871 _

436 4896 667 4960 peccata
708 4892 929 4945 mundi.
979 4892 1084 4954 Qui
1130 4898 1371 4945 mortem
1418 4898 1667 4945 nostram
1717 4892 2013 4947 moriendo
2043 4893 2134 4947 de-

438 4980 650 5035 struxit
678 4985 735 5035 et
763 4981 941 5033 vitam
972 4981 1325 5049 resurgendo
1354 4982 1654 5051 reparavit.
1692 4983 1754 5035 Et
1783 4982 1930 5036 ideo.

1212 5069 1364 5121 Alia.

508 5158 735 5210 Eterne
766 5158 934 5211 Deus.
972 5157 1033 5209 Et
1075 5160 1130 5208 te
1164 5158 1320 5208 omni
1355 5156 1589 5224 quidem
1627 5160 1907 5227 tempore,
1941 5157 2038 5210 sed
2074 5156 2133 5210 in

439 5246 545 5300 hac
575 5245 934 5316 potissimum
967 5251 1130 5298 nocte
1158 5244 1459 5314 gloriosius
1492 5246 1816 5298 collaudare
1848 5252 1903 5297 et
1932 5246 2132 5315 praedi-

441 5350 587 5399 care,
627 5351 730 5404 per
769 5333 1055 5388 Christum
1100 5332 1403 5386 Dominum
1449 5338 1727 5387 nostrum.
1774 5335 1882 5397 Qui
1925 5334 2133 5387 infero-

440 5437 571 5473 rum
602 5422 846 5475 claustra
886 5422 1267 5493 disrumpens,
1308 5422 1559 5474 victoriae
1597 5439 1711 5475 suae
1747 5424 1899 5475 clara
1936 5423 2135 5475 vexilla

442 5510 713 5579 suscepit,
771 5515 827 5564 et
876 5510 1230 5581 triumphato
1276 5510 1503 5564 diabolo
1549 5508 1619 5581 [Γ.
1670 5510 1802 5564 add.
1852 5511 2027 5565 victor
2075 5511 2132 5583 a]

2243 476 2425 547 ponit,
2470 482 2525 529 et
2567 481 2795 529 aeternae
2838 474 2979 529 lucis
3028 475 3177 528 viam
3224 474 3459 544 pandit!
3520 483 3749 541 noctem,
3787 493 3885 546 quae

2243 565 2435 619 videre
2468 567 2696 630 meruit,
2734 573 2789 618 et
2820 564 2969 619 vinci
3002 564 3313 628 diabolum,
3354 571 3408 617 et
3454 581 3739 633 resurgere
3767 568 3886 619 Citri-

2241 652 2420 707 stum!
2469 654 2512 707 Ο
2558 658 2803 719 noctem,
2843 654 2903 706 in
2959 669 3071 723 qua
3111 658 3324 705 tartara
3375 652 3707 721 spoliantur,
3747 656 3886 706 sancti

2241 744 2312 797 ab
2339 742 2535 795 inferis
2558 742 2891 808 liberantur,
2924 742 3166 795 caelestis
3196 741 3397 811 patriae
3423 742 3611 794 aditus
3644 743 3881 810 aperitur!

2242 832 2283 886 Ο
2324 838 2569 897 noctem,
2617 832 2677 884 in
2718 848 2832 901 qua
2877 832 2936 884 in
2984 830 3327 899 baptismate
3377 830 3712 883 delictorum
3756 832 3889 884 turba

2240 920 2563 991 perimitur,
2598 920 2703 974 ﬁlii
2740 920 2880 973 lucis
2917 920 3202 973 oriuntur.
3246 918 3395 982 Quos
3435 919 3693 987 exemplo
3736 920 3893 971 Domi-

2240 1009 2383 1062 nicaa
2428 1009 2627 1062 matris
2678 1008 2888 1074 Mariae,
2931 1008 3053 1061 sine
3093 1008 3462 1077 corruptione
3511 1012 3704 1059 sancta
3749 1015 3895 1059 mater

2241 1099 2487 1151 Ecclesia
2529 1098 2795 1167 concipit,
2826 1099 2949 1150 sine
2992 1096 3185 1150 dolore
3230 1095 3400 1166 parit,
3448 1099 3504 1149 et
3552 1111 3680 1148 cum
3726 1096 3898 1165 gaudio

2240 1187 2310 1240 ad
2346 1187 2584 1240 meliora
2608 1186 2891 1256 provehit.
2927 1186 2991 1238 Et
3022 1185 3171 1238 ideo.

2838 1292 3003 1355 Infra
3050 1292 3333 1344 actionem.

2312 1399 2424 1465 (G.)
2460 1398 2982 1464 Communicantes,
3018 1401 3073 1450 et
3102 1401 3325 1450 noctem
3367 1394 3798 1449 sacratissimam
3826 1410 3902 1447 ce-

2238 1486 2546 1551 lebrantes,
2592 1486 3022 1539 resurrectionis
3068 1484 3297 1538 Domini
3340 1487 3519 1537 nostri
3553 1485 3681 1537 Jesu
3727 1482 3903 1536 Christi

2238 1575 2553 1629 secundum
2594 1591 2844 1641 carnem,
2888 1574 2983 1627 sed
3024 1580 3079 1628 et
3122 1573 3462 1626 memoriam
3504 1578 3834 1626 venerantes
3859 1571 3905 1623 in

2170 1662 2441 1736 Bprimis
2498 1663 2761 1734 gloriosa:
2818 1678 3043 1733 semper
3094 1660 3330 1732 virginis
3379 1661 3589 1725 Marias,
3643 1659 3909 1730 genitricis

2240 1752 2496 1821 ejusdem
2540 1752 2639 1807 Dei
2678 1756 2734 1804 et
2774 1751 3000 1805 Domini
3045 1751 3226 1805 nostri
3274 1751 3401 1804 Jesu
3450 1750 3691 1815 Christi;
3733 1748 3824 1802 sed
3866 1754 3911 1801 et

2241 1840 2538 1894 beatorum
2572 1841 2981 1909 apostolorum.

2308 1929 2423 1996 (G.)
2457 1930 2611 1983 Hanc
2646 1928 2823 1996 igitur
2850 1927 3201 1980 oblationem
3238 1925 3525 1980 servitutis
3565 1930 3797 1990 nostra},
3829 1925 3911 1977 sed

2241 2022 2298 2070 et
2334 2023 2551 2071 cunctae
2587 2017 2819 2070 familiae
2857 2022 2988 2082 tuas,
3031 2031 3205 2085 quam
3242 2014 3346 2067 tibi
3378 2014 3675 2067 offerimus
3708 2029 3810 2082 pro
3845 2012 3916 2065 his

2241 2122 2473 2176 quoque
2531 2122 2675 2175 quos
2724 2120 3060 2175 regenerare
3118 2100 3387 2173 dignatus
3436 2119 3516 2170 es,
3567 2118 3638 2154 ex
3686 2117 3830 2171 aqua
3871 2108 3917 2153 et

2241 2194 2457 2264 Spiritu
2504 2200 2714 2257 sancto,
2770 2194 3029 2246 tribuens
3080 2191 3159 2245 eis
3219 2190 3621 2244 remissionem
3677 2189 3916 2242 omnium

2241 2287 2634 2353 peccatorum;
2663 2297 3013 2352 quaesumus,
3054 2279 3314 2344 Domine,
3352 2283 3411 2331 ut
3440 2278 3586 2348 plac.

2670 2402 2732 2442 ΙΝ
2784 2402 2886 2441 DIE
2937 2400 3179 2441 SANCTO
3224 2398 3506 2438 PASCRE.

2313 2476 2425 2545 (G.)
2452 2478 2696 2546 Equum
2729 2480 2783 2527 et
2813 2475 3080 2528 salutare.
3104 2475 3179 2527 Te
3209 2473 3463 2543 quidem,
3493 2470 3755 2536 Domine,
3778 2469 3914 2523 omni

2241 2568 2521 2635 tempore,
2555 2564 2652 2617 sed
2684 2564 2739 2617 in
2774 2564 2881 2617 hoc
2910 2562 3276 2633 potissimum
3308 2561 3418 2625 die,
3454 2564 3513 2613 ut
3538 2574 3732 2628 supra.

3013 2669 3167 2721 Alia.

2313 2778 2539 2829 .Eterne
2576 2776 2742 2828 Deus.
2779 2776 2841 2827 Et
2873 2778 2925 2826 te
2957 2773 3114 2826 omni
3144 2771 3377 2842 quidem
3424 2777 3710 2841 tempore,
3743 2770 3833 2823 sed
3862 2769 3908 2822 in

2243 2865 2348 2917 hac
2380 2863 2666 2933 prmeipuc
2703 2862 2793 2915 die
2823 2862 3073 2925 laudare,
3115 2860 3453 2914 benedicere
3499 2866 3557 2912 et
3607 2859 3906 2929 praedicare,

2174 2978 2212 3032 ρ
2243 2969 2356 3023 quo
2409 2953 2620 3004 Pascha
2666 2956 2921 3003 nostrum
2978 2950 3304 3002 immolatus
3352 2954 3437 3001 est
3487 2948 3764 3002 Christus.
3824 2947 3909 2999 Per

2243 3057 2415 3111 quem
2446 3040 2512 3093 ad
2545 3045 2817 3093 aeternam
2848 3038 3023 3091 vitam
3050 3037 3151 3090 tilii
3185 3036 3323 3089 lucis
3355 3036 3640 3100 oriuntur,
3673 3034 3907 3089 ﬁdelibus

2241 3130 2405 3198 regni
2453 3128 2693 3182 coelestis
2734 3126 2876 3180 atria
2921 3131 3270 3189 reserantur,
3312 3129 3369 3177 et
3415 3125 3567 3177 beati
3610 3124 3733 3194 lege
3778 3138 3905 3174 com-

2240 3218 2460 3282 mercii,
2504 3216 2710 3271 divinis
2750 3216 3003 3269 humana
3044 3219 3359 3267 mutantur.
3409 3212 3553 3277 Quia
3610 3218 3903 3266 nostrorum

2241 3305 2500 3360 omnium
2544 3320 2699 3357 mors
2740 3319 2904 3357 cruce
2944 3302 3154 3355 Christi
3187 3308 3485 3372 perempta
3514 3306 3618 3367 est,
3653 3308 3707 3353 et
3748 3300 3803 3352 in
3834 3314 3900 3349 re-

2240 3394 2595 3447 surrectione
2637 3394 2760 3463 ejus
2809 3392 3072 3445 omnium
3111 3390 3226 3444 vita
3265 3390 3592 3444 resurrexit.
3644 3390 3813 3452 Quem
3858 3388 3901 3438 in

2240 3483 2600 3551 susceptione
2665 3479 3023 3535 mortalitatis
3076 3480 3254 3532 Deum
3307 3478 3620 3548 majestatis
3679 3474 3903 3545 agnosci-

2240 3588 2390 3639 mus,
2426 3577 2483 3624 et
2512 3571 2570 3623 in
2601 3570 2917 3623 divinitatis
2956 3569 3135 3639 gloria
3167 3570 3344 3622 Deum
3376 3573 3431 3621 et
3461 3566 3757 3621 hominem
3785 3579 3901 3617 con-

2241 3660 2492 3713 ﬁtemur.
2544 3658 2650 3721 Qui
2696 3663 2937 3711 mortem
2985 3659 3237 3709 nostram
3282 3655 3577 3709 moriendo
3633 3651 3900 3714 destruxit,

2240 3754 2298 3803 et
2330 3749 2503 3802 vitam
2536 3747 2885 3817 resurgendo
2921 3745 3223 3815 reparavit.
3262 3745 3326 3797 Et
3356 3744 3482 3798 ideo
3516 3759 3648 3796 cum
3676 3758 3802 3812 ang.

2842 3851 3010 3913 Infra
3048 3849 3326 3901 actionem.

2312 3941 2421 4011 (G.)
2456 3938 2984 4002 Communicantes,
3024 3941 3079 3989 et
3110 3936 3262 3989 diem
3304 3934 3751 3987 sacratissimum
3781 3931 3900 3983 cele-

2238 4029 2472 4083 brantes
2514 4027 2949 4081 resurrectionis
2992 4024 3215 4079 Domini
3266 4026 3361 4078 Dei
3392 4024 3573 4076 nostri
3620 4021 3901 4076 secundum

2238 4134 2490 4183 carnem,
2532 4117 2627 4170 sed
2661 4121 2717 4169 et
2761 4115 3100 4169 memoriam
3139 4118 3495 4167 venerantes.
3536 4113 3691 4165 Hanc
3731 4109 3903 4179 igitur,

2239 4212 2301 4262 ut
2324 4222 2513 4276 supra.

2938 4308 3127 4346 FERIA
3173 4307 3244 4345 Il.

2310 4403 2384 4456 Te
2416 4400 2650 4471 quidem
2681 4399 2837 4453 omni
2872 4404 3151 4469 tempore,
3180 4400 3241 4450 ut
3269 4411 3461 4464 supra.

3004 4504 3151 4556 Alia.

2314 4595 2432 4664 (Α.)
2484 4597 2707 4648 Eterne
2755 4595 2919 4647 Deus.
2983 4593 3046 4646 Et
3093 4597 3147 4645 te
3190 4589 3527 4661 suppliciter
3569 4604 3809 4648 exorare,
3856 4588 3900 4633 ut

2242 4682 2508 4736 ﬁdelibus
2538 4682 2647 4735 tuis
2678 4680 3003 4751 dignanter,
3039 4684 3169 4739 etc.,
3201 4683 3261 4731 ut
3289 4693 3479 4746 supra.
3514 4677 3766 4747 Sequenti
3788 4670 3897 4727 Sab-

2244 4772 2365 4826 bato
2397 4776 2538 4825 inter
2568 4770 2824 4823 Ambros.

2532 4891 2720 4930 FERIA
2770 4890 2845 4929 Ιῐῐ
2900 4890 2975 4928 ΑΙ)
3021 4888 3313 4928 SANCTUM
3365 4887 3647 4927 PAULUI.

2313 4965 2437 5034 (Α.)
2480 4966 2706 5017 [literne
2756 4964 2922 5017 Deus.
2976 4964 3083 5016 Per
3129 4961 3416 5014 Christum
3469 4960 3766 5012 Dominum
3810 4968 3892 5006 no—

2242 5058 2446 5107 strum.
2471 5052 2577 5116 Qui
2610 5051 2900 5105 oblatione
2927 5050 3014 5104 sui
3038 5049 3308 5120 corporis,
3341 5055 3472 5114 etc.,
3496 5054 3556 5102 ut
3576 5064 3674 5117 sup
3721 5048 3813 5112 fer.
3842 5040 3891 5093 V.

2242 5144 2387 5196 inter
2426 5141 2621 5196 Amor.

2587 5260 2774 5299 FBRIA
2822 5259 2882 5298 ιν
2924 5262 3001 5299 AD
3047 5260 3099 5299 S.
3145 5258 3593 5299 LAURENTIUH.

2312 5335 2425 5403 (G.)
2480 5337 2706 5388 {Eterue
2758 5335 2921 5387 Deus.
2982 5334 3047 5387 Et
3100 5332 3372 5403 pietatem
3420 5338 3579 5384 tuam
3634 5320 3901 5383 indefessis

2245 5424 2509 5493 precibus
2541 5423 2876 5491 implorare,
2919 5428 2981 5475 ut
3018 5422 3116 5490 qui
3148 5422 3431 5490 paschalis
3476 5416 3782 5473 festivitatis
3823 5426 3897 5462 so-

2241 5512 2461 5567 lemnia
2491 5511 2751 5577 colimus,
2786 5510 2845 5563 in
2882 5515 2979 5563 tua
3020 5525 3245 5579 semper
3288 5508 3726 5563 sanctiﬁcatione
3767 5502 3896 5553 vivs-
