4048 6170
167 310 255 362 897
1094 300 1297 357 LIBER
1337 299 1831 357 SACRAMENTOF

2015 330 2061 338 —
2092 300 2403 356 ΡΒᾹΞΡΛΤ.
2445 296 2675 361 ANTIQ.

166 458 292 496 mus.
340 440 455 503 Quo
487 453 586 508 per
623 435 955 507 temporalis
997 434 1126 489 festi
1156 435 1637 497 observationem,
1686 450 1817 504 per-
1855 438 1903 490 A

166 530 335 585 venire
380 542 696 580 mereamur
743 525 811 578 ad
854 528 1201 578 mternorum
1248 524 1587 593 gaudiorum
1638 523 1827 577 conti—

166 618 498 671 nuationem.
530 616 639 667 Per
665 613 973 667 Christum.

503 734 696 775 FERIA
738 733 774 770 ν
821 733 898 772 AD
943 732 1032 772 SS.
1080 731 1459 772 APOSTOLOS.

222 830 432 881 Aiterne
482 827 646 879 Deus.
694 824 801 878 Per
853 822 1141 877 Christum
1193 822 1495 876 Dominum
1537 827 1820 877 nostrum.

162 916 254 981 Qui
281 930 380 969 nos
409 930 509 984 per
550 912 816 984 paschale
846 911 1184 981 mysterium
1218 911 1449 965 edocuit
1490 917 1830 966 vetustatem

161 1006 277 1058 vita:
307 1003 646 1073 relinquere,
676 1006 733 1054 et
772 1001 834 1053 in
864 1000 1111 1053 novitate
1156 1000 1394 1069 spiritus
1438 1000 1756 1055 ambulare.
1788 1005 1829 1055 A

163 1109 263 1165 quo
287 1095 575 1163 perpetuae
604 1088 806 1142 mortis
834 1091 1137 1157 superatur
1163 1087 1460 1153 acerbitas,
1494 1092 1552 1141 et
1600 1092 1830 1142 aeternae

162 1181 275 1235 vita:
300 1178 558 1234 fidelibus
596 1177 872 1230 tribuitur
901 1175 1219 1246 integritas.
1249 1177 1354 1228 Per
1382 1191 1576 1246 quem.

549 1299 740 1339 FERIA
784 1298 851 1337 VI
898 1298 975 1337 AD
1019 1296 1071 1337 S.
1119 1296 1409 1337 MARCUM.

223 1393 333 1461 (Α.)
378 1394 603 1446 Eterne
649 1392 818 1445 Deus.
869 1391 976 1444 Per
1016 1388 1306 1444 Christum
1357 1387 1666 1442 Dominum
1727 1402 1831 1441 no-

164 1486 345 1536 strum.
376 1480 481 1544 Qui
512 1479 827 1534 secundum
868 1476 1265 1548 promissionis
1299 1492 1417 1530 sua:
1448 1476 1831 1530 incommuta-

162 1570 334 1636 bilem,
368 1576 498 1636 etc.,
539 1574 599 1623 ut
628 1568 813 1623 videre
846 1571 923 1621 est
953 1569 1095 1620 inter
1125 1567 1312 1620 Ambr.

547 1688 834 1729 SABBATO
877 1688 955 1727 AD
1000 1687 1051 1726 S.
1095 1686 1419 1727 JOANNEM.

225 1778 332 1849 (Α.)
378 1778 607 1831 Αἳιθηιθ
654 1778 822 1831 Deus.
876 1779 981 1830 Per
1028 1777 1311 1831 Christum
1365 1774 1675 1828 Dominum
1726 1790 1828 1827 no-

165 1871 344 1921 strum.
398 1869 505 1922 Per
556 1882 730 1937 quem
774 1865 1059 1935 supplices
1127 1863 1503 1933 exposcimus,
1562 1868 1625 1917 ut
1670 1863 1832 1933 cujus

166 1958 414 2023 muneris,
449 1961 581 2023 etc.,
609 1961 669 2009 ut
699 1969 869 2023 supra
898 1956 1043 2019 feria
1066 1969 1140 2019 vi,
1181 1955 1323 2006 inter
1350 1952 1544 2005 Ambr.

392 2075 705 2117 DOMINICA
754 2075 905 2114 POST
951 2074 1247 2113 OCTAVA)!
1298 2072 1581 2112 PASCHE.

226 2168 331 2238 (Α.)
376 2170 604 2221 Aiterne
664 2168 828 2220 Deus.
886 2164 1232 2234 Suppliciter
1305 2164 1685 2227 obsecrantes,
1762 2180 1833 2218 ne

166 2273 254 2311 nos
280 2257 345 2310 ad
375 2257 541 2309 illum
583 2255 734 2308 siuas
767 2253 954 2308 redire
998 2260 1211 2319 actum,
1259 2259 1390 2320 etc.,
1436 2259 1494 2307 ut
1534 2253 1718 2307 uidere
1758 2258 1836 2308 est

165 2348 288 2399 inter
313 2343 501 2398 Ambr.

677 2443 741 2483 ΙΝ
780 2443 1023 2483 PASCHA
1062 2443 1296 2483 ANNOT.

224 2536 432 2589 Eterne
484 2536 654 2589 Deus.
710 2536 816 2588 Per
863 2534 1147 2589 Christum
1194 2534 1501 2588 Dominum
1550 2538 1831 2590 nostrum.

168 2624 222 2678 Et
262 2623 667 2693 redemptionis
714 2628 917 2676 nostra:
964 2622 1108 2675 festa
1148 2623 1417 2688 recolere,
1472 2622 1680 2692 quibus
1728 2622 1835 2675 hu-

166 2729 372 2767 manam
412 2712 795 2766 substantiam
838 2712 1076 2764 vinculis
1115 2711 1599 2781 praevaricationis
1646 2716 1833 2778 exuta,

167 2818 305 2872 spem
336 2800 771 2856 resurrectionis
810 2816 911 2870 per
946 2806 1274 2854 renovatam
1309 2800 1547 2870 originis
1587 2801 1836 2871 dignita-

166 2896 268 2945 tem
292 2890 615 2961 assumpsit.
654 2890 717 2943 Et
746 2889 894 2942 ideo.

366 3012 686 3053 DOMINICA
731 3012 749 3049 Ι
796 3010 944 3051 POST
990 3010 1286 3050 OCTAVA“
1338 3009 1618 3050 PASCHB.

227 3087 330 3157 (G.)
384 3088 614 3140 Eterne
674 3086 839 3139 Deus.
907 3086 969 3137 Et
1016 3084 1358 3137 immensam
1396 3083 1670 3136 bonitatis
1722 3087 1834 3135 tuae

165 3176 413 3244 pietatem
462 3174 763 3228 humiliter
793 3189 1053 3239 exorare;
1101 3178 1166 3225 ut
1194 3172 1577 3241 ignorantiam
1624 3180 1833 3224 nostra:

166 3265 506 3318 mortalitatis
539 3263 856 3323 attendens,
888 3277 953 3315 ex
980 3266 1078 3314 tua
1107 3261 1483 3331 inspiratione
1522 3276 1627 3313 nos
1665 3260 1835 3312 facias

166 3353 428 3421 postulare
463 3350 623 3421 quod
667 3354 886 3403 rectum
921 3353 1025 3415 est,
1058 3353 1113 3401 et
1155 3354 1253 3401 tua
1284 3348 1587 3401 clementia
1618 3348 1834 3400 tribuas

164 3440 448 3510 impetrare
478 3440 639 3511 quod
670 3441 976 3509 poscimus.
1023 3440 1126 3492 Per
1161 3437 1469 3492 Christum.
1500 3438 1608 3489 Per
1636 3452 1830 3507 quem.

358 3562 674 3602 DOMINICA
724 3560 771 3599 ll
820 3559 970 3599 POST
1008 3558 1296 3598 OCTAVAM
1336 3557 1618 3596 PASCll

222 3638 436 3691 Eterne
486 3638 653 3691 Deus.
702 3637 806 3688 Per
854 3632 1142 3688 Christum
1195 3632 1499 3685 Dominum
1554 3636 1832 3684 nostrum.

164 3723 257 3786 Qui
300 3725 367 3780 de
414 3725 648 3795 Virgine
691 3722 851 3777 nasci
906 3721 1195 3791 dignatus,
1247 3736 1349 3790 per
1394 3720 1724 3790 passionem
1779 3725 1836 3773 et

163 3819 384 3868 mortem
418 3831 448 3867 a
502 3817 781 3884 perpetua
812 3827 913 3864 nos
943 3815 1124 3863 morte
1155 3810 1436 3877 liberavit,
1472 3814 1529 3863 et
1558 3824 1839 3863 resurrec-

161 3901 299 3956 tione
348 3919 449 3956 sua
503 3907 779 3956 aeternam
814 3899 980 3953 nobis
1012 3902 1182 3952 vitam
1214 3899 1477 3953 contulit.
1528 3901 1635 3953 Per
1665 3914 1839 3969 quem

164 3989 496 4059 majestatem
508 4032 521 4045 .

766 4091 1073 4132 DOMINICA
1117 4091 1220 4131 III.

225 4184 337 4255 (Α.)
378 4188 608 4241 Eterne
647 4186 816 4239 Deus.
860 4187 924 4239 Et
962 4184 1047 4239 tui
1090 4183 1543 4238 misericordiam
1585 4183 1841 4238 muneris

164 4275 453 4340 postulare,
504 4278 567 4327 ut
613 4279 870 4344 tempora
913 4273 1124 4344 quibus
1182 4278 1313 4343 post
1360 4273 1839 4327 resurrectionem

165 4375 309 4416 suam
346 4363 622 4417 Dominus
649 4365 844 4416 noster
878 4364 1039 4416 Jesus
1073 4362 1332 4416 Christus
1373 4378 1503 4416 cum
1548 4361 1841 4432 discipulis

166 4448 270 4501 suis
320 4452 697 4522 corporaliter
748 4451 1044 4517 habitavit,
1089 4452 1169 4505 sic
1218 4451 1343 4521 ipso
1384 4451 1699 4520 opitulante
1744 4450 1841 4520 pia

166 4536 447 4597 devotione
487 4547 817 4607 tractemus,
852 4547 1135 4611 quatenus
1166 4541 1224 4595 in
1266 4541 1354 4594 his
1379 4541 1638 4594 omnium
1670 4540 1838 4594 vitio-

167 4642 281 4683 rum
306 4631 567 4686 sordibus
595 4647 909 4685 careamus.
942 4632 1049 4684 Per
1078 4631 1367 4685 eumdem.
1400 4632 1508 4684 Per
1536 4645 1730 4701 quem.

771 4750 1087 4791 DOMINICA
1134 4749 1221 4789 IV.

229 4823 352 4895 (Δ.)
376 4827 605 4879 Ᾰζὶθτηθ
648 4825 811 4878 Deus.
848 4826 911 4878 Et
943 4824 1304 4892 majestatem
1346 4828 1502 4877 tuam
1542 4822 1840 4878 indefessis

167 4913 432 4982 precibus,
464 4919 593 4979 etc.,
625 4919 685 4967 ut
712 4929 834 4983 sup.
868 4915 1147 4967 Dominica
1183 4913 1246 4967 V.
1278 4914 1421 4966 inter
1446 4912 1638 4967 Amor.

603 5036 797 5075 FERIA
843 5035 889 5074 ll
938 5034 1383 5074 ROGATIONUH.

228 5126 368 5195 (Μς.)
401 5129 624 5181 Ᾰέὶοτῐιθ
676 5129 841 5181 Deus.
894 5129 963 5181 Et
992 5132 1046 5180 te
1076 5130 1365 5181 auctorem
1418 5129 1474 5179 et
1519 5126 1836 5181 sanctifica-

167 5216 330 5268 torem
359 5217 568 5287 jejunii
609 5216 954 5280 collaudare,
988 5232 1091 5286 per
1128 5215 1283 5285 quod
1311 5230 1412 5268 nos
1439 5214 1643 5269 liberas
1671 5233 1703 5269 a
1728 5232 1835 5269 no-

166 5308 397 5358 strorum
434 5304 637 5359 debitis
677 5310 1058 5375 peccatorum.
1100 5304 1250 5375 Ergo
1302 5304 1526 5374 suscipe
1568 5304 1839 5374 jejunan-

162 5389 292 5445 tium
322 5409 534 5463 preces,
571 5398 741 5462 atque
775 5398 839 5447 ut
866 5409 969 5447 nos
1000 5409 1033 5445 a
1058 5393 1221 5446 malis
1251 5392 1523 5446 omnibus
1554 5392 1838 5463 propitia-

164 5480 244 5531 tus
308 5480 535 5551 eripias,
614 5480 948 5552 iniquitates
1024 5486 1264 5548 nostras,
1343 5480 1552 5551 quibus
1631 5480 1837 5534 merito

167 5566 480 5638 affligimur,
506 5570 764 5640 placatus
791 5570 1035 5624 absolve.

3531 303 3633 356 898

2378 448 2569 487 FBRIA
2617 447 2694 486 Ill
2742 446 3182 489 ROGATIONUM.

2010 524 2236 576 .Eterne
2294 524 2458 576 Deus.
2524 522 2584 575 Et
2652 520 3004 589 majestatem
3075 528 3232 577 tuam
3300 524 3636 595 suppliciter

1939 626 2191 679 exorare,
2226 615 2287 664 ut
2318 626 2434 663 non
2465 626 2569 663 nos
2603 616 2809 663 nostrae
2843 612 3093 677 malitiae,
3117 614 3212 666 sed
3247 613 3628 684 indulgentias

1939 704 2054 753 tuae
2092 698 2403 768 praeveniat
2462 714 2688 767 semper
2737 699 3016 752 affectus:
3066 701 3164 770 qui
3213 718 3317 754 nos
3367 719 3397 755 a
3450 703 3634 756 noxiis

1938 787 2325 857 voluptatibus
2376 786 2767 839 indesinenter
2820 788 3105 856 expediat,
3138 795 3194 841 et
3243 806 3272 842 a
3324 791 3632 845 mundanis

1938 876 2190 930 cladibus
2220 876 2528 946 dignanter
2557 875 2783 944 eripiat.
2816 877 2919 928 Per
2951 877 3257 933 Christum.

2387 1004 2578 1044 FERIA
2625 1004 2688 1042 IV
2736 1003 3179 1044 ROGATIONUM.

2013 1103 2164 1174 (Με.)
2195 1105 2265 1158 Ut
2294 1104 2428 1174 quia
2459 1104 2544 1157 tui
2576 1111 2659 1157 est
2691 1104 2901 1173 operis,
2936 1104 2982 1157 si
3022 1106 3177 1174 quod
3216 1106 3319 1160 tibi
3359 1108 3635 1178 placitum

1942 1198 2043 1259 est,
2080 1198 2178 1246 aut
2224 1192 2543 1262 cogitemus
2581 1197 2679 1246 aut
2710 1210 2965 1263 agamus,
3006 1198 3065 1246 tu
3106 1195 3268 1248 nobis
3307 1212 3532 1266 semper
3579 1201 3637 1251 et

1938 1281 2301 1351 intelligendi
2346 1298 2473 1353 quae
2521 1288 2675 1336 recta
2719 1288 2870 1349 sunt,
2925 1289 2979 1336 et
3028 1285 3373 1354 exsequendi
3416 1286 3638 1339 tribuas

1942 1371 2270 1426 facultatem
2281 1413 2293 1425 .

2363 1476 2427 1515 IN
2472 1476 2721 1515 VIGILIA
2773 1475 3217 1517 ASCENSIONIS.

2017 1576 2138 1645 (Α.)
2173 1578 2397 1630 Ᾱέίρτῐιθ
2453 1578 2616 1630 Deus.
2663 1578 2725 1630 Et
2772 1577 2831 1630 in
2882 1578 2987 1630 hac
3037 1579 3327 1647 praecipue
3376 1580 3489 1645 die,
3525 1597 3638 1651 qua

1946 1666 2106 1719 Jesus
2156 1665 2411 1719 Christus
2460 1666 2632 1718 Filius
2682 1670 2814 1717 tuus
2862 1666 3138 1719 Dominus
3185 1672 3399 1735 noster,
3463 1669 3639 1723 divini

1948 1758 2341 1806 consummato
2404 1754 2517 1806 line
2585 1752 2861 1822 mysterii,
2937 1753 3323 1822 dispositionis
3388 1756 3639 1825 autiqum

1942 1853 2154 1892 munus
2184 1840 2449 1909 explevit,
2490 1843 2553 1891 ut
2590 1845 2644 1892 et
2680 1838 2972 1892 diabolum
3016 1841 3256 1893 ccelestis
3296 1842 3485 1911 operis
3524 1844 3634 1895 ini-

1944 1928 2156 1982 micum
2184 1944 2285 1998 per
2308 1927 2599 1981 hominem
2626 1943 2797 1996 quem
2820 1928 3154 1996 subjugarat
3173 1929 3427 1997 elideret,
3453 1934 3509 1984 et
3535 1931 3638 1983 hu-

1944 2034 2174 2070 manam
2207 2017 2581 2069 substantiam
2624 2016 2693 2069 ad
2726 2032 2974 2085 superna
3003 2017 3152 2070 dona
3185 2019 3494 2072 reduceret.
3530 2021 3639 2073 Per

1946 2119 2119 2174 quem
2150 2104 2525 2172 majestatem.

2288 2232 2352 2271 IN
2402 2232 2505 2270 DIE
2549 2231 2791 2271 SANCTO
2837 2232 3276 2273 ASCENSIONIS.

2014 2333 2379 2403 (G.):Eterne
2440 2334 2605 2386 Deus.
2666 2334 2771 2386 Per
2832 2332 3117 2386 Christum
3180 2335 3486 2389 Dominum
3537 2353 3641 2390 no-

1944 2426 2145 2475 strum.
2181 2422 2287 2486 Qui
2318 2426 2447 2492 post
2472 2421 2948 2475 resurrectionem
2982 2438 3140 2475 suam
3174 2422 3441 2477 omnibus
3470 2424 3637 2477 disci-

1944 2510 2095 2579 pulis
2134 2511 2250 2564 suis
2290 2510 2623 2563 manifestus
2674 2511 2940 2580 apparuit
2982 2515 3037 2563 et
3083 2511 3219 2581 ipsis
3271 2513 3640 2566 cernentibus

1946 2603 2031 2651 est
2080 2599 2329 2652 elevatus
2382 2600 2441 2652 in
2492 2599 2720 2662 coelum,
2764 2604 2827 2651 ut
2873 2616 2975 2652 nos
3021 2599 3332 2654 divinitatis
3377 2618 3493 2655 suae
3535 2601 3645 2655 tri-

1948 2686 2149 2740 bueret
2178 2703 2299 2739 esse
2328 2686 2659 2756 participes.
2695 2687 2761 2739 Et
2787 2686 2938 2739 ideo.

2556 2803 2720 2868 Infra
2752 2803 3029 2855 actionem.

2016 2915 2138 2987 (G.)
2172 2916 2675 2970 Communicantes
2717 2921 2773 2969 et
2812 2917 2962 2970 diem
3007 2918 3453 2973 sacratissimum
3494 2921 3646 2975 cele-

1876 3018 1915 3072 C
1943 3004 2191 3068 brantes,
2227 3021 2340 3074 quo
2385 3004 2658 3058 Dominus
2690 3009 2883 3057 noster
2917 3005 3251 3073 unigenitus
3298 3007 3473 3059 Filius
3512 3014 3646 3062 tuus

1945 3094 2164 3147 unitam
2199 3094 2305 3146 sibi
2335 3093 2662 3163 fragilitatis
2692 3098 2903 3146 nostra:
2934 3093 3307 3147 substantiam
3344 3096 3399 3147 in
3438 3096 3640 3165 gloria:

1942 3187 2055 3237 tuas
2093 3182 2326 3236 dextera
2355 3182 2671 3247 collocavit,
2701 3183 2800 3236 sed
2847 3187 2904 3234 et
2933 3198 3155 3235 memor
3189 3182 3243 3235 in
3294 3185 3496 3254 primis
3522 3187 3647 3256 glo-

1942 3271 2133 3324 riosm.

2278 3374 2595 3413 DOMINICA
2642 3374 2791 3413 POST
2834 3373 3305 3414 ASCENSIONEM.

2016 3451 2241 3502 [Eterne
2294 3449 2459 3501 Deus.
2512 3450 2617 3501 Per
2667 3448 2953 3502 Christum
3004 3449 3309 3501 Dominum
3361 3454 3640 3503 nostrum.

1946 3537 2051 3601 Qui
2102 3536 2298 3607 generi
2342 3537 2596 3590 humano
2647 3536 2933 3589 nascendo
2986 3537 3271 3603 subvenit,
3324 3553 3451 3591 cum
3511 3537 3641 3609 [199.

1945 3627 2066 3696 qui]
2100 3641 2201 3695 per
2232 3630 2472 3678 mortem
2509 3626 2789 3695 passionis
2817 3626 3097 3678 mundum
3131 3626 3357 3691 devicit,
3390 3642 3494 3697 per
3520 3627 3647 3696 glo-

1946 3716 2093 3769 riam
2135 3714 2568 3767 resurrectionis
2597 3714 2728 3767 vitze
2760 3720 2990 3767 aeternas
3023 3715 3241 3769 aditum
3274 3717 3554 3786 patefecit,
3592 3721 3648 3770 et

1944 3820 2050 3875 per
2085 3819 2243 3856 suam
2282 3803 2677 3855 ascensionem
2715 3804 2783 3856 ad
2825 3803 2993 3857 caelos
3038 3805 3200 3857 nobis
3241 3822 3403 3875 spem
3435 3822 3640 3860 ascen-

1949 3891 2120 3946 dendi
2148 3890 2399 3944 donavit.
2432 3891 2538 3943 Per
2565 3905 2735 3959 quem
2763 3890 3145 3959 majestatem.

2359 4020 2424 4059 IN
2470 4020 2723 4059 VIGILIA
2770 4020 3234 4061 PENTECOSTES.

2022 4122 2137 4192 (G.)
2187 4123 2416 4178 Eterne
2472 4122 2637 4174 Deus.
2691 4122 2797 4175 Per
2841 4122 3129 4175 Christum
3180 4122 3487 4177 Dominum
3535 4140 3646 4178 no-

1950 4218 2154 4267 strum.
2213 4211 2320 4276 Qui
2368 4210 2678 4264 ascendens
2718 4228 2890 4280 super
2931 4228 3126 4264 omnes
3173 4212 3364 4278 ccelos,
3417 4212 3649 4266 sedens-

1878 4323 1922 4377 ι)
1950 4318 2060 4373 que
2088 4302 2156 4355 ad
2190 4302 2483 4355 dexteram
2506 4304 2684 4365 tuam,
2709 4300 3055 4369 promissum
3081 4300 3360 4369 Spiritum
3386 4306 3644 4356 sanctum

1948 4391 2229 4444 hodierna
2258 4390 2346 4443 die
2381 4389 2438 4442 in
2487 4389 2638 4442 filios
2679 4388 3001 4459 adoptionis
3039 4390 3259 4443 effudit.
3293 4390 3654 4462 Quapropter

1947 4479 2193 4548 profusis
2254 4478 2480 4547 gaudiis
2540 4484 2695 4531 totus
2750 4478 2809 4530 in
2868 4478 3003 4531 orbe
3062 4484 3348 4532 terrarum
3403 4481 3651 4534 mundus

1948 4567 2213 4619 exsultat.
2244 4567 2351 4620 Sed
2384 4572 2440 4619 et
2469 4583 2735 4637 supernae
2774 4566 3011 4620 virtutes
3044 4572 3214 4636 atque
3243 4569 3517 4639 angelica:
3546 4586 3655 4639 po-

1946 4658 2198 4721 testates,
2243 4655 2520 4725 hymnum
2577 4655 2777 4725 gloriae
2830 4658 2942 4709 tua:
2993 4656 3327 4725 concinunt,
3377 4658 3498 4713 sine
3537 4659 3652 4712 fine

1949 4742 2201 4797 dicentes
2235 4758 2247 4796 :
2283 4744 2536 4807 Sanctus,
2569 4749 2673 4796 etc.

2718 4832 2864 4885 Alia.

2016 4948 2242 5001 Aiterne
2291 4947 2459 5000 Deus.
2515 4945 2644 5011 Qui,
2702 4953 3128 5001 sacramentum
3179 4947 3449 5002 Paschale
3503 4964 3647 5003 con-

1948 5052 2265 5104 summans,
2300 5035 2509 5106 quibus
2540 5051 2641 5105 per
2674 5036 2963 5106 Unigeniti
2998 5038 3082 5089 tui
3116 5038 3466 5091 consortium
3498 5038 3648 5093 ﬁlios

1947 5125 2275 5195 adoptionis
2313 5140 2433 5178 esse
2483 5124 2758 5188 tribuisti,
2789 5141 2893 5194 per
2921 5125 3195 5193 Spiritum
3245 5132 3503 5181 sanctum
3532 5128 3648 5181 lar-

1947 5214 2087 5285 giris
2137 5214 2288 5266 dona
2338 5214 2672 5282 gratiarum.
2728 5214 2794 5266 Et
2832 5214 2917 5266 sui
2968 5214 3357 5268 cohaeredibus
3410 5217 3647 5271 Redem-

1947 5302 2127 5373 ptoris
2146 5303 2268 5372 jam
2289 5318 2443 5356 nunc
2461 5318 2725 5371 superum
2748 5302 2958 5371 pignus
2984 5302 3335 5357 haereditatis
3357 5303 3646 5375 impendis

1946 5397 2010 5446 ut
2042 5396 2199 5445 tanto
2242 5408 2301 5445 se
2341 5392 2548 5445 certius
2579 5392 2649 5444 ad
2699 5406 2830 5443 eum
2868 5391 3161 5445 confidant
3200 5408 3320 5445 esse
3351 5398 3642 5463 venturos,

1946 5485 2162 5551 quanto
2195 5496 2256 5533 se
2284 5480 2470 5534 sciunt
2500 5479 2570 5533 ab
2602 5495 2669 5533 eo
2700 5478 3049 5549 redemptos,
3083 5485 3141 5535 et
3178 5479 3433 5550 ejusdem
3463 5484 3647 5539 sancti

1946 5569 2192 5639 Spiritus
2220 5569 2505 5623 infusione
2539 5568 2766 5623 ditatos.
2805 5569 2870 5622 Et
2894 5567 3039 5623 ideo.
