4078 6180
449 306 551 357 899

1047 430 1203 494 Infra
1233 430 1511 480 actionem.

518 523 631 590 (G.)
666 519 1179 581 Communicantes,
1216 522 1270 569 et
1316 516 1465 568 diem
1510 517 1952 569 sacratissimum
1994 518 2137 570 Pen—

444 614 682 663 tecostes
722 609 1155 678 prmvenientes,
1191 621 1304 675 quo
1356 606 1602 674 Spiritus
1649 613 1874 657 sanctus
1920 611 2139 674 aposto-

362 706 367 709 '
442 697 525 749 los
558 697 898 765 plebemque
926 694 1283 747 credentium
1328 692 1633 760 praesentia
1664 708 1781 744 suae
1824 690 2137 759 majestatis

441 784 716 852 implevit.
742 783 848 836 Sed
884 789 939 835 et
970 796 1209 835 memor.
1247 781 1402 832 Hanc
1432 781 1607 848 igitur
1633 778 1994 832 oblationum
2026 798 2138 830 ser-

442 873 636 924 vitutis
666 878 893 937 nostrae,
930 872 1026 922 sed
1060 875 1114 922 et
1152 875 1368 921 cuncter.
1400 868 1632 920 familia:
1662 874 1792 934 tuae,
1831 884 2002 937 quam
2032 868 2137 920 tibi

441 961 734 1013 offerimus
766 977 867 1030 pro
904 960 990 1012 his
1026 974 1272 1027 quoque,
1317 973 1457 1025 quos
1504 972 1839 1025 regenerare
1871 957 2137 1024 dignatus

439 1066 498 1101 es
530 1065 597 1102 ex
632 1066 782 1119 aqua
813 1056 869 1101 et
903 1048 1115 1117 Spiritu
1165 1052 1381 1111 sancto,
1420 1047 1679 1098 tribuens
1720 1046 1797 1097 eis
1844 1046 2133 1098 remissio-

441 1155 571 1191 nem
625 1138 883 1190 omnium
937 1141 1320 1205 peccatorum,
1363 1150 1713 1202 quaesumus,
1767 1134 2027 1200 Domine,
2074 1139 2138 1187 ut

440 1226 697 1295 placatus
728 1224 994 1292 accipias.

787 1346 848 1384 ΙΝ
899 1344 1002 1383 DIE
1045 1342 1286 1383 SANCTO
1334 1341 1794 1382 PENTECOSTES.

514 1438 629 1505 (G.)
662 1437 769 1501 Qui
823 1436 1129 1489 ascendens
1174 1450 1344 1503 super
1393 1450 1591 1486 omnes
1639 1435 1828 1498 caelos,
1883 1440 2017 1499 etc.,
2076 1438 2136 1487 ut

440 1543 628 1595 supra.

1056 1614 1214 1677 Infra
1239 1614 1520 1663 actionem.

513 1722 624 1791 (G.)
659 1720 1182 1783 Communicantes,
1219 1724 1276 1771 et
1316 1718 1470 1769 diem
1514 1717 1958 1769 sacratissimum
1990 1718 2131 1769 Pen-

437 1816 678 1865 tecostes
721 1809 1093 1867 celebrantes,
1130 1824 1244 1876 quo
1295 1807 1539 1875 Spiritus
1592 1811 1819 1858 sanctus
1860 1806 2131 1875 apostolis

437 1898 757 1953 innumeris
792 1898 1003 1965 linguis
1034 1896 1316 1965 apparuit.
1355 1896 1461 1949 Sed
1493 1901 1549 1948 et
1580 1911 1817 1948 memor.
1856 1896 2007 1948 Hanc
2032 1894 2133 1963 igi-

435 1993 531 2042 tur
558 1988 929 2050 oblationem,
967 1990 1023 2037 ut
1054 2000 1242 2052 supra.

1134 2105 1323 2143 FERIA
1375 2104 1445 2143 ll.

506 2184 615 2251 (G.)
666 2182 895 2235 IEterne
957 2181 1123 2232 Deus.
1185 2181 1289 2231 Per
1345 2178 1631 2231 Christum
1688 2177 1991 2229 Dominum
2034 2192 2135 2229 no-

436 2277 635 2325 strum.
690 2270 797 2333 Qui
843 2269 1190 2339 promissum
1237 2268 1511 2336 Spiritum
1564 2266 1916 2335 paracletum
1962 2281 2135 2334 super

434 2360 743 2430 discipulos
776 2358 950 2411 misit.
985 2358 1091 2420 Qui
1128 2358 1186 2409 in
1228 2356 1505 2426 principio
1547 2358 1829 2407 nascentis
1870 2354 2132 2407 Ecclesiae

435 2448 653 2502 cunctis
719 2446 988 2517 gentibus
1046 2445 1374 2498 imbuendis
1434 2449 1488 2496 et
1552 2443 1777 2496 deitatis
1838 2442 2132 2495 scientiam

433 2538 680 2601 inderet,
732 2540 787 2587 et
821 2535 1151 2603 linguarum
1210 2533 1592 2585 diversitatem
1654 2532 1710 2583 in
1773 2530 1945 2583 unius
1998 2530 2133 2584 ﬁdei

433 2624 792 2679 confessione
842 2623 1103 2675 sociaret.
1171 2623 1276 2673 Per
1331 2636 1501 2688 quem
1562 2625 1718 2671 tuam
1775 2620 2129 2687 majestatem

434 2713 718 2783 supplices
750 2727 1071 2777 exoramus,
1104 2715 1166 2762 ut
1204 2710 1365 2778 cujus
1400 2708 1756 2761 celebramus
1795 2708 2128 2775 adventum,

434 2804 557 2873 ejus
611 2799 969 2854 multimodae
1028 2798 1229 2867 gratiae
1296 2799 1587 2867 capiamus
1659 2797 1963 2849 ett'ectum.
2027 2798 2132 2848 Per

434 2908 625 2962 quem.

1111 2990 1299 3029 FERIA
1351 2989 1452 3028 lll.

505 3065 731 3119 lEterne
785 3066 951 3118 Deus.
1001 3065 1107 3117 Per
1150 3063 1435 3116 Christum
1488 3061 1797 3115 Dominum
1846 3066 2126 3114 nostrum.

432 3154 539 3217 Qui
574 3153 845 3223 promissi
886 3152 1129 3220 Spiritus
1180 3150 1355 3203 sancti
1397 3150 1668 3219 paracleti
1706 3148 1995 3202 infusione
2040 3165 2129 3202 re-

430 3243 609 3312 plevit
646 3242 816 3293 corda
861 3240 1139 3303 ﬁdelium,
1183 3240 1283 3309 qui
1315 3255 1414 3290 sua
1444 3238 1765 3290 admirabili
1798 3238 2130 3306 operatione

432 3335 488 3383 et
515 3330 603 3382 sui
638 3330 847 3382 amoris
891 3330 948 3380 in
989 3329 1068 3380 eis
1100 3328 1293 3396 ignem
1336 3327 1683 3390 ascenderet,
1714 3332 1767 3379 et
1803 3342 1903 3395 per
1943 3326 2129 3378 diver-

432 3419 657 3471 sitatem
698 3418 1024 3486 linguarum
1069 3422 1266 3484 gentes
1306 3416 1365 3467 in
1411 3415 1629 3467 unitate
1668 3415 1801 3467 ﬁdei
1839 3413 2125 3467 solidaret.

433 3507 603 3575 Cujus
651 3506 798 3558 dono
841 3504 1092 3573 petimus
1139 3510 1194 3555 et
1236 3502 1593 3555 illecebrosas
1634 3518 1667 3554 a
1712 3502 1875 3555 nobis
1906 3502 2130 3555 excludi

433 3595 775 3662 voluptates,
804 3597 859 3645 et
885 3592 1213 3661 spirituales
1234 3592 1292 3643 in
1326 3592 1487 3644 nobis
1518 3592 1736 3644 exstrui
1768 3591 2129 3661 plantarique

435 3681 693 3737 virtutes.
729 3683 835 3735 Per
864 3697 1035 3750 quem
1068 3683 1442 3749 majestatem.

1115 3800 1301 3839 FERIA
1351 3801 1438 3838 IV.

504 3874 733 3928 Eterne
786 3876 948 3928 Deus.
1000 3875 1106 3926 Per
1156 3874 1445 3926 Christum
1487 3873 1797 3926 Dominum
1844 3877 2125 3928 nostrum.

434 3965 541 4017 Per
586 3980 757 4035 quem
802 3963 1093 4033 discipulis
1134 3962 1375 4031 Spiritus
1412 3966 1639 4014 sanctus
1681 3962 1739 4013 in
1780 3966 1931 4013 terra
1964 3960 2130 4013 datur

432 4054 506 4106 ob
540 4054 900 4107 dilectionem
936 4051 1199 4121 proximi,
1234 4056 1288 4103 et
1335 4052 1403 4102 de
1439 4051 1580 4103 coelo
1611 4051 1859 4102 mittitur
1894 4054 2130 4118 propter

433 4142 794 4195 dilectionem
838 4140 922 4193 tui
955 4157 966 4192 ε
999 4139 1161 4209 cujus
1206 4138 1414 4191 infusio
1455 4137 1699 4207 petimus
1740 4143 1804 4189 ut
1852 4138 1909 4189 in
1962 4137 2127 4190 nobis

433 4229 628 4283 sordes
658 4234 1022 4300 peccatorum
1055 4230 1271 4292 exurat,
1312 4225 1395 4277 tui
1426 4224 1637 4277 amoris
1662 4225 1855 4294 ignem
1888 4224 2124 4289 nutriat,

433 4323 489 4371 et
554 4335 655 4371 nos
732 4318 802 4370 ad
874 4331 1130 4370 amorem
1205 4314 1578 4367 fraternitatis
1650 4314 1938 4367 accendat.
2020 4316 2126 4367 Per

434 4422 627 4476 quem.

1138 4507 1326 4546 FERIA
1372 4507 1429 4543 Υ.

506 4584 619 4651 (G.)
654 4586 877 4637 zEterne
932 4584 1096 4636 Deus.
1157 4584 1263 4635 Per
1315 4582 1601 4637 Christum
1660 4582 1970 4637 Dominum
2018 4600 2129 4637 no-

436 4678 638 4727 strum.
691 4675 796 4726 Per
845 4688 1015 4743 quem
1064 4672 1338 4743 pietatem
1397 4678 1553 4725 tuam
1602 4672 1936 4743 suppliciter
1984 4673 2125 4742 peti-

434 4778 584 4830 mus,
650 4767 710 4815 ut
767 4761 1013 4832 Spiritus
1066 4767 1288 4814 sanctus
1343 4761 1513 4813 corda
1568 4766 1760 4815 nostra
1820 4761 2130 4814 clementer

433 4857 732 4921 expurget,
800 4856 855 4904 et
916 4850 1004 4903 sui
1066 4849 1297 4903 luminis
1369 4848 1740 4903 irradiatione
1788 4851 2126 4919 perlustret;

432 4944 497 4994 ut
532 4939 593 4992 in
633 4956 699 4993 eo
739 4940 838 5009 qui
878 4938 1191 5008 gratiarum
1236 4938 1473 5007 largitor
1517 4943 1620 5003 est,
1655 4943 1807 4991 recta
1838 4938 2128 5006 sapiamus

433 5032 491 5081 et
542 5028 613 5081 de
658 5028 781 5096 ejus
830 5027 1215 5080 consolatione
1256 5026 1315 5077 in
1361 5029 1706 5096 perpetuum
1754 5026 2123 5095 gaudeamus.

434 5116 541 5169 Per
570 5129 763 5184 quem.

1126 5214 1318 5254 FERIA
1366 5215 1451 5253 VI.

503 5295 729 5347 Eterne
792 5291 958 5344 Deus.
1025 5291 1091 5344 Et
1144 5290 1501 5359 majestatern
1566 5291 1723 5340 tuam
1795 5288 2129 5359 suppliciter

434 5396 691 5445 exorare,
724 5384 788 5432 ut
815 5378 1060 5448 Spiritus
1090 5378 1410 5448 paracletus
1449 5374 1521 5429 ad
1557 5391 1661 5429 nos
1698 5376 1906 5439 veniat,
1938 5383 1995 5431 et
2024 5393 2128 5431 nos

433 5467 808 5521 inhabitando
848 5467 1129 5536 templum
1183 5481 1298 5517 suae
1341 5464 1648 5534 majestatis
1688 5465 1915 5519 efﬁciat.
1962 5466 2127 5529 Quod

430 5572 561 5609 cum
606 5556 905 5625 unigenito
950 5556 1091 5609 Filio
1139 5560 1239 5608 tuo
1283 5554 1549 5607 clementi
1596 5559 1854 5623 respectu
1904 5569 2131 5623 semper

1581 298 1795 353 GRIMA
1808 298 1921 351 LDI
1963 297 2477 354 SANGALLENSIS
2516 300 2812 355 ABBATIS

3814 311 3898 362 9ου

2172 433 2219 485 Α
2248 429 2501 499 digneris
2558 430 2823 497 invisere,
2870 436 2927 484 et
2980 434 3093 484 tum
3145 432 3556 488 inhabitatione
3605 436 3809 507 fulgore
3850 441 3896 494 in

2246 526 2591 588 perpetuum
2628 522 2995 589 perlustrare.
3028 520 3133 574 Per
3166 537 3358 590 quem.

2939 642 3244 683 SABBATO.

2316 713 2543 765 [Eterne
2602 716 2766 767 Deus.
2831 716 2894 767 Et
2950 720 3107 769 tuam
3164 716 3643 784 omnipotentiam
3714 718 3897 773 devotis

2245 800 2510 867 precibus
2556 802 2885 871 implorare,
2936 808 2999 857 ut
3031 804 3189 857 nobis
3220 804 3465 873 Spiritus
3507 806 3590 857 tui
3620 806 3801 858 lumen
3830 808 3897 860 in-

2243 888 2469 954 fundas,
2506 890 2667 958 cujus
2700 907 2805 943 nos
2834 892 3113 961 sapientia
3144 899 3318 958 creat,
3351 893 3583 961 spiritus
3614 900 3828 958 recreat,
3856 902 3898 948 et

2244 978 2604 1046 prov1dentia
2633 980 2931 1047 gubernat.
2962 980 3216 1042 Quicum
3249 999 3280 1033 a
3305 986 3404 1033 tua
3434 982 3745 1034 substantia
3767 984 3897 1036 nullo

2243 1066 2415 1118 modo
2441 1068 2512 1119 sit
2538 1067 2814 1133 diversus,
2844 1069 3169 1122 diversitate
3208 1075 3396 1123 tamen
3425 1070 3710 1124 donorum
3737 1073 3897 1141 reple-

2246 1154 2324 1207 vit
2352 1160 2585 1210 tuorum
2619 1158 2788 1210 corda
2813 1157 3091 1213 ﬁdelium.
3127 1160 3192 1212 Et
3218 1158 3364 1212 ideo.

2701 1275 2773 1315 DE
2817 1275 3061 1315 SANCTA
3106 1277 3488 1318 TRINITATE.

2316 1365 2428 1434 (G.)
2460 1367 2685 1419 {Eterne
2719 1367 2886 1420 Deus.
2933 1368 3040 1431 Qui
3071 1384 3200 1421 cum
3233 1368 3533 1439 unigenito
3575 1369 3713 1422 Filio
3743 1374 3830 1423 tuo
3856 1375 3899 1423 et

2242 1454 2457 1524 Spiritu
2501 1463 2693 1509 sancto
2727 1473 2874 1509 unus
2905 1474 2963 1510 es
2994 1459 3162 1524 Deus,
3196 1475 3344 1511 unus
3376 1476 3433 1512 es
3469 1460 3779 1513 Dominus:
3811 1476 3901 1513 non

2242 1543 2299 1596 in
2335 1545 2502 1596 unius
2533 1544 2931 1614 singularitate
2963 1562 3244 1615 personae,
3281 1548 3377 1599 sed
3401 1547 3458 1599 in
3482 1548 3655 1600 unius
3684 1548 3901 1601 trinitate

2243 1632 2593 1686 substantiae.
2638 1634 2797 1697 Quod
2848 1634 3000 1687 enim
3054 1636 3122 1688 de
3169 1636 3349 1701 gloria
3391 1640 3508 1697 tua,
3550 1636 3822 1690 revelante
3848 1641 3901 1699 te,

2173 1735 2212 1787 Β
2243 1722 2553 1781 credimus,
2608 1722 2714 1775 hoc
2754 1723 2823 1775 de
2869 1724 3009 1775 Filio
3048 1729 3165 1789 tuo,
3201 1724 3304 1776 hoc
3350 1724 3418 1777 de
3459 1724 3680 1793 Spiritu
3716 1730 3897 1787 sancto,

2243 1810 2365 1862 sine
2416 1810 2748 1863 differentiae
2800 1812 3139 1865 discretione
3188 1812 3495 1879 sentimus,"
3523 1816 3586 1866 ut
3624 1814 3683 1866 in
3722 1814 3900 1867 confes-

2242 1898 2401 1951 sione
2443 1914 2589 1951 verae
2633 1900 3114 1969 sempiternmque
3164 1902 3413 1966 deitatis,
3462 1906 3518 1954 et
3566 1902 3629 1954 in
3677 1901 3901 1971 personis

2241 1986 2578 2055 proprietas,
2637 1993 2691 2040 et
2752 1989 2809 2039 in
2869 1989 3113 2041 essentia
3164 1992 3371 2055 unitas,
3424 1996 3480 2042 et
3532 1989 3593 2042 iu
3644 1989 3901 2058 majestate

2242 2074 2513 2126 adoretur
2561 2075 2875 2143 asqualitas.
2919 2076 3098 2138 Quem
3138 2077 3374 2129 laudant
3422 2077 3613 2145 angeli
3656 2082 3815 2147 atque
3836 2093 3903 2129 ar-

2242 2160 2525 2231 changeli,
2588 2161 2863 2215 cherubin
2922 2179 3151 2233 quoque
3208 2169 3265 2217 et
3321 2165 3610 2234 seraphin,
3666 2165 3764 2236 qui
3810 2180 3902 2216 non

2242 2255 2463 2301 cessant
2495 2250 2764 2315 clamare,
2799 2266 2913 2302 una
2944 2267 3077 2303 voce
3108 2251 3375 2305 dicentes.

2248 2353 2307 2390 IN
2341 2352 2634 2398 QUATUOR
2665 2353 3011 2392 TBMPORUM
3051 2354 3527 2394 PENTECOSTALI
3557 2354 3903 2393 JEJUNIO.—

2928 2459 3117 2497 FERIA
3163 2459 3250 2498 IV.

2313 2532 2539 2583 Afterne
2574 2532 2732 2584 Deus.
2772 2532 2914 2595 Quia
2950 2537 3077 2601 post
3114 2532 3240 2585 illos
3280 2532 3494 2586 laetitiae
3526 2532 3666 2597 dies,
3700 2548 3831 2601 quos
3858 2530 3903 2582 in

2242 2617 2457 2671 honore
2510 2620 2737 2672 Domini
2792 2637 2822 2672 a
2872 2626 3055 2673 morte
3110 2622 3478 2691 resurgentis,
3539 2627 3593 2674 et
3649 2621 3708 2673 in
3761 2620 3903 2673 catos

2242 2707 2600 2759 ascendentis
2645 2708 2937 2776 exegimus
2977 2724 2988 2761 :
3037 2714 3343 2778 postquam
3395 2714 3725 2779 perceptum
3752 2707 3903 2761 sancti

2240 2796 2481 2864 Spiritus
2511 2796 2745 2863 donum,
2784 2798 3098 2849 necessaria
3129 2798 3292 2849 nobis
3329 2798 3551 2866 jejunia
3582 2802 3769 2851 sancta
3794 2811 3902 2866 pro-

2240 2884 2357 2936 visa
2413 2890 2565 2948 sunt,
2626 2890 2688 2937 ut
2740 2901 2882 2955 pura
2931 2887 3363 2939 conversatione
3408 2888 3751 2951 viventibus,
3798 2900 3902 2955 qum

2168 3010 2206 3064 ϐ
2240 2972 2514 3025 divinitus
2572 2978 2703 3026 sunt
2759 2974 3021 3027 Ecclesia:
3079 2975 3306 3040 collata,
3364 2980 3766 3044 permaneant.
3818 2974 3903 3025 Per

2241 3059 2550 3114 Christum.

2926 3166 3115 3205 FERIA
3170 3166 3257 3205 γι.

2310 3236 2542 3291 Eterne
2593 3239 2757 3291 Deus.
2802 3239 3149 3309 Majestatem
3192 3246 3349 3293 tuam
3395 3239 3733 3309 propensius
3766 3238 3904 3291 obse-

2239 3331 2481 3392 crantes,
2524 3332 2585 3379 ut
2623 3343 2727 3379 nos
2777 3329 3011 3381 salutari
3043 3330 3386 3397 compendio
3420 3330 3602 3381 bonos
3633 3328 3905 3397 dignanter

2238 3415 2479 3481 efﬁcias;
2518 3432 2631 3485 quo
2670 3420 2725 3470 te
2762 3416 3158 3487 principaliter
3191 3422 3245 3471 et
3281 3418 3463 3471 solum
3505 3417 3794 3470 credamus
3820 3430 3903 3467 au-

2238 3508 2476 3568 ctorem,
2513 3510 2567 3557 et
2605 3505 2791 3558 solum
2826 3506 3191 3559 Salvatorem.
3228 3506 3408 3569 Quem
3444 3506 3679 3560 laudant
3714 3503 3901 3574 angeli,

2240 3590 2477 3644 adorant
2506 3592 2853 3661 archangeli,
2887 3592 3166 3646 cherubin
3199 3609 3453 3664 quoque,
3488 3598 3592 3647 etc.

2934 3713 3243 3753 SABBATO.

2306 3805 2415 3875 (G.)
2448 3807 2674 3858 Aiterne
2724 3806 2890 3858 Deus.
2935 3804 3212 3858 Pietatem
3261 3810 3419 3858 tuam
3470 3805 3610 3857 votis
3660 3800 3901 3857 omnibus

2238 3897 2591 3961 expetentes,
2623 3898 2687 3947 ut
2733 3893 3115 3946 humanarum
3154 3909 3347 3946 rerum
3386 3893 3754 3963 prosperitate
3779 3905 3900 3959 per-

2237 3986 2444 4051 ceptas,
2519 3982 2761 4035 terrenis
2826 3982 3308 4035 consolationibus
3373 3983 3741 4051 gratulemur.
3802 3979 3899 4031 Nec

2236 4069 2443 4139 gaudia
2472 4085 2729 4139 quaerere
2760 4084 3009 4138 superna
3038 4084 3342 4133 cessemus,
3382 4069 3479 4121 sed
3512 4064 3779 4137 quidquid
3809 4065 3899 4115 lae-

2235 4157 2376 4209 titiae
2406 4156 2709 4227 temporali
2740 4156 3112 4226 impenditur,
3146 4156 3455 4209 eruditioni
3489 4157 3744 4226 proﬁciat
3770 4168 3898 4205 sem-

2238 4244 2498 4315 piternaz.
2538 4247 2641 4299 Per
2670 4239 2958 4300 Christum
2994 4245 3300 4298 Dominum
3329 4247 3606 4298 nostrum.

2167 4305 2210 4358 D
2371 4365 2685 4405 DOMINICA
2733 4367 2750 4404 Ι
2798 4366 2948 4405 POST
2992 4366 3288 4405 OCTAVAM
3340 4363 3787 4405 PBNTECOSTES.

2310 4440 2418 4508 (G.)
2461 4440 2687 4493 Elerne
2726 4441 2889 4493 Deus.
2934 4440 3104 4508 Cujus
3147 4444 3233 4492 est.
3276 4439 3466 4509 operis
3515 4438 3667 4508 quod
3714 4433 3896 4490 conditi

2238 4544 2467 4595 sumus;
2513 4529 2784 4593 muneris,
2834 4528 2989 4598 quod
3038 4527 3311 4596 vivimus;
3349 4527 3597 4596 pietatis,
3631 4526 3776 4597 quod
3817 4528 3897 4576 tua

2216 4633 2373 4687 .erga
2418 4634 2521 4671 nos
2573 4618 2722 4670 dona
2767 4616 3185 4687 cognoscimus.
3237 4616 3505 4679 Quamvis
3538 4632 3676 4685 ergo
3723 4620 3897 4668 natura

2236 4708 2432 4757 nostra
2464 4704 2679 4772 peccati
2715 4702 2913 4756 vitiata
2955 4704 3027 4756 sit
3063 4704 3320 4767 vulnere,
3370 4719 3402 4756 a
3444 4704 3686 4756 terrenis
3734 4707 3897 4753 tamen

2238 4792 2308 4845 ad
2368 4792 2619 4845 coelestia
2672 4791 3046 4861 provehimur
3092 4796 3189 4845 tuo
3242 4791 3620 4845 inenarrabili
3674 4802 3893 4844 munere.

2237 4882 2344 4934 Per
2372 4879 2655 4934 Christum
2692 4880 3002 4935 Dominum
3030 4884 3310 4935 nostrum.

2348 5001 2659 5042 DOHINICA
2708 5001 2755 5040 II
2804 5002 2955 5042 POST
2999 5002 3297 5041 OCTAV'AM
3345 4997 3797 5041 PENTECOSTES.

2309 5093 2429 5163 (Α.)
2477 5095 2705 5147 Ᾰέῐθιδηθ
2753 5095 2920 5147 Deus.
2973 5093 3080 5156 Qui
3128 5092 3390 5145 Ecclesia:
3434 5102 3551 5145 tua:
3598 5091 3741 5145 ﬁlios
3781 5088 3902 5141 sicut

2237 5198 2353 5236 non
2401 5197 2586 5235 cessas
2633 5182 2879 5249 erudire,
2932 5181 3009 5234 ita
3038 5197 3153 5233 non
3196 5180 3409 5233 desinis
3439 5179 3706 5249 adjuvare
3739 5194 3750 5230 :
3779 5178 3903 5229 utet

2238 5271 2557 5336 scientiam,
2602 5275 2657 5323 te
2699 5270 3023 5336 miserante,
3068 5272 3217 5322 recta
3258 5266 3523 5333 faciendi,
3556 5271 3612 5321 et
3640 5261 3901 5337 possibili-

2236 5365 2414 5416 tatem
2441 5359 2671 5429 capiant
2703 5357 3069 5429 exsequendi.
3112 5359 3220 5410 Per
3250 5356 3559 5411 Christum.
3598 5356 3703 5409 Per
3731 5366 3899 5423 quem.

2842 5478 3159 5518 DOMINICA
3208 5477 3310 5516 HI.

2309 5554 2536 5609 .Eterne
2568 5554 2735 5607 Deus.
2772 5554 2945 5623 Cujus
2979 5552 3088 5607 hoc
3122 5551 3426 5605 miriﬁcum
3461 5566 3605 5621 opus
3637 5565 3699 5602 ac
3726 5548 3901 5615 singu-
