4078 6180
187 291 278 343 90l
1142 286 1349 340 LIBER
1390 283 1889 339 SACRAMEN'I‘OI

2056 316 2121 322 —
2142 284 2448 340 PRAEFAT.
2492 284 2723 347 ANTIQ.

189 418 304 470 lare
343 417 680 486 mysterium
726 416 851 481 fuit,
904 420 966 469 ut
1010 414 1218 485 perditi
1258 415 1476 469 dudum
1528 420 1699 485 atque
1744 431 1874 485 pro-
1910 416 1957 469 Α

191 505 370 570 strati,
400 506 469 559 de
497 506 724 559 diabolo
756 510 813 557 et
841 505 1040 558 mortis
1072 506 1282 568 aculeo,
1338 505 1406 557 ab
1457 505 1604 557 hanc
1640 504 1881 572 gloriam

188 609 543 659 vocaremur,
576 610 689 663 qua
719 610 873 646 nunc
903 610 1083 663 genus
1104 594 1351 646 electum
1380 592 1882 662 sacerdotiumque

190 682 399 750 regale.
434 684 680 751 populus
719 681 1112 751 acquisitionis
1139 688 1195 734 et
1224 698 1362 751 gens
1410 685 1602 734 sancta
1649 697 1879 733 vocare-

189 786 335 823 mur.
368 774 615 839 Agentes
657 769 831 839 igitur
875 771 1188 823 indefessas
1228 770 1464 839 gratias,
1515 775 1882 839 sanctamque

187 858 643 912 muniﬁcentiam
675 865 831 912 tuam
858 860 1252 928 praedicantes,
1298 859 1578 928 majestati
1628 864 1741 912 tuae
1781 859 1885 911 hac

187 965 344 1001 sacra
400 946 758 1001 deferimus:
821 964 950 1017 qua:
1013 947 1175 1001 nobis
1236 948 1355 1018 ipse
1414 948 1616 1001 salutis
1672 951 1883 1000 nostra;

191 1042 391 1091 auctor
422 1037 675 1091 Christus
702 1037 967 1090 instituit.
1004 1037 1109 1089 Per
1138 1052 1332 1105 quem.

816 1156 1131 1197 DOMINICA
1171 1157 1257 1195 IV.

256 1232 490 1283 xEterne
523 1232 690 1297 Deus,
748 1231 1113 1283 clementiam
1159 1235 1315 1283 tuam
1355 1230 1552 1299 pronis
1597 1230 1885 1283 mentibus

190 1318 576 1385 obsecrantes,
613 1324 675 1372 ut
706 1323 924 1371 mentes
970 1324 1192 1372 nostras
1220 1335 1533 1389 sensusque
1567 1319 1837 1389 disponas
1870 1336 1882 1372 :

190 1408 326 1478 quia
355 1412 493 1462 tunc
521 1425 639 1461 esse
667 1414 719 1461 te
752 1409 914 1462 nobis
949 1408 1265 1479 prOpitium
1291 1409 1527 1461 Domine
1550 1408 1882 1473 sentiemus,

189 1499 235 1550 si
275 1514 308 1549 a
339 1498 525 1550 noxiis
556 1502 947 1567 temperemur
978 1497 1334 1550 excessibus:
1380 1502 1515 1550 tunc
1563 1514 1665 1549 nos
1711 1497 1884 1550 bene-

190 1585 321 1638 ﬁcia
350 1594 445 1640 tua
477 1591 802 1655 sumpturos
833 1602 954 1638 esse
984 1585 1347 1649 conﬁdimus,
1371 1586 1418 1637 si
1448 1585 1612 1638 nobis
1634 1586 1887 1639 studium

187 1675 468 1739 veritatis,
521 1691 633 1745 quo
665 1675 788 1728 haec
832 1690 1179 1740 mereamur,
1232 1674 1516 1728 infundas.
1573 1677 1678 1728 Per
1722 1674 1886 1729 Chri-
1928 1715 1967 1768 Β

186 1770 363 1817 stum.

450 1900 453 1901 ,
835 1866 1147 1906 DOMINICA
1186 1867 1245 1905 ν.

256 1942 494 1993 [ΕῐΘῙἮΘ
529 1941 696 1993 Deus.
732 1942 794 1993 Et
828 1942 1304 2010 omnipotentiam
1349 1945 1502 1993 tuam
1528 1940 1747 2011 jugiter
1777 1940 1890 1993 im-

182 2030 435 2099 plorare,
489 2033 549 2081 ut
602 2028 766 2082 nobis
812 2036 869 2082 et
920 2029 1216 2099 praesentis
1268 2030 1395 2083 vitae
1444 2030 1784 2093 subsidium,
1835 2035 1891 2082 et

184 2123 422 2171 aeterna:
496 2118 710 2171 tribuas
768 2118 1070 2187 praemium
1112 2118 1576 2186 sempiternum:
1638 2135 1750 2188 quo
1798 2118 1889 2171 hic

185 2203 493 2257 mutabilia
526 2204 1019 2272 bonacapiamus,
1054 2210 1116 2257 ut
1145 2220 1246 2273 per
1274 2204 1395 2256 haec
1443 2204 1514 2256 ad
1562 2204 1890 2256 incommu-

184 2292 387 2345 tabilia
424 2293 569 2345 dona
599 2292 899 2361 pervenire
930 2292 1239 2344 valeamus.
1284 2292 1375 2345 Sic
1413 2291 1744 2360 temporalis
1792 2292 1888 2344 las-

186 2382 331 2434 titias
370 2386 633 2451 tempora
670 2384 985 2445 transeant,
1039 2385 1103 2434 ut
1155 2380 1233 2433 eis
1283 2381 1492 2451 gaudia
1542 2380 1890 2450 sempiterna

188 2471 520 2524 succedant.
549 2472 652 2524 Per
686 2470 894 2525 Christ.

823 2592 1134 2631 DOMINICA
1171 2591 1256 2631 VI.

258 2664 373 2735 (G.)
433 2667 661 2719 Eterne
726 2666 890 2718 Deus.
950 2666 1297 2735 Majestalem
1346 2670 1504 2718 tuam
1555 2665 1892 2736 suppliciter

189 2753 590 2823 deprecantes,
651 2759 713 2807 ut
755 2770 924 2823 opem
979 2760 1137 2807 tuam
1204 2755 1529 2823 petentibus
1584 2754 1892 2823 dignanter

187 2842 517 2911 impendas,
552 2848 608 2895 et
640 2843 1095 2896 desiderantibus
1120 2842 1408 2913 benignus
1438 2843 1659 2897 tribuas
1689 2844 1889 2913 profu-

184 2936 402 2985 turam.
431 2932 537 2985 Per
550 2930 756 2986 Christ.

800 3034 1114 3074 DOMINICA
1162 3034 1282 3074 VII.

258 3109 374 3178 (G.)
424 3110 655 3163 .{iterue
716 3108 885 3162 Deus.
936 3110 1042 3162 Per
1095 3108 1379 3162 Christum
1431 3108 1735 3162 Dominum
1789 3126 1889 3162 no-

184 3199 396 3249 strum.
437 3198 642 3250 Verum
676 3204 1072 3267 aeternumque
1106 3196 1434 3266 pontiﬁcem
1464 3202 1520 3249 et
1549 3198 1733 3250 solum
1768 3198 1890 3251 sine

183 3285 415 3356 peccati
442 3286 664 3339 macula
689 3286 1040 3339 sacerdotem
1077 3286 1276 3355 :cujus
1320 3285 1598 3354 sanguine
1630 3284 1891 3338 ﬁdelium

186 3374 367 3427 corda
397 3374 750 3427 mundantur
782 3391 795 3428 :
838 3375 999 3444 cujus
1036 3374 1391 3427 institutione
1423 3373 1757 3444 placationis
1788 3371 1894 3425 tibi

188 3461 436 3527 hostias,
466 3477 579 3514 non
612 3462 792 3515 solum
824 3478 930 3532 pro
962 3462 1182 3515 delictis
1212 3462 1430 3533 pOpuli,
1462 3463 1557 3515 sed
1588 3463 1758 3515 etiam
1789 3477 1893 3531 pro

186 3550 407 3604 nostris
467 3550 877 3605 offensionibus
934 3552 1328 3616 immola'mus;
1388 3556 1545 3605 tuam
1599 3554 1895 3622 poscentes

188 3639 588 3707 clementiam,
622 3643 688 3693 ut
734 3656 903 3694 omne
949 3644 1243 3709 peccatum
1294 3641 1446 3711 quod
1487 3640 1671 3693 carnis
1716 3640 1929 3710 fragi-~

189 3729 359 3782 litate
391 3730 802 3795 contraximus,
832 3728 957 3798 ipso
1008 3744 1232 3781 summo
1284 3745 1387 3799 pro
1429 3729 1594 3782 nobis
1644 3728 1895 3783 antistite

186 3815 638 3883 interveniente,
673 3817 941 3869 solvatur.
982 3817 1086 3869 Per
1117 3832 1311 3885 quem.

802 3937 1120 3977 DOMINICA
1164 3938 1317 3989 VIII,

264 4013 504 4065 Eterne
552 4010 720 4063 Deus.
768 4010 832 4063 Et
880 4010 985 4063 tibi
1036 4026 1240 4063 vovere
1284 4009 1514 4063 contriti
1553 4008 1897 4063 sacriﬁcium

185 4100 410 4167 cordis,
442 4098 545 4152 tibi
580 4099 754 4152 libare
777 4098 1067 4156 humiliati
1100 4099 1385 4153 victimam
1416 4098 1679 4169 pectoris,
1715 4115 1745 4151 a
1785 4114 1898 4169 quo

186 4206 375 4244 omne
404 4190 623 4242 bonum
654 4188 955 4255 sumimus,
990 4204 1222 4242 omnem
1260 4188 1678 4258 jucunditatem
1711 4187 1901 4241 hauri-

3584 291 3689 342 902

2628 416 3045 488 DOMINICA!X.

2063 505 2289 556 .Eterne
2325 504 2489 556 Deus.
2530 504 2593 557 Et
2618 509 2775 558 tuam
2818 507 3265 561 misericordiam
3319 524 3576 576 exorare,
3616 513 3681 562 ut

1993 598 2047 645 te
2079 597 2389 656 annuente,
2420 593 2710 645 valeamus
2742 610 2869 662 qua:
2916 596 3065 648 mala
3097 603 3230 649 sunt
3281 597 3591 665 declinare,
3634 601 3689 650 et

1992 697 2120 750 qua:
2153 682 2303 734 bona
2342 686 2474 733 sunt
2520 691 2938 751 consequenter
2990 688 3234 755 explere.
3288 687 3351 738 Et
3399 688 3536 756 quia
3585 703 3687 739 nos

1993 767 2172 819 fecisti
2230 768 2299 820 ad
2357 773 2457 821 tua
2507 777 2861 822 sacramenta
2912 774 3219 840 pertinere,
3273 779 3331 826 tu
3376 775 3688 827 clementer

1992 854 2053 908 in
2084 856 2248 909 nobis
2278 873 2478 910 eorum
2508 874 2716 911 munus
2749 876 3004 927 operare.
3043 862 3147 913 Per
3172 862 3479 915 Christum.

2630 980 2942 1018 DOMINICA
2972 981 3054 1019 XI.

2066 1049 2178 1117 (G.)
2210 1051 2440 1105 [literne
2478 1053 2641 1105 Deus.
2692 1054 2754 1106 Et
2788 1054 2889 1106 tibi
2920 1054 3167 1107 debitam
3203 1058 3535 1112 servitutem
3577 1075 3681 1128 per

1996 1137 2251 1207 mysterii
2283 1139 2452 1209 hujus
2478 1140 2871 1209 impletionem
2906 1144 3247 1212 persolvere,
3280 1145 3415 1214 quia
3449 1162 3563 1199 non
3599 1164 3687 1199 so-

1995 1225 2113 1277 lum
2149 1226 2516 1293 peccantibus
2550 1226 2774 1279 veniam
2818 1228 3044 1294 tribuis,
3095 1230 3189 1282 sed
3230 1231 3401 1284 etiam
3449 1234 3687 1301 praemia

1995 1312 2319 1381 petentibus
2347 1314 2681 1383 impartiris.
2717 1317 2783 1368 Et
2811 1317 2960 1386 quod
3006 1319 3230 1387 perpeti
3276 1320 3440 1373 malis
3488 1322 3680 1390 operi-

1998 1402 2101 1454 bus
2129 1418 2549 1470 promeremur,
2587 1404 2888 1472 magniﬁca
2928 1405 3140 1473 pietate
3179 1407 3433 1476 depellis,
3484 1414 3547 1461 ut
3592 1426 3689 1461 nos

1998 1488 2066 1539 ad
2096 1494 2207 1541 tua:
2237 1493 2567 1543 reverentiae
2600 1494 2815 1545 cultum
2849 1500 2904 1545 et
2933 1500 3153 1548 terrore
3185 1512 3369 1565 cogas,
3394 1484 3463 1551 ‘et
3495 1514 3689 1552 amore

1998 1577 2292 1646 perducas.
2328 1579 2436 1632 Per
2475 1580 2784 1635 Christum.

2610 1702 2921 1740 DOMINICA
2962 1702 3075 1741 XII.

2068 1772 2186 1841 (G.)
2236 1775 2461 1827 Aiterne
2500 1776 2661 1829 Deus.
2708 1776 2878 1845 Cujus
2910 1776 3162 1844 primum
3204 1777 3435 1846 pietatis
3462 1782 3569 1832 tua)
3605 1785 3690 1834 est

1992 1860 2289 1926 indicium,
2323 1861 2369 1914 si
2420 1863 2521 1915 tibi
2566 1880 2667 1916 nos
2700 1864 2868 1916 facias
2914 1869 3030 1917 toto
3071 1866 3241 1918 corde
3288 1867 3593 1936 subjectos,
3633 1875 3690 1922 et

1996 1949 2261 2017 spiritum
2286 1951 2449 2003 nobis
2477 1956 2648 2004 tantm
2670 1952 3293 2021 devotionisinfuudas,
3318 1960 3380 2007 ut
3402 1957 3688 2025 prOpitius

1998 2037 2257 2106 largiaris
2288 2046 2706 2109 consequenter
2736 2041 3031 2094 auxilium.
3064 2044 3168 2095 Per
3199 2043 3508 2098 Christum.

2596 2162 2905 2200 DOMINICA
2944 2163 3089 2201 X111.

2071 2232 2183 2303 (G.)
2225 2235 2450 2286 zEterne
2500 2235 2665 2289 Deus.
2720 2237 2825 2299 Qui
2879 2253 2980 2289 nos
3023 2238 3355 2308 castigando
3406 2256 3590 2303 sanas,
3634 2245 3691 2294 et

1995 2320 2303 2373 refovendo
2362 2323 2646 2391 benignus
2694 2324 2931 2377 erudis:
2985 2325 3121 2378 dum
3186 2326 3370 2395 magis
3402 2327 3482 2379 vis
3508 2328 3691 2380 salvos

1998 2425 2117 2461 esse
2149 2416 2453 2480 correctos,
2478 2428 2649 2481 quam
2683 2413 2869 2482 perire
2914 2414 3178 2483 dejectos.
3233 2417 3340 2469 Per
3377 2416 3688 2470 Christum.

2000 2499 2105 2551 Per
2132 2514 2326 2569 quem.

2612 2605 2925 2654 DQMINICA
2964 2606 3085 2645 xw.

2072 2692 2188 2763 (0.)
2222 2696 2452 2748 [Eterne
2478 2697 2643 2748 Deus.
2669 2696 2809 2759 Quia
2827 2701 2887 2749 tu
2914 2698 2972 2750 in
3010 2702 3201 2751 nostra
3230 2714 3457 2769 semper
3480 2700 3693 2753 faciens

2000 2784 2332 2837 inﬁrmitate
2380 2785 2666 2851 virtutem,
2705 2786 3009 2839 Ecclesiam
3060 2792 3218 2841 tuam
3264 2789 3415 2841 inter
3457 2790 3694 2842 adversa

1999 2888 2250 2926 crescere
2284 2873 2551 2938 tribuisti,
2582 2879 2645 2926 ut
2691 2889 2819 2927 cum
2865 2880 3165 2944 putaretur
3214 2894 3500 2946 oppressa,
3559 2882 3693 2937 tunc

2000 2960 2194 3031 potius
2218 2962 2555 3031 praevaleret
2585 2963 2825 3015 exaltata
2860 2979 2871 3015 ε
2909 2964 3045 3016 dum
3078 2965 3249 3017 simul
3294 2972 3350 3018 ct
3387 2968 3693 3035 experien-

2003 3048 2136 3102 tiam
2170 3049 2302 3102 ﬁdei
2336 3050 2584 3103 declarat
2611 3050 2860 3115 aftlictio,
2900 3056 2955 3104 et
2976 3052 3437 3106 victoriosissima
3465 3070 3694 3125 semper

2000 3146 2344 3210 perseverat,
2388 3146 2440 3194 te
2477 3140 2805 3210 adjuvante,
2840 3142 3081 3197 devotio.
3117 3145 3223 3197 Per
3253 3145 3541 3198 Christum
3584 3147 3689 3198 Do-

2002 3229 2225 3283 minum
2253 3235 2537 3283 nostrum.

2618 3332 2932 3373 DOMINICA
2978 3334 3079 3371 XV.

2070 3426 2300 3478 IEterne
2340 3424 2511 3478 Deus.
2554 3424 2662 3488 Qui
2699 3441 2801 3478 nos
2828 3425 2897 3479 de
2928 3424 3097 3478 donis
3144 3426 3427 3479 bonorum
3476 3432 3695 3498 tempo-

2004 3513 2211 3566 ralium
2237 3514 2305 3566 ad
2346 3514 2775 3583 perceptionem
2810 3513 3073 3583 provehis
3093 3519 3463 3582 arternorum,
3493 3521 3549 3569 et
3576 3517 3696 3570 haec

2004 3601 2231 3667 tribuis,
2260 3606 2313 3654 et
2346 3602 2441 3656 illa
2477 3601 2717 3671 largiris,
2751 3606 2813 3655 ut
2852 3608 2909 3655 et
2965 3603 3248 3656 mansuris
3290 3602 3408 3673 jam
3456 3604 3696 3675 incipia-

2004 3707 2134 3744 mus
2160 3691 2357 3755 inseri,
2391 3695 2447 3743 et
2474 3692 2952 3760 praetereuntibus
2984 3709 3096 3745 non
3130 3693 3330 3746 teneri.
3380 3694 3564 3746 Tuum
3614 3698 3700 3747 est

2004 3779 2159 3833 enim
2191 3778 2343 3849 quod
2376 3779 2661 3848 vivimust
2697 3779 2832 3849 quia
2862 3780 2993 3833 licet
3021 3781 3236 3849 peccati
3266 3782 3499 3834 vulnere
3530 3788 3700 3836 natu-

2007 3885 2070 3922 ra
2135 3872 2330 3921 nostra
2374 3867 2445 3920 sit
2490 3868 2708 3933 vitiata,
2760 3868 2843 3921 tui
2889 3873 3080 3921 tamen
3123 3868 3311 3937 operis
3372 3873 3433 3921 ut
3483 3871 3698 3923 terreni

2006 3956 2284 4028 generati,
2317 3956 2387 4010 ad
2419 3956 2666 4011 coelestia
2690 3972 3073 4010 reuascamur.
3113 3959 3218 4010 Per
3250 3956 3455 4011 Christ.

2620 4078 2933 4118 DOMINICA
2968 4079 3099 4116 XVI.

2080 4172 2436 4240 (G):Eterne
2502 4173 2667 4225 Deus.
2733 4172 2834 4223 Per
2888 4170 3175 4223 Christum
3235 4169 3543 4223 Dominum
3603 4186 3704 4223 no-

184 4295 346 4333 mus.
416 4280 721 4331 precamur
787 4277 980 4348 itaque
1025 4284 1089 4331 ut
1144 4277 1247 4330 tibi
1303 4276 1651 4330 conscientia
1701 4280 1898 4330 nostra
1937 4293 1980 4346 Ι)
2012 4264 2213 4313 strum.
2242 4259 2349 4322 Qui
2380 4260 2697 4313 aeternitate
2728 4259 3026 4312 sacerdotii
3058 4259 3145 4312 sui
3187 4274 3386 4311 omnes
3437 4258 3545 4312 sibi
3585 4274 3703 4311 ser-

184 4367 536 4433 famuletur,
570 4373 625 4421 et
645 4372 707 4420 ut
727 4368 784 4420 in
814 4373 868 4421 te
904 4367 973 4421 de
998 4366 1089 4420 die
1119 4366 1179 4418 in
1203 4365 1356 4419 diem
1384 4364 1679 4418 meliorata
1717 4364 1898 4434 proﬁ-

184 4458 334 4521 ciat,
387 4460 503 4509 ture
542 4455 739 4525 gratiae
781 4456 1119 4509 intemerata
1159 4454 1455 4508 subdatur.
1506 4453 1721 4507 Nostris
1774 4469 1896 4518 nos,

185 4562 558 4618 quaesumus,
589 4546 850 4611 Domine,
876 4563 1086 4600 evacua
1114 4546 1301 4607 malis,
1332 4546 1557 4615 tuisque
1610 4545 1768 4613 reple
1797 4559 1902 4614 per

185 4634 406 4689 omnia
438 4635 623 4689 bonis.
662 4636 729 4688 Ut
760 4639 1023 4705 percepta
1072 4636 1277 4704 gratia,
1325 4651 1499 4706 quam
1541 4640 1736 4688 nostra
1781 4650 1901 4688 non

182 4724 449 4793 exigunt
481 4722 702 4787 merita,
750 4739 780 4775 a
827 4723 1046 4777 cunctis
1081 4724 1520 4777 adversitatibus
1572 4723 1796 4777 liberati
1840 4722 1901 4775 in

178 4812 372 4866 bonis
403 4810 670 4864 omnibus
710 4812 1050 4878 conﬁrmati,
1105 4813 1369 4883 supernis
1416 4812 1635 4867 civibus
1681 4828 1900 4866 merea-

182 4917 333 4954 mur
356 4898 651 4969 conjungi.
682 4900 789 4953 Per
819 4899 1127 4955 Christum.

834 5020 957 5059 DOH
976 5020 1150 5060 INICA
1190 5022 1273 5061 IX.

260 5108 391 5179 (G.)
445 5108 673 5160 [Eterne
722 5109 886 5161 Deus.
951 5110 1016 5163 Et
1061 5114 1219 5163 tuam
1272 5111 1722 5165 misericordiam
1768 5110 1902 5165 totis

175 5198 428 5254 nisibus
470 5212 725 5264 exorare,
777 5213 848 5251 ne
883 5214 989 5267 pro
1035 5205 1232 5254 nostra
1260 5216 1364 5254 nos
1414 5200 1719 5270 iniquitate
1768 5217 1899 5254 con-

176 5289 470 5349 demnes,
515 5285 612 5338 sed
661 5301 765 5355 pro
830 5290 927 5340 tua
975 5286 1189 5355 pietate
1240 5288 1298 5341 in
1353 5288 1444 5341 via
1488 5292 1640 5341 recta
1678 5304 1905 5358 semper

176 5376 497 5445 disponas.
536 5373 646 5426 Nec
675 5374 821 5427 sicut
848 5390 1141 5428 meremur
1187 5375 1658 5445 delinquentibus
1697 5375 1900 5430 irasca-

178 5466 292 5529 ris,
336 5462 439 5514 sed
473 5460 768 5529 fragilitati
801 5467 1010 5517 nostrae
1057 5464 1265 5518 invicta
1294 5464 1543 5518 bonitate
1578 5465 1900 5519 subvenias.

178 5556 308 5607 Per
347 5549 660 5603 Christum.
692 5552 793 5605 Per
826 5566 1017 5622 quem.

2011 4347 2229 4400 vientes
2259 4347 2576 4400 sanctiﬁcat
2596 4348 2930 4399 sacerdotes.
2966 4346 3249 4409 Quoniam
3281 4347 3511 4400 mortali
3536 4362 3704 4400 carne

2010 4435 2366 4501 circumdati,
2408 4435 2488 4488 ita
2538 4435 2886 4503 quotidianis
2932 4441 3299 4505 peccatorum
3346 4436 3703 4490 remissioni-

2008 4522 2113 4576 bus
2145 4523 2495 4592 indigemus,
2529 4528 2595 4576 ut
2626 4540 2740 4575 non
2770 4524 2955 4576 solum
2989 4540 3092 4593 pro
3121 4525 3357 4594 populo,
3404 4525 3501 4578 sed
3531 4525 3703 4579 etiam

2008 4628 2112 4681 pro
2158 4612 2321 4665 nobis
2361 4613 2618 4681 ejusdem
2664 4616 2715 4664 te
2759 4612 3045 4665 Pontiﬁcis
3072 4614 3306 4683 sanguis
3347 4618 3560 4669 exoret.
3596 4616 3704 4669 Per

2012 4715 2205 4769 quem.

2609 4802 2921 4843 DOMlNICA
2950 4804 3113 4843 XVII.

2081 4896 2309 4949 Eterne
2342 4896 2507 4948 Deus.
2559 4896 2622 4949 Et
2665 4896 3017 4949 incessanter
3069 4897 3308 4967 precari,
3362 4902 3425 4951 ut
3476 4897 3596 4968 qui,
3649 4902 3705 4953 te

2013 4988 2263 5050 auctore,
2295 4984 2676 5049 subsistimus,
2705 4989 2759 5037 te
2783 4984 3170 5054 dispensante,
3206 4985 3556 5055 dirigamur:
3586 5003 3705 5041 non

2012 5073 2220 5126 nostris
2271 5072 2530 5125 sensibus
2579 5073 2995 5142 relinquemur,
3058 5074 3154 5126 sed
3206 5073 3276 5126 ad
3329 5079 3441 5126 tum
3486 5075 3704 5129 reducti

2013 5178 2241 5231 semper
2276 5160 2564 5214 tramitem
2611 5162 2837 5225 veritas,
2892 5162 3015 5215 haec
3062 5162 3391 5214 studeamus
3442 5178 3705 5216 exercere

2012 5268 2139 5322 qum
2170 5250 2454 5321 prtecipis,
2485 5255 2547 5303 ut
2576 5251 2861 5320 possimus
2894 5251 3045 5305 dona
3074 5251 3368 5321 percipere
3401 5268 3529 5322 qua:
3560 5266 3706 5322 pro-

2015 5340 2211 5395 mittis.
2246 5342 2353 5395 Per
2383 5339 2589 5394 Christ.

2159 5462 2351 5501 FERIA
2389 5463 2451 5501 IV
2501 5462 2737 5502 MENSIS
2772 5460 3031 5502 SEPTIMI
3064 5462 3143 5501 ΔΙ)
3186 5461 3238 5502 S.
3289 5460 3564 5502 MARIAM.

2085 5554 2311 5607 Aﬁterne
2341 5555 2506 5607 Deus.
2542 5552 2649 5615 Qui
2677 5568 2780 5607 nos
2826 5552 2953 5607 ideo
3002 5553 3250 5607 collectis
3298 5556 3468 5606 terrae
3514 5553 3685 5607 fructi
