4078 6180
415 266 517 318 903
1550 258 1892 315 GRIMALDI
1931 258 2443 314 SANGALLENSIS
2482 260 2775 316 ABBATIS
3785 267 3875 319 904

417 401 524 456 bus
552 417 656 471 per
685 397 1085 455 abstinentiam
1116 396 1220 450 tibi
1268 396 1478 466 gratias
1525 411 1696 465 agere
1740 394 1992 460 voluisti,
2042 398 2108 447 ut
2144 397 2189 448 Α
2217 411 2400 465 peras,
2458 411 2574 448 non
2630 397 2963 465 perpetuam
3014 408 3237 447 exerces
3297 394 3369 448 ad
3431 411 3675 465 poenam.
3739 399 3877 454 Juste

420 506 489 545 ex
517 490 641 559 ipso
672 487 989 543 devotionis
1030 500 1239 556 genere
1294 500 1658 539 noseeremus
1703 501 1820 537 non
1872 484 1993 537 haec
2040 483 2109 536 ad

421 577 850 632 exuberantiam
877 574 1231 643 corporalem
1262 573 1358 627 sed
1398 573 1470 627 ad
1514 571 1840 640 fragilitatis
1888 578 2110 625 susten-

419 665 698 719 tationem
725 662 1066 733 percepisse.
1100 661 1169 715 Ut
1193 661 1349 731 quod
1380 676 1446 713 ex
1474 660 1564 713 his
1594 660 1820 729 parcius
1847 674 2112 713 sumere—

421 767 569 816 mus,
611 750 903 819 egentium
949 748 1252 818 proﬁceret
1295 748 1603 801 alimentis.
1640 750 1703 800 Et
1741 753 1801 801 ut
1852 747 2114 801 salutaris

422 839 717 909 castigatio
754 836 1115 891 mortalitatis
1144 836 1509 890 insolentiam
1548 837 1857 906 mitigaret,
1891 842 1948 889 et
1991 836 2114 905 pie-

418 930 505 981 tas
535 927 817 997 largitoris
847 942 948 979 nos
981 931 1089 978 tuae
1119 925 1463 993 benignitati
1514 926 1944 979 commendatos
1987 922 2113 976 efﬁ-

422 1017 596 1067 ceret.
629 1013 833 1082 Sicque
872 1012 1044 1065 Donis
1086 1016 1378 1064 uteremur
1425 1010 1787 1079 transitoriis,
1838 1015 1902 1064 ut
1938 1010 2116 1063 disce-

418 1117 615 1156 remus
644 1101 865 1154 inhiare
900 1098 1211 1169 perpetuis.
1246 1100 1351 1152 Per
1382 1098 1588 1153 Christ.

425 1223 614 1263 FERIA
652 1222 717 1261 Vl
756 1220 1052 1267 QUATUOR
1089 1219 1466 1270 TEMPOBUM,
1504 1221 1580 1259 AD
1616 1219 1705 1260 SS.
1735 1218 2115 1260 APOSTOLOS.

490 1316 719 1367 [literne
763 1314 928 1366 Deus.
989 1311 1093 1375 Qui
1133 1312 1288 1380 justo
1339 1312 1552 1381 pioque
1602 1310 2015 1376 moderamine,
2062 1314 2120 1364 et

421 1417 527 1471 pro
555 1400 797 1471 peccatis
829 1399 1055 1468 ﬂagella
1105 1400 1346 1469 irrogas,
1391 1404 1446 1453 et
1484 1404 1612 1469 post
1640 1400 1861 1468 ﬂagella
1890 1399 2116 1452 veniam

423 1490 763 1560 propitiatus
815 1489 1123 1541 condonas.
1175 1489 1243 1540 Et
1288 1493 1654 1556 peccatorum
1705 1489 1875 1541 vitam
1926 1488 2118 1556 potius

429 1579 630 1631 xolens
659 1592 831 1645 quam
867 1581 1130 1642 mortem,
1170 1592 1283 1627 non
1313 1592 1407 1627 eos
1438 1576 1507 1629 ad
1538 1576 1835 1629 interitum
1861 1575 2123 1629 condem-

2222 487 2460 555 utroque
2504 484 2863 538 misericors:
2915 483 3014 553 qui
3065 499 3165 536 nos
3225 499 3291 536 ea
3339 485 3461 553 lege
3519 485 3784 556 disponis,
3828 494 3881 541 ut

2220 574 2532 628 coercendo
2564 575 2621 626 in
2653 578 2932 627 aeternum
2964 571 3151 642 perire
3186 588 3301 625 non
3342 573 3516 641 sinas,
3547 580 3603 628 et
3623 578 3881 644 parcendo

2222 663 2469 733 spatium
2501 663 2720 716 tribuas
2750 660 3098 731 corrigendi.
3136 660 3243 724 Qui
3269 661 3395 714 ideo
3440 663 3606 715 malis
3652 680 3881 733 praesen-

2224 756 2375 809 tibus
2405 772 2511 809 nos
2543 756 2817 825 ﬂagellas,
2847 760 2911 808 ut
2939 754 3006 808 ad
3037 754 3187 807 bona
3218 754 3408 807 futura
3446 753 3739 823 perducas.
3773 752 3886 806 Ideo

2224 853 2390 906 bonis
2415 852 2828 922 temporalibus
2858 851 3187 915 consolaris,
3220 855 3284 904 ut
3320 851 3389 904 de
3422 850 3779 921 sempiternis
3810 850 3887 903 fa-

2225 940 2339 993 cias
2368 940 2664 1005 certiores;
2700 955 2814 1009 quo
2848 943 2921 1005 te,
2958 943 3013 991 et
3058 939 3118 991 in
3152 936 3461 1006 prosperis,
3508 942 3564 990 et
3603 937 3665 990 in
3714 936 3889 990 adver-

2226 1028 2321 1094 sis,
2350 1027 2444 1098 pia
2471 1043 2700 1097 semper
2737 1026 3094 1081 confessione
3124 1026 3440 1079 laudemus.
3476 1026 3581 1079 Per
3601 1024 3885 1078 Christum.

2225 1117 2334 1170 Per
2363 1131 2553 1186 quem.

2791 1218 3106 1259 DOMINICA
3154 1218 3348 1258 XXIII.

2295 1312 2523 1366 Eterne
2564 1312 2732 1366 Deus.
2780 1313 2845 1365 Et
2892 1328 2996 1365 nos
3042 1309 3405 1365 clementiam
3435 1313 3593 1363 tuam
3638 1306 3891 1378 supplici-

2228 1404 2315 1455 ter
2343 1416 2603 1465 exorare,
2653 1405 2715 1454 ut
2764 1400 2954 1453 ﬁliuus
3001 1405 3135 1453 tuus
3162 1401 3323 1453 Jesus
3355 1398 3609 1454 Christus
3638 1396 3893 1452 Dominus

2227 1493 2440 1555 noster,
2474 1488 2572 1558 qui
2612 1504 2670 1540 se
2704 1504 2884 1558 usque
2935 1488 2993 1541 in
3039 1489 3213 1541 ﬁnem
3262 1489 3454 1541 saeculi
3497 1488 3612 1540 suis
3659 1484 3895 1557 promisit

2226 1577 2490 1631 ﬁdelibus
2529 1577 2883 1643 adfuturum,
2914 1582 2970 1630 et
2997 1576 3319 1646 praesentia:
3358 1574 3665 1645 corporalis
3707 1576 3894 1643 myste-

425 1682 548 1732 nas,
601 1665 699 1718 sed
748 1667 810 1716 ut
868 1662 1248 1732 corrigantur,
1298 1664 1603 1717 miseratus
1650 1672 1959 1735 exspectas.
2014 1664 2117 1716 Per
2157 1679 2196 1732 Β
2226 1665 2326 1719 riis
2377 1682 2494 1719 non
2546 1666 2786 1731 deserat,
2844 1682 2986 1736 quos
3048 1664 3313 1729 redemit,
3354 1670 3411 1718 et
3461 1663 3769 1734 majestatis
3797 1676 3893 1715 sua

426 1754 634 1809 Christ.

869 1855 1153 1894 SABBATO
1192 1856 1268 1894 ΑΙ)
1313 1856 1363 1895 S.
1411 1854 1691 1894 PRTRUM.

496 1932 725 1983 fEterne
765 1931 930 1983 Deus.
984 1929 1050 1980 Et
1097 1928 1201 1983 tibi
1254 1927 1603 1981 sanctiﬁeare
1643 1928 1927 1999 jejunium
1969 1926 2119 1997 quod

424 2034 529 2072 nos
587 2018 660 2070 ob
715 2016 1154 2071 aediﬁcationem
1209 2016 1532 2068 animarum
1585 2022 1641 2068 et
1684 2015 2120 2085 castigationem

426 2122 733 2177 corporum
774 2121 999 2158 servare
1038 2105 1297 2158 docuisti.
1352 2104 1493 2167 Quia
1540 2104 1809 2157 restrictis
1860 2102 2121 2172 corpori-

425 2196 533 2250 bus
576 2195 785 2247 animae
802 2194 1157 2263 saginantur,
1183 2194 1243 2245 in
1274 2209 1386 2262 quo
1420 2194 1591 2245 homo
1630 2197 1821 2246 noster
1845 2190 2124 2261 afﬂigitur

428 2283 697 2348 exterior,
753 2283 1025 2335 dilatatur
1076 2281 1338 2334 interior.
1400 2283 1702 2347 Memento,
1770 2296 2118 2350 quaesumus,

430 2373 691 2437 Domine,
723 2370 1081 2440 jejuniorum
1132 2374 1465 2422 nostrorum
1497 2375 1552 2423 et
1597 2370 2122 2423 misericordiarum

426 2468 678 2527 tuarum,
716 2477 856 2530 quas
902 2459 1291 2530 peccatoribus
1339 2459 1432 2528 pie
1467 2476 1693 2529 semper
1729 2458 2123 2529 jejunantibus

430 2548 722 2604 contulisti
757 2564 770 2601 :
801 2553 858 2601 et
886 2552 1096 2617 praesta
1126 2551 1190 2599 ut
1210 2563 1325 2600 non
1359 2547 1540 2599 solum
1576 2563 1608 2599 a
1629 2548 1791 2613 cibis,
1814 2547 1908 2601 sed
1942 2563 1974 2599 a
2002 2562 2125 2616 pee-

429 2639 571 2694 catis
629 2636 900 2691 omnibus
948 2634 1315 2701 abstinentes,
1364 2635 1685 2688 devotionis
1736 2635 1841 2689 tibi
1895 2636 2118 2706 jejunio

430 2729 777 2799 placeamus.
812 2727 919 2779 Per
940 2724 1248 2778 Christum.

1007 2844 1319 2884 DOMINICA
1359 2845 1551 2883 XVIII.

466 2923 727 2976 'zEterne
763 2920 927 2973 Deus.
958 2918 1103 2982 Quia
1132 2934 1258 2971 cum
1312 2918 1478 2971 laude
1522 2923 1716 2971 nostra
1762 2935 1877 2972 non
1926 2934 2117 2989 egeas,

430 3017 591 3083 grata
620 3010 721 3064 tibi
753 3015 946 3062 tamen
974 3012 1058 3060 est
1087 3012 1318 3061 tuorum
1356 3007 1581 3060 devotio
1614 3008 1980 3061 famulorum.
2014 3009 2125 3061 Nec

429 3105 484 3154 te
516 3104 729 3169 augent
756 3102 950 3151 nostra
977 3096 1286 3167 praeconia,
1340 3098 1433 3149 sed
1489 3097 1655 3149 nobis
1698 3097 2006 3166 proﬁciunt
2056 3098 2123 3151 ad

430 3188 693 3240 salutem.
722 3186 1003 3249 Quoniam
1034 3186 1178 3237 sicut
1200 3185 1418 3237 fontem
1449 3185 1576 3237 vitae
1606 3186 1920 3253 praeterire,
1953 3202 2125 3239 causa

429 3275 713 3328 moriendi
746 3280 848 3340 est,
883 3274 961 3325 sic
1008 3273 1208 3325 eodem
1254 3273 1468 3342 jugiter
1501 3274 1843 3341 redundare,
1892 3275 2123 3327 affectus

430 3368 515 3417 est
548 3363 668 3415 sine
704 3362 815 3415 ﬁne
853 3361 1095 3414 vivendi.
1130 3362 1234 3413 Per
1268 3362 1591 3415 Dominum.

1039 3481 1355 3520 DOMINICA
1394 3463 1525 3520 xxxf

504 3555 644 3625 (G.).
678 3556 903 3608 zEterne
939 3555 1105 3606 Deus.
1155 3556 1259 3606 Per
1289 3555 1575 3607 Christum
1628 3556 1957 3610 Dominum.
1991 3574 2122 3610 nos-

434 3649 636 3699 strum.
670 3642 776 3706 Qui
806 3641 938 3694 vicit
967 3641 1258 3694 diabolum
1288 3647 1339 3695 et
1382 3644 1681 3709 mundum,
1716 3645 2125 3714 hominemque

430 3732 698 3804 paradiso
728 3730 996 3796 restituit,
1031 3736 1087 3783 et
1125 3732 1254 3784 vitae
1298 3731 1503 3801 januas
1553 3734 1915 3787 credentibus
1964 3739 2122 3803 pate-

432 3820 583 3875 fecit.
620 3821 726 3874 Per
763 3819 1071 3873 Christum.

1048 3920 1359 3961 DOMINICA
1409 3923 1507 3962 XX.

502 3997 615 4066 (G.)
646 3997 871 4049 Eterne
909 3995 1072 4048 Deus.
1108 3995 1174 4048 Et
1217 4000 1373 4048 tuam
1429 3997 1783 4065 majestatem
1831 3998 2128 4052 humiliter

434 4086 747 4155 implorare
780 4088 843 4137 ut
870 4084 1032 4137 Jcsus
1058 4084 1315 4137 Christus
1350 4085 1522 4138 Filius
1550 4090 1682 4139 tuus
1712 4086 1989 4139 Dominus
2016 4103 2124 4140 no-

432 4179 548 4228 ster
579 4190 679 4226 sua
710 4188 816 4225 nos
857 4173 1039 4241 gratia
1087 4177 1353 4242 protegat
1404 4178 1459 4226 et
1508 4179 1819 4228 conservet.
1873 4175 1945 4229 Et
1993 4168 2127 4245 quia

2229 1754 2518 1808 beneﬁciis
2543 1771 2662 1808 non
2693 1754 2998 1824 relinquat.
3029 1756 3133 1807 Per
3157 1768 3350 1823 quem.

2820 1874 3133 1913 DOMINICA
3167 1874 3342 1914 XXIV.

2302 1947 2455 2018 (Ms)
2490 1950 2595 2001 Per
2627 1948 2913 2002 Christum
2946 1948 3255 2001 Dominum
3293 1953 3573 2001 nostrum.
3606 1947 3717 2000 Per
3746 1960 3895 2016 quem

2232 2042 2485 2089 sanctum
2513 2042 2568 2090 et
2599 2036 2960 2090 benedictum
2985 2052 3194 2089 nomen
3228 2034 3539 2104 majestatis
3566 2039 3674 2087 tuae
3707 2033 3896 2102 ubique

2230 2131 2556 2188 veneratur,
2604 2126 2895 2190 adoratur,
2947 2126 3291 2196 praedicatur
3320 2130 3376 2177 et
3414 2124 3636 2178 colitur.
3692 2123 3796 2187 Qui
3825 2126 3898 2175 est

2233 2213 2395 2284 origo
2426 2214 2651 2283 salutis,
2684 2214 2773 2267 via
2804 2213 3047 2283 virtutis,
3101 2218 3158 2268 et
3198 2218 3311 2267 tuae
3354 2212 3685 2283 propitiatio
3737 2211 3898 2281 maje-

2232 2301 2411 2354 statis.

2832 2405 3149 2445 DOMINICA
3180 2405 3325 2445 XXV.

2304 2477 2453 2549 (Μς.)
2480 2480 2705 2532 Eterne
2735 2480 2902 2533 Deus.
2940 2479 3114 2549 Cujus
3162 2484 3247 2531 est
3278 2477 3465 2548 operis
3509 2475 3663 2547 quod
3708 2470 3901 2529 conditi

2233 2584 2457 2634 sumus;
2490 2566 2769 2633 muneris,
2802 2566 2957 2636 quod
3003 2566 3276 2633 vivimus;
3327 2565 3574 2635 pietatis,
3619 2564 3771 2634 quod
3815 2568 3900 2616 tua

2232 2672 2369 2726 erga
2399 2672 2502 2710 nos
2540 2657 2689 2710 dona
2727 2654 3145 2725 cognoscimus.
3187 2654 3455 2718 Quamvis
3504 2653 3658 2707 enim
3716 2655 3902 2705 natura

2232 2751 2425 2800 nostra
2466 2746 2683 2814 peccati
2727 2745 2925 2797 vitiata
2971 2744 3045 2796 sit
3092 2744 3346 2805 vulnere,
3398 2742 3699 2795 aterreuis
3726 2744 3898 2794 tamen

2234 2833 2303 2886 ad
2329 2833 2577 2886 coelestia
2608 2832 2942 2901 provehitur
2975 2836 3072 2884 tuo
3106 2831 3473 2884 inenarrabili
3506 2844 3762 2884 munere.

2812 2952 3129 2991 DOMINICA
3168 2952 3345 2991 XXVI.

2304 3026 2707 3096 (Ms):Eterne
2741 3027 2901 3079 Deus.
2935 3026 3001 3078 Et
3031 3025 3134 3079 tibi
3173 3026 3391 3079 debitas
3436 3025 3631 3078 laudes
3675 3025 3766 3094 pio
3812 3023 3899 3076 ho-

2232 3130 2371 3168 nore
2421 3115 2665 3180 deferre,
2722 3120 2777 3167 et
2827 3114 3179 3167 mirabilium
3235 3118 3464 3167 tuorum
3516 3110 3901 3166 inenarrabilia

2232 3202 2519 3272 prmconia
2550 3203 2766 3256 devotze
2798 3202 3008 3256 mentis
3058 3203 3428 3256 veneratione
3476 3201 3788 3265 celebrare;
3828 3203 3898 3251 te-

2234 3308 2345 3362 que
2376 3291 2725 3345 ineﬁahilem
2773 3297 2828 3345 et
2865 3291 3204 3344 invisibilem
3236 3292 3416 3344 Deum
3461 3290 3715 3355 laudare,
3747 3290 3901 3342 bene-

2235 3380 2443 3447 dicere,
2465 3380 2719 3434 adorare.

2497 3502 2801 3541 DOMINICA
2836 3501 2875 3541 ν
2918 3502 3079 3541 ANTE
3117 3501 3365 3541 NATALE
3403 3501 3659 3541 DOIIINI.

2306 3594 2414 3663 (ϐ.)
2466 3596 2696 3648 [literne
2745 3595 2914 3648 Deus.
2969 3594 3315 3663 Majestatem
3377 3598 3537 3646 tuam
3592 3590 3900 3662 suppliciter

2233 3682 2604 3753 deprecantes
2636 3687 2717 3749 ut,
2747 3682 2995 3752 expulsis
3028 3682 3239 3753 azymis
3266 3682 3582 3747 vetustatis,
3605 3681 3755 3735 illius
3782 3679 3898 3749 agni

2234 3773 2357 3825 cibo
2390 3775 2664 3825 satiemur
2695 3777 2751 3825 et
2780 3772 3010 3841 poculo,
3062 3771 3162 3842 qui
3206 3775 3262 3825 et
3305 3776 3561 3824 nostram
3611 3769 3899 3840 imaginem

2234 3860 2537 3930 reparavit,
2570 3866 2627 3913 et
2656 3877 2817 3913 suam
2866 3859 3026 3913 nobis
3073 3860 3319 3930 gratiam
3361 3858 3710 3929 repromisit,
3754 3859 3901 3912 Iesus

2234 3948 2490 4002 Christus
2522 3948 2798 4002 Dominus
2830 3953 3044 4002 noster.
3078 3950 3184 4001 Per
3213 3963 3404 4018 quem.

3004 4056 3154 4109 Alia.

2308 4161 2447 4232 (ινδ.)
2484 4163 2588 4214 Per
2618 4160 2906 4216 Christum
2942 4159 3253 4214 Dominum
3299 4164 3577 4214 nostrum.
3607 4160 3769 4229 Cujus
3803 4172 3900 4227 pe-

432 4263 555 4316 sine
588 4262 709 4330 ipso
742 4260 885 4314 nihil
918 4266 1068 4313 recte
1112 4262 1362 4313 valemus
1389 4262 1633 4328 efﬁcere,
1675 4262 1855 4332 ipsius
1889 4244 2126 4317 munere
2168 4272 2210 4326 D
2236 4250 2411 4304 timus
2441 4249 2614 4319 Primi
2643 4249 2922 4303 adventus
2943 4248 3280 4318 myﬂerium
3308 4248 3389 4301 ita
3405 4248 3579 4302 faeias
3610 4264 3711 4301 003
3729 4244 3899 4315 ἀίεαίε

432 4350 745 4421 capiamus,
809 4353 875 4402 ut
944 4349 1046 4402 tibi
1094 4364 1320 4419 semper
1381 4351 1605 4419 placere
1662 4353 1963 4420 possimus.
2025 4354 2130 4407 Pcr

438 4453 632 4508 quem.

1036 4539 1349 4580 DOMINICA
1397 4542 1528 4582 XXI.

506 4614 881 4684 (G.)1Eterne
927 4614 1094 4667 Deus.
1148 4615 1211 4667 Et
1259 4616 1592 4685 suppliciter
1631 4633 1885 4686 exorare,
1945 4622 2011 4672 ut
2050 4619 2129 4673 sic

434 4720 539 4758 nos
569 4702 732 4756 bouis
766 4702 878 4755 tuis
910 4701 1156 4756 instruas
1197 4705 1581 4775 sempiternis,
1616 4711 1679 4759 ut
1717 4709 2129 4778 temporalibus

436 4806 669 4863 quoque
709 4789 993 4843 consolari
1034 4791 1304 4861 digneris.
1351 4792 1439 4846 Sic
1494 4794 1876 4863 praesentibus
1918 4795 2126 4865 refove,

436 4883 501 4933 ut
527 4879 599 4933 ad
638 4877 846 4950 gaudia
875 4895 977 4933 nos
1012 4894 1283 4932 mansura
1314 4881 1612 4949 perducas.
1666 4885 1772 4937 Per
1820 4885 2127 4940 Christum.

1032 4998 1347 5040 DOMINICA
1384 5001 1543 5041 XXII.

507 5074 740 5128 Eterne
793 5073 961 5126 Deus.
1000 5072 1108 5135 Qui
1140 5079 1437 5143 propterea
1464 5075 1595 5145 jure
1635 5078 1805 5146 punis
1853 5084 2128 5149 errantes,

438 5165 496 5217 et
524 5161 838 5215 clementer
864 5160 1084 5214 refoves
1115 5162 1435 5232 castigatos,
1482 5170 1544 5217 ut
1572 5181 1673 5218 nos
1724 5182 1757 5218 a
1798 5169 1962 5221 malis
1996 5186 2131 5239 ope-

439 5250 603 5304 ribus
633 5246 951 5312 abstrahas,
984 5251 1036 5300 et
1065 5247 1135 5301 ad
1165 5249 1314 5303 bona
1342 5250 1601 5306 facienda
1621 5259 1914 5308 convertas
1948 5272 1960 5309 :
1998 5257 2134 5327 quia

442 5354 562 5392 non
591 5337 674 5391 vis
697 5335 956 5390 invenire
984 5336 1135 5405 quod
1162 5337 1414 5403 damnes,
1449 5340 1545 5393 sed
1579 5356 1698 5394 esse
1742 5343 1933 5412 potius
1970 5346 2126 5415 quod

445 5438 707 5477 corones.
740 5421 848 5485 Qui
877 5436 1006 5474 cum
1040 5438 1143 5491 pro
1168 5424 1377 5477 nostris
1408 5426 1625 5480 meritis
1648 5428 1869 5499 jugiter
1899 5447 2127 5487 merea-

445 5526 576 5566 mur
605 5510 801 5580 afﬂigi,
836 5514 895 5563 tu
927 5515 1120 5565 tamen
1141 5511 1424 5581 judicium
1453 5514 1522 5569 ad
1546 5518 1957 5574 correctionem
1992 5525 2132 5575 tem-

2237 4338 2503 4392 laudibus
2543 4342 2598 4391 et
2644 4337 2844 4391 ofﬁciis
2891 4337 3198 4402 celebrare,
3243 4343 3699 4407 praesentemque
3744 4335 3897 4388 vitam

2235 4426 2643 4497 inculpabilem
2675 4428 2900 4494 ducere,
2936 4430 3003 4481 ut
3041 4426 3355 4481 secundum
3387 4427 3675 4480 valeamus
3718 4424 3897 4493 imper-

2236 4515 2423 4570 territi
2454 4520 2799 4585 exspectare.

2481 4636 2797 4676 DOMINICA
2839 4637 2904 4676 ιν
2932 4636 3097 4676 ANTE
3134 4635 3383 4676 NATALE
3422 4636 3681 4676 DOMINI.

2308 4726 2459 4797 (Ms.)
2493 4728 2719 4781 Eterne
2763 4728 2928 4781 Deus.
2981 4726 3082 4781 Cui
3129 4726 3429 4797 proprium
3480 4732 3566 4780 est
3614 4742 3675 4780 ac
3718 4726 3891 4794 singu-

2238 4814 2356 4868 lare
2388 4815 2543 4885 quod
2568 4816 2752 4870 bonus
2783 4832 2860 4884 es,
2893 4820 2949 4869 et
2972 4817 3132 4869 nulla
3178 4832 3435 4887 unquam
3483 4833 3516 4869 a
3559 4821 3613 4869 te
3663 4832 3719 4868 es
3762 4825 3889 4865 com-

2238 4904 2555 4957 mutatione
2609 4904 2884 4959 diversus.
2919 4904 3255 4975 Propitiare,
3304 4920 3657 4974 quaesumus,
3708 4900 3893 4972 suppli-

2238 4991 2555 5046 cationibus
2604 4992 2835 5060 nostris,
2887 4998 2942 5046 et
3002 4993 3265 5047 Ecclesiae
3323 4997 3436 5046 tum
3485 4992 3893 5046 misericordiam

2238 5085 2419 5146 tuam,
2467 5097 2642 5151 quam
2701 5086 2984 5151 precatur,
3036 5081 3287 5135 ostende.
3360 5082 3718 5135 Manifestaus
3769 5075 3893 5149 plebi

2239 5175 2375 5235 tuas,
2407 5174 2464 5223 et
2490 5171 2898 5223 incarnationis
2941 5171 3297 5241 mysterium,
3331 5175 3385 5223 et
3430 5170 3702 5224 adventus
3741 5164 3893 5221 admi-

2239 5258 2419 5312 rabile
2474 5262 2916 5324 sacramentum,
2987 5266 3051 5313 ut
3106 5259 3165 5312 in
3206 5259 3578 5313 universitate
3628 5258 3892 5312 nationum

2241 5350 2459 5400 constet
2510 5363 2630 5402 esse
2684 5350 3019 5419 perfectum,
3070 5348 3228 5419 quod
3270 5354 3466 5402 vatum
3529 5346 3761 5402 oraculis
3807 5341 3895 5397 fuit

2242 5439 2370 5488 ante
2402 5435 2768 5504 promissum,
2800 5435 3237 5506 percipiantque
3285 5436 3627 5506 dignitatem
3668 5432 3891 5501 adoptio-

2242 5523 2352 5592 nis,
2383 5539 2527 5593 quos
2549 5529 2789 5579 exornat
2814 5524 3088 5580 confessio
3120 5523 3395 5579 veritatis.
