4048 6170
122 268 224 319 905

342 412 664 453 ΒΟΙῘΝΙΟΛ
705 412 781 451 ιιι
840 412 1002 451 ANTE
1044 413 1292 452 NATALE
1334 412 1586 452 DOMINI.

188 505 343 573 (Ms.)
372 505 598 557 Eterne
644 505 811 556 Deus.
856 503 963 567 Qui
1002 507 1101 557 tuo
1158 503 1527 556 inenarrabili
1575 520 1814 557 munere

117 593 436 662 praestitisti
462 598 738 646 utnatura
759 593 1012 645 humana
1033 592 1101 645 ad
1122 592 1558 645 similitudinem
1584 592 1665 645 tui
1688 608 1816 646 con-

115 682 252 741 dita,
289 682 581 735 dissimilis
620 698 723 750 per
759 687 1055 751 peccatum
1083 686 1138 733 et
1164 686 1402 734 mortem
1433 681 1653 745 effecta,
1708 697 1813 733 ne—

117 786 412 839 quaquam
468 770 525 822 in
558 776 775 822 aeterna
804 768 1172 822 damnatione
1222 768 1473 838 periret;
1510 770 1605 821 sed
1665 769 1813 821 unde

116 863 418 928 peccatum
477 864 531 911 et
578 863 819 912 mortem
864 861 1248 925 contraxerat,
1292 857 1425 911 inde
1474 858 1645 911 vitam
1700 862 1813 910 tuas

118 946 351 1016 pietatis
418 946 777 1000 immensitas
840 951 1165 1016 repararet;
1216 950 1271 999 et
1328 947 1577 1016 antiquae
1638 946 1815 1016 virgi-

122 1036 204 1088 nis
226 1035 470 1099 facinus,
505 1052 647 1088 nova
698 1041 752 1089 et
790 1034 1129 1087 intemerata
1182 1034 1345 1105 virgo
1400 1035 1572 1087 Maria
1601 1035 1810 1104 piaret.

120 1121 255 1185 Qua:
310 1121 381 1174 ab
431 1122 635 1191 angelo
690 1122 951 1187 salutata,
999 1121 1068 1173 ab
1100 1121 1313 1191 Spiritu
1358 1127 1551 1175 sancto
1605 1123 1809 1175 obum-

120 1210 301 1273 brata,
337 1209 503 1262 illum
537 1210 774 1280 gignere
833 1210 1064 1275 meruit,
1098 1210 1196 1280 qui
1257 1216 1458 1263 cuncta
1508 1212 1657 1265 nasci
1710 1228 1813 1265 suo

119 1304 255 1352 nutu
308 1300 608 1351 concessit.
665 1298 798 1361 Qum
872 1298 1188 1352 mirabatur
1223 1305 1281 1352 et
1330 1300 1600 1369 icorporis
1658 1300 1810 1352 inte-

122 1388 409 1456 gritatem,
468 1393 521 1441 et
563 1392 870 1457 conceptus
928 1388 1357 1451 fecunditatem,
1410 1388 1813 1458 gaudebatque

120 1492 281 1528 suum
334 1476 594 1547 paritura
624 1481 922 1547 parentem
957 1477 1150 1530 Jesum
1182 1476 1471 1530 Christum
1506 1478 1811 1531 Dominum

120 1570 400 1618 nostrum.

353 1686 671 1725 DOIINICA
720 1687 767 1724 Il
817 1685 981 1724 ANTE
1024 1686 1273 1725 NATALE
1316 1686 1572 1725 DOMINI.

183 1762 332 1830 (Ms.)
371 1762 477 1813 Per
502 1760 788 1813 Christum
843 1759 1149 1812 Dominum
1180 1765 1461 1812 nostrum.
1501 1760 1674 1829 Cujus
1721 1760 1807 1813 in-

118 1850 442 1902 carnatione
465 1849 616 1902 salus
648 1848 791 1901 facta
826 1853 910 1900 est
962 1848 1187 1913 mundi,
1217 1853 1272 1901 et
1298 1848 1561 1918 passione
1592 1850 1812 1902 redem-

120 1938 231 2007 ptio
282 1942 591 2007 procurata
659 1942 742 1990 est
800 1936 1051 1989 hominis
1106 1937 1412 2005 procreati.
1503 1938 1625 2006 Ipse
1685 1954 1807 2003 nos,

124 2042 469 2095 quaesumus,
512 2027 578 2078 ad
612 2032 893 2078 aeternum
928 2025 1202 2093 perducat
1232 2024 1557 2095 praemium,
1592 2025 1690 2095 qui
1722 2042 1809 2078 re-

124 2113 295 2167 demit
341 2114 411 2167 de
458 2114 706 2166 tenebris
755 2113 1135 2179 infernorum,
1177 2113 1568 2183 justiﬁcetque
1620 2114 1679 2166 in
1710 2113 1809 2167 ad-

125 2207 287 2254 ventu
308 2203 586 2267 secundo,
623 2201 721 2270 qui
756 2217 856 2253 nos
880 2201 1124 2253 redemit
1167 2202 1226 2253 in
1262 2201 1448 2271 primo
1480 2218 1491 2254 :
1528 2206 1810 2271 quatenus

126 2289 269 2343 illius
304 2307 410 2344 nos
442 2290 513 2342 ab
548 2289 814 2342 omnibus
863 2290 1029 2342 malis
1060 2289 1325 2343 defendat
1354 2291 1676 2344 sublimitas
1710 2306 1806 2343 cu-

124 2378 207 2445 jus
244 2378 313 2431 ad
346 2378 525 2431 vitam
550 2377 728 2430 erexit
765 2377 1079 2430 humilitas.

542 2498 730 2537 FERIA
771 2499 835 2536 IV
873 2498 1107 2537 MENSIS
1145 2498 1388 2537 DECIMI.

192 2571 333 2639 (Ms)
371 2572 481 2624 Per
513 2569 798 2624 Christum
834 2570 1141 2623 Dominum
1178 2577 1456 2624 nostrum.
1494 2569 1672 2633 Quem
1705 2587 1807 2641 pro

131 2660 297 2713 salute
345 2659 649 2713 hominum
716 2658 1091 2723 nasciturum,
1155 2659 1379 2712 Gabriel
1435 2660 1810 2730 archangelus

135 2749 434 2814 nuntiavit;
473 2748 628 2817 virgo
659 2748 849 2813 Maria,
904 2746 1150 2817 Spiritus
1174 2748 1351 2800 sancti
1383 2749 1806 2817 cooperatione,

132 2837 408 2906 concepit;
448 2840 507 2890 ut
540 2836 692 2906 quod
724 2836 978 2906 angelica
1012 2835 1299 2889 nuntiavit
1330 2836 1668 2899 sublimitas,
1702 2837 1805 2907 vir-

134 2926 289 2993 ginea
341 2925 603 2979 crederet
648 2925 890 2994 puritas,
926 2924 1231 2977 ineffabilis
1270 2925 1567 2994 perficeret
1605 2925 1805 2979 deitas.

132 3013 272 3067 Illius
305 3014 501 3085 itaque
532 3018 816 3083 optamus,
871 3018 925 3067 te
958 3012 1300 3082 opitulante,
1330 3029 1563 3067 cernere
1606 3014 1807 3067 faciem

137 3102 245 3157 sine
275 3102 630 3169 confusione,
662 3103 823 3172 cujus
876 3102 1285 3155 incarnationis
1336 3103 1654 3172 gaudemus
1713 3120 1807 3155 so-

132 3188 447 3257 lemnitate;
481 3196 761 3261 quatenus
810 3190 1098 3260 purificati
1122 3190 1379 3261 jejuniis,
1413 3191 1632 3245 cunctis
1666 3208 1807 3261 pur-

133 3279 237 3348 gati
267 3296 297 3332 a
324 3279 486 3333 vitiis
532 3278 741 3333 natalis
773 3279 894 3349 ejus
922 3280 1205 3334 interesse
1236 3295 1565 3334 mereamur
1603 3281 1810 3335 solem-

134 3367 285 3421 nibus
309 3368 491 3421 festis.

796 3470 984 3511 FERIA
1042 3471 1131 3509 VI.

196 3545 415 3597 Eterne
476 3543 642 3597 Deus.
692 3544 802 3609 Qui
855 3545 1238 3599 sanctificator
1288 3550 1344 3599 et
1401 3546 1694 3601 institutor
1750 3564 1809 3601 es

137 3631 481 3687 abstinentia:
513 3632 674 3702 cujus
702 3632 895 3686 nullus
946 3632 1076 3686 ﬁnis
1131 3634 1439 3705 nullusque
1485 3639 1570 3688 est
1604 3652 1807 3690 nume-

135 3732 237 3785 rus,
264 3719 511 3784 effunde,
546 3735 895 3789 quaesumus,
948 3736 1119 3791 super
1148 3738 1251 3775 nos
1300 3722 1359 3775 in
1417 3722 1617 3776 diebus
1650 3725 1808 3793 jeju-

135 3807 338 3864 niorum
383 3813 719 3862 nostrorum
768 3809 1037 3878 spiritum
1100 3810 1299 3880 gratia:
1332 3812 1614 3877 salutaris,
1649 3812 1808 3866 etab

136 3896 381 3950 omnibus
428 3913 536 3950 nos
582 3897 1111 3967 perturbationibus
1159 3899 1352 3952 saeculi
1380 3900 1551 3969 hujus
1584 3905 1683 3955 tua
1710 3901 1807 3955 de-

136 3982 371 4038 fensione
392 4000 698 4049 conserva;
752 3989 815 4038 ut
846 3985 948 4055 qui
990 3986 1283 4056 Unigeniti
1316 3986 1400 4040 tui
1455 3988 1809 4043 celebramus

138 4071 448 4139 adventum,
479 4073 815 4127 continuum
839 4075 959 4144 ejus
989 4076 1303 4128 sentiamus
1335 4076 1634 4131 auxilium.

437 4194 724 4235 SABBATO
768 4196 832 4235 IN
872 4196 963 4236 XII
1012 4197 1457 4238 LECTIONIBUS.

198 4268 559 4337 (G.)Eterne
602 4270 767 4323 Deus.
813 4270 920 4334 Qui
949 4286 1065 4324 non
1114 4272 1301 4325 solum
1338 4277 1571 4342 peccata
1613 4273 1807 4327 dimit-

141 4355 222 4419 tis,
250 4358 343 4411 sed
393 4358 515 4428 ipse
546 4359 719 4411 etiam
762 4359 1042 4428 justilicas
1068 4365 1411 4429 peccatores,
1448 4367 1506 4415 et
1549 4362 1660 4415 reis
1692 4380 1810 4417 non

143 4447 341 4498 tantum
374 4462 575 4515 poenas
606 4448 843 4512 relaxas,
879 4448 975 4500 sed
1005 4448 1156 4500 dona
1188 4448 1413 4518 largiris
1453 4454 1510 4502 et
1548 4452 1809 4520 praemia,

144 4531 286 4599 cujus
312 4548 410 4586 nos
437 4534 706 4603 pietatem
736 4535 1017 4604 supplices
1052 4551 1349 4588 exoramus
1372 4542 1434 4589 ut
1452 4539 1550 4608 qui
1576 4539 1811 4609 jejuniis

146 4622 193 4670 et
220 4620 354 4673 votis
383 4622 735 4675 solemnibus
765 4623 1123 4676 nativitatem
1160 4625 1448 4694 Unigeniti
1479 4628 1562 4680 tui
1590 4643 1808 4697 prteve-

146 4706 334 4775 nimus,
366 4709 519 4762 illius
548 4710 700 4763 dono
733 4714 790 4763 et
831 4711 1136 4780 praesentis
1195 4713 1324 4766 vita:
1358 4715 1810 4783 perturbationi-

147 4790 237 4845 bus
263 4811 551 4851 careamus
582 4802 637 4851 et
666 4802 880 4853 mtema
909 4816 1152 4854 munera
1175 4802 1489 4872 capiamus.

273 4916 584 4959 DOIINICA
626 4919 854 4960 VACAT.
892 4921 1085 4961 SIVEI
1125 4923 1289 4962 ANTE
1330 4924 1475 4964 NAT.
1516 4924 1664 4965 DOI.

210 4988 305 5042 Per
332 4992 627 5047 Christum"
649 4994 955 5049 Dominum
990 5002 1269 5051 nostrum.
1332 4999 1513 5062 Quem
1562 5001 1814 5053 Joannes

151 5078 414 5139 praecessit
438 5081 743 5146 nascendo,
782 5081 919 5134 etin
946 5082 1171 5137 deserto
1202 5086 1381 5139 eremi
1419 5085 1810 5155 pradicando,

155 5164 202 5212 et
227 5162 277 5215 in
307 5166 531 5220 fluentis
559 5168 823 5222 Iordanis
868 5170 1229 5240 baptizando,
1265 5178 1322 5227 et
1369 5174 1441 5228 ad
1473 5174 1696 5228 inferna
1722 5175 1815 5229 de-

156 5251 472 5321 scendendo,
508 5257 667 5326 cujus
685 5260 1027 5313 venerandae
1050 5261 1372 5316 Nativitatis
1393 5264 1657 5333 proxime
1680 5279 1815 5317 ven-

160 5338 271 5391 tura
307 5342 647 5411 solemnitas,
708 5345 787 5399 ita
832 5364 953 5415 nos,
1003 5366 1354 5420 quaesumus,
1402 5352 1503 5405 tibi
1576 5352 1817 5423 placitos

160 5425 355 5495 reddat,
391 5438 451 5485 ut
490 5450 619 5487 cum
654 5434 840 5489 fructu
893 5437 1179 5492 bonorum
1238 5457 1478 5511 operum
1518 5442 1587 5495 ad
1639 5457 1817 5512 regna

164 5515 385 5572 C(elestia
414 5520 768 5590 introducat;
805 5528 867 5578 ut
892 5527 1208 5595 parandam
1239 5528 1293 5581 in
1314 5529 1578 5584 cordibus
1605 5531 1815 5583 nostris

470 5621 745 5686 PATROL.
800 5623 1004 5689 CXXI.

1084 263 1297 319 LIBER
1339 264 2059 322 SACRAMENTORUM.—
2083 264 2393 320 PRMFAT.
2436 264 2665 329 ANTIQ.

3526 272 3627 327 906

1842 399 1887 450 Α
1916 396 2067 450 viam
2095 396 2357 463 Domino,
2390 395 2722 467 fructusque
2776 395 2981 466 dignos
3012 398 3367 467 paenitentiae
3396 399 3613 453 facien-

1919 485 2008 551 da,
2046 502 2149 554 per
2178 485 2645 555 praedicationem
2674 486 2905 538 Joannis
2935 486 3400 556 obtemperemus
3427 490 3610 542 moni-

1922 574 1991 626 tis
2019 574 2348 627 Salvatoris.
2384 574 2588 644 Sicque
2620 578 3022 643 perveniamus
3054 592 3153 645 per
3186 576 3368 630 ﬁlium
3401 578 3613 631 sterilis

1920 662 1990 715 ad
2022 660 2204 715 filium
2249 662 2505 731 virginis,
2549 678 2652 731 per
2680 663 2915 715 Joanem
2972 663 3266 716 hominem
3314 681 3613 735 maguum,

1917 751 1987 803 ad
2052 750 2318 803 eumdem
2369 751 2676 804 Dominum
2734 756 3011 818 nostrum,
3064 752 3360 806 hominem
3417 756 3616 809 Deum.

1917 839 2023 902 Qui
2071 839 2214 892 sicut
2260 840 2417 892 venit
2470 839 2537 893 ad
2591 855 2693 893 nos
2737 840 3139 893 redimendum
3207 843 3480 908 occultus,
3544 843 3622 896 ita

1917 927 2195 997 justiﬁcet
2230 943 2359 981 cum
2382 927 2601 980 venerit
2634 928 2699 981 ad
2726 927 3103 997 judicandum
3125 929 3485 983 manifestus.

2420 1048 2483 1087 IN
2532 1048 2721 1089 FESTO
2756 1049 2805 1088 S.
2856 1049 3124 1089 FELICIS.

1993 1121 2216 1175 Alterne
2248 1122 2412 1175 Deus.
2450 1123 2513 1175 Et
2544 1122 2961 1175 confessionem
3010 1122 3065 1177 S.
3111 1123 3310 1177 Felicis
3340 1141 3621 1179 memora-

1924 1209 2098 1263 bilem
2128 1227 2245 1263 non
2272 1216 2488 1275 tacere;
2523 1211 2623 1281 qui
2656 1228 2759 1264 nec
2792 1212 3070 1265 hmreticis
3099 1213 3489 1282 pravitatibus,
3514 1230 3619 1267 nec

1920 1298 2110 1351 saeculi
2154 1298 2585 1364 blandimentis,
2628 1316 2659 1351 a
2709 1298 2798 1352 sui
2849 1303 3029 1352 status
3065 1299 3409 1353 rectitudine
3439 1302 3623 1371 potuit

1920 1386 2247 1453 immutari;
2282 1387 2377 1440 sed
2420 1388 2571 1441 inter
2602 1392 2840 1458 utraque
2890 1388 3220 1441 discrimina
3250 1389 3501 1443 veritatis
3533 1406 3621 1442 as-

1922 1481 2128 1541 sertor,
2162 1476 2492 1530 firmitatem
2544 1494 2661 1529 suae
2692 1476 2824 1529 ﬁdei
2856 1492 2971 1529 non
3016 1477 3267 1547 reliquit.
3315 1479 3423 1532 Per
3456 1479 3618 1533 Chri-

1925 1568 2101 1618 stum.

2391 1668 2453 1706 IN
2496 1667 2687 1707 FESTO
2725 1668 2775 1707 S.
2817 1668 3162 1707 MARCELLI.

1991 1760 2217 1812 Eterne
2260 1759 2428 1811 Deus.
2489 1758 2595 1821 Qui
2642 1758 2981 1827 glorificaris
3024 1758 3083 1811 in
3129 1764 3362 1813 tuorum
3395 1760 3619 1813 confes-

1922 1847 2081 1900 sione
2110 1850 2456 1914 sanctorum,
2487 1852 2542 1899 et
2572 1863 2684 1899 non
2717 1848 2901 1900 solum
2946 1848 3440 1901 excellentioribus
3467 1864 3614 1917 prm-

1923 1934 2051 1987 miis
2084 1940 2399 2004 martyrum
2434 1939 2666 1987 tuorum
2697 1935 2901 1987 merita
2936 1935 3183 2004 gloriosa
3232 1936 3615 2005 prosequeris,

1920 2023 2019 2076 sed
2073 2024 2248 2076 etiam
2306 2039 2465 2075 sacra
2520 2023 2793 2092 mysteria
2850 2024 3309 2093 competentibus
3368 2024 3613 2077 servitiis

1921 2116 2309 2182 exsequentes,
2363 2112 2636 2181 gaudium
2699 2112 2925 2166 Domini
2975 2112 3063 2165 sui
3092 2112 3299 2166 tribuis
3330 2112 3615 2183 benignus

1920 2200 2157 2255 intrare.
2196 2202 2301 2254 Per
2332 2200 2641 2254 Christum.

2031 2323 2093 2361 IN
2130 2322 2320 2361 FESTO
2349 2321 2437 2360 SS.
2473 2322 2733 2361 FABIANI
2772 2322 2843 2360 ΕΤ
2880 2321 3264 2361 SEBASTIANI
3304 2321 3501 2361 MART.

1991 2415 2217 2467 Eterne
2260 2414 2426 2466 Deus.
2461 2412 2743 2476 Quoniam
2790 2412 3091 2465 beatorum
3141 2418 3459 2482 martyrum
3507 2414 3610 2467 Fa-

1918 2501 2076 2555 biani
2108 2506 2164 2555 et
2193 2500 2511 2555 Sebastiani
2540 2517 2640 2569 pro
2669 2501 3022 2553 confessione
3057 2501 3305 2554 nominis
3330 2502 3413 2554 tui
3444 2518 3614 2555 vene-

1920 2591 2115 2644 rabilis
2148 2590 2380 2659 sanguis
2408 2587 2640 2654 elIusus,
2676 2588 2845 2641 simul
2874 2594 2929 2641 et
2982 2593 3080 2641 tua
3113 2590 3395 2643 mirabilia
3427 2590 3616 2644 mani-

1920 2680 2104 2745 festat,
2139 2678 2235 2748 qui
2269 2678 2494 2747 perticis
2517 2677 2575 2730 in
2607 2676 2943 2731 infirmitate
2974 2677 3267 2743 virtutem,
3301 2682 3359 2731 et
3405 2678 3615 2732 nostris

1921 2767 2122 2821 studiis
2162 2768 2260 2820 das
2304 2766 2647 2835 profectum,
2683 2770 2739 2819 et
2770 2766 3014 2819 infirmis
3067 2767 3221 2838 apud
3265 2772 3319 2821 te
3375 2772 3611 2838 praestas

1920 2856 2215 2910 auxilium.
2252 2856 2356 2909 Per
2387 2854 2696 2909 Christum.

2302 2981 2363 3019 IN
2403 2980 2591 3020 FBSTO
2628 2977 2887 3019 SANCT/E
2926 2980 3221 3019 AGNBTIS.

1992 3073 2118 3143 (Α.)
2151 3075 2377 3127 Eterne
2412 3074 2576 3126 Deus.
2622 3073 2685 3125 Et
2714 3071 2863 3125 diem
2910 3070 3089 3125 beatae
3123 3072 3359 3141 Agnetis
3390 3077 3607 3143 marty-

1918 3164 2005 3217 rio
2038 3166 2426 3217 consecratam
2445 3160 2796 3227 solemniter,
2825 3165 2966 3227 etc.,
2998 3165 3058 3213 ut
3078 3175 3199 3229 sup.
3226 3163 3368 3215 inter
3383 3164 3605 3231 pra/at.

2024 3250 2104 3303 br.

2024 3254 2104 3303 br.

1916 3254 2019 3305 Am
2266 3333 2328 3373 IN
2370 3333 2563 3373 γεετο
2598 3332 2649 3373 8.
2687 3332 3025 3372 γικεειιτιι
3068 3332 3260 3372 un.

1990 3424 2220 3478 Eterne
2262 3425 2422 3477 Deus.
2470 3425 2576 3477 Per
2628 3421 2915 3476 Christum
2968 3421 3274 3475 Dominum
3317 3426 3603 3477 nostrum.

1919 3514 2026 3567 Pro
2057 3514 2219 3583 cujus
2258 3512 2490 3565 nomine
2521 3511 2803 3581 gloriosus
2833 3510 3002 3563 levita
3033 3509 3359 3564 Vincentius
3412 3516 3467 3565 et
3497 3510 3608 3565 mi-

1918 3601 2000 3654 les
2031 3601 2275 3655 invictus
2315 3600 2499 3654 rabidi
2532 3599 2713 3653 hostis
2773 3599 3053 3652 insaniam
3102 3598 3395 3652 interritus
3442 3599 3606 3667 adiit,

1917 3690 2208 3743 modestus
2252 3689 2537 3752 sustinuit,
2602 3703 2834 3741 securus
2892 3687 3118 3740 irrisit:
3162 3687 3343 3741 sciens
3375 3694 3607 3759 paratus

1917 3793 2039 3832 esse
2064 3784 2125 3830 ut
2157 3777 2445 3830 resisteret
2477 3793 2487 3828 :
2547 3776 2804 3828 nesciens
2862 3775 3043 3827 elatus
3074 3790 3215 3842 esse,
3269 3792 3384 3845 quo
3417 3776 3605 3831 vince-

1919 3871 2006 3920 ret
2038 3866 2093 3918 in
2133 3871 2374 3935 utroque
2430 3864 2686 3931 magistri
2736 3880 2798 3916 ac
2860 3863 3087 3916 Domini
3127 3864 3215 3916 sui
3248 3864 3486 3934 vestigia
3513 3880 3600 3919 se-

1918 3970 2101 4025 quens
2135 3955 2234 4024 qui
2264 3960 2317 4007 et
2373 3953 2710 4006 humilitatis
2742 3951 3131 4005 custodiendae
3162 3958 3219 4007 et
3246 3952 3316 4006 de
3345 3953 3606 4008 hostibus

1917 4043 2311 4114 triumphandi
2345 4044 2459 4096 suis
2485 4042 2776 4113 sequenda
2805 4041 3068 4111 exempla
3101 4042 3458 4099 monstravit.
3501 4044 3609 4096 Per

1919 4150 2112 4205 quem.

1995 4256 2057 4294 IN
2110 4255 2299 4294 FESTO
2343 4253 2819 4294 CONVERSIONIS
2864 4253 2915 4291 S.
2956 4251 3145 4291 PAULI
3194 4252 3525 4293 APOSTOLI.

1986 4348 2212 4399 Eterne
2289 4347 2455 4399 Deus.
2518 4345 2587 4397 Et
2664 4344 3025 4414 majestatem
3076 4348 3234 4399 tuam
3274 4346 3610 4415 suppliciter

1917 4450 2173 4499 exorare,
2205 4438 2270 4486 ut
2316 4434 2639 4499 Ecclesiam,
2668 4434 2834 4497 ,beati
2882 4433 3039 4486 Pauli
3074 4434 3317 4503 apostoli
3353 4436 3437 4488 tui
3470 4452 3612 4506 prte-

1918 4522 2201 4577 dicatione
2253 4523 2534 4585 edoctam,
2592 4521 2753 4574 nulla
2811 4522 2963 4574 sinas
3013 4522 3236 4575 fallacia
3292 4522 3515 4579 violari.
3544 4526 3613 4579 Et

1918 4610 2051 4681 quia
2113 4608 2257 4661 nihil
2314 4610 2371 4661 in
2415 4625 2546 4661 vera
2594 4609 2880 4676 religione
2938 4626 3172 4664 manere
3230 4610 3606 4680 dignoscitur,

1919 4700 2071 4770 quod
2105 4714 2221 4751 non
2250 4699 2373 4767 ejus
2403 4696 2688 4750 condierit
2718 4697 3040 4767 disciplina,
3075 4698 3155 4752 ita
3187 4699 3254 4752 ad
3280 4704 3611 4771 peragenda

1920 4805 1987 4843 ea
2018 4804 2145 4858 qum
2180 4787 2390 4849 docuit,
2421 4785 2543 4855 ejus
2584 4784 2843 4851 obtentu,
2872 4785 3139 4839 fidelibus
3172 4787 3458 4841 tribuatur
3486 4788 3608 4841 efli-

1919 4877 2092 4941 cacia,
2124 4875 2447 4945 sentiatque
2470 4871 2827 4926 credentium
2863 4874 3121 4943 gentium
3152 4875 3458 4929 multitudo
3477 4892 3609 4929 eum

1918 4980 2022 5035 pro
2053 4980 2110 5016 se
2141 4962 2293 5032 apud
2324 4967 2375 5014 te
2404 4961 2857 5025 intercessorem,
2892 4976 3064 5030 quem
3092 4961 3303 5015 habere
3362 4979 3421 5016 se
3451 4962 3610 5017 novit

1921 5053 2261 5121 magistrum
2294 5055 2466 5121 atque
2500 5049 2815 5103 doctorem.
2853 5051 2957 5102 Per
2973 5048 3177 5103 Christ.

2281 5173 2342 5211 IN
2383 5170 2627 5212 OCTAVA
2666 5170 2923 5210 SANCTE
2964 5170 3260 5210 AGNBTIS.

1993 5266 2219 5318 κεῖθι-[ιθ
2252 5264 2417 5318 Deus.
2456 5264 2642 5317 Beata:
2681 5263 2917 5333 Agnetis
2959 5262 3216 5316 natalitia
3254 5261 3612 5333 geminantes

1923 5369 2054 5407 vere
2094 5353 2247 5406 enim
2279 5352 2449 5422 hujus
2507 5352 2879 5406 honorandus
2927 5356 3013 5405 est
3041 5351 3183 5417 dies,
3217 5366 3346 5422 quae
3375 5350 3467 5404 hic
3496 5356 3609 5405 ter-

1924 5456 2062 5494 rena
2084 5440 2453 5511 generatione
2484 5438 2775 5509 processit,
2809 5444 2873 5493 ut
2922 5438 2993 5491 ad
3040 5438 3352 5492 divinitatis
3384 5455 3613 5493 consor-

1925 5529 2069 5583 tium
2102 5530 2445 5600 pervcuiret.
2485 5532 2588 5582 Per
2617 5527 2822 5580 Christ.

3222 5633 3307 5689 29
