4078 6180
456 311 561 363 907

825 458 889 496 IN
948 453 1138 494 FFSTO
1183 453 1438 492 SANCTJE
1492 453 1783 492 AGATIIE.

527 536 752 586 :Eterne
800 533 959 584 Deus.
1018 530 1125 581 Per
1178 528 1463 581 Christum
1515 528 1821 579 Dominum
1864 532 2139 580 nostrum.

456 624 564 675 Pro
596 620 763 689 cujus
802 617 1037 671 nomine
1070 632 1370 685 poenarum
1407 616 1722 685 mortisque
1752 622 2144 684 contemptum

452 710 511 762 in
546 713 786 777 utroque
822 722 955 758 sexu
985 704 1241 758 ﬁdelium
1272 704 1488 756 cunctis
1519 704 1782 756 aetatibus
1816 704 2103 757 contulisti
2129 720 2141 756 :

452 802 516 851 ut
546 796 694 849 inter
724 794 976 849 felicium
1011 798 1325 862 martyrum
1373 794 1592 861 palmas
1620 792 1880 862 Agathen
1911 809 2143 863 quoque

449 884 837 938 beatissimam
885 883 1167 952 virginem
1228 880 1441 933 victrici
1488 881 1763 949 patientia
1814 898 2138 934 coronares.

449 973 585 1036 Quae
620 989 719 1025 nec
752 972 922 1025 minis
954 971 1169 1035 territa,
1232 985 1335 1021 nec
1364 970 1658 1039 suppliciis
1719 974 2005 1039 superata,
2076 968 2143 1021 de

450 1062 660 1115 diaboli
691 1060 909 1113 saevitia
937 1058 1288 1127 trimphavit,
1326 1058 1463 1127 quia
1498 1058 1555 1110 in
1593 1062 1704 1110 tuae.
1755 1056 1979 1111 deitatis
2009 1072 2142 1111 con-

450 1150 691 1203 fessione
721 1148 1058 1218 permansit.
1096 1149 1158 1199 Et
1192 1148 1336 1199 ideo.

600 1254 670 1291 IN
714 1252 903 1291 FESTO
949 1250 1296 1289 CATIIEDRE
1337 1250 1387 1289 S.
1428 1250 1615 1288 PETRI
1667 1249 1997 1289 APOSTOLI.

524 1348 747 1397 Alterne
781 1344 947 1396 Deus.
984 1342 1050 1393 Et
1111 1345 1164 1393 te
1227 1341 1459 1393 laudare
1508 1340 1832 1394 mirabilem
1868 1342 2045 1394 Deum
2084 1339 2141 1393 in

450 1434 659 1486 sanctis
700 1431 829 1494 tuis,
878 1430 934 1482 in
989 1429 1197 1499 quibus
1252 1429 1603 1497 gloriticatus
1654 1446 1711 1482 es
1751 1430 2137 1495 vehementer,

451 1537 553 1592 per
584 1536 724 1590 quos
766 1518 1057 1585 Uuigeniti
1104 1518 1187 1569 tui
1236 1533 1460 1569 sacrum
1520 1534 1727 1587 corpus
1782 1534 2041 1583 exornas,
2088 1523 2143 1570 et

449 1611 505 1662 in
540 1609 747 1679 quibus
791 1606 1043 1658 Ecclesiae
1073 1610 1181 1657 tuze
1215 1605 1586 1658 fundamenta
1610 1606 1936 1671 constituis;
1966 1622 2140 1675 quam

448 1696 503 1748 in
560 1694 895 1764 patriarchis
944 1693 1213 1757 fundasti,
1250 1693 1309 1745 in
1353 1694 1650 1763 prophetis
1684 1695 2043 1764 prmparasti,
2080 1696 2139 1747 iu

446 1783 717 1852 apostolis
748 1782 1070 1834 condidisti.
1110 1782 1181 1833 Ex
1212 1783 1419 1850 quibus
1472 1783 1700 1835 beatum
1736 1784 1966 1835 Petrum
1998 1799 2140 1851 apo—

445 1872 719 1924 stolorum
758 1871 1096 1939 principem,
1133 1870 1203 1923 ob
1250 1871 1664 1924 confessionem
1700 1872 1958 1941 ejusdem
2011 1871 2139 1924 uni-

446 1960 623 2030 geniti
658 1960 778 2011 Filii
812 1960 914 2025 tui,
968 1976 1070 2027 per
1108 1976 1169 2011 os
1198 1960 1458 2028 ejusdem
1504 1960 1661 2013 verbi
1716 1960 1798 2012 tui
1832 1960 2133 2013 conﬁrma-

444 2055 592 2114 tum,
640 2049 698 2101 in
752 2049 1122 2101 fundamento
1166 2049 1370 2102 domus
1411 2054 1544 2113 tum,
1602 2054 1821 2101 mutato
1872 2050 2137 2117 nomine,

444 2137 757 2191 caelestium
821 2137 1196 2188 claustrorum
1260 2138 1566 2206 pratsulum
1596 2138 2006 2208 custodemque
2063 2138 2139 2191 fe-

444 2226 592 2286 cisti,
624 2225 816 2277 divino
848 2226 897 2276 ei
946 2226 1075 2293 jure
1133 2242 1422 2290 concesso,
1471 2230 1533 2277 ut
1564 2242 1691 2295 qua:
1736 2227 2028 2279 statuisset
2076 2228 2137 2279 in

444 2312 611 2365 terris
661 2317 1025 2363 servarentur
1072 2311 1131 2363 in
1187 2312 1388 2363 caelis:
1446 2311 1504 2364 in
1556 2312 1717 2381 cujus
1770 2312 2137 2365 veneratione

444 2399 725 2451 hodierna
753 2399 843 2451 die
894 2398 1176 2466 maiestati
1218 2406 1328 2452 tuae
1384 2400 1505 2452 hmc
1544 2400 1689 2453 festa
1737 2402 2133 2470 persolvimus,

440 2492 498 2540 et
549 2487 863 2556 gratiarum
914 2503 977 2539 ac
1032 2488 1213 2539 laudis
1275 2488 1522 2541 hostiam
1578 2489 1963 2542 immolamus.
2029 2490 2137 2542 Per

441 2576 708 2628 eumdem
742 2575 951 2628 Christ.

752 2695 816 2732 IN
858 2694 1047 2733 FESTO
1095 2694 1145 2731 S.
1190 2694 1453 2732 MATIIHE
1496 2696 1829 2735 APOSTOLI.

510 2771 736 2822 Aiterne
773 2771 935 2822 Deus.
968 2769 1033 2820 Et
1080 2774 1130 2819 te
1174 2769 1408 2821 laudare
1455 2770 1780 2823 mirabilem
1842 2772 2021 2824 Deum
2071 2772 2130 2824 in

438 2856 617 2909 beatis
647 2856 924 2924 apostolis
969 2856 1099 2921 tuis,
1137 2856 1193 2907 in
1235 2856 1444 2925 quibus
1478 2857 1831 2925 gloriﬁcatus
1861 2874 1919 2911 es
1960 2859 2129 2911 vehe-

438 2949 679 3009 menter,
714 2960 815 3012 per
845 2959 989 3013 quos
1020 2943 1305 3013 unigeniti
1348 2944 1429 2997 tui
1465 2961 1687 2999 sacrum
1744 2963 1947 3015 corpus
1971 2947 2127 3000 colli-

437 3032 543 3102 gis,
596 3037 649 3084 et
687 3032 745 3084 in
778 3032 986 3101 quibus
1035 3031 1295 3083 Ecclesiae
1336 3038 1448 3084 tua:
1494 3032 1868 3085 fundamenta
1917 3033 2121 3086 consti-

436 3122 594 3173 tuis:
643 3120 790 3173 unde
854 3120 1141 3189 poscimus
1204 3120 1572 3173 clementiam
1640 3126 1819 3188 tuam,
1870 3122 2124 3191 piissime

434 3209 799 3279 omnipotens
853 3212 1017 3273 Deus,
1081 3214 1144 3261 ut
1183 3209 1589 3261 intercessione
1638 3212 1696 3263 Β.
1743 3211 1993 3279 apostoli
2041 3212 2124 3263 tui

435 3299 677 3365 Mathiaz,
709 3299 871 3367 cujus
907 3297 1189 3367 passionis
1223 3298 1579 3367 triumphum
1611 3298 1941 3351 solemniter
1978 3300 2125 3351 cele-

433 3387 686 3452 bramus,
740 3402 1064 3439 mereamur
1107 3402 1137 3437 a
1186 3392 1549 3455 peccatorum
1595 3393 1926 3440 nostrorum
1974 3388 2125 3441 nexi-

433 3476 539 3529 bus
562 3476 723 3541 solvi,
758 3479 813 3527 et
843 3481 1074 3526 aeterna:
1102 3473 1229 3526 vitae
1262 3474 1520 3527 felicitati
1564 3476 1746 3539 reddi,
1798 3482 1969 3545 atque
2002 3493 2125 3529 san-

432 3569 650 3618 ctorum
683 3568 909 3615 tuorum
948 3562 1185 3614 cwtibus
1216 3563 1640 3615 connuinerari.
1688 3563 1794 3615 Per
1832 3565 2118 3618 eumdem.

750 3677 773 3701 τι
810 3672 894 3733 [liv
938 3682 1127 3721 μεετο
1163 3683 1213 3721 s.
1253 3682 1559 3722 anacoau
1592 3683 1792 3723 PAPE.

500 3759 725 3811 JEterne
792 3758 957 3810 Deus.
1014 3756 1119 3819 Qui
1155 3757 1386 3810 beatum
1438 3758 1780 3827 Gregorium
1829 3757 2119 3811 confesso-

428 3860 549 3899 rem
599 3849 762 3898 tuum
812 3850 983 3914 atque
1037 3844 1369 3912 pontiﬁcem
1420 3844 1667 3898 laetiﬁcas
1711 3845 1772 3898 in
1818 3862 1996 3915 regno
2022 3851 2119 3899 tuo

428 3934 487 3987 in
540 3933 891 3986 beatitudine
942 3949 1169 4000 semper
1218 3933 1339 3985 sine
1384 3933 1530 3999 ﬁne;
1588 3938 1651 3986 ut
1698 3935 1890 3987 omnia
1937 3934 2121 4003 possit

426 4022 618 4075 videre
676 4023 732 4075 in
785 4027 879 4073 tua
923 4022 1174 4074 claritate
1226 4021 1547 4075 mirabilis:
1605 4022 1703 4075 ubi
1752 4023 2118 4091 refrigerium

426 4107 735 4171 ineffabile,
798 4112 854 4157 et
918 4106 1112 4156 la-titia
1164 4104 1595 4170 inenarrabilis;
1655 4106 1754 4158 ubi
1813 4108 2118 4174 prmsentia

425 4194 729 4250 Salvatoris
763 4194 884 4246 Filii
921 4193 1001 4244 tui
1060 4193 1288 4245 Domini
1336 4192 1537 4257 nostri,
1582 4193 1640 4245 in
1681 4210 1854 4263 quem
1894 4211 2118 4265 semper

2188 438 2576 491 Anacliorum
2626 437 2814 507 gregis
2869 438 3077 507 dignus
3149 440 3318 491 Pater
3383 439 3609 492 effulsit.

1606 303 1942 357 CRIMALDI
1986 301 2509 359 SANGALLENSIS
2546 304 2839 359 ABBATIS
3848 310 3933 360 908

3680 440 3932 509 Quidqud

2257 527 2428 578 sacris
2461 527 2756 579 admonuit
2784 526 2971 589 dictis,
3002 526 3206 579 sanctis
3243 527 3501 596 implevit
3548 528 3856 597 operibus;
3886 533 3935 579 ut

2257 631 2429 685 quam
2460 614 2665 667 divinis
2697 615 3061 667 inchoaverat
3102 616 3347 667 oraculis
3395 616 3685 677 semitam,
3748 617 3934 669 lucidis

2256 708 2603 755 monstraret
2629 702 2923 772 exemplis.
2956 704 3023 757 Ut
3044 702 3293 772 gloriosa
3327 704 3742 757 monachorum
3766 704 3932 773 plebs,

2255 796 2494 860 paterna
2526 791 2754 844 intuens
2794 792 3053 860 vestigia,
3090 791 3157 844 ad
3209 797 3489 861 perpetua
3526 792 3669 845 lucis
3716 798 3933 846 interna:

2257 880 2493 949 praemia
2528 880 2722 932 venire
2746 883 3080 933 mereretur.
3110 881 3216 933 Per
3241 880 3569 946 Christum.]

2365 1001 2427 1040 IN
2463 1001 2651 1041 PESTO
2685 1000 3249 1041 ANNUNTIATIONIS
3282 1001 3538 1041 SANCTxE
3582 1001 3835 1041 ΠΔΩΙᾸΞ.

2325 1094 2550 1147 Aiterne
2599 1095 2765 1154 Deus.
2817 1092 2925 1158 Qui
2976 1093 3155 1147 beatae
3200 1093 3386 1147 Maria:
3428 1092 3663 1162 virginis
3718 1098 3933 1162 partum

2255 1182 2512 1235 Ecclesia:
2536 1187 2648 1234 tua:
2684 1182 2936 1235 tribuisti
2970 1183 3259 1235 celebrare
3288 1181 3548 1233 mirabiie
3583 1181 3932 1249 mysterium,

2254 1273 2308 1321 et
2342 1270 2723 1323 inenarrabile
2760 1275 3205 1332 sacramentum,
3252 1270 3309 1321 in
3358 1285 3471 1338 qua
3511 1274 3705 1320 manet
3735 1270 3935 1320 intacta

2254 1358 2501 1421 castitas,
2528 1359 2712 1428 pudor
2743 1358 2985 1427 integer,
3038 1359 3203 1411 ﬁrma
3235 1357 3568 1410 constantia.
3622 1358 3756 1420 Quae
3792 1358 3933 1408 laeta-

2252 1450 2344 1497 tur
2376 1446 2527 1515 quod
2557 1446 2718 1515 virgo
2753 1448 3035 1516 concepit,
3070 1447 3218 1517 quod
3261 1446 3383 1499 coeli
3422 1445 3727 1498 Dominum
3774 1445 3931 1497 castis

2252 1535 2504 1602 portavit
2533 1534 2865 1599 visceribus,
2905 1534 3056 1604 quod
3096 1536 3255 1603 virgo
3287 1534 3464 1587 edidit
3496 1539 3725 1602 partum
3756 1532 3933 1586 admi-

2250 1622 2489 1675 randam
2551 1623 2759 1675 divinae
2814 1623 3260 1691 dispensationis
3304 1623 3721 1692 Operationem,
3816 1637 3929 1690 quae

2182 1718 2220 1769 Β
2252 1710 2435 1763 virum
2464 1727 2581 1763 non
2610 1712 2897 1779 cognovit,
2953 1716 3007 1763 et
3046 1717 3229 1764 mater
3266 1717 3381 1775 est;
3407 1716 3461 1763 et
3495 1716 3622 1779 post
3650 1709 3841 1763 ﬁlium
3863 1714 3932 1761 est

2254 1798 2451 1867 virgo:
2513 1799 2734 1851 duobus
2792 1800 2945 1851 enim
3021 1799 3215 1866 givisa
3276 1799 3631 1858 muneribus,
3696 1799 3929 1851 miratur

2250 1886 2401 1955 quod
2462 1886 2623 1956 virgo
2695 1888 2941 1956 peperit,
2997 1888 3221 1940 laetatur
3292 1888 3442 1957 quod
3495 1887 3929 1956 Redemptorem

2251 1975 2451 2028 mundi
2508 1976 2688 2029 edidit
2748 1978 2938 2029 Jesum
2971 1975 3259 2029 Christum
3307 1975 3620 2029 Dominum
3652 1981 3925 2040 nostrum,

2249 2065 2356 2117 Per
2388 2080 2579 2134 quem.

2252 2187 2313 2225 IN
2375 2186 2605 2225 NATALI
2646 2187 2733 2225 SS.
2771 2186 3089 2237 TIBURTII,
3130 2186 3513 2237 YALERIANI,
3555 2186 3623 2225 ET
3664 2186 3921 2225 MAXIIII.

2317 2278 2545 2331 iEterne
2598 2279 2762 2331 Deus.
2825 2278 2888 2330 Et
2938 2278 2998 2330 in
3063 2283 3389 2331 sanctorum
3448 2284 3761 2347 martyrum
3811 2283 3923 2331 tuo-

2245 2381 2371 2417 rum
2400 2365 2705 2418 festivitate
2738 2366 2990 2431 laudare,
3022 2366 3124 2435 qui
3174 2382 3399 2435 semper
3446 2384 3504 2419 es
3540 2366 3842 2419 laudabilis
3871 2367 3923 2419 in

2240 2460 2471 2505 tuorum
2505 2455 3047 2508 commemoratione
3071 2460 3419 2519 sanctorum,
3456 2456 3554 2525 qui
3602 2488 3609 2501 .
3638 2463 3653 2505 t
3701 2471 3917 2523 magna;

2242 2540 2376 2594 ﬁdei
2410 2542 2636 2611 largiris
2677 2543 2963 2608 atfectum,
2998 2548 3050 2594 et
3080 2542 3439 2595 tolerantiam
3480 2543 3685 2595 tribuis
3719 2544 3923 2613 passio-

2244 2647 2404 2695 num,
2441 2635 2495 2682 ct
2527 2631 2748 2700 antiqui
2788 2631 2968 2684 hostis
3009 2631 3144 2684 facis
3194 2648 3460 2701 superare
3506 2632 3924 2684 machinamen-

2244 2721 2365 2770 tum
2401 2735 2413 2771 :
2450 2734 2563 2788 quo
2596 2719 2811 2787 egregii
2850 2725 3125 2788 martyres
3149 2718 3231 2771 tui
3260 2720 3328 2772 ad
3360 2720 3701 2789 capiendam
3735 2736 3920 2789 snper-

2242 2822 2450 2859 norum
2476 2806 2889 2861 beatitudinem
2922 2808 3318 2877 praemiorum,
3342 2809 3515 2861 nullis
3545 2809 3924 2878 impediantur

2241 2896 2572 2948 retinaculis
2599 2896 3145 2949 blandimentorum.
3186 2898 3247 2949 Et
3274 2897 3421 2950 ideo.

2523 2999 2609 3071 [IN
2647 3017 2880 3056 manu
2918 3017 3261 3059 S.GEORGII
3292 3017 3647 3057 MARTYRIS.

2304 3109 2531 3160 Eterne
2588 3109 2752 3161 Deus.
2802 3110 2907 3161 Per
2955 3108 3244 3162 Christum
3283 3109 3587 3162 Dominum
3650 3113 3915 3163 nostrum.

2234 3196 2342 3248 Pro
2400 3197 2559 3265 cujus
2628 3196 2861 3249 nomine
2920 3199 3242 3250 veneranda
3295 3198 3652 3251 confessione
3732 3198 3917 3251 beatus

2234 3290 2450 3353 martyr
2480 3284 2753 3354 Georgius
2810 3286 3029 3337 diversa
3088 3286 3367 3355 supplicia
3418 3286 3709 3350 sustinuit,
3768 3293 3820 3339 et
3858 3300 3918 3338 ea

2232 3374 2556 3437 devincens,
2610 3373 3013 3443 perpetuitatis
3080 3375 3399 3444 promeruit
3463 3390 3755 3429 coronam.
3808 3376 3918 3441 Per

2233 3460 2461 3530 Christ.]

2489 3564 2552 3602 IN
2593 3564 2831 3603 NATALI
2866 3566 2917 3604 S.
2959 3565 3155 3605 MARCI
3194 3566 3673 3606 EVANGELISTAE.

2298 3654 2525 3706 IEterne
2587 3655 2731 3707 Deus
2779 3671 2882 3724 per
2938 3656 3225 3709 Christum
3280 3656 3589 3709 Dominum
3640 3660 3906 3710 nostrum.

2230 3742 2402 3810 Cujus
2441 3742 2623 3811 gratia
2658 3744 2886 3795 beatum
2939 3744 3185 3798 Marcum
3218 3745 3276 3798 in
3307 3746 3689 3800 sacerdotium
3723 3746 3902 3815 elegit,

2233 3830 2489 3883 doctrina
2510 3831 2578 3884 ad
2608 3832 3034 3900 praedicandum
3064 3834 3298 3898 erudiit,
3334 3834 3589 3903 potentia
3644 3835 3711 3887 ad
3740 3850 3908 3904 perse-

2230 3918 2538 3971 verandum
2560 3920 2920 3972 conﬁrmavit
2952 3937 2963 3974 :
3008 3926 3070 3973 ut
3100 3938 3202 3991 per
3229 3923 3637 3975 sarerdotalem
3678 3922 3904 3974 infulam

2228 4006 2551 4076 perveniret
2583 4012 2638 4059 et
2681 4008 2748 4060 ad
2794 4008 3054 4077 martyrii
3099 4010 3371 4077 palmam.
3408 4012 3740 4079 Docensque
3777 4010 3904 4061 sub-

2229 4094 2376 4147 ditos
2405 4095 2788 4165 praedicando,
2829 4096 3118 4151 instruens
3161 4099 3384 4151 vivendi
3447 4102 3730 4169 exemplo,
3772 4114 3903 4149 con-

2226 4183 2462 4236 ﬁrmans
2501 4184 2809 4253 patiendo:
2871 4192 2936 4238 ut
2980 4186 3049 4238 ad
3098 4192 3153 4239 te
3193 4187 3553 4240 coronandus
3599 4185 3904 4256 pervenerit

424 4283 683 4335 laetantes
741 4281 1069 4349 prospicere
1114 4280 1441 4333 desiderant
1469 4282 1680 4350 angeli,
1711 4284 1951 4337 adorant
2005 4284 2113 4338 do-
2151 4275 2197 4330 Β
2222 4272 2320 4341 (Illi
2350 4276 2781 4341 Ρθτθοοιιῑονυω
2812 4273 2995 4327 Minas
3044 4274 3363 4345 intrepidus
3415 4280 3750 4345 superasset
3798 4276 3902 4326 Cu-

424 4369 788 4433 minationes,
824 4372 1077 4420 tremunt
1104 4373 1211 4421 etc.

1215 4474 1366 4528 Alia.

490 4565 713 4616 Aiterne
751 4564 915 4616 Deus.
955 4561 1099 4625 Quia
1130 4562 1206 4615 sic
1249 4563 1452 4616 tribuis
1512 4565 1815 4620 Ecclesiam
1864 4572 2020 4621 tuam
2052 4568 2107 4622 S.

419 4648 676 4719 Gregorii
709 4651 990 4721 pontiﬁcis
1032 4652 1112 4703 tui
1150 4655 1697 4707 commemoratione
1736 4658 2005 4724 gaudere,
2050 4663 2111 4711 ut

417 4752 543 4790 eam
572 4755 799 4807 semper
831 4740 981 4791 illius
1014 4745 1069 4792 et
1108 4741 1415 4793 festivitate
1444 4742 1715 4808 laetitices,
1754 4750 1810 4797 et
1847 4748 2106 4815 exemplo

415 4828 523 4896 piae
578 4827 1029 4880 conversationis
1070 4844 1353 4894 exerceas,
1396 4836 1448 4881 et
1472 4832 1642 4883 verbo
1685 4832 2106 4900 praedicationis

415 4915 663 4981 erudias,
700 4922 974 4987 grataque
1007 4917 1107 4969 tibi
1134 4918 1550 4987 supplicatione
1582 4918 1833 4989 tuearis]

608 5021 695 5090 [IN
742 5037 928 5075 rasro
970 5037 1422 5077 DEPOSlTlONlS
1458 5038 1505 5077 s.
1541 5040 1907 5081 BENEDICTI.

486 5110 715 5164 .IEterne
780 5112 946 5163 Deus.
1001 5111 1405 5164 Ilonorandum
1484 5113 1659 5165 Patris
1713 5115 1999 5168 Benedicti
2049 5119 2105 5170 et

411 5198 725 5267 gloriosum
763 5198 1115 5251 celebrantes
1160 5199 1333 5264 diem,
1382 5200 1439 5251 in
1473 5217 1586 5270 quo
1635 5202 1744 5254 hoc
1790 5203 1951 5256 triste
1992 5220 2101 5258 sae-

410 5288 602 5340 culum
630 5286 917 5351 deserens,
947 5287 1011 5339 ad
1046 5287 1289 5339 caelestis
1337 5289 1540 5356 patria:
1568 5290 1777 5358 gaudia
1832 5292 2103 5361 migravit

410 5379 644 5429 aeterna.
677 5374 785 5439 Qui
817 5374 994 5428 sancti
1028 5375 1271 5444 Spiritus
1303 5376 1508 5446 repleti
1541 5377 1711 5445 dono,
1758 5380 1945 5434 decori
1977 5397 2095 5435 mo-

2217 4362 2312 4431 jus
2373 4360 2729 4416 interventus
2796 4380 2919 4428 nos,
2971 4380 3320 4434 quaesumus,
3354 4380 3386 4416 a
3435 4365 3646 4417 nostris
3674 4361 3897 4416 mundet

2224 4446 2466 4514 delictis,
2500 4448 2599 4518 qui
2628 4448 2731 4502 tibi
2761 4450 2974 4520 placuit
3032 4456 3119 4505 tot
3154 4451 3441 4505 donorum
3498 4448 3897 4522 praerogativis,

2223 4536 2332 4589 Per
2356 4552 2549 4605 quem.

2680 4642 2743 4681 IN
2796 4642 3029 4682 NATALI
3070 4642 3121 4681 S.
3175 4642 3460 4682 VITALIS.

2294 4733 2397 4800 (G.,
2424 4731 2559 4802 MS.)
2608 4734 2672 4786 Et
2714 4734 3069 4803 majestatem
3101 4740 3259 4788 tuam
3290 4734 3625 4805 suppliciter
3654 4746 3887 4789 exorare.

2220 4824 2413 4872 utnon
2446 4836 2549 4873 nos
2579 4827 2789 4875 nostra).
2823 4823 3077 4890 malitiae,
3122 4824 3218 4877 sed
3250 4824 3627 4893 indulgentia!
3684 4835 3894 4889 semper

2217 4909 2519 4977 proveniat
2538 4909 2789 4964 effectus.
2823 4911 2933 4974 Qui
2958 4928 3062 4965 nos
3092 4928 3123 4964 a
3144 4912 3327 4965 noxiis
3359 4913 3738 4983 voluptatibus
3755 4924 3892 4961 sem-

2216 5012 2317 5065 per
2362 4998 2643 5068 expediat,
2705 5004 2759 5053 et
2815 5015 2849 5053 a
2901 5000 3208 5054 mundanis
3287 5001 3543 5055 cladibus
3599 5001 3890 5055 clementer

2214 5084 2439 5154 eripiat.

2287 5206 2350 5246 IN
2391 5207 2627 5247 NATALI
2664 5208 3127 5249 APOSTOLOBUI!
3160 5209 3452 5249 PHILIPPI
3483 5210 3554 5249 ET
3587 5204 3814 5248 JACOBI.

2282 5296 2394 5366 (ϐ.)
2417 5298 2643 5351 ΑΞῐεΓηΘ
2677 5300 2843 5352 Deus.
2879 5300 2987 5363 Qui
3023 5301 3327 5355 Ecclesiam
3381 5308 3538 5356 tuam
3580 5301 3634 5354 in
3672 5301 3887 5367 aposto-

2208 5384 2318 5437 lica
2370 5386 2652 5441 soliditate
2703 5387 2966 5454 ﬁrmasti,
3016 5390 3084 5444 de
3145 5407 3391 5460 quorum
3444 5389 3712 5445 consortio
3746 5391 3881 5438 sunt

478 5539 503 5564 ι
528 5530 903 5586 RecentiorD.
937 5532 1380 5603 Gregoriizetate
1409 5550 1586 5606 quare
1607 5537 1767 5591 uncis
1796 5538 1942 5594 hanc
1966 5543 2024 5594 et
2050 5540 2268 5596 similes
2290 5543 2647 5599 inclusimus.
