4078 6180
115 313 217 364 909

1065 311 1270 368 LIBER
1311 311 1945 371 SACRAMENTORUM.
1977 345 2045 353 —
2076 315 2382 371 PBAEFAT.
2428 318 2652 383 ANTIQ.

3507 324 3613 378 9I0

116 448 317 501 beatus
349 448 649 517 Philippus
681 453 737 501 et
764 422 1023 516 Iacobus,
1060 466 1307 520 quorum
1341 450 1509 504 hodie
1543 450 1684 504 festa
1710 467 1802 504 ve-
1845 456 1888 505 A
1923 452 2185 521 Baptista:
2217 458 2271 507 et
2295 455 2589 523 prorhetaa
2620 456 2877 523 Joannis,
2927 474 3055 510 cum
3104 459 3309 527 gaudio
3357 461 3615 515 celebre—

118 553 411 600 neramur,
439 544 733 606 poscentes
765 544 828 591 ut
857 538 1005 591 sicut
1034 552 1234 593 eorum
1264 540 1535 592 doctrinis
1567 540 1811 593 institui-

117 642 269 689 mur,
294 626 375 678 ita
396 626 669 694 exemplis
694 626 1049 694 muniamur,
1079 632 1133 680 et
1154 628 1418 697 precibus
1451 628 1807 698 adjuvemur.

118 714 226 767 Per
257 714 544 767 Christum
577 714 885 767 Dominum
922 718 1203 768 nostrum.

299 835 362 873 IN
403 834 594 874 FESTO
626 835 1045 875 INVENTIONIS
1085 836 1339 875 SANC'I‘E
1379 836 1627 875 CRUCIS.

188 909 421 961 Aiterne
465 908 634 961 Deus.
691 910 797 961 Per
846 909 1133 962 Christum
1180 909 1489 963 Dominum
1529 914 1809 963 nostrum.

117 995 229 1058 Qui
260 1011 364 1066 per
394 996 720 1066 passionem
754 997 936 1049 crucis
968 997 1249 1050 mundum
1278 997 1541 1062 redemit,
1574 1002 1629 1050 et
1659 999 1808 1050 anti—

119 1099 252 1153 quas
312 1083 529 1137 arboris
590 1084 1014 1138 amarissimum
1058 1090 1287 1154 gustum
1339 1086 1521 1139 crucis
1568 1086 1814 1138 medica-

119 1172 278 1225 mine
310 1172 655 1238 indulcavit;
703 1176 1067 1244 mortemque
1098 1190 1226 1243 quae
1261 1190 1361 1243 per
1392 1174 1615 1244 lignum
1668 1173 1815 1227 veti—

117 1266 244 1314 tum
277 1265 529 1322 venerat,
562 1276 664 1330 per
693 1261 834 1330 ligni
874 1268 1157 1331 tropaeum
1192 1262 1414 1315 devicit.
1455 1263 1525 1315 Ut
1569 1262 1816 1316 mirabili

120 1365 240 1403 sum
274 1349 501 1419 pietatis
525 1349 975 1418 dispensatione,
999 1350 1099 1419 qui
1122 1365 1224 1419 per
1248 1350 1393 1419 ligni
1418 1355 1646 1420 gustum
1670 1368 1700 1403 a
1724 1352 1820 1404 ﬁo-

119 1437 313 1507 rigera
344 1438 476 1491 sede
503 1438 960 1501 discesseramus,
996 1454 1100 1507 per
1128 1438 1309 1491 crucis
1347 1439 1568 1508 lignum
1618 1439 1817 1492 redea-

120 1541 253 1577 mus
285 1525 352 1578 ad
392 1526 601 1595 gaudia
631 1526 901 1595 paradisi.
939 1529 1043 1579 Per
1068 1543 1260 1596 quem.

162 1628 227 1667 IN
271 1629 504 1667 NATALI
543 1629 629 1668 SS.
669 1629 890 1679 NERBI,
935 1629 1260 1679 ACHILLEI,
1297 1630 1368 1667 ET
1406 1629 1779 1669 PANCIIATII.

190 1703 425 1755 Eterne
461 1703 623 1755 Deus.
663 1702 942 1765 Quoniam
991 1718 1021 1754 a
1070 1707 1125 1755 te
1173 1703 1548 1755 constantiam
1578 1702 1739 1768 ﬁdes,
1790 1717 1819 1754 a

119 1793 174 1841 te
202 1790 477 1842 virtutem
523 1790 697 1842 sumit
735 1789 1059 1842 inﬁrmitas.
1098 1790 1162 1843 Et
1210 1790 1491 1859 quidquid
1524 1790 1582 1843 in
1627 1806 1819 1859 perse-

121 1877 455 1931 cutionibus
486 1893 699 1931 saevum
734 1884 839 1942 est,
888 1878 1168 1947 quidquid
1219 1880 1278 1930 in
1311 1884 1494 1931 morte
1543 1878 1819 1943 terribile,

121 1966 378 2019 nominis
412 1967 494 2019 tui
536 1966 669 2019 facis
713 1966 1069 2019 confessione
1117 1967 1395 2035 superari.
1449 1967 1603 2020 Unde
1648 1967 1821 2020 bene-

124 2056 373 2108 dicimus
404 2060 479 2120 te,
518 2055 772 2120 Domine,
808 2055 866 2107 in
898 2054 1169 2123 operibus
1212 2055 1345 2123 tuis,
1379 2060 1549 2125 teque
1592 2055 1651 2107 in
1693 2071 1821 2108 san-

122 2149 352 2197 ctorum
421 2149 653 2196 tuorum
717 2144 883 2196 Nerei
944 2148 999 2196 et
1044 2143 1286 2196 Achillei
1326 2149 1499 2213 atque
1541 2143 1822 2197 Pancratii

122 2237 399 2303 provectu
430 2232 749 2285 laudamus.
777 2233 883 2285 Per
910 2232 1216 2285 Christum.

448 2353 518 2392 1M
556 2353 791 2393 NA'I'ALI
820 2354 871 2393 S.
910 2354 1151 2393 URBANI
1182 2354 1277 2393 PP.
1314 2354 1507 2393 MART.

196 2427 310 2496 (Ο.)
337 2428 570 2480 [Εῐετηθ
602 2428 772 2479 Deus.
806 2427 1017 2480 Debitos
1048 2428 1278 2496 pietatis
1309 2426 1649 2496 obsequium
1686 2441 1823 2479 san—

124 2516 201 2568 cti
233 2515 572 2568 confessoris
615 2520 670 2569 et
699 2516 964 2586 martyris
1010 2515 1092 2569 tui
1148 2515 1357 2569 Urbani
1400 2531 1822 2568 commemora-

124 2603 285 2656 tione
325 2603 677 2670 exhibentes,
728 2603 1047 2673 potentiam
1106 2609 1285 2667 tuam,
1347 2604 1605 2669 Domine,
1662 2603 1824 2673 cujus

124 2693 313 2762 gratia
342 2693 470 2746 talis
495 2692 727 2759 exstitit,
761 2694 819 2745 in
853 2693 978 2763 ejus
1010 2692 1371 2746 solemnitate
1416 2693 1819 2762 praedicamus.

128 2782 235 2835 Per
268 2782 471 2836 Christ.

348 2903 411 2941 IN
453 2903 687 2942 NATALI
716 2903 805 2943 SS.
846 2902 1239 2943 MARCELLINI
1283 2902 1354 2941 ΕΤ
1392 2901 1606 2941 PETRI.

197 2978 429 3030 Eterne
483 2978 649 3030 Deus.
702 2977 871 3047 Apud
920 2992 1091 3046 quem
1148 2992 1375 3046 semper
1417 2979 1499 3028 est
1549 2974 1822 3044 prmclara

1920 557 2069 607 mus,
2102 541 2223 609 ipse
2258 546 2342 595 est
2368 543 2522 597 enim
2570 542 2666 612 qui
2698 544 3059 597 annuntiavit
3092 547 3512 614 paenitentiam,
3557 552 3615 601 et

1919 629 2068 682 viam
2102 630 2297 683 salutis
2328 631 2603 685 universae
2641 637 2807 685 terra:
2830 633 3121 702 praedixit;
3152 634 3273 703 ipse
3305 639 3407 699 est,
3442 651 3613 705 quem

1920 733 2079 770 sacra
2112 718 2247 771 tuba
2277 718 2480 771 cecinit
2512 719 2839 784 Salvatoris,
2875 722 3009 789 quia
3043 737 3147 773 non
3180 726 3425 775 surrexit
3463 726 3612 791 quis-

1922 822 2086 875 quam
2132 808 2275 861 inter
2314 812 2470 860 natos
2515 808 2798 861 mulierum
2856 807 3033 877 major
3080 811 3281 863 Joanne
3323 813 3603 879 Baptista.

1923 894 1965 947 Ο
1998 910 2168 963 quam
2195 894 2362 947 beata
2402 898 2601 957 mater,
2655 910 2783 964 qua!
2833 895 3005 948 talem
3052 894 3233 948 ﬁlium
3284 895 3496 949 meruit
3541 896 3610 950 de

1924 982 2064 1035 caelo
2099 979 2475 1050 promissum!
2513 981 2785 1051 Agnoscit
2816 988 3014 1035 natum
3050 1000 3113 1035 ex
3156 985 3348 1049 verbo,
3400 1000 3614 1053 prasco-

1920 1086 2075 1134 nem,
2119 1071 2218 1140 qui
2256 1070 2595 1140 praedicavit
2628 1071 2892 1124 omnibus
2932 1070 3297 1124 Salvatorem.
3352 1073 3394 1126 Ο
3440 1089 3613 1142 quam

1923 1158 2168 1226 geminae.
2197 1158 2255 1210 in
2285 1158 2509 1211 civitate
2536 1158 2793 1222 virtutes,
2822 1158 2920 1210 ubi
2962 1160 3087 1211 dua:
3138 1165 3364 1225 matres,
3400 1160 3608 1212 sterilis

1926 1251 1981 1299 et
2013 1244 2202 1314 virgo!
2257 1246 2299 1301 Ο
2356 1263 2530 1316 quam
2580 1246 2788 1299 mirum
2842 1248 3197 1315 mysterium,
3244 1249 3337 1300 ubi
3370 1252 3615 1317 utraque

1925 1332 2268 1388 horonatur!
2308 1335 2345 1387 E
2370 1336 2511 1387 coelo
2548 1352 2659 1387 una
2690 1335 2845 1387 misit
2890 1350 3239 1403 praeconem,
3276 1336 3618 1405 alterajudi-

1926 1438 2045 1475 cem
2077 1422 2361 1475 Elisabeth
2410 1424 2610 1492 genuit
2649 1437 3082 1491 praecursorem,
3132 1428 3189 1476 et
3234 1424 3405 1477 Maria
3454 1424 3614 1495 virgo

1928 1511 2128 1581 genuit
2160 1512 2526 1580 magniﬁcum
2553 1512 3013 1580 IIudemptorem.

2207 1632 2270 1670 IN
2309 1632 2543 1671 NATALI
2583 1632 2670 1669 SS.
2703 1630 2978 1669 JOANNIS
3022 1631 3088 1669 ET
3127 1632 3340 1670 PAULI.

2000 1707 2231 1759 {Eterne
2284 1706 2428 1758 Deus
2488 1707 2592 1757 Per
2640 1706 2925 1757 Christum
2983 1705 3287 1757 Dominum
3336 1710 3616 1758 nostrum.

1934 1794 2039 1845 Pro
2074 1794 2233 1862 cujus
2264 1809 2458 1846 amore
2492 1792 2725 1861 gloriosi
2763 1798 3041 1861 martyres
3091 1793 3336 1845 Joannes
3386 1798 3440 1845 et
3475 1795 3622 1846 Pau-

1932 1882 2017 1934 lus
2051 1882 2389 1950 martyrium
2423 1897 2535 1933 non
2572 1887 2704 1932 sunt
2734 1882 2981 1933 cunctati
3016 1880 3226 1943 subire,
3262 1898 3407 1951 quos
3438 1882 3497 1934 in
3530 1898 3625 1935 na-

1932 1970 2126 2023 scendi
2160 1971 2281 2039 lege
2306 1969 2499 2039 junxit
2523 1969 2889 2037 germanitas,
2920 1969 2977 2021 in
3009 1970 3229 2038 gremio
3276 1970 3471 2022 matris
3518 1972 3620 2023 Ec—

1931 2059 2117 2111 clesiae
2166 2058 2298 2112 ﬁdei
2344 2059 2552 2118 unitas,
2602 2060 2659 2109 in
2702 2057 2979 2127 passionis
3029 2058 3335 2111 acerbitate
3389 2058 3623 2111 ferenda

1932 2146 2100 2199 unius
2128 2146 2339 2199 amoris
2370 2147 2623 2199 societas.
2663 2147 2766 2197 Per
2796 2162 2965 2214 quem
3000 2162 3101 2198 nos
3133 2147 3383 2215 petimus
3422 2162 3624 2199 eorum

1929 2235 2188 2304 precibus
2240 2235 2515 2304 adjuvari,
2562 2249 2808 2303 quorum
2843 2234 2983 2287 festa
3014 2234 3306 2288 noscimur
3339 2234 3615 2288 venerari.

1931 2323 2039 2375 Per
2068 2338 2236 2392 quem
2269 2322 2487 2391 majest.
2526 2324 2720 2374 tuam.‘

2044 2444 2107 2483 IN
2142 2444 2391 2482 VIGILIA
2442 2442 2904 2481 APOSTOLORUM
2948 2442 3131 2481 PETRI
3183 2444 3253 2481 ΕΤ
3301 2443 3513 2483 PAULI.

2003 2518 2232 2570 zEterne
2266 2518 2433 2581 Deus,
2466 2517 2614 2587 apud
2667 2532 2839 2586 quem
2871 2532 3000 2569 cum
3047 2516 3347 2569 beatorum
3394 2522 3627 2586 aposto-

1932 2605 2119 2659 lorum
2178 2606 2506 2658 continuala
2569 2604 2859 2669 festivitas,
2913 2604 3323 2675 triumphique,
3384 2611 3488 2659 etc.
3560 2607 3627 2661 Ut

1932 2710 2105 2766 supra
2136 2696 2276 2746 inter
2299 2694 2519 2761 prwfat.
2554 2692 2739 2747 Ambr.

2029 2816 2089 2854 IN
2134 2814 2441 2853 PASSIONE
2481 2813 2941 2852 APOSTOLORL‘M
2983 2812 3170 2851 PETRI
3210 2812 3280 2851 ΕΤ
3320 2812 3533 2853 PAULI.

2002 2891 2247 2958 Aiquum
2278 2893 2334 2940 et
2354 2887 2620 2939 salutare.
2646 2888 2742 2951 Te,
2774 2886 3034 2950 Domine,
3066 2886 3349 2955 supplices
3366 2902 3623 2954 exorare,

1936 2982 1995 3030 ut
2028 2993 2261 3047 gregem
2293 2981 2475 3035 tuum,
2510 2980 2703 3044 pastor
2722 2978 2953 3038 aeterne,
2980 2990 3096 3026 non
3128 2974 3376 3040 deseras,
3410 2976 3505 3029 sed
3526 2992 3629 3045 per

125 3067 243 3118 vita
268 3070 620 3129 sanctorum,
653 3081 899 3135 quorum
933 3082 1037 3117 nos
1076 3080 1229 3117 mors
1279 3064 1529 3134 pretiosa
1573 3064 1824 3117 laetiﬁcat
1865 3042 1904 3097 Ο
1938 3067 2131 3119 beatos
2178 3065 2463 3133 apostolos
2512 3068 2639 3116 tuos
2685 3065 2913 3116 Petrum
2964 3066 3019 3114 et
3067 3062 3307 3115 Paulum
3357 3062 3629 3117 continua

128 3158 183 3206 et
214 3158 429 3206 tuetur.
462 3153 819 3224 Quapropter
864 3158 1183 3223 martyrum
1230 3158 1465 3206 tuorum
1516 3152 1827 3206 Marcellini

127 3248 178 3295 et
218 3242 374 3295 Petri
423 3244 673 3312 gloriosa
721 3248 1081 3296 recensentes
1130 3242 1413 3307 natalitia,
1472 3242 1670 3295 laudes
1720 3240 1826 3294 tibi

128 3330 455 3396 referimus,
489 3335 545 3383 et
574 3331 1061 3400 magniﬁcentiam
1093 3335 1271 3394 tuam,
1316 3331 1599 3400 supplices
1627 3346 1825 3383 exora-

128 3435 282 3483 mus,
308 3426 373 3471 ut
402 3435 649 3489 quorum
681 3435 878 3472 sumus
923 3418 1197 3489 martyria
1241 3424 1599 3485 venerantes,
1648 3417 1824 3471 beati-

129 3507 349 3561 tudinis
381 3523 703 3560 mereamur
732 3524 851 3561 esse
881 3513 1190 3561 consortes.
1217 3509 1323 3561 Per
1355 3507 1661 3561 Christum.

314 3629 381 3669 IN
420 3630 657 3669 NATALI
696 3630 783 3669 SS.
824 3630 1020 3670 MARCI
1070 3630 1140 3669 ET
1182 3628 1646 3669 MARCELLIANI.

196 3704 432 3756 Eterne
483 3704 648 3757 Deus.
702 3703 809 3767 Qui
852 3709 1176 3757 sanctorum
1227 3707 1545 3773 martyrum
1594 3706 1827 3754 tuorum

130 3792 301 3845 Marci
330 3797 388 3845 et
416 3792 761 3845 Marcelliani
792 3792 885 3862 pia
918 3792 1230 3845 certamina
1260 3791 1329 3844 ad
1362 3788 1652 3859 copiosam
1694 3804 1829 3858 per—

131 3882 293 3935 ducis
327 3882 647 3946 victoriam,
680 3887 853 3952 atque
884 3886 1230 3951 perpetuum
1264 3880 1346 3933 eis
1376 3878 1602 3949 largiris
1632 3878 1831 3931 trium-

130 3972 337 4040 phum,
382 3977 445 4025 ut
482 3971 741 4025 Ecclesia:
785 3976 898 4023 tua:
932 3984 1160 4039 semper
1209 3969 1323 4022 sint
1380 3968 1439 4021 in
1478 3968 1826 4037 exemplum.

130 4061 347 4113 Praesta
381 4059 563 4126 nobis,
603 4074 957 4129 qumsumus,
987 4063 1051 4111 ut
1083 4073 1185 4129 per
1224 4073 1425 4111 eorum
1468 4054 1827 4109 intercessio-

132 4164 265 4202 nem
300 4164 552 4219 quorum
593 4148 737 4201 festa
784 4148 1157 4212 celebramus,
1196 4152 1309 4200 tum
1356 4145 1649 4216 capiamus
1700 4160 1831 4197 mu-

132 4253 271 4291 nera
298 4236 552 4308 pietatis.
589 4238 695 4290 Per
719 4236 1026 4291 Christum.

359 4358 422 4397 IN
462 4357 700 4397 NA'I'ALI
735 4357 823 4397 SS.
850 4355 1147 4397 GERVASII
1183 4355 1253 4395 ET
1292 4354 1617 4395 PROTASII.

202 4435 441 4486 [Eterne
476 4433 641 4485 Deus.
694 4433 800 4485 Per
851 4430 1138 4485 Christum
1196 4430 1505 4483 Dominum
1554 4432 1832 4481 nostrum.

136 4524 243 4575 Pro
275 4522 442 4591 cujus
475 4520 725 4574 nominis
771 4519 1128 4573 confessione
1174 4518 1324 4572 beati
1376 4525 1653 4586 martyres
1703 4517 1840 4571 Ger-

135 4611 329 4664 vasius
359 4616 419 4663 et
452 4609 745 4663 Protasius
769 4608 941 4678 passi,
980 4608 1034 4660 in
1068 4606 1283 4660 cmlesti
1330 4606 1563 4675 regione
1613 4604 1840 4658 aeternis

135 4700 523 4768 perfruuntur
552 4690 797 4767 gaudiis,
830 4703 886 4749 et
910 4712 1013 4766 pro
1044 4712 1241 4749 eorum
1288 4694 1530 4747 solemni
1581 4692 1839 4747 recorda-

135 4788 299 4841 tione
322 4786 576 4840 Ecclesia
605 4785 885 4855 religiosis
909 4785 1155 4837 exsultat
1183 4783 1406 4837 ofﬁciis.
1449 4784 1555 4835 Per
1577 4798 1768 4852 quem.

435 4908 502 4947 IN
543 4906 795 4946 VIGILIA
819 4906 869 4946 S.
908 4905 1181 4945 JOANNIS
1206 4903 1557 4944 BAPTISTB.

209 4981 328 5052 (Α.)
358 4982 593 5035 Ᾱίὶθηιθ
630 4982 797 5034 Deus.
855 4979 1193 5033 Exhibentes
1239 4979 1493 5032 solemne
1532 4975 1843 5047 jejunium,

140 5086 278 5141 quo,
319 5074 452 5135 etc.,
484 5076 545 5122 ut
573 5084 744 5138 supra
776 5071 918 5121 inter
930 5070 1099 5137 pref.
1139 5066 1345 5120 Ambr.

1934 3152 2289 3224 protectione
2321 3153 2604 3205 custodias
2639 3168 2650 3204 :
2687 3156 2751 3204 ut
2794 3150 3008 3203 eisdem
3052 3150 3370 3203 rectoribus
3418 3152 3627 3220 guber-

1936 3247 2122 3306 netur,
2157 3256 2298 3310 quos
2329 3239 2517 3309 operis
2549 3239 2633 3291 tui
2663 3237 2900 3291 vicarios
2930 3236 3113 3291 eidem
3144 3237 3434 3291 contulisti
3479 3255 3627 3309 pras-

1936 3348 2056 3385 esse
2090 3335 2365 3400 pastores.
2405 3329 2467 3381 Et
2494 3328 2641 3381 ideo.

2362 3437 2421 3488 In
2460 3434 2804 3487 ordinatione
2832 3436 2899 3489 S.
2940 3433 3198 3485 Martini.

2007 3527 2232 3580 Eterne
2268 3525 2434 3578 Deus.
2479 3522 2586 3586 Qui
2635 3523 2912 3576 mundum
2954 3537 3057 3591 per
3100 3524 3326 3574 sanctos
3374 3520 3633 3575 doctores

1938 3615 2005 3668 ad
2050 3630 2200 3669 veras
2232 3612 2367 3667 ﬁdei
2392 3612 2739 3682 agnitionem
2771 3610 3106 3664 illuminasti
3142 3625 3153 3663 :
3188 3610 3255 3664 de
3275 3626 3521 3681 quorum
3550 3626 3635 3664 so-

1938 3703 2142 3757 cietate
2177 3702 2377 3754 beatus
2410 3700 2682 3753 Martinus
2709 3699 3076 3753 excellentius
3097 3698 3320 3760 enituit,
3355 3699 3632 3753 virtutum

1939 3790 2160 3844 meritis
2203 3788 2491 3857 copiosius
2548 3787 2777 3840 effulsit.
2840 3787 3136 3855 signorum
3196 3786 3377 3839 titulis
3426 3787 3635 3840 clarius

1941 3879 2138 3943 eluxit,
2169 3882 2224 3931 et
2250 3876 2421 3929 totius
2452 3876 2682 3945 pietatis
2712 3876 2929 3945 populo
2959 3880 3055 3928 tuo
3091 3874 3367 3943 magister
3396 3875 3633 3929 emicuit

1939 3968 2094 4024 Alios
2124 3966 2364 4020 caelestis
2392 3964 2666 4019 doctrinae
2696 3964 2881 4016 verbis
2914 3962 3182 4028 erudivit,
3217 3962 3358 4016 alios
3403 3964 3633 4034 religio-

1943 4072 2019 4109 sm
2050 4054 2178 4107 vita:
2209 4053 2484 4123 exemplis
2526 4051 2837 4116 roboravit,
2884 4051 2953 4104 ab
2994 4050 3151 4103 omni
3202 4067 3433 4123 quoque
3468 4051 3632 4105 inﬁr-

1944 4144 2206 4198 mitatum
2258 4141 2518 4195 molestia
2567 4141 2776 4194 multos
2825 4139 3069 4205 sanavit;
3108 4140 3386 4209 quosdam
3428 4156 3562 4193 vero
3601 4156 3635 4193 a

1945 4231 2309 4287 dmmoniacis
2342 4230 2637 4301 spiritibus
2666 4228 2958 4296 liberavit;
2995 4228 3135 4281 alios
3174 4245 3403 4299 quoque
3452 4234 3638 4283 morte

1876 4315 2253 4392 Dpraareptos
2326 4318 2497 4372 sacris
2575 4317 2927 4371 orationibus
2994 4316 3366 4371 resuscitavit.
3435 4316 3640 4372 Omni-

1943 4410 2051 4463 bus
2085 4409 2225 4462 odor
2256 4408 2382 4460 vita:
2406 4406 2586 4460 factus
2618 4406 2687 4458 ad
2722 4406 2985 4471 salutem,
3019 4409 3083 4459 ut
3127 4421 3327 4458 omnes
3359 4404 3427 4459 ad
3471 4410 3637 4459 teter-

1946 4514 2080 4552 nam
2111 4494 2523 4550 beatititudinis
2552 4493 2792 4563 gloriam
2826 4498 3134 4546 revocaret.
3166 4494 3271 4547 Per
3301 4494 3510 4549 Christ.

2308 4618 2371 4657 IN
2414 4616 2648 4656 NA'I‘ALI
2694 4614 2783 4654 SS.
2820 4614 2915 4653 VII
2950 4614 3281 4654 FBATRUM.

2023 4693 2131 4761 (6.)
2194 4693 2420 4744 Eterne
2472 4690 2635 4742 Deus.
2696 4686 2907 4741 Donari
2959 4686 3125 4739 nobis
3175 4686 3509 4757 suppliciter
3551 4702 3645 4740 ex-

1952 4786 2204 4846 orantes,
2236 4785 2301 4833 ut
2330 4779 2476 4831 sicut
2507 4777 2687 4831 sancti
2715 4778 2800 4831 tui
2846 4776 3128 4829 mundum
3184 4776 3244 4830 in
3291 4782 3387 4830 tua
3434 4776 3643 4829 virtute

1950 4869 2232 4934 vicerunt,
2278 4867 2358 4920 ita
2408 4883 2513 4919 nos
2580 4883 2613 4917 a
2662 4864 2969 4920 mundanis
3020 4864 3309 4919 erroribus
3356 4864 3647 4935 postulent

1954 4956 2231 5029 expediri.
2269 4958 2375 5009 Per
2405 4953 2609 5009 Christ.

2254 5060 2317 5099 IN
2356 5057 2845 5097 TRANSLATIONE
2888 5058 2939 5098 S.
2978 5057 3352 5097 BENEDICTI.

2024 5134 2255 5189 [Eternc
2290 5133 2457 5185 Deus.
2494 5131 2557 5184 Et
2588 5130 2827 5201 gloriam
2880 5136 3035 5185 tuam
3084 5130 3333 5200 profusis
3377 5127 3647 5199 precibus

1957 5237 2212 5285 exorare,
2248 5224 2309 5273 ut
2338 5220 2435 5290 qui
2462 5219 2616 5273 beati
2662 5218 2949 5275 Benedicti
2998 5217 3337 5271 confessoris
3368 5218 3449 5271 tui
3481 5233 3654 5270 vene-

1960 5326 2155 5363 ramur
2187 5310 2347 5374 festa,
2374 5314 2430 5362 te
2462 5313 2735 5379 operante
2775 5308 2896 5377 ejus
2928 5306 3242 5359 sanctitatis
3292 5306 3507 5359 imitari
3558 5323 3654 5359 va-

1961 5399 2179 5453 leamus
2201 5399 2483 5468 exempla,
2516 5402 2568 5451 et
2592 5397 2754 5467 cujus
2783 5395 2999 5449 meritis
3030 5410 3399 5465 nequaquam
3450 5410 3654 5465 possu-

1964 5501 2092 5540 mus
2122 5485 2407 5557 coasquari
2437 5486 2559 5557 ejus
2590 5484 2852 5556 precibus
2886 5483 3142 5553 adjuvari
3171 5498 3517 5538 mereamur.
3556 5486 3659 5538 Per

1967 5573 2173 5628 Christ.

494 5173 556 5212 IN
597 5172 993 5211 NA'I'IVITA'I'E
1034 5168 1510 5210 PRECURSORIS.

212 5250 452 5302 :Eterne
478 5250 647 5301 Deus.
688 5246 750 5299 Et
784 5245 844 5298 in
874 5245 964 5299 die
996 5244 1317 5298 festivitatis
1366 5241 1684 5308 hodiernae,
1738 5256 1850 5311 qua

142 5335 354 5389 beatus
378 5336 629 5389 Joannes
659 5337 915 5399 exortus,
947 5338 1079 5399 etc.,
1108 5337 1168 5386 ut
1210 5347 1381 5401 supra
1428 5332 1571 5384 inter
1616 5330 1843 5399 przfat.

143 5425 357 5479 Ambr.

939 5492 1072 5546 Alia

214 5585 456 5637 Eterne
492 5583 658 5636 Deus.
693 5582 762 5635 Ut
786 5581 939 5635 hunc
985 5579 1161 5647 diem,
1209 5577 1581 5648 praecursoris
1626 5574 1857 5631 Domini
