4078 6180
485 288 579 339 9H

985 432 1049 471 IN
1082 431 1308 471 NATALI
1343 431 1392 471 S.
1429 432 1673 471 JACOBI.

555 512 780 565 fEterne
830 509 993 560 Deus.
1046 506 1189 568 Quia
1248 506 1379 559 licet
1437 506 1598 558 nobis
1655 506 1896 559 salutem
1950 522 2177 576 semper

486 598 754 661 operetur
808 592 986 646 divini
1036 592 1342 646 celebratio
1406 593 1768 656 sacramenti,
1834 596 2174 663 propensius

428 707 437 715 -
482 686 673 734 tamen
729 681 1071 735 confidimus
1127 682 1289 733 nobis
1350 683 1672 750 profutura,
1731 683 1773 734 si
1831 684 1981 735 beati
2035 700 2174 753 apo-

483 770 609 821 stoli
677 770 759 823 tui
826 771 1017 823 Jacobi
1084 771 1582 824 intercessionibus
1649 772 2007 841 adjuvemur.
2072 774 2177 825 Per

482 858 688 912 Christ.

768 960 829 999 IN
872 961 1105 999 NATALI
1147 959 1233 998 SS.
1271 960 1472 999 ABDON
1515 960 1582 999 ET
1619 960 1882 1000 SENNES.

550 1054 776 1106 zEterne
810 1054 975 1106 Deus.
1022 1054 1086 1105 Et
1124 1056 1179 1104 te
1228 1052 1463 1105 laudare
1518 1052 1838 1106 mirabilem
1892 1055 2068 1106 Deum
2114 1054 2177 1107 in

481 1141 689 1193 sanctis
714 1140 825 1193 tuis
860 1156 1004 1209 quos
1039 1146 1167 1192 ante
1204 1140 1671 1193 constitutionem
1704 1140 1903 1193 mundi
1927 1142 1985 1193 in
2010 1147 2174 1195 teter-

479 1245 613 1281 nam
645 1228 748 1281 tibi
781 1228 1021 1297 gloriam
1050 1229 1403 1298 praeparasti,
1435 1234 1495 1280 ut
1536 1245 1638 1297 per
1667 1245 1764 1281 eos
1798 1228 1930 1281 huic
1960 1230 2177 1284 munde

478 1317 730 1370 veritatis
763 1322 875 1369 tuae
908 1318 1103 1369 lumen
1140 1317 1490 1375 ostenderes.
1526 1333 1670 1386 quos
1713 1317 1791 1369 ita
1832 1319 2033 1387 spiritu
2084 1335 2175 1371 ve-

479 1405 663 1457 ritatis
704 1404 955 1470 armasti,
1002 1411 1065 1458 ut
1117 1405 1513 1458 fortitudinem
1562 1405 1765 1458 mortis
1795 1422 1898 1474 per
1932 1407 2175 1460 infirmi-

480 1498 650 1546 tatem
695 1493 879 1545 carnis
928 1494 1271 1546 evincerent.
1328 1495 1400 1546 De
1453 1510 1701 1563 quorum
1752 1495 1993 1563 collegio
2044 1499 2175 1547 sunt

482 1590 757 1651 martyres
792 1581 874 1634 tui
908 1582 1107 1634 Abdon
1141 1588 1194 1633 et
1224 1582 1461 1646 Sennes,
1504 1583 1602 1652 qui
1650 1582 1706 1634 in
1754 1583 2016 1636 Ecclesiae
2061 1588 2173 1636 tuae

478 1675 636 1738 prato
668 1670 814 1721 sicut
856 1685 999 1721 rosze
1050 1676 1101 1721 et
1152 1671 1269 1722 lilia
1300 1672 1638 1723 lloruernnt.
1692 1672 1840 1733 Quos
1885 1672 2173 1741 Unigeniti

476 1758 558 1810 tui
587 1758 815 1825 sanguis
864 1758 919 1809 in
978 1759 1137 1827 prelo
1188 1759 1559 1811 confessionis
1600 1776 1765 1811 roseo
1816 1761 2002 1813 colore
2044 1777 2175 1830 pro-

477 1847 623 1899 fudit
678 1848 819 1911 jLeg.
900 1846 1196 1917 perfudit],
1259 1855 1313 1899 et
1368 1847 1437 1899 ob
1499 1848 1803 1917 praemium
1873 1849 2173 1918 passionis,

481 1935 644 1987 niveo
672 1935 921 1987 liliorum
954 1936 1256 2003 splendore
1287 1936 1529 1988 vestivit.
1564 1938 1668 1989 Per
1696 1953 1884 2006 quem.

820 2056 880 2093 IN
921 2055 1156 2095 NATALI
1197 2056 1283 2094 SS.
1322 2057 1834 2098 MACIIABJZORUM.

545 2146 775 2199 .‘Eterne
831 2147 997 2199 Deus.
1068 2146 1173 2209 Qui
1224 2146 1355 2199 licet
1407 2147 1466 2199 in
1530 2149 1789 2201 omnium
1840 2153 2175 2202 sanctorum

480 2236 711 2285 tuorum
749 2234 1105 2303 protectione
1154 2234 1228 2286 sis
1254 2235 1554 2303 mirabilis,
1601 2236 1659 2288 in
1704 2237 1790 2289 his
1814 2242 2006 2290 tamen
2049 2254 2177 2307 spe-

477 2321 617 2373 ciale
670 2326 833 2374 tuum
893 2338 1104 2375 munus
1148 2323 1534 2389 agnoscimus,
1569 2340 1714 2394 quos
1773 2326 1975 2379 fratres
2022 2330 2175 2379 sorte

480 2409 770 2471 nascendi,
804 2417 858 2461 et
909 2410 1213 2479 magnifica
1260 2412 1577 2479 praestitisti
1629 2414 1892 2482 passione
1942 2429 2171 2483 germa-

480 2514 614 2563 nos;
649 2502 710 2551 ut
740 2498 911 2551 simul
949 2504 1102 2552 esset
1155 2504 1211 2552 et
1262 2501 1583 2554 veneranda
1628 2503 1811 2570 gloria
1840 2502 2172 2572 genitricis;

481 2589 535 2638 et
568 2585 970 2639 florentissima
1005 2586 1192 2656 proles
1226 2588 1504 2641 Ecclesia).
1542 2591 1604 2641 Et
1631 2589 1781 2643 ideo.

590 2707 652 2744 IN
704 2708 1104 2746 INVENTIONE
1141 2709 1191 2747 S.
1227 2708 1549 2749 STEIHANI
1596 2711 1665 2749 ET
1704 2710 2057 2751 SOCIORUM.

554 2794 701 2865 (Ms)
751 2796 981 2850 [Eterne
1020 2799 1183 2851 Deus.
1226 2799 1436 2851 Donari
1488 2800 1651 2853 nobis
1700 2800 2035 2870 suppliciter
2078 2816 2174 2853 ex-

484 2889 729 2949 orantes,
768 2890 827 2937 ut
858 2886 1002 2939 sicut
1032 2887 1118 2940 SS.
1156 2888 1239 2939 tui
1270 2888 1612 2956 Stephanus,
1662 2889 2023 2953 Nicodemus,
2077 2890 2178 2942 Ga-

484 2971 668 3025 mahel
702 2978 759 3025 et
800 2973 1044 3039 Abibon,
1082 2976 1359 3029 mundum
1393 2976 1452 3028 in
1501 2981 1599 3030 tua
1644 2977 1851 3031 virtute
1900 2978 2174 3043 vicerunt,

484 3060 559 3113 ita
591 3078 691 3113 nos
737 3078 770 3113 a
838 3064 1144 3117 mundanis
1185 3064 1496 3130 erroribus,
1549 3067 1843 3134 postulent
1895 3066 2174 3137 expediri,

483 3154 546 3203 ut
575 3150 671 3219 qui
720 3166 916 3203 eorum
952 3151 1391 3205 sacratissimam
1440 3153 1828 3207 inventionem
1872 3159 1928 3207 et
1975 3155 2177 3207 merita

483 3253 841 3300 veneramur,
905 3240 1275 3293 beatitudinis
1327 3257 1652 3294 mereamur
1700 3260 1821 3295 esse
1862 3247 2174 3297 consortes.

899 3361 958 3398 IN
1002 3361 1236 3399 NA'I‘ALI
1275 3361 1325 3399 S.
1358 3361 1523 3401 SIXTI
1566 3363 1761 3402 MART.

558 3450 786 3502 {literne
825 3451 986 3503 Deus.
1045 3452 1109 3502 Et
1144 3451 1429 3520 przecipue
1473 3452 1533 3504 in
1574 3453 1665 3506 die
1709 3453 2030 3507 festivitatis
2080 3455 2181 3508 ho-

486 3536 721 3601 diernte,
758 3553 871 3606 qua
900 3538 1097 3591 beatus
1146 3539 1331 3592 Sixtus
1383 3540 1595 3609 pariter
1642 3542 1904 3594 sacerdos
1951 3547 2006 3595 et
2035 3558 2181 3617 mar-

488 3630 576 3695 tyr
606 3626 881 3679 devotum
908 3627 1011 3679 tibi
1046 3630 1383 3697 sanguinem
1434 3630 1785 3683 exsultanter
1815 3630 2033 3684 effudit.
2072 3631 2180 3694 Qui

489 3714 557 3766 ad
580 3714 841 3768 eamdem
865 3716 1107 3783 gloriam
1130 3718 1572 3787 promerandam
1596 3718 1865 3772 doctrina:
1889 3736 2005 3772 sua:
2026 3718 2180 3773 ﬁlios

485 3801 771 3867 incitavit;
841 3809 896 3856 et
959 3820 1100 3873 quos
1147 3805 1446 3859 erudiebat
1488 3806 1736 3874 hortatu,
1794 3808 2181 3877 praeveniebat

487 3892 768 3961 exemplo.
800 3893 904 3944 Per
935 3893 1137 3945 Christ.

902 4014 964 4051 IN
1002 4002 1249 4053 VIGILIA
1290 4015 1340 4055 s.
1382 4016 1762 4057 LAURENTII.

561 4104 657 4171 (G.)
708 4106 936 4158 .Eterne
991 4106 1152 4157 Deus.
1228 4107 1292 4159 Et
1350 4106 1566 4160 devotis
1633 4108 1927 4162 mentibus
1991 4111 2177 4163 natale

488 4175 755 4243 martyris
797 4176 879 4226 tui
930 4176 1214 4227 Laurentii
1255 4179 1593 4247 praevenire,
1639 4180 1737 4248 qui
1790 4180 1960 4233 levita
2005 4182 2177 4234 simul

488 4268 820 4331 martyrque
866 4264 1224 4316 venerandus
1271 4270 1327 4318 et
1372 4268 1603 4335 proprio
1648 4268 1851 4322 claruit
1896 4270 2177 4338 gloriosus

487 4350 696 4415 oflicio,
750 4355 806 4402 et
851 4352 1240 4404 memoranda:
1286 4353 1569 4421 passionis
1617 4357 1889 4426 martyrio
1944 4358 2173 4412 effulsit.

485 4440 591 4491 Per
623 4438 827 4491 Christ.

1057 4526 1118 4564 IN
1169 4526 1272 4567 DIE
1308 4527 1607 4568 EIUSDEM.

559 4614 672 4682 (ϐ.)
705 4615 934 4669 {Eterne
968 4617 1135 4670 Deus.
1186 4619 1251 4670 Et
1300 4620 1586 4689 praecipue
1634 4620 1690 4673 in
1723 4622 1814 4674 die
1844 4623 2173 4676 solemnita-

483 4701 555 4755 tis
587 4702 901 4769 hodiernae,
940 4721 1053 4774 qua
1100 4706 1296 4760 beatus
1353 4710 1707 4775 Laurentius,
1743 4710 1929 4763 hostia
1982 4717 2177 4765 sancta

482 4797 538 4843 et
568 4790 710 4855 viva,
742 4792 842 4845 tibi
874 4793 1100 4862 placens
1131 4799 1216 4847 est
1263 4796 1508 4849 oblatus.
1561 4798 1668 4859 Qui
1716 4798 1853 4867 igne
1900 4816 2169 4853 accensus

482 4880 566 4932 tui
598 4880 803 4933 amoris
843 4886 1169 4935 constanter
1217 4884 1411 4953 ignem
1457 4887 1727 4939 sustinuit
1766 4889 2066 4956 passionis.
2112 4892 2176 4944 Et

482 4983 585 5036 per
633 4968 1051 5022 immanitatem
1112 4976 1552 5041 tormentorum,
1605 4974 1676 5027 ad
1721 4976 2051 5031 societatem
2096 4979 2172 5032 ci-

480 5056 637 5109 vium
669 5073 1046 5126 supernorum
1079 5061 1351 5129 pervenit.
1376 5062 1482 5113 Per
1513 5062 1720 5116 Christ.

927 5180 990 5218 IN
1031 5180 1265 5220 NATALI
1304 5182 1355 5220 S.
1402 5182 1722 5223 TIBURTII.

550 5251 677 5321 (G.).
707 5252 940 5305 zEterne
970 5254 1136 5305 Deus.
1190 5254 1332 5316 Quia
1360 5254 1499 5308 dum
1548 5256 1699 5309 beati
1748 5257 1988 5311 Tiburtii
2020 5276 2167 5312 mar-

478 5340 618 5407 tyris
644 5340 851 5392 merita
881 5340 1129 5408 gloriosa
1161 5359 1521 5410 veneramur,
1556 5345 1834 5398 auxilium
1868 5348 2033 5400 nobis
2060 5352 2172 5401 tua:

476 5428 903 5496 propitiationis
960 5430 1152 5483 adfore
1204 5430 1606 5501 deprecamur:
1667 5435 1943 5504 quoniam
1986 5437 2171 5490 credi-

479 5529 605 5567 mus
656 5531 755 5569 nos
809 5533 914 5587 per
960 5533 1163 5572 eorum
1207 5519 1697 5587 intercessionem,
1752 5524 1850 5593 qui
1900 5524 2003 5578 tibi
2047 5526 2172 5594 pla-

1614 282 1951 337 GRIMALDI
1990 282 2498 338 SANGALLENSIS
2536 282 2832 337 ABBATIS

3869 288 3955 339 9i?

2210 420 2472 481 Acuere,
2538 423 2902 486 peccatorum
2970 419 3300 471 nostrorum
3356 416 3585 470 veniam
3646 417 3953 489 impetrare.

2288 510 2393 560 Per
2424 506 2632 560 Christ.

2706 610 2768 648 IN
2810 610 3044 648 NA’I‘ALI
3086 609 3136 647 S.
3176 608 3552 647 HIPPOLYTI.

2356 703 2581 756 Aiterne
2615 702 2778 755 Deus.
2829 703 2891 754 Et
2919 707 3075 754 tuam
3110 700 3470 753 clementiam
3505 700 3651 752 votis
3703 699 3954 767 supplici-

2285 790 2388 843 bus
2418 791 2745 859 implorare,
2785 795 2847 842 ut
2878 790 2935 842 B.
2973 788 3261 858 Hippolyti
3302 789 3703 856 sociorumque
3734 790 3854 855 ejus
3892 789 3956 839 in-

2284 879 2570 944 tercessio,
2620 882 2981 948 peccatorum
3043 880 3368 929 nostrorum
3427 876 3685 929 obtineat
3733 876 3953 937 veniam,

2286 968 2385 1038 qui
2450 983 2551 1037 per
2613 970 2897 1019 tormenta
2956 965 3256 1036 passionis,
3282 971 3560 1020 aeternam
3599 964 3859 1034 pervenit
3890 965 3945 1017 ad

2284 1054 2549 1127 gloriam.
2584 1056 2689 1109 Per
2716 1055 2925 1109 Christ.

2762 1176 2827 1215 IN
2862 1176 3093 1216 NATALI
3136 1176 3186 1215 S.
3226 1176 3507 1216 EUSEBII.

2354 1269 2585 1322 IEterne
2626 1269 2783 1321 Deus.
2836 1269 2898 1320 Et
2950 1268 3315 1320 clementiam
3346 1273 3502 1319 tuam
3535 1265 3733 1335 pronis
3774 1266 3959 1318 menti-

2286 1357 2389 1410 bus
2421 1356 2752 1425 implorare,
2786 1361 2849 1409 ut
2876 1372 2978 1425 per
3024 1356 3176 1409 beati
3228 1356 3451 1408 Eusebii
3502 1355 3846 1408 confessoris
3886 1356 3955 1407 in-

2284 1445 2709 1509 tercessionem,
2746 1444 3098 1497 salutiferam
3135 1444 3191 1496 in
3226 1443 3435 1496 nostris
3465 1444 3753 1496 mentibus
3784 1443 3953 1496 ﬁrmes

2284 1533 2667 1595 devotionem,
2701 1532 3093 1601 concedasque
3123 1538 3182 1584 ut
3212 1533 3359 1585 sicut
3390 1538 3443 1584 te
3476 1534 3662 1584 solum
3688 1532 3951 1584 credimus

2284 1626 2598 1685 auctorem,
2662 1626 2719 1674 et
2780 1637 3122 1674 veneramur
3174 1622 3532 1687 salvatorem,
3605 1624 3682 1673 sic
3750 1622 3809 1673 in
3864 1637 3956 1690 per-

2216 1697 2256 1749 Β
2287 1715 2526 1779 petuum
2573 1710 2697 1779 ejus
2745 1710 3069 1763 interventu
3117 1709 3426 1763 habeamus
3472 1710 3813 1778 adjutorem.
3872 1712 3955 1763 Per

2288 1799 2492 1852 Christ.

2325 1920 2388 1958 IN
2430 1919 2679 1959 VIGILIA
2730 1918 3205 1958 ASSUMPTIONIS
3254 1919 3307 1957 B.
3348 1916 3571 1957 MARIJE
3622 1917 3921 1957 VIRGINIS.

2356 2011 2589 2065 JEterne
2616 2012 2777 2065 Deus.
2818 2011 2880 2063 Et
2910 2011 2967 2062 in
3000 2009 3089 2063 die
3136 2008 3453 2062 festivitatis
3501 2009 3817 2070 hodiernae,
3862 2025 3954 2078 qua

2288 2100 2467 2152 beatae
2534 2099 2721 2153 Mariae
2800 2100 3113 2152 solemnem
3176 2098 3597 2168 Assumptionis
3669 2099 3952 2151 recolentes

2287 2188 2459 2253 diem,
2496 2187 2685 2241 debita
2716 2187 3100 2258 praevenimus
3131 2187 3416 2240 servitute.
3454 2186 3628 2256 Cujus
3658 2186 3953 2239 veneranda

2286 2276 2605 2331 festitivitas
2638 2277 2801 2329 nobis
2828 2280 2986 2329 tanto
3008 2276 3255 2345 amplius
3280 2276 3403 2344 ejus
3431 2275 3832 2329 intercessione
3863 2275 3951 2327 erit

2284 2366 2601 2434 profutura,
2637 2365 2869 2435 quando
2906 2365 3181 2418 humilius
3208 2369 3400 2417 nostra
3448 2363 3621 2417 fuerit
3672 2364 3946 2417 devotione

2285 2454 2591 2508 celebrata.
2625 2455 2730 2507 Per
2756 2452 2963 2506 Christ.

2585 2575 2648 2615 IN
2699 2576 2802 2614 DIE
2837 2574 3308 2615 ASSUMPTIONIS
3340 2576 3394 2613 B.
3436 2574 3669 2613 ΜΔΒΙΕ.

2355 2652 2583 2705 Ᾱέῐθνηθ
2618 2650 2785 2702 Deus.
2822 2651 2888 2702 Et
2926 2654 2979 2701 te
3016 2649 3075 2701 in
3122 2648 3486 2701 veneratione
3534 2664 3815 2701 sacrarum
3853 2647 3947 2699 vir-

2286 2740 2485 2810 ginum
2535 2738 2948 2792 exsultantibus
3002 2739 3233 2804 animis,
3300 2744 3429 2799 etc.,
3492 2744 3552 2791 ut
3607 2754 3771 2807 supra
3831 2740 3949 2791 inter

2286 2828 2540 2882 Ambros.
3054 2886 3057 2887 ν

2708 2930 2771 2969 IN
2811 2929 3054 2968 OCTAVA
3088 2929 3138 2968 S.
3180 2930 3558 2968 LAURENTII.

2218 2985 2258 3039 θ
2360 3006 2586 3059 Aiterne
2634 3005 2801 3057 Deus.
2855 3003 3010 3056 Beati
3059 3003 3350 3056 Laurentii
3398 3002 3654 3057 natalitia
3708 3006 3946 3072 repeten-

2289 3098 2390 3159 tes,
2425 3093 2515 3145 cui
2548 3092 2721 3145 tidem
2753 3092 3281 3161 confessionemque
3314 3092 3461 3161 ignis
3489 3091 3768 3161 passionis
3808 3090 3944 3155 inge-

2290 3186 2407 3234 stus
2439 3196 2555 3233 non
2582 3180 2834 3247 abstulit,
2870 3179 2968 3232 sed
3000 3196 3131 3232 eum
3182 3185 3245 3233 ut
3276 3181 3458 3247 magis
3499 3180 3734 3244 luceret,
3774 3192 3940 3230 accen-

2290 3270 2390 3324 dit.
2427 3268 2707 3332 Quoniam
2740 3268 2885 3321 sicut
2913 3284 3117 3320 aurum
3165 3268 3414 3321 flammis
3442 3284 3557 3321 non
3614 3268 3808 3327 uritur,
3852 3263 3933 3316 sed

2290 3357 2608 3428 probatur:
2655 3356 2733 3409 sic
2784 3357 2983 3409 beatus
3026 3362 3242 3427 martyr
3274 3373 3388 3410 non
3430 3356 3804 3420 consumitur,
3833 3359 3936 3406 tor-

2290 3451 2619 3500 mentorum
2673 3445 2973 3513 incendiis,
3029 3445 3124 3498 sed
3174 3450 3404 3515 aptatur
3449 3445 3769 3498 ccelestibus
3808 3455 3943 3494 orna-

2291 3535 2515 3589 mentis.
2544 3536 2648 3588 Per
2679 3533 2884 3588 Christ.

2603 3656 2665 3695 IN
2706 3656 2941 3695 NA'I'ALI
2979 3654 3028 3694 S.
3066 3654 3267 3694 MAGNI
3308 3654 3667 3694 IIARTYIIIS.

2360 3733 2588 3784 .Eterne
2622 3732 2789 3783 Deus.
2831 3728 2937 3792 Qui
2986 3730 3303 3782 humanum
3350 3745 3530 3799 genus
3576 3730 3646 3781 de
3697 3724 3939 3797 profundo

2290 3819 2489 3873 mortis
2520 3818 2787 3888 eripiens,
2838 3817 3226 3887 captivitatem
3272 3822 3549 3883 nostram,
3591 3817 3722 3869 Jesu
3770 3810 3938 3868 Christi

2293 3908 2416 3963 Filii
2443 3908 2528 3961 tui
2570 3907 2796 3960 Domini
2840 3906 3022 3959 nostri
3054 3906 3316 3976 passione
3364 3905 3598 3958 solvisti.
3652 3907 3754 3958 Per
3798 3914 3935 3972 quem

2289 3998 2367 4051 ita
2400 3996 2579 4049 virtus
2609 3995 2833 4065 antiqui
2866 3995 3042 4047 hostis
3070 3994 3206 4047 elisa
3245 3999 3350 4060 est,
3396 4000 3459 4046 ut
3490 3994 3615 4062 ejus
3664 4008 3821 4062 quem
3859 4003 3935 4039 su-

2289 4088 2608 4156 peraverat,
2639 4086 2810 4136 etiam
2841 4083 3074 4136 beatum
3122 4087 3434 4151 martyrem
3480 4086 3645 4134 tuum
3701 4090 3933 4148 magnum

2289 4176 2499 4229 faceret
2531 4189 2651 4227 esse
2681 4172 2976 4225 victorem.
3009 4171 3181 4241 Cujus
3212 4170 3569 4239 triumphum
3611 4170 3668 4223 in
3716 4170 3797 4221 die
3840 4178 3934 4234 quo

2217 4284 2259 4337 ι)
2288 4263 2622 4331 sanguinem
2647 4276 2814 4314 suum
2844 4258 3012 4328 fudit,
3044 4261 3312 4325 colentes,
3347 4259 3408 4311 in
3460 4263 3560 4312 tua
3590 4258 3763 4328 gloria
3804 4251 3931 4307 exsul

2288 4357 2497 4406 tamus.
2529 4351 2638 4403 Per
2667 4364 2856 4419 quem.

2540 4470 2605 4509 IN
2648 4468 2883 4508 NA'I'ALI
2920 4468 2971 4508 S.
3008 4467 3316 4507 ΤΙΜΟΤΗΕΙ
3371 4465 3723 4505 IIARTYRIS.

2358 4548 2441 4609 (G.
2477 4545 2604 4613 Ms.)
2636 4544 2861 4597 Eterne
2904 4542 3074 4593 Deus.
3104 4540 3227 4593 Tibi
3258 4539 3412 4592 enim
3464 4538 3607 4590 festa
3646 4531 3930 4589 solemnitas

2286 4632 2496 4702 agitur,
2559 4629 2663 4683 tibi
2721 4628 2842 4681 dies
2911 4631 3131 4680 sacrata
3192 4626 3545 4691 celebratur;
3593 4638 3757 4695 quam
3806 4616 3925 4673 beati

2284 4716 2570 4773 Timothei
2621 4715 2885 4785 martyris
2938 4714 3021 4768 tui
3070 4714 3303 4784 sanguis
3342 4713 3402 4766 in
3450 4712 3700 4766 veritatis
3735 4718 3829 4764 tua:
3862 4712 3927 4756 te-

2286 4806 2631 4861 stificatione
2664 4807 2953 4874 profusus,
2985 4803 3290 4874 magniﬁco
3329 4802 3587 4856 nominia
3630 4802 3709 4856 tui
3755 4793 3922 4853 honori

2286 4895 2547 4966 signavit.

2654 4996 2716 5034 IN
2758 4995 2992 5035 NATALI
3034 4995 3085 5035 S.
3119 4993 3620 5033 BARTHOLOIIJEI.

2357 5070 2451 5138 (G)
2478 5071 2704 5123 (Eterne
2736 5070 2905 5121 Deus.
2941 5069 3048 5132 Qui
3080 5067 3381 5121 Ecclesiam
3414 5071 3572 5121 tuam
3622 5062 3917 5133 sempiterna

2284 5155 2493 5227 pietate
2525 5172 2641 5209 non
2682 5156 2917 5224 deseris,
2962 5156 3057 5210 sed
3110 5172 3214 5226 per
3262 5156 3553 5224 apostolot
3598 5160 3717 5207 tuos
3756 5145 3919 5219 jujiter

2283 5246 2497 5311 erudis,
2527 5250 2581 5297 et
2614 5245 2732 5298 sine
2759 5244 2872 5298 fine
2903 5245 3179 5299 custodis.
3221 5246 3326 5299 Per
3357 5242 3665 5297 Christum.

2544 5366 2605 5405 IN
2645 5366 2880 5404 NA'I'ALI
2919 5366 2968 5405 S.
3009 5365 3359 5404 AIlGUSTINI
3400 5362 3705 5403 EPISCOI’I.

2352 5438 2579 5491 JEterne
2626 5440 2795 5492 Deus.
2856 5439 2964 5502 Qui
3030 5440 3261 5492 beatum
3328 5438 3701 5507 Augustinum
3742 5426 3913 5483 confes-

2282 5540 2469 5579 sorem
2535 5530 2698 5580 tuum
2762 5532 2818 5581 et
2863 5526 3113 5581 scientiae
3177 5526 3537 5581 documentis
3595 5518 3821 5593 replesti,
3872 5513 3915 5562 εἰ
