  <div class='ocr_page' id='page_1' title='image "/cluster/home/n/w/nwhite01/storage/ocr_20150623/121/hvd.32044054759832/462.png"; bbox 0 0 4048 6170; ppageno 0'>
   <div class='ocr_carea' id='block_1_1' title="bbox 130 296 229 345">
    <p class='ocr_par' dir='ltr' id='par_1_1' title="bbox 130 296 229 345">
     <span class='ocr_line' id='line_1_1' title="bbox 130 296 229 345; baseline 0 -1"><span class='ocrx_word' id='word_1_1' title='bbox 130 296 229 345; x_wconf 66' lang='grc'>913</span> 
     </span>
    </p>
   </div>
   <div class='ocr_carea' id='block_1_2' title="bbox 1024 294 2598 361">
    <p class='ocr_par' dir='ltr' id='par_1_2' title="bbox 1024 294 2598 361">
     <span class='ocr_line' id='line_1_2' title="bbox 1024 294 2598 361; baseline 0.001 -14"><span class='ocrx_word' id='word_1_2' title='bbox 1024 294 1233 349; x_wconf 80' lang='lat' dir='ltr'>LIBER</span> <span class='ocrx_word' id='word_1_3' title='bbox 1270 294 1988 351; x_wconf 75' lang='lat' dir='ltr'>SACRAMENTORUM.—</span> <span class='ocrx_word' id='word_1_4' title='bbox 2011 298 2317 351; x_wconf 59' lang='lat' dir='ltr'>PRA‘IFAT.</span> <span class='ocrx_word' id='word_1_5' title='bbox 2363 296 2598 361; x_wconf 84' lang='lat' dir='ltr'><strong>ANTIO.</strong></span> 
     </span>
    </p>
   </div>
   <div class='ocr_carea' id='block_1_3' title="bbox 3532 310 3629 358">
    <p class='ocr_par' dir='ltr' id='par_1_3' title="bbox 3532 310 3629 358">
     <span class='ocr_line' id='line_1_3' title="bbox 3532 310 3629 358; baseline 0 -1"><span class='ocrx_word' id='word_1_6' title='bbox 3532 310 3629 358; x_wconf 69' lang='grc'>914</span> 
     </span>
    </p>
   </div>
   <div class='ocr_carea' id='block_1_4' title="bbox 127 428 3627 505">
    <p class='ocr_par' dir='ltr' id='par_1_4' title="bbox 127 428 3627 505">
     <span class='ocr_line' id='line_1_4' title="bbox 127 428 3627 505; baseline 0.005 -27"><span class='ocrx_word' id='word_1_7' title='bbox 127 428 407 482; x_wconf 77' lang='lat' dir='ltr'>virtutum</span> <span class='ocrx_word' id='word_1_8' title='bbox 462 430 817 483; x_wconf 80' lang='lat' dir='ltr'>ornamentis</span> <span class='ocrx_word' id='word_1_9' title='bbox 872 429 1081 485; x_wconf 91' lang='lat' dir='ltr'>ditasti.</span> <span class='ocrx_word' id='word_1_10' title='bbox 1119 432 1296 494; x_wconf 85' lang='lat' dir='ltr'>Quem</span> <span class='ocrx_word' id='word_1_11' title='bbox 1357 432 1435 485; x_wconf 91' lang='lat' dir='ltr'>ita</span> <span class='ocrx_word' id='word_1_12' title='bbox 1467 432 1810 486; x_wconf 90' lang='lat' dir='ltr'>multimodo</span> <span class='ocrx_word' id='word_1_13' title='bbox 1848 434 1895 485; x_wconf 85' lang='lat' dir='ltr'><strong>A</strong></span> <span class='ocrx_word' id='word_1_14' title='bbox 1927 432 2191 486; x_wconf 98' lang='lat' dir='ltr'>ﬁdelibus</span> <span class='ocrx_word' id='word_1_15' title='bbox 2224 433 2437 503; x_wconf 88' lang='lat' dir='ltr'>ubique</span> <span class='ocrx_word' id='word_1_16' title='bbox 2481 435 2817 503; x_wconf 86' lang='lat' dir='ltr'>pollentem,</span> <span class='ocrx_word' id='word_1_17' title='bbox 2859 437 3131 505; x_wconf 77' lang='lat' dir='ltr'>apostolis</span> <span class='ocrx_word' id='word_1_18' title='bbox 3196 438 3334 491; x_wconf 88' lang='lat' dir='ltr'>facis</span> <span class='ocrx_word' id='word_1_19' title='bbox 3365 444 3627 495; x_wconf 79' lang='lat' dir='ltr'>constare</span> 
     </span>
    </p>
   </div>
   <div class='ocr_carea' id='block_1_5' title="bbox 126 515 1817 585">
    <p class='ocr_par' dir='ltr' id='par_1_5' title="bbox 126 515 1817 585">
     <span class='ocr_line' id='line_1_5' title="bbox 126 515 1817 585; baseline 0.002 -18"><span class='ocrx_word' id='word_1_20' title='bbox 126 529 341 583; x_wconf 80' lang='lat' dir='ltr'>genere</span> <span class='ocrx_word' id='word_1_21' title='bbox 390 515 619 584; x_wconf 87' lang='lat' dir='ltr'>pietatis</span> <span class='ocrx_word' id='word_1_22' title='bbox 669 516 948 581; x_wconf 84' lang='lat' dir='ltr'>imbuisti,</span> <span class='ocrx_word' id='word_1_23' title='bbox 1002 522 1064 569; x_wconf 88' lang='lat' dir='ltr'>ut</span> <span class='ocrx_word' id='word_1_24' title='bbox 1098 518 1214 585; x_wconf 84' lang='lat' dir='ltr'>ipse</span> <span class='ocrx_word' id='word_1_25' title='bbox 1248 517 1351 569; x_wconf 88' lang='lat' dir='ltr'>tibi</span> <span class='ocrx_word' id='word_1_26' title='bbox 1397 522 1453 569; x_wconf 87' lang='lat' dir='ltr'>et</span> <span class='ocrx_word' id='word_1_27' title='bbox 1483 535 1611 571; x_wconf 88' lang='lat' dir='ltr'>arca</span> <span class='ocrx_word' id='word_1_28' title='bbox 1643 523 1698 571; x_wconf 90' lang='lat' dir='ltr'>et</span> <span class='ocrx_word' id='word_1_29' title='bbox 1730 535 1817 571; x_wconf 84' lang='lat' dir='ltr'>sa-</span> 
     </span>
    </p>
   </div>
   <div class='ocr_carea' id='block_1_6' title="bbox 126 603 1820 673">
    <p class='ocr_par' dir='ltr' id='par_1_6' title="bbox 126 603 1820 673">
     <span class='ocr_line' id='line_1_6' title="bbox 126 603 1820 673; baseline 0.002 -19"><span class='ocrx_word' id='word_1_30' title='bbox 126 603 429 670; x_wconf 85' lang='lat' dir='ltr'>criﬁcium,</span> <span class='ocrx_word' id='word_1_31' title='bbox 478 608 534 656; x_wconf 88' lang='lat' dir='ltr'>et</span> <span class='ocrx_word' id='word_1_32' title='bbox 579 605 840 657; x_wconf 78' lang='lat' dir='ltr'>sacerdos</span> <span class='ocrx_word' id='word_1_33' title='bbox 892 609 1039 657; x_wconf 88' lang='lat' dir='ltr'>esset</span> <span class='ocrx_word' id='word_1_34' title='bbox 1079 611 1135 657; x_wconf 89' lang='lat' dir='ltr'>et</span> <span class='ocrx_word' id='word_1_35' title='bbox 1184 606 1483 673; x_wconf 79' lang='lat' dir='ltr'>templum.</span> <span class='ocrx_word' id='word_1_36' title='bbox 1523 607 1629 659; x_wconf 87' lang='lat' dir='ltr'>Per</span> <span class='ocrx_word' id='word_1_37' title='bbox 1660 605 1820 657; x_wconf 88' lang='lat' dir='ltr'>Chri-</span> 
     </span>
    </p>
   </div>
   <div class='ocr_carea' id='block_1_7' title="bbox 126 695 300 745">
    <p class='ocr_par' dir='ltr' id='par_1_7' title="bbox 126 695 300 745">
     <span class='ocr_line' id='line_1_7' title="bbox 126 695 300 745; baseline 0.017 -3"><span class='ocrx_word' id='word_1_38' title='bbox 126 695 300 745; x_wconf 85' lang='lat' dir='ltr'>stum.</span> 
     </span>
    </p>
   </div>
   <div class='ocr_carea' id='block_1_8' title="bbox 564 795 1395 835">
    <p class='ocr_par' dir='ltr' id='par_1_8' title="bbox 564 795 1395 835">
     <span class='ocr_line' id='line_1_8' title="bbox 564 795 1395 835; baseline -0.001 -1"><span class='ocrx_word' id='word_1_39' title='bbox 564 795 769 834; x_wconf 73' lang='lat' dir='ltr'>EODEM</span> <span class='ocrx_word' id='word_1_40' title='bbox 814 795 915 834; x_wconf 80' lang='lat' dir='ltr'>DIE</span> <span class='ocrx_word' id='word_1_41' title='bbox 944 796 993 834; x_wconf 88' lang='lat' dir='ltr'>S.</span> <span class='ocrx_word' id='word_1_42' title='bbox 1046 796 1395 835; x_wconf 69' lang='lat' dir='ltr'>DIERMETIS.</span> 
     </span>
    </p>
   </div>
   <div class='ocr_carea' id='block_1_9' title="bbox 195 887 1820 950">
    <p class='ocr_par' dir='ltr' id='par_1_9' title="bbox 195 887 1820 950">
     <span class='ocr_line' id='line_1_9' title="bbox 195 887 1820 950; baseline 0.001 -11"><span class='ocrx_word' id='word_1_43' title='bbox 195 887 429 939; x_wconf 58' lang='lat' dir='ltr'>{Eterue</span> <span class='ocrx_word' id='word_1_44' title='bbox 462 888 629 940; x_wconf 89' lang='lat' dir='ltr'>Deus.</span> <span class='ocrx_word' id='word_1_45' title='bbox 662 888 943 950; x_wconf 82' lang='lat' dir='ltr'>Quoniam</span> <span class='ocrx_word' id='word_1_46' title='bbox 976 887 1318 940; x_wconf 73' lang='lat' dir='ltr'>ﬁducialiter</span> <span class='ocrx_word' id='word_1_47' title='bbox 1349 887 1532 940; x_wconf 84' lang='lat' dir='ltr'>laudis</span> <span class='ocrx_word' id='word_1_48' title='bbox 1562 887 1669 941; x_wconf 81' lang='lat' dir='ltr'>tibi</span> <span class='ocrx_word' id='word_1_49' title='bbox 1703 888 1820 940; x_wconf 89' lang='lat' dir='ltr'>im-</span> 
     </span>
    </p>
   </div>
   <div class='ocr_carea' id='block_1_10' title="bbox 124 975 1823 1045">
    <p class='ocr_par' dir='ltr' id='par_1_10' title="bbox 124 975 1823 1045">
     <span class='ocr_line' id='line_1_10' title="bbox 124 975 1823 1045; baseline 0.001 -18"><span class='ocrx_word' id='word_1_50' title='bbox 124 976 413 1027; x_wconf 86' lang='lat' dir='ltr'>molamus</span> <span class='ocrx_word' id='word_1_51' title='bbox 468 975 703 1037; x_wconf 85' lang='lat' dir='ltr'>hostias,</span> <span class='ocrx_word' id='word_1_52' title='bbox 759 992 900 1044; x_wconf 89' lang='lat' dir='ltr'>quas</span> <span class='ocrx_word' id='word_1_53' title='bbox 943 976 997 1029; x_wconf 92' lang='lat' dir='ltr'>S.</span> <span class='ocrx_word' id='word_1_54' title='bbox 1060 976 1341 1028; x_wconf 84' lang='lat' dir='ltr'>Hermetis</span> <span class='ocrx_word' id='word_1_55' title='bbox 1418 978 1687 1045; x_wconf 79' lang='lat' dir='ltr'>martyris</span> <span class='ocrx_word' id='word_1_56' title='bbox 1739 977 1823 1029; x_wconf 91' lang='lat' dir='ltr'>tui</span> 
     </span>
    </p>
   </div>
   <div class='ocr_carea' id='block_1_11' title="bbox 124 1063 1819 1133">
    <p class='ocr_par' dir='ltr' id='par_1_11' title="bbox 124 1063 1819 1133">
     <span class='ocr_line' id='line_1_11' title="bbox 124 1063 1819 1133; baseline 0.004 -20"><span class='ocrx_word' id='word_1_57' title='bbox 124 1064 395 1131; x_wconf 86' lang='lat' dir='ltr'>precibus</span> <span class='ocrx_word' id='word_1_58' title='bbox 432 1063 535 1116; x_wconf 82' lang='lat' dir='ltr'>tibi</span> <span class='ocrx_word' id='word_1_59' title='bbox 576 1080 696 1116; x_wconf 88' lang='lat' dir='ltr'>esse</span> <span class='ocrx_word' id='word_1_60' title='bbox 748 1064 997 1133; x_wconf 82' lang='lat' dir='ltr'>petimus</span> <span class='ocrx_word' id='word_1_61' title='bbox 1042 1071 1319 1132; x_wconf 89' lang='lat' dir='ltr'>acceptas.</span> <span class='ocrx_word' id='word_1_62' title='bbox 1366 1066 1473 1117; x_wconf 89' lang='lat' dir='ltr'>Per</span> <span class='ocrx_word' id='word_1_63' title='bbox 1512 1065 1819 1119; x_wconf 89' lang='lat' dir='ltr'>Christum.</span> 
     </span>
    </p>
   </div>
   <div class='ocr_carea' id='block_1_12' title="bbox 271 1184 1679 1225">
    <p class='ocr_par' dir='ltr' id='par_1_12' title="bbox 271 1184 1679 1225">
     <span class='ocr_line' id='line_1_12' title="bbox 271 1184 1679 1225; baseline 0.001 -3"><span class='ocrx_word' id='word_1_64' title='bbox 271 1184 340 1222; x_wconf 85' lang='lat' dir='ltr'><strong>IN</strong></span> <span class='ocrx_word' id='word_1_65' title='bbox 391 1184 878 1223; x_wconf 72' lang='lat' dir='ltr'>DECOLLATIONE</span> <span class='ocrx_word' id='word_1_66' title='bbox 934 1185 1286 1224; x_wconf 74' lang='lat' dir='ltr'>S.JOANNIS</span> <span class='ocrx_word' id='word_1_67' title='bbox 1328 1186 1679 1225; x_wconf 62' lang='lat' dir='ltr'>BAPTISTE.</span> 
     </span>
    </p>
   </div>
   <div class='ocr_carea' id='block_1_13' title="bbox 192 1258 1823 1325">
    <p class='ocr_par' dir='ltr' id='par_1_13' title="bbox 192 1258 1823 1325">
     <span class='ocr_line' id='line_1_13' title="bbox 192 1258 1823 1325; baseline 0.001 -16"><span class='ocrx_word' id='word_1_68' title='bbox 192 1259 425 1310; x_wconf 70' lang='lat' dir='ltr'>.Eterne</span> <span class='ocrx_word' id='word_1_69' title='bbox 478 1259 645 1310; x_wconf 84' lang='lat' dir='ltr'>Deus.</span> <span class='ocrx_word' id='word_1_70' title='bbox 706 1258 814 1320; x_wconf 89' lang='lat' dir='ltr'>Qui</span> <span class='ocrx_word' id='word_1_71' title='bbox 863 1274 1274 1325; x_wconf 66' lang='lat' dir='ltr'>przecursorem</span> <span class='ocrx_word' id='word_1_72' title='bbox 1339 1260 1460 1311; x_wconf 80' lang='lat' dir='ltr'>Filii</span> <span class='ocrx_word' id='word_1_73' title='bbox 1522 1260 1605 1312; x_wconf 87' lang='lat' dir='ltr'>tui</span> <span class='ocrx_word' id='word_1_74' title='bbox 1664 1265 1823 1313; x_wconf 89' lang='lat' dir='ltr'>tanto</span> 
     </span>
    </p>
   </div>
   <div class='ocr_carea' id='block_1_14' title="bbox 127 1345 1822 1418">
    <p class='ocr_par' dir='ltr' id='par_1_14' title="bbox 127 1345 1822 1418">
     <span class='ocr_line' id='line_1_14' title="bbox 127 1345 1822 1418; baseline 0.004 -22"><span class='ocrx_word' id='word_1_75' title='bbox 127 1360 369 1397; x_wconf 89' lang='lat' dir='ltr'>munere</span> <span class='ocrx_word' id='word_1_76' title='bbox 430 1345 637 1408; x_wconf 87' lang='lat' dir='ltr'>ditasti,</span> <span class='ocrx_word' id='word_1_77' title='bbox 700 1351 760 1397; x_wconf 93' lang='lat' dir='ltr'>ut</span> <span class='ocrx_word' id='word_1_78' title='bbox 831 1362 935 1414; x_wconf 91' lang='lat' dir='ltr'>pro</span> <span class='ocrx_word' id='word_1_79' title='bbox 984 1347 1234 1400; x_wconf 80' lang='lat' dir='ltr'>veritatis</span> <span class='ocrx_word' id='word_1_80' title='bbox 1292 1350 1580 1416; x_wconf 62' lang='lat' dir='ltr'>praeconio</span> <span class='ocrx_word' id='word_1_81' title='bbox 1636 1350 1822 1418; x_wconf 82' lang='lat' dir='ltr'>capite</span> 
     </span>
    </p>
   </div>
   <div class='ocr_carea' id='block_1_15' title="bbox 126 1434 1823 1505">
    <p class='ocr_par' dir='ltr' id='par_1_15' title="bbox 126 1434 1823 1505">
     <span class='ocr_line' id='line_1_15' title="bbox 126 1434 1823 1505; baseline 0.004 -20"><span class='ocrx_word' id='word_1_82' title='bbox 126 1434 496 1502; x_wconf 83' lang='lat' dir='ltr'>plecteretur.</span> <span class='ocrx_word' id='word_1_83' title='bbox 563 1435 628 1487; x_wconf 85' lang='lat' dir='ltr'>Et</span> <span class='ocrx_word' id='word_1_84' title='bbox 659 1434 757 1503; x_wconf 85' lang='lat' dir='ltr'>qui</span> <span class='ocrx_word' id='word_1_85' title='bbox 810 1434 1095 1487; x_wconf 89' lang='lat' dir='ltr'>Christum</span> <span class='ocrx_word' id='word_1_86' title='bbox 1143 1451 1291 1505; x_wconf 88' lang='lat' dir='ltr'>aqua</span> <span class='ocrx_word' id='word_1_87' title='bbox 1320 1437 1725 1505; x_wconf 86' lang='lat' dir='ltr'>baptizaverat,</span> <span class='ocrx_word' id='word_1_88' title='bbox 1754 1438 1823 1491; x_wconf 90' lang='lat' dir='ltr'>ab</span> 
     </span>
    </p>
   </div>
   <div class='ocr_carea' id='block_1_16' title="bbox 126 1522 1822 1594">
    <p class='ocr_par' dir='ltr' id='par_1_16' title="bbox 126 1522 1822 1594">
     <span class='ocr_line' id='line_1_16' title="bbox 126 1522 1822 1594; baseline 0.002 -21"><span class='ocrx_word' id='word_1_89' title='bbox 126 1522 246 1589; x_wconf 85' lang='lat' dir='ltr'>ipso</span> <span class='ocrx_word' id='word_1_90' title='bbox 280 1523 341 1574; x_wconf 90' lang='lat' dir='ltr'>in</span> <span class='ocrx_word' id='word_1_91' title='bbox 392 1522 611 1590; x_wconf 87' lang='lat' dir='ltr'>Spiritu</span> <span class='ocrx_word' id='word_1_92' title='bbox 645 1522 980 1591; x_wconf 79' lang='lat' dir='ltr'>baptizatus,</span> <span class='ocrx_word' id='word_1_93' title='bbox 1015 1540 1120 1591; x_wconf 91' lang='lat' dir='ltr'>pro</span> <span class='ocrx_word' id='word_1_94' title='bbox 1152 1525 1347 1577; x_wconf 90' lang='lat' dir='ltr'>eodem</span> <span class='ocrx_word' id='word_1_95' title='bbox 1391 1526 1670 1594; x_wconf 85' lang='lat' dir='ltr'>sanguine</span> <span class='ocrx_word' id='word_1_96' title='bbox 1713 1526 1822 1577; x_wconf 89' lang='lat' dir='ltr'>tin-</span> 
     </span>
    </p>
   </div>
   <div class='ocr_carea' id='block_1_17' title="bbox 125 1611 1820 1681">
    <p class='ocr_par' dir='ltr' id='par_1_17' title="bbox 125 1611 1820 1681">
     <span class='ocr_line' id='line_1_17' title="bbox 125 1611 1820 1681; baseline 0.003 -20"><span class='ocrx_word' id='word_1_97' title='bbox 125 1615 377 1679; x_wconf 86' lang='lat' dir='ltr'>geretur.</span> <span class='ocrx_word' id='word_1_98' title='bbox 425 1612 618 1663; x_wconf 76' lang='lat' dir='ltr'>Praeco</span> <span class='ocrx_word' id='word_1_99' title='bbox 661 1612 877 1681; x_wconf 86' lang='lat' dir='ltr'>quippe</span> <span class='ocrx_word' id='word_1_100' title='bbox 926 1611 1202 1675; x_wconf 85' lang='lat' dir='ltr'>veritatis,</span> <span class='ocrx_word' id='word_1_101' title='bbox 1234 1629 1362 1681; x_wconf 74' lang='lat' dir='ltr'>quzc</span> <span class='ocrx_word' id='word_1_102' title='bbox 1413 1620 1497 1666; x_wconf 81' lang='lat' dir='ltr'>est</span> <span class='ocrx_word' id='word_1_103' title='bbox 1545 1614 1820 1680; x_wconf 85' lang='lat' dir='ltr'>Christus,</span> 
     </span>
    </p>
   </div>
   <div class='ocr_carea' id='block_1_18' title="bbox 128 1699 1902 1782">
    <p class='ocr_par' dir='ltr' id='par_1_18' title="bbox 128 1699 1902 1782">
     <span class='ocr_line' id='line_1_18' title="bbox 128 1699 1902 1782; baseline 0.002 -30"><span class='ocrx_word' id='word_1_104' title='bbox 128 1699 413 1752; x_wconf 84' lang='lat' dir='ltr'>Herodem</span> <span class='ocrx_word' id='word_1_105' title='bbox 484 1700 749 1753; x_wconf 83' lang='lat' dir='ltr'>fraternis</span> <span class='ocrx_word' id='word_1_106' title='bbox 804 1700 1070 1753; x_wconf 87' lang='lat' dir='ltr'>thalamis</span> <span class='ocrx_word' id='word_1_107' title='bbox 1155 1702 1511 1770; x_wconf 87' lang='lat' dir='ltr'>prohibendo</span> <span class='ocrx_word' id='word_1_108' title='bbox 1585 1703 1823 1755; x_wconf 88' lang='lat' dir='ltr'>carceris</span> <span class='ocrx_word' id='word_1_109' title='bbox 1863 1729 1902 1782; x_wconf 78' lang='grc' dir='ltr'>Β</span> 
     </span>
    </p>
   </div>
   <div class='ocr_carea' id='block_1_19' title="bbox 125 1788 1819 1855">
    <p class='ocr_par' dir='ltr' id='par_1_19' title="bbox 125 1788 1819 1855">
     <span class='ocr_line' id='line_1_19' title="bbox 125 1788 1819 1855; baseline 0.003 -15"><span class='ocrx_word' id='word_1_110' title='bbox 125 1788 469 1841; x_wconf 86' lang='lat' dir='ltr'>obscuritate</span> <span class='ocrx_word' id='word_1_111' title='bbox 502 1789 844 1855; x_wconf 88' lang='lat' dir='ltr'>detruditur,</span> <span class='ocrx_word' id='word_1_112' title='bbox 888 1789 984 1841; x_wconf 89' lang='lat' dir='ltr'>ubi</span> <span class='ocrx_word' id='word_1_113' title='bbox 1017 1789 1193 1842; x_wconf 89' lang='lat' dir='ltr'>solius</span> <span class='ocrx_word' id='word_1_114' title='bbox 1222 1790 1533 1843; x_wconf 83' lang='lat' dir='ltr'>divinitatis</span> <span class='ocrx_word' id='word_1_115' title='bbox 1591 1795 1702 1844; x_wconf 78' lang='lat' dir='ltr'>tua:</span> <span class='ocrx_word' id='word_1_116' title='bbox 1733 1792 1819 1845; x_wconf 90' lang='lat' dir='ltr'>lu-</span> 
     </span>
    </p>
   </div>
   <div class='ocr_carea' id='block_1_20' title="bbox 124 1876 1820 1945">
    <p class='ocr_par' dir='ltr' id='par_1_20' title="bbox 124 1876 1820 1945">
     <span class='ocr_line' id='line_1_20' title="bbox 124 1876 1820 1945; baseline 0.002 -17"><span class='ocrx_word' id='word_1_117' title='bbox 124 1876 276 1928; x_wconf 87' lang='lat' dir='ltr'>mine</span> <span class='ocrx_word' id='word_1_118' title='bbox 306 1876 621 1929; x_wconf 88' lang='lat' dir='ltr'>frueretur.</span> <span class='ocrx_word' id='word_1_119' title='bbox 661 1876 871 1930; x_wconf 80' lang='lat' dir='ltr'>Deinde</span> <span class='ocrx_word' id='word_1_120' title='bbox 902 1877 1206 1945; x_wconf 86' lang='lat' dir='ltr'>capitalem</span> <span class='ocrx_word' id='word_1_121' title='bbox 1248 1878 1592 1931; x_wconf 89' lang='lat' dir='ltr'>sententiam</span> <span class='ocrx_word' id='word_1_122' title='bbox 1626 1879 1820 1944; x_wconf 89' lang='lat' dir='ltr'>subiit,</span> 
     </span>
    </p>
   </div>
   <div class='ocr_carea' id='block_1_21' title="bbox 126 1964 1823 2035">
    <p class='ocr_par' dir='ltr' id='par_1_21' title="bbox 126 1964 1823 2035">
     <span class='ocr_line' id='line_1_21' title="bbox 126 1964 1823 2035; baseline 0.004 -19"><span class='ocrx_word' id='word_1_123' title='bbox 126 1969 178 2017; x_wconf 86' lang='lat' dir='ltr'>et</span> <span class='ocrx_word' id='word_1_124' title='bbox 210 1964 279 2016; x_wconf 89' lang='lat' dir='ltr'>ad</span> <span class='ocrx_word' id='word_1_125' title='bbox 326 1964 557 2018; x_wconf 88' lang='lat' dir='ltr'>inferna</span> <span class='ocrx_word' id='word_1_126' title='bbox 616 1965 920 2018; x_wconf 89' lang='lat' dir='ltr'>Dominum</span> <span class='ocrx_word' id='word_1_127' title='bbox 957 1982 1352 2035; x_wconf 67' lang='lat' dir='ltr'>praecursurus</span> <span class='ocrx_word' id='word_1_128' title='bbox 1404 1966 1719 2021; x_wconf 90' lang='lat' dir='ltr'>descendit.</span> <span class='ocrx_word' id='word_1_129' title='bbox 1758 1969 1823 2022; x_wconf 90' lang='lat' dir='ltr'>Et</span> 
     </span>
    </p>
   </div>
   <div class='ocr_carea' id='block_1_22' title="bbox 125 2053 1821 2126">
    <p class='ocr_par' dir='ltr' id='par_1_22' title="bbox 125 2053 1821 2126">
     <span class='ocr_line' id='line_1_22' title="bbox 125 2053 1821 2126; baseline 0.003 -21"><span class='ocrx_word' id='word_1_130' title='bbox 125 2068 295 2123; x_wconf 88' lang='lat' dir='ltr'>quem</span> <span class='ocrx_word' id='word_1_131' title='bbox 322 2053 388 2105; x_wconf 89' lang='lat' dir='ltr'>in</span> <span class='ocrx_word' id='word_1_132' title='bbox 420 2054 635 2106; x_wconf 90' lang='lat' dir='ltr'>mundo</span> <span class='ocrx_word' id='word_1_133' title='bbox 663 2053 842 2123; x_wconf 81' lang='lat' dir='ltr'>digito</span> <span class='ocrx_word' id='word_1_134' title='bbox 875 2054 1309 2122; x_wconf 84' lang='lat' dir='ltr'>demonstravit,</span> <span class='ocrx_word' id='word_1_135' title='bbox 1342 2054 1411 2108; x_wconf 87' lang='lat' dir='ltr'>ad</span> <span class='ocrx_word' id='word_1_136' title='bbox 1443 2054 1659 2109; x_wconf 90' lang='lat' dir='ltr'>inferos</span> <span class='ocrx_word' id='word_1_137' title='bbox 1690 2073 1821 2126; x_wconf 87' lang='lat' dir='ltr'>pre-</span> 
     </span>
    </p>
   </div>
   <div class='ocr_carea' id='block_1_23' title="bbox 124 2142 1087 2211">
    <p class='ocr_par' dir='ltr' id='par_1_23' title="bbox 124 2142 1087 2211">
     <span class='ocr_line' id='line_1_23' title="bbox 124 2142 1087 2211; baseline 0.003 -19"><span class='ocrx_word' id='word_1_138' title='bbox 124 2142 262 2193; x_wconf 85' lang='lat' dir='ltr'>tiosa</span> <span class='ocrx_word' id='word_1_139' title='bbox 299 2146 490 2194; x_wconf 88' lang='lat' dir='ltr'>morte</span> <span class='ocrx_word' id='word_1_140' title='bbox 519 2142 806 2211; x_wconf 62' lang='lat' dir='ltr'>praecessit</span> <span class='ocrx_word' id='word_1_141' title='bbox 833 2143 897 2195; x_wconf 87' lang='lat' dir='ltr'>Et</span> <span class='ocrx_word' id='word_1_142' title='bbox 935 2142 1087 2195; x_wconf 85' lang='lat' dir='ltr'>ideo.</span> 
     </span>
    </p>
   </div>
   <div class='ocr_carea' id='block_1_24' title="bbox 428 2252 1513 2304">
    <p class='ocr_par' dir='ltr' id='par_1_24' title="bbox 428 2252 1513 2304">
     <span class='ocr_line' id='line_1_24' title="bbox 428 2252 1513 2304; baseline 0.004 -4"><span class='ocrx_word' id='word_1_143' title='bbox 428 2262 493 2300; x_wconf 83' lang='lat' dir='ltr'><strong>IN</strong></span> <span class='ocrx_word' id='word_1_144' title='bbox 534 2252 766 2301; x_wconf 58' lang='lat' dir='ltr'>NATALI</span> <span class='ocrx_word' id='word_1_145' title='bbox 806 2263 856 2302; x_wconf 91' lang='lat' dir='ltr'>s.</span> <span class='ocrx_word' id='word_1_146' title='bbox 903 2263 1106 2303; x_wconf 78' lang='lat' dir='ltr'>PBISCI</span> <span class='ocrx_word' id='word_1_147' title='bbox 1158 2263 1513 2304; x_wconf 76' lang='lat' dir='ltr'>MARTYRIS.</span> 
     </span>
    </p>
   </div>
   <div class='ocr_carea' id='block_1_25' title="bbox 185 2336 1817 2405">
    <p class='ocr_par' dir='ltr' id='par_1_25' title="bbox 185 2336 1817 2405">
     <span class='ocr_line' id='line_1_25' title="bbox 185 2336 1817 2405; baseline 0 -14"><span class='ocrx_word' id='word_1_148' title='bbox 185 2336 303 2405; x_wconf 73' lang='grc' dir='ltr'>(ϐ.)</span> <span class='ocrx_word' id='word_1_149' title='bbox 354 2337 582 2389; x_wconf 69' lang='grc' dir='ltr'>,ίΕῐθιἮθ</span> <span class='ocrx_word' id='word_1_150' title='bbox 616 2337 783 2389; x_wconf 89' lang='lat' dir='ltr'>Deus.</span> <span class='ocrx_word' id='word_1_151' title='bbox 821 2336 928 2400; x_wconf 87' lang='lat' dir='ltr'>Qui</span> <span class='ocrx_word' id='word_1_152' title='bbox 970 2336 1049 2390; x_wconf 92' lang='lat' dir='ltr'>sic</span> <span class='ocrx_word' id='word_1_153' title='bbox 1083 2337 1289 2391; x_wconf 82' lang='lat' dir='ltr'>tribuis</span> <span class='ocrx_word' id='word_1_154' title='bbox 1322 2337 1628 2391; x_wconf 84' lang='lat' dir='ltr'>Ecclesiam</span> <span class='ocrx_word' id='word_1_155' title='bbox 1662 2343 1817 2391; x_wconf 91' lang='lat' dir='ltr'>tuam</span> 
     </span>
    </p>
   </div>
   <div class='ocr_carea' id='block_1_26' title="bbox 122 2424 1818 2494">
    <p class='ocr_par' dir='ltr' id='par_1_26' title="bbox 122 2424 1818 2494">
     <span class='ocr_line' id='line_1_26' title="bbox 122 2424 1818 2494; baseline 0.003 -19"><span class='ocrx_word' id='word_1_156' title='bbox 122 2429 459 2477; x_wconf 87' lang='lat' dir='ltr'>sanctorum</span> <span class='ocrx_word' id='word_1_157' title='bbox 492 2424 1042 2477; x_wconf 85' lang='lat' dir='ltr'>commemoratione</span> <span class='ocrx_word' id='word_1_158' title='bbox 1074 2426 1374 2494; x_wconf 84' lang='lat' dir='ltr'>proﬁcere,</span> <span class='ocrx_word' id='word_1_159' title='bbox 1401 2432 1465 2479; x_wconf 91' lang='lat' dir='ltr'>ut</span> <span class='ocrx_word' id='word_1_160' title='bbox 1501 2442 1626 2479; x_wconf 89' lang='lat' dir='ltr'>eam</span> <span class='ocrx_word' id='word_1_161' title='bbox 1667 2444 1818 2480; x_wconf 89' lang='lat' dir='ltr'>sem-</span> 
     </span>
    </p>
   </div>
   <div class='ocr_carea' id='block_1_27' title="bbox 124 2512 1818 2586">
    <p class='ocr_par' dir='ltr' id='par_1_27' title="bbox 124 2512 1818 2586">
     <span class='ocr_line' id='line_1_27' title="bbox 124 2512 1818 2586; baseline 0.003 -22"><span class='ocrx_word' id='word_1_162' title='bbox 124 2528 219 2582; x_wconf 88' lang='lat' dir='ltr'>per</span> <span class='ocrx_word' id='word_1_163' title='bbox 266 2513 507 2565; x_wconf 88' lang='lat' dir='ltr'>illorum</span> <span class='ocrx_word' id='word_1_164' title='bbox 538 2518 593 2565; x_wconf 91' lang='lat' dir='ltr'>et</span> <span class='ocrx_word' id='word_1_165' title='bbox 624 2512 927 2565; x_wconf 84' lang='lat' dir='ltr'>festivitate</span> <span class='ocrx_word' id='word_1_166' title='bbox 977 2513 1253 2578; x_wconf 69' lang='lat' dir='ltr'>laetiﬁces,</span> <span class='ocrx_word' id='word_1_167' title='bbox 1306 2520 1360 2567; x_wconf 89' lang='lat' dir='ltr'>et</span> <span class='ocrx_word' id='word_1_168' title='bbox 1393 2517 1657 2584; x_wconf 82' lang='lat' dir='ltr'>exemplo</span> <span class='ocrx_word' id='word_1_169' title='bbox 1709 2516 1818 2586; x_wconf 66' lang='lat' dir='ltr'>pia:</span> 
     </span>
    </p>
   </div>
   <div class='ocr_carea' id='block_1_28' title="bbox 120 2601 1819 2674">
    <p class='ocr_par' dir='ltr' id='par_1_28' title="bbox 120 2601 1819 2674">
     <span class='ocr_line' id='line_1_28' title="bbox 120 2601 1819 2674; baseline 0.004 -21"><span class='ocrx_word' id='word_1_170' title='bbox 120 2601 573 2653; x_wconf 83' lang='lat' dir='ltr'>conversationis</span> <span class='ocrx_word' id='word_1_171' title='bbox 615 2617 898 2666; x_wconf 81' lang='lat' dir='ltr'>exerceas,</span> <span class='ocrx_word' id='word_1_172' title='bbox 959 2606 1236 2673; x_wconf 87' lang='lat' dir='ltr'>grataque</span> <span class='ocrx_word' id='word_1_173' title='bbox 1264 2602 1367 2657; x_wconf 86' lang='lat' dir='ltr'>tibi</span> <span class='ocrx_word' id='word_1_174' title='bbox 1401 2605 1819 2674; x_wconf 87' lang='lat' dir='ltr'>supplicatione</span> 
     </span>
    </p>
   </div>
   <div class='ocr_carea' id='block_1_29' title="bbox 124 2689 744 2743">
    <p class='ocr_par' dir='ltr' id='par_1_29' title="bbox 124 2689 744 2743">
     <span class='ocr_line' id='line_1_29' title="bbox 124 2689 744 2743; baseline -0.005 -1"><span class='ocrx_word' id='word_1_175' title='bbox 124 2689 353 2742; x_wconf 89' lang='lat' dir='ltr'>tuearis.</span> <span class='ocrx_word' id='word_1_176' title='bbox 396 2690 502 2741; x_wconf 89' lang='lat' dir='ltr'>Per</span> <span class='ocrx_word' id='word_1_177' title='bbox 538 2689 744 2743; x_wconf 89' lang='lat' dir='ltr'>Christ.</span> 
     </span>
    </p>
   </div>
   <div class='ocr_carea' id='block_1_30' title="bbox 497 2810 1430 2851">
    <p class='ocr_par' dir='ltr' id='par_1_30' title="bbox 497 2810 1430 2851">
     <span class='ocr_line' id='line_1_30' title="bbox 497 2810 1430 2851; baseline 0.003 -3"><span class='ocrx_word' id='word_1_178' title='bbox 497 2810 555 2848; x_wconf 78' lang='lat' dir='ltr'>IN</span> <span class='ocrx_word' id='word_1_179' title='bbox 598 2811 833 2849; x_wconf 76' lang='lat' dir='ltr'>NATALI</span> <span class='ocrx_word' id='word_1_180' title='bbox 878 2810 1133 2850; x_wconf 69' lang='grc' dir='ltr'>ΘΑΝΟΤᾸΞ</span> <span class='ocrx_word' id='word_1_181' title='bbox 1184 2811 1430 2851; x_wconf 72' lang='grc' dir='ltr'>ΜΑΙὶΙιΕ.</span> 
     </span>
    </p>
   </div>
   <div class='ocr_carea' id='block_1_31' title="bbox 189 2883 1821 2954">
    <p class='ocr_par' dir='ltr' id='par_1_31' title="bbox 189 2883 1821 2954">
     <span class='ocr_line' id='line_1_31' title="bbox 189 2883 1821 2954; baseline 0.003 -19"><span class='ocrx_word' id='word_1_182' title='bbox 189 2883 444 2954; x_wconf 54' lang='lat' dir='ltr'>Altinum</span> <span class='ocrx_word' id='word_1_183' title='bbox 492 2889 546 2936; x_wconf 90' lang='lat' dir='ltr'>et</span> <span class='ocrx_word' id='word_1_184' title='bbox 585 2885 852 2937; x_wconf 89' lang='lat' dir='ltr'>salutare.</span> <span class='ocrx_word' id='word_1_185' title='bbox 889 2885 999 2937; x_wconf 87' lang='lat' dir='ltr'>Vos</span> <span class='ocrx_word' id='word_1_186' title='bbox 1044 2885 1147 2938; x_wconf 88' lang='lat' dir='ltr'>tibi</span> <span class='ocrx_word' id='word_1_187' title='bbox 1196 2885 1254 2937; x_wconf 92' lang='lat' dir='ltr'>in</span> <span class='ocrx_word' id='word_1_188' title='bbox 1301 2885 1563 2939; x_wconf 90' lang='lat' dir='ltr'>omnium</span> <span class='ocrx_word' id='word_1_189' title='bbox 1607 2894 1821 2940; x_wconf 87' lang='lat' dir='ltr'>sancto-</span> 
     </span>
    </p>
   </div>
   <div class='ocr_carea' id='block_1_32' title="bbox 121 2973 1897 3076">
    <p class='ocr_par' dir='ltr' id='par_1_32' title="bbox 121 2973 1897 3076">
     <span class='ocr_line' id='line_1_32' title="bbox 121 2973 1897 3076; baseline 0.003 -53"><span class='ocrx_word' id='word_1_190' title='bbox 121 2989 241 3025; x_wconf 90' lang='lat' dir='ltr'>rum</span> <span class='ocrx_word' id='word_1_191' title='bbox 269 2979 509 3025; x_wconf 90' lang='lat' dir='ltr'>tuorum</span> <span class='ocrx_word' id='word_1_192' title='bbox 538 2978 811 3041; x_wconf 88' lang='lat' dir='ltr'>provectu</span> <span class='ocrx_word' id='word_1_193' title='bbox 841 2973 1051 3043; x_wconf 83' lang='lat' dir='ltr'>gratias</span> <span class='ocrx_word' id='word_1_194' title='bbox 1082 2989 1272 3043; x_wconf 90' lang='lat' dir='ltr'>agere,</span> <span class='ocrx_word' id='word_1_195' title='bbox 1310 2975 1550 3027; x_wconf 91' lang='lat' dir='ltr'>Domine</span> <span class='ocrx_word' id='word_1_196' title='bbox 1602 2982 1815 3042; x_wconf 86' lang='lat' dir='ltr'>sancte,</span> <span class='ocrx_word' id='word_1_197' title='bbox 1860 3022 1897 3076; x_wconf 67' lang='grc' dir='ltr'><strong>Ο</strong></span> 
     </span>
    </p>
   </div>
   <div class='ocr_carea' id='block_1_33' title="bbox 118 3061 1819 3133">
    <p class='ocr_par' dir='ltr' id='par_1_33' title="bbox 118 3061 1819 3133">
     <span class='ocr_line' id='line_1_33' title="bbox 118 3061 1819 3133; baseline 0.001 -19"><span class='ocrx_word' id='word_1_198' title='bbox 118 3061 280 3115; x_wconf 87' lang='lat' dir='ltr'>Pater</span> <span class='ocrx_word' id='word_1_199' title='bbox 336 3061 730 3129; x_wconf 85' lang='lat' dir='ltr'>omnipotens,</span> <span class='ocrx_word' id='word_1_200' title='bbox 794 3067 1005 3114; x_wconf 58' lang='lat' dir='ltr'>aeterne</span> <span class='ocrx_word' id='word_1_201' title='bbox 1034 3063 1200 3114; x_wconf 87' lang='lat' dir='ltr'>Deus.</span> <span class='ocrx_word' id='word_1_202' title='bbox 1266 3063 1328 3115; x_wconf 88' lang='lat' dir='ltr'>Et</span> <span class='ocrx_word' id='word_1_203' title='bbox 1376 3064 1661 3133; x_wconf 65' lang='lat' dir='ltr'>przecipue</span> <span class='ocrx_word' id='word_1_204' title='bbox 1715 3081 1819 3133; x_wconf 89' lang='lat' dir='ltr'>pro</span> 
     </span>
    </p>
   </div>
   <div class='ocr_carea' id='block_1_34' title="bbox 119 3149 1818 3220">
    <p class='ocr_par' dir='ltr' id='par_1_34' title="bbox 119 3149 1818 3220">
     <span class='ocr_line' id='line_1_34' title="bbox 119 3149 1818 3220; baseline 0.002 -18"><span class='ocrx_word' id='word_1_205' title='bbox 119 3150 335 3202; x_wconf 86' lang='lat' dir='ltr'>meritis</span> <span class='ocrx_word' id='word_1_206' title='bbox 380 3149 560 3201; x_wconf 64' lang='lat' dir='ltr'>beatae</span> <span class='ocrx_word' id='word_1_207' title='bbox 596 3149 691 3201; x_wconf 89' lang='lat' dir='ltr'>Dei</span> <span class='ocrx_word' id='word_1_208' title='bbox 724 3149 1016 3217; x_wconf 83' lang='lat' dir='ltr'>genitricis</span> <span class='ocrx_word' id='word_1_209' title='bbox 1048 3155 1102 3202; x_wconf 90' lang='lat' dir='ltr'>et</span> <span class='ocrx_word' id='word_1_210' title='bbox 1133 3154 1423 3219; x_wconf 72' lang='lat' dir='ltr'>perpetuae</span> <span class='ocrx_word' id='word_1_211' title='bbox 1456 3150 1690 3220; x_wconf 82' lang='lat' dir='ltr'>virginis</span> <span class='ocrx_word' id='word_1_212' title='bbox 1712 3152 1818 3205; x_wconf 86' lang='lat' dir='ltr'>Ma-</span> 
     </span>
    </p>
   </div>
   <div class='ocr_carea' id='block_1_35' title="bbox 120 3237 1813 3307">
    <p class='ocr_par' dir='ltr' id='par_1_35' title="bbox 120 3237 1813 3307">
     <span class='ocr_line' id='line_1_35' title="bbox 120 3237 1813 3307; baseline 0.001 -18"><span class='ocrx_word' id='word_1_213' title='bbox 120 3237 208 3289; x_wconf 65' lang='lat' dir='ltr'>riae</span> <span class='ocrx_word' id='word_1_214' title='bbox 242 3237 457 3306; x_wconf 85' lang='lat' dir='ltr'>gratia,</span> <span class='ocrx_word' id='word_1_215' title='bbox 502 3238 666 3305; x_wconf 89' lang='lat' dir='ltr'>plene</span> <span class='ocrx_word' id='word_1_216' title='bbox 699 3242 853 3289; x_wconf 89' lang='lat' dir='ltr'>tuam</span> <span class='ocrx_word' id='word_1_217' title='bbox 886 3237 1364 3307; x_wconf 87' lang='lat' dir='ltr'>omnipotentiam</span> <span class='ocrx_word' id='word_1_218' title='bbox 1410 3238 1663 3305; x_wconf 89' lang='lat' dir='ltr'>laudare,</span> <span class='ocrx_word' id='word_1_219' title='bbox 1718 3239 1813 3291; x_wconf 86' lang='lat' dir='ltr'>be-</span> 
     </span>
    </p>
   </div>
   <div class='ocr_carea' id='block_1_36' title="bbox 120 3324 1199 3395">
    <p class='ocr_par' dir='ltr' id='par_1_36' title="bbox 120 3324 1199 3395">
     <span class='ocr_line' id='line_1_36' title="bbox 120 3324 1199 3395; baseline 0 -18"><span class='ocrx_word' id='word_1_220' title='bbox 120 3325 386 3378; x_wconf 88' lang='lat' dir='ltr'>nedicere</span> <span class='ocrx_word' id='word_1_221' title='bbox 420 3332 474 3378; x_wconf 90' lang='lat' dir='ltr'>et</span> <span class='ocrx_word' id='word_1_222' title='bbox 506 3324 836 3394; x_wconf 65' lang='lat' dir='ltr'>praadicare.</span> <span class='ocrx_word' id='word_1_223' title='bbox 873 3327 977 3377; x_wconf 89' lang='lat' dir='ltr'>Per</span> <span class='ocrx_word' id='word_1_224' title='bbox 1008 3341 1199 3395; x_wconf 84' lang='lat' dir='ltr'>quem.</span> 
     </span>
    </p>
   </div>
   <div class='ocr_carea' id='block_1_37' title="bbox 385 3446 1566 3486">
    <p class='ocr_par' dir='ltr' id='par_1_37' title="bbox 385 3446 1566 3486">
     <span class='ocr_line' id='line_1_37' title="bbox 385 3446 1566 3486; baseline 0.002 -2"><span class='ocrx_word' id='word_1_225' title='bbox 385 3446 450 3484; x_wconf 71' lang='lat' dir='ltr'><strong>IN</strong></span> <span class='ocrx_word' id='word_1_226' title='bbox 488 3446 721 3484; x_wconf 74' lang='lat' dir='ltr'>NATALI</span> <span class='ocrx_word' id='word_1_227' title='bbox 778 3446 826 3485; x_wconf 91' lang='lat' dir='ltr'>S.</span> <span class='ocrx_word' id='word_1_228' title='bbox 867 3446 1173 3485; x_wconf 77' lang='lat' dir='ltr'>GORGONII</span> <span class='ocrx_word' id='word_1_229' title='bbox 1209 3446 1566 3486; x_wconf 73' lang='lat' dir='ltr'>MARTYRIS.</span> 
     </span>
    </p>
   </div>
   <div class='ocr_carea' id='block_1_38' title="bbox 186 3519 1815 3589">
    <p class='ocr_par' dir='ltr' id='par_1_38' title="bbox 186 3519 1815 3589">
     <span class='ocr_line' id='line_1_38' title="bbox 186 3519 1815 3589; baseline 0.002 -17"><span class='ocrx_word' id='word_1_230' title='bbox 186 3520 305 3589; x_wconf 76' lang='lat'>(6.)</span> <span class='ocrx_word' id='word_1_231' title='bbox 361 3519 591 3572; x_wconf 56' lang='lat' dir='ltr'>.tEterne</span> <span class='ocrx_word' id='word_1_232' title='bbox 628 3522 790 3572; x_wconf 90' lang='lat' dir='ltr'>Deus.</span> <span class='ocrx_word' id='word_1_233' title='bbox 842 3521 1031 3589; x_wconf 83' lang='lat' dir='ltr'>Teque</span> <span class='ocrx_word' id='word_1_234' title='bbox 1084 3520 1143 3572; x_wconf 88' lang='lat' dir='ltr'>in</span> <span class='ocrx_word' id='word_1_235' title='bbox 1207 3525 1535 3573; x_wconf 73' lang='lat' dir='ltr'>sanctorum</span> <span class='ocrx_word' id='word_1_236' title='bbox 1584 3524 1815 3575; x_wconf 91' lang='lat' dir='ltr'>tuorum</span> 
     </span>
    </p>
   </div>
   <div class='ocr_carea' id='block_1_39' title="bbox 117 3608 1813 3678">
    <p class='ocr_par' dir='ltr' id='par_1_39' title="bbox 117 3608 1813 3678">
     <span class='ocr_line' id='line_1_39' title="bbox 117 3608 1813 3678; baseline 0.002 -17"><span class='ocrx_word' id='word_1_237' title='bbox 117 3608 571 3661; x_wconf 87' lang='lat' dir='ltr'>confessionibus</span> <span class='ocrx_word' id='word_1_238' title='bbox 623 3609 878 3673; x_wconf 90' lang='lat' dir='ltr'>laudare,</span> <span class='ocrx_word' id='word_1_239' title='bbox 932 3609 990 3660; x_wconf 91' lang='lat' dir='ltr'>in</span> <span class='ocrx_word' id='word_1_240' title='bbox 1031 3610 1193 3678; x_wconf 89' lang='lat' dir='ltr'>cujus</span> <span class='ocrx_word' id='word_1_241' title='bbox 1244 3610 1375 3661; x_wconf 85' lang='lat' dir='ltr'>facti</span> <span class='ocrx_word' id='word_1_242' title='bbox 1425 3614 1556 3662; x_wconf 91' lang='lat' dir='ltr'>sunt</span> <span class='ocrx_word' id='word_1_243' title='bbox 1604 3611 1813 3665; x_wconf 89' lang='lat' dir='ltr'>virtute</span> 
     </span>
    </p>
   </div>
   <div class='ocr_carea' id='block_1_40' title="bbox 115 3697 1811 3768">
    <p class='ocr_par' dir='ltr' id='par_1_40' title="bbox 115 3697 1811 3768">
     <span class='ocr_line' id='line_1_40' title="bbox 115 3697 1811 3768; baseline 0.003 -21"><span class='ocrx_word' id='word_1_244' title='bbox 115 3698 375 3750; x_wconf 85' lang='lat' dir='ltr'>victores.</span> <span class='ocrx_word' id='word_1_245' title='bbox 413 3697 649 3760; x_wconf 89' lang='lat' dir='ltr'>Quando</span> <span class='ocrx_word' id='word_1_246' title='bbox 680 3698 834 3750; x_wconf 89' lang='lat' dir='ltr'>enim</span> <span class='ocrx_word' id='word_1_247' title='bbox 866 3698 1119 3750; x_wconf 86' lang='lat' dir='ltr'>humana</span> <span class='ocrx_word' id='word_1_248' title='bbox 1157 3698 1435 3767; x_wconf 82' lang='lat' dir='ltr'>fragilitas</span> <span class='ocrx_word' id='word_1_249' title='bbox 1479 3700 1565 3751; x_wconf 88' lang='lat' dir='ltr'>vel</span> <span class='ocrx_word' id='word_1_250' title='bbox 1593 3699 1811 3768; x_wconf 86' lang='lat' dir='ltr'>passio-</span> 
     </span>
    </p>
   </div>
   <div class='ocr_carea' id='block_1_41' title="bbox 116 3786 1811 3855">
    <p class='ocr_par' dir='ltr' id='par_1_41' title="bbox 116 3786 1811 3855">
     <span class='ocr_line' id='line_1_41' title="bbox 116 3786 1811 3855; baseline 0.002 -19"><span class='ocrx_word' id='word_1_251' title='bbox 116 3801 241 3839; x_wconf 89' lang='lat' dir='ltr'>nem</span> <span class='ocrx_word' id='word_1_252' title='bbox 300 3786 711 3855; x_wconf 79' lang='lat' dir='ltr'>aequanimiter</span> <span class='ocrx_word' id='word_1_253' title='bbox 757 3786 903 3839; x_wconf 88' lang='lat' dir='ltr'>ferre</span> <span class='ocrx_word' id='word_1_254' title='bbox 952 3787 1255 3852; x_wconf 89' lang='lat' dir='ltr'>sufﬁceret,</span> <span class='ocrx_word' id='word_1_255' title='bbox 1311 3788 1395 3839; x_wconf 88' lang='lat' dir='ltr'>vel</span> <span class='ocrx_word' id='word_1_256' title='bbox 1431 3787 1609 3840; x_wconf 90' lang='lat' dir='ltr'>hostis</span> <span class='ocrx_word' id='word_1_257' title='bbox 1659 3789 1811 3841; x_wconf 87' lang='lat' dir='ltr'>aerei</span> 
     </span>
    </p>
   </div>
   <div class='ocr_carea' id='block_1_42' title="bbox 116 3874 1807 3943">
    <p class='ocr_par' dir='ltr' id='par_1_42' title="bbox 116 3874 1807 3943">
     <span class='ocr_line' id='line_1_42' title="bbox 116 3874 1807 3943; baseline 0.001 -17"><span class='ocrx_word' id='word_1_258' title='bbox 116 3875 401 3943; x_wconf 82' lang='lat' dir='ltr'>nequitias</span> <span class='ocrx_word' id='word_1_259' title='bbox 430 3874 674 3942; x_wconf 86' lang='lat' dir='ltr'>vincere,</span> <span class='ocrx_word' id='word_1_260' title='bbox 710 3875 817 3927; x_wconf 91' lang='lat' dir='ltr'>nisi</span> <span class='ocrx_word' id='word_1_261' title='bbox 850 3880 961 3927; x_wconf 61' lang='lat' dir='ltr'>tua:</span> <span class='ocrx_word' id='word_1_262' title='bbox 988 3876 1276 3928; x_wconf 89' lang='lat' dir='ltr'>ﬁrmitatis</span> <span class='ocrx_word' id='word_1_263' title='bbox 1316 3876 1634 3929; x_wconf 88' lang='lat' dir='ltr'>subsidium</span> <span class='ocrx_word' id='word_1_264' title='bbox 1697 3877 1807 3928; x_wconf 81' lang='lat' dir='ltr'>mi-</span> 
     </span>
    </p>
   </div>
   <div class='ocr_carea' id='block_1_43' title="bbox 118 3962 1805 4028">
    <p class='ocr_par' dir='ltr' id='par_1_43' title="bbox 118 3962 1805 4028">
     <span class='ocr_line' id='line_1_43' title="bbox 118 3962 1805 4028; baseline 0.003 -15"><span class='ocrx_word' id='word_1_265' title='bbox 118 3962 414 4028; x_wconf 85' lang='lat' dir='ltr'>nistrares,</span> <span class='ocrx_word' id='word_1_266' title='bbox 447 3968 503 4014; x_wconf 93' lang='lat' dir='ltr'>et</span> <span class='ocrx_word' id='word_1_267' title='bbox 548 3979 694 4015; x_wconf 66' lang='lat' dir='ltr'>saava</span> <span class='ocrx_word' id='word_1_268' title='bbox 734 3963 974 4017; x_wconf 91' lang='lat' dir='ltr'>furentis</span> <span class='ocrx_word' id='word_1_269' title='bbox 1006 3963 1224 4016; x_wconf 90' lang='lat' dir='ltr'>inimici</span> <span class='ocrx_word' id='word_1_270' title='bbox 1265 3980 1426 4018; x_wconf 90' lang='lat' dir='ltr'>arma</span> <span class='ocrx_word' id='word_1_271' title='bbox 1463 3970 1805 4019; x_wconf 88' lang='lat' dir='ltr'>contereres.</span> 
     </span>
    </p>
   </div>
   <div class='ocr_carea' id='block_1_44' title="bbox 118 4051 565 4105">
    <p class='ocr_par' dir='ltr' id='par_1_44' title="bbox 118 4051 565 4105">
     <span class='ocr_line' id='line_1_44' title="bbox 118 4051 565 4105; baseline 0.004 -2"><span class='ocrx_word' id='word_1_272' title='bbox 118 4051 218 4104; x_wconf 88' lang='lat' dir='ltr'>Per</span> <span class='ocrx_word' id='word_1_273' title='bbox 247 4052 565 4105; x_wconf 80' lang='lat' dir='ltr'>Christum.</span> 
     </span>
    </p>
   </div>
   <div class='ocr_carea' id='block_1_45' title="bbox 312 4173 1609 4215">
    <p class='ocr_par' dir='ltr' id='par_1_45' title="bbox 312 4173 1609 4215">
     <span class='ocr_line' id='line_1_45' title="bbox 312 4173 1609 4215; baseline 0.002 -3"><span class='ocrx_word' id='word_1_274' title='bbox 312 4175 381 4213; x_wconf 70' lang='lat' dir='ltr'><strong>IN</strong></span> <span class='ocrx_word' id='word_1_275' title='bbox 425 4173 660 4213; x_wconf 81' lang='lat' dir='ltr'>NATALI</span> <span class='ocrx_word' id='word_1_276' title='bbox 694 4174 782 4213; x_wconf 84' lang='lat' dir='ltr'>SS.</span> <span class='ocrx_word' id='word_1_277' title='bbox 815 4174 1118 4213; x_wconf 76' lang='lat' dir='ltr'>CORNELII</span> <span class='ocrx_word' id='word_1_278' title='bbox 1167 4174 1236 4213; x_wconf 86' lang='lat' dir='ltr'>ET</span> <span class='ocrx_word' id='word_1_279' title='bbox 1272 4174 1609 4215; x_wconf 77' lang='lat' dir='ltr'>CYPRIANI.</span> 
     </span>
    </p>
   </div>
   <div class='ocr_carea' id='block_1_46' title="bbox 180 4248 1804 4318">
    <p class='ocr_par' dir='ltr' id='par_1_46' title="bbox 180 4248 1804 4318">
     <span class='ocr_line' id='line_1_46' title="bbox 180 4248 1804 4318; baseline 0 -19"><span class='ocrx_word' id='word_1_280' title='bbox 180 4248 412 4300; x_wconf 73' lang='lat' dir='ltr'>:Eterne</span> <span class='ocrx_word' id='word_1_281' title='bbox 446 4249 609 4301; x_wconf 87' lang='lat' dir='ltr'>Deus.</span> <span class='ocrx_word' id='word_1_282' title='bbox 646 4250 938 4318; x_wconf 88' lang='lat' dir='ltr'>Tuamque</span> <span class='ocrx_word' id='word_1_283' title='bbox 970 4249 1027 4300; x_wconf 91' lang='lat' dir='ltr'>in</span> <span class='ocrx_word' id='word_1_284' title='bbox 1060 4253 1381 4301; x_wconf 81' lang='lat' dir='ltr'>sanctorum</span> <span class='ocrx_word' id='word_1_285' title='bbox 1404 4251 1631 4301; x_wconf 87' lang='lat' dir='ltr'>tuorum</span> <span class='ocrx_word' id='word_1_286' title='bbox 1664 4249 1804 4302; x_wconf 90' lang='lat' dir='ltr'>Cor-</span> 
     </span>
    </p>
   </div>
   <div class='ocr_carea' id='block_1_47' title="bbox 118 4319 1906 4408">
    <p class='ocr_par' dir='ltr' id='par_1_47' title="bbox 118 4319 1906 4408">
     <span class='ocr_line' id='line_1_47' title="bbox 118 4319 1906 4408; baseline 0.002 -22"><span class='ocrx_word' id='word_1_287' title='bbox 118 4335 248 4387; x_wconf 90' lang='lat' dir='ltr'>nelii</span> <span class='ocrx_word' id='word_1_288' title='bbox 278 4336 460 4388; x_wconf 87' lang='lat' dir='ltr'>simul</span> <span class='ocrx_word' id='word_1_289' title='bbox 497 4341 554 4388; x_wconf 92' lang='lat' dir='ltr'>et</span> <span class='ocrx_word' id='word_1_290' title='bbox 610 4336 881 4405; x_wconf 68' lang='lat' dir='ltr'>Cypriani</span> <span class='ocrx_word' id='word_1_291' title='bbox 911 4345 935 4368; x_wconf 67' lang='grc'>⁸</span> <span class='ocrx_word' id='word_1_292' title='bbox 995 4337 1305 4406; x_wconf 61' lang='lat' dir='ltr'>praedicare</span> <span class='ocrx_word' id='word_1_293' title='bbox 1348 4337 1640 4403; x_wconf 80' lang='lat' dir='ltr'>virtutem,</span> <span class='ocrx_word' id='word_1_294' title='bbox 1674 4354 1815 4408; x_wconf 89' lang='lat' dir='ltr'>quos</span> <span class='ocrx_word' id='word_1_295' title='bbox 1865 4319 1906 4371; x_wconf 72' lang='grc' dir='ltr'>υ</span> 
     </span>
    </p>
   </div>
   <div class='ocr_carea' id='block_1_48' title="bbox 114 4424 1816 4496">
    <p class='ocr_par' dir='ltr' id='par_1_48' title="bbox 114 4424 1816 4496">
     <span class='ocr_line' id='line_1_48' title="bbox 114 4424 1816 4496; baseline 0.002 -22"><span class='ocrx_word' id='word_1_296' title='bbox 114 4424 357 4476; x_wconf 82' lang='lat' dir='ltr'>diversis</span> <span class='ocrx_word' id='word_1_297' title='bbox 388 4428 673 4477; x_wconf 88' lang='lat' dir='ltr'>terrarum</span> <span class='ocrx_word' id='word_1_298' title='bbox 706 4424 964 4493; x_wconf 88' lang='lat' dir='ltr'>partibus</span> <span class='ocrx_word' id='word_1_299' title='bbox 987 4440 1188 4494; x_wconf 87' lang='lat' dir='ltr'>greges</span> <span class='ocrx_word' id='word_1_300' title='bbox 1220 4441 1378 4478; x_wconf 88' lang='lat' dir='ltr'>sacro</span> <span class='ocrx_word' id='word_1_301' title='bbox 1429 4426 1621 4478; x_wconf 89' lang='lat' dir='ltr'>divino</span> <span class='ocrx_word' id='word_1_302' title='bbox 1667 4442 1816 4496; x_wconf 89' lang='lat' dir='ltr'>pane</span> 
     </span>
    </p>
   </div>
   <div class='ocr_carea' id='block_1_49' title="bbox 116 4512 1819 4584">
    <p class='ocr_par' dir='ltr' id='par_1_49' title="bbox 116 4512 1819 4584">
     <span class='ocr_line' id='line_1_49' title="bbox 116 4512 1819 4584; baseline 0.003 -22"><span class='ocrx_word' id='word_1_303' title='bbox 116 4517 435 4579; x_wconf 87' lang='lat' dir='ltr'>pascentes,</span> <span class='ocrx_word' id='word_1_304' title='bbox 469 4528 585 4565; x_wconf 89' lang='lat' dir='ltr'>una</span> <span class='ocrx_word' id='word_1_305' title='bbox 616 4512 746 4579; x_wconf 80' lang='lat' dir='ltr'>fide,</span> <span class='ocrx_word' id='word_1_306' title='bbox 781 4513 981 4566; x_wconf 84' lang='lat' dir='ltr'>eadem</span> <span class='ocrx_word' id='word_1_307' title='bbox 1013 4514 1123 4581; x_wconf 87' lang='lat' dir='ltr'>die,</span> <span class='ocrx_word' id='word_1_308' title='bbox 1156 4514 1279 4584; x_wconf 88' lang='lat' dir='ltr'>pari</span> <span class='ocrx_word' id='word_1_309' title='bbox 1303 4514 1554 4567; x_wconf 89' lang='lat' dir='ltr'>nominis</span> <span class='ocrx_word' id='word_1_310' title='bbox 1585 4515 1669 4568; x_wconf 91' lang='lat' dir='ltr'>tui</span> <span class='ocrx_word' id='word_1_311' title='bbox 1691 4532 1819 4567; x_wconf 85' lang='lat' dir='ltr'>con-</span> 
     </span>
    </p>
   </div>
   <div class='ocr_carea' id='block_1_50' title="bbox 115 4600 1181 4655">
    <p class='ocr_par' dir='ltr' id='par_1_50' title="bbox 115 4600 1181 4655">
     <span class='ocr_line' id='line_1_50' title="bbox 115 4600 1181 4655; baseline 0.002 -4"><span class='ocrx_word' id='word_1_312' title='bbox 115 4600 365 4653; x_wconf 87' lang='lat' dir='ltr'>fessione</span> <span class='ocrx_word' id='word_1_313' title='bbox 400 4602 707 4654; x_wconf 85' lang='lat' dir='ltr'>coronasti.</span> <span class='ocrx_word' id='word_1_314' title='bbox 738 4603 846 4655; x_wconf 85' lang='lat' dir='ltr'>Per</span> <span class='ocrx_word' id='word_1_315' title='bbox 876 4602 1181 4655; x_wconf 87' lang='lat' dir='ltr'>Christum.</span> 
     </span>
    </p>
   </div>
   <div class='ocr_carea' id='block_1_51' title="bbox 282 4721 1657 4763">
    <p class='ocr_par' dir='ltr' id='par_1_51' title="bbox 282 4721 1657 4763">
     <span class='ocr_line' id='line_1_51' title="bbox 282 4721 1657 4763; baseline 0.001 -4"><span class='ocrx_word' id='word_1_316' title='bbox 282 4721 347 4761; x_wconf 69' lang='lat' dir='ltr'>IN</span> <span class='ocrx_word' id='word_1_317' title='bbox 391 4722 625 4760; x_wconf 77' lang='lat' dir='ltr'>NA&#39;I‘ALI</span> <span class='ocrx_word' id='word_1_318' title='bbox 662 4722 921 4761; x_wconf 66' lang='lat' dir='ltr'>SANCTJS</span> <span class='ocrx_word' id='word_1_319' title='bbox 966 4721 1657 4763; x_wconf 66' lang='lat' dir='ltr'>EUPHEMIEVIRGINIS.</span> 
     </span>
    </p>
   </div>
   <div class='ocr_carea' id='block_1_52' title="bbox 186 4812 1820 4881">
    <p class='ocr_par' dir='ltr' id='par_1_52' title="bbox 186 4812 1820 4881">
     <span class='ocr_line' id='line_1_52' title="bbox 186 4812 1820 4881; baseline 0 -14"><span class='ocrx_word' id='word_1_320' title='bbox 186 4812 273 4881; x_wconf 77' lang='grc' dir='ltr'>(ϐ)</span> <span class='ocrx_word' id='word_1_321' title='bbox 313 4814 545 4866; x_wconf 70' lang='grc' dir='ltr'>ίΕῐθτῑιθ</span> <span class='ocrx_word' id='word_1_322' title='bbox 578 4814 744 4867; x_wconf 89' lang='lat' dir='ltr'>Deus.</span> <span class='ocrx_word' id='word_1_323' title='bbox 785 4815 849 4867; x_wconf 87' lang='lat' dir='ltr'>Et</span> <span class='ocrx_word' id='word_1_324' title='bbox 880 4814 940 4867; x_wconf 91' lang='lat' dir='ltr'>in</span> <span class='ocrx_word' id='word_1_325' title='bbox 987 4814 1091 4867; x_wconf 91' lang='lat' dir='ltr'>hac</span> <span class='ocrx_word' id='word_1_326' title='bbox 1138 4815 1498 4868; x_wconf 89' lang='lat' dir='ltr'>solemnitate</span> <span class='ocrx_word' id='word_1_327' title='bbox 1549 4816 1650 4868; x_wconf 88' lang='lat' dir='ltr'>tibi</span> <span class='ocrx_word' id='word_1_328' title='bbox 1691 4816 1820 4868; x_wconf 89' lang='lat' dir='ltr'>lau-</span> 
     </span>
    </p>
   </div>
   <div class='ocr_carea' id='block_1_53' title="bbox 121 4900 1817 4974">
    <p class='ocr_par' dir='ltr' id='par_1_53' title="bbox 121 4900 1817 4974">
     <span class='ocr_line' id='line_1_53' title="bbox 121 4900 1817 4974; baseline 0.002 -22"><span class='ocrx_word' id='word_1_329' title='bbox 121 4900 201 4953; x_wconf 87' lang='lat' dir='ltr'>dis</span> <span class='ocrx_word' id='word_1_330' title='bbox 240 4901 462 4954; x_wconf 85' lang='lat' dir='ltr'>hostias</span> <span class='ocrx_word' id='word_1_331' title='bbox 519 4903 844 4968; x_wconf 87' lang='lat' dir='ltr'>immolare,</span> <span class='ocrx_word' id='word_1_332' title='bbox 893 4920 1007 4973; x_wconf 89' lang='lat' dir='ltr'>qua</span> <span class='ocrx_word' id='word_1_333' title='bbox 1053 4903 1233 4957; x_wconf 69' lang='lat' dir='ltr'>beatae</span> <span class='ocrx_word' id='word_1_334' title='bbox 1284 4905 1620 4974; x_wconf 73' lang='lat' dir='ltr'>Euphemize</span> <span class='ocrx_word' id='word_1_335' title='bbox 1668 4920 1817 4957; x_wconf 88' lang='lat' dir='ltr'>mar-</span> 
     </span>
    </p>
   </div>
   <div class='ocr_carea' id='block_1_54' title="bbox 119 4990 1820 5061">
    <p class='ocr_par' dir='ltr' id='par_1_54' title="bbox 119 4990 1820 5061">
     <span class='ocr_line' id='line_1_54' title="bbox 119 4990 1820 5061; baseline 0.004 -20"><span class='ocrx_word' id='word_1_336' title='bbox 119 4990 254 5058; x_wconf 76' lang='lat' dir='ltr'>tyris</span> <span class='ocrx_word' id='word_1_337' title='bbox 326 4997 438 5043; x_wconf 67' lang='lat' dir='ltr'>tum</span> <span class='ocrx_word' id='word_1_338' title='bbox 487 4992 814 5060; x_wconf 87' lang='lat' dir='ltr'>passionem</span> <span class='ocrx_word' id='word_1_339' title='bbox 860 4993 1185 5046; x_wconf 80' lang='lat' dir='ltr'>venerando</span> <span class='ocrx_word' id='word_1_340' title='bbox 1236 4994 1567 5061; x_wconf 89' lang='lat' dir='ltr'>recolimus,</span> <span class='ocrx_word' id='word_1_341' title='bbox 1621 4999 1675 5046; x_wconf 88' lang='lat' dir='ltr'>et</span> <span class='ocrx_word' id='word_1_342' title='bbox 1735 4994 1820 5047; x_wconf 92' lang='lat' dir='ltr'>tui</span> 
     </span>
    </p>
   </div>
   <div class='ocr_carea' id='block_1_55' title="bbox 119 5080 1821 5152">
    <p class='ocr_par' dir='ltr' id='par_1_55' title="bbox 119 5080 1821 5152">
     <span class='ocr_line' id='line_1_55' title="bbox 119 5080 1821 5152; baseline 0.002 -21"><span class='ocrx_word' id='word_1_343' title='bbox 119 5080 370 5132; x_wconf 80' lang='lat' dir='ltr'>nominis</span> <span class='ocrx_word' id='word_1_344' title='bbox 392 5080 632 5149; x_wconf 88' lang='lat' dir='ltr'>gloriam</span> <span class='ocrx_word' id='word_1_345' title='bbox 666 5080 871 5134; x_wconf 87' lang='lat' dir='ltr'>debitis</span> <span class='ocrx_word' id='word_1_346' title='bbox 895 5082 1197 5149; x_wconf 63' lang='lat' dir='ltr'>praeconiis</span> <span class='ocrx_word' id='word_1_347' title='bbox 1225 5082 1679 5152; x_wconf 79' lang='lat' dir='ltr'>magniﬁcamus.</span> <span class='ocrx_word' id='word_1_348' title='bbox 1713 5084 1821 5135; x_wconf 89' lang='lat' dir='ltr'>Per</span> 
     </span>
    </p>
   </div>
   <div class='ocr_carea' id='block_1_56' title="bbox 119 5167 328 5221">
    <p class='ocr_par' dir='ltr' id='par_1_56' title="bbox 119 5167 328 5221">
     <span class='ocr_line' id='line_1_56' title="bbox 119 5167 328 5221; baseline 0.005 -1"><span class='ocrx_word' id='word_1_349' title='bbox 119 5167 328 5221; x_wconf 86' lang='lat' dir='ltr'>Christ.</span> 
     </span>
    </p>
   </div>
   <div class='ocr_carea' id='block_1_57' title="bbox 125 5286 1818 5331">
    <p class='ocr_par' dir='ltr' id='par_1_57' title="bbox 125 5286 1818 5331">
     <span class='ocr_line' id='line_1_57' title="bbox 125 5286 1818 5331; baseline 0.002 -5"><span class='ocrx_word' id='word_1_350' title='bbox 125 5287 183 5325; x_wconf 73' lang='grc' dir='ltr'>ΙΝ</span> <span class='ocrx_word' id='word_1_351' title='bbox 216 5289 453 5327; x_wconf 69' lang='lat' dir='ltr'><strong>NATALI</strong></span> <span class='ocrx_word' id='word_1_352' title='bbox 478 5289 529 5327; x_wconf 86' lang='lat' dir='ltr'>S.</span> <span class='ocrx_word' id='word_1_353' title='bbox 562 5286 863 5328; x_wconf 74' lang='grc' dir='ltr'>ΜΑΤΤΙΙᾸΞΙ</span> <span class='ocrx_word' id='word_1_354' title='bbox 890 5290 1197 5330; x_wconf 78' lang='lat' dir='ltr'>APOSTOLI</span> <span class='ocrx_word' id='word_1_355' title='bbox 1235 5291 1305 5330; x_wconf 83' lang='lat' dir='ltr'>ET</span> <span class='ocrx_word' id='word_1_356' title='bbox 1334 5291 1818 5331; x_wconf 58' lang='lat' dir='ltr'>EVANGELISTJ‘I.</span> 
     </span>
    </p>
   </div>
   <div class='ocr_carea' id='block_1_58' title="bbox 192 5381 1822 5448">
    <p class='ocr_par' dir='ltr' id='par_1_58' title="bbox 192 5381 1822 5448">
     <span class='ocr_line' id='line_1_58' title="bbox 192 5381 1822 5448; baseline 0.003 -15"><span class='ocrx_word' id='word_1_357' title='bbox 192 5381 317 5448; x_wconf 82' lang='grc' dir='ltr'>(Α.)</span> <span class='ocrx_word' id='word_1_358' title='bbox 361 5381 587 5434; x_wconf 69' lang='grc' dir='ltr'>ᾹΞιθτηθ</span> <span class='ocrx_word' id='word_1_359' title='bbox 650 5382 811 5435; x_wconf 89' lang='lat' dir='ltr'>Deus.</span> <span class='ocrx_word' id='word_1_360' title='bbox 863 5382 971 5445; x_wconf 91' lang='lat' dir='ltr'>Qui</span> <span class='ocrx_word' id='word_1_361' title='bbox 1031 5382 1335 5437; x_wconf 88' lang='lat' dir='ltr'>Ecclesiam</span> <span class='ocrx_word' id='word_1_362' title='bbox 1382 5387 1541 5437; x_wconf 89' lang='lat' dir='ltr'>tuam</span> <span class='ocrx_word' id='word_1_363' title='bbox 1600 5384 1656 5435; x_wconf 88' lang='lat' dir='ltr'>in</span> <span class='ocrx_word' id='word_1_364' title='bbox 1710 5384 1822 5438; x_wconf 78' lang='lat' dir='ltr'>tuis</span> 
     </span>
    </p>
   </div>
   <div class='ocr_carea' id='block_1_59' title="bbox 195 5544 1303 5616">
    <p class='ocr_par' dir='ltr' id='par_1_59' title="bbox 195 5544 1303 5616">
     <span class='ocr_line' id='line_1_59' title="bbox 195 5544 1303 5616; baseline 0.001 -18"><span class='ocrx_word' id='word_1_365' title='bbox 195 5553 219 5577; x_wconf 72' lang='grc'><strong>³</strong></span> <span class='ocrx_word' id='word_1_366' title='bbox 251 5545 421 5599; x_wconf 86' lang='lat' dir='ltr'>Deest</span> <span class='ocrx_word' id='word_1_367' title='bbox 447 5544 780 5599; x_wconf 70' lang='lat' dir='ltr'>solemnitate</span> <span class='ocrx_word' id='word_1_368' title='bbox 807 5552 907 5599; x_wconf 88' lang='lat' dir='ltr'>aut</span> <span class='ocrx_word' id='word_1_369' title='bbox 936 5544 1120 5599; x_wconf 87' lang='lat' dir='ltr'>simile</span> <span class='ocrx_word' id='word_1_370' title='bbox 1147 5544 1303 5616; x_wconf 89' lang='lat' dir='ltr'>quid.</span> 
     </span>
    </p>
   </div>
   <div class='ocr_carea' id='block_1_60' title="bbox 1932 522 3626 596">
    <p class='ocr_par' dir='ltr' id='par_1_60' title="bbox 1932 522 3626 596">
     <span class='ocr_line' id='line_1_60' title="bbox 1932 522 3626 596; baseline 0.004 -22"><span class='ocrx_word' id='word_1_371' title='bbox 1932 522 2228 589; x_wconf 81' lang='lat' dir='ltr'>doctrinis,</span> <span class='ocrx_word' id='word_1_372' title='bbox 2271 528 2501 592; x_wconf 65' lang='lat' dir='ltr'>prazsta,</span> <span class='ocrx_word' id='word_1_373' title='bbox 2550 540 2899 592; x_wconf 70' lang='lat' dir='ltr'>quzrsumus,</span> <span class='ocrx_word' id='word_1_374' title='bbox 2933 530 2992 577; x_wconf 91' lang='lat' dir='ltr'>ut</span> <span class='ocrx_word' id='word_1_375' title='bbox 3044 542 3146 594; x_wconf 90' lang='lat' dir='ltr'>per</span> <span class='ocrx_word' id='word_1_376' title='bbox 3196 543 3339 596; x_wconf 90' lang='lat' dir='ltr'>quos</span> <span class='ocrx_word' id='word_1_377' title='bbox 3396 528 3626 582; x_wconf 88' lang='lat' dir='ltr'>initium</span> 
     </span>
    </p>
   </div>
   <div class='ocr_carea' id='block_1_61' title="bbox 1933 608 3627 683">
    <p class='ocr_par' dir='ltr' id='par_1_61' title="bbox 1933 608 3627 683">
     <span class='ocr_line' id='line_1_61' title="bbox 1933 608 3627 683; baseline 0.005 -22"><span class='ocrx_word' id='word_1_378' title='bbox 1933 608 2142 662; x_wconf 72' lang='lat' dir='ltr'>divinae</span> <span class='ocrx_word' id='word_1_379' title='bbox 2185 610 2529 680; x_wconf 89' lang='lat' dir='ltr'>cognitionis</span> <span class='ocrx_word' id='word_1_380' title='bbox 2584 612 2820 680; x_wconf 89' lang='lat' dir='ltr'>accepit,</span> <span class='ocrx_word' id='word_1_381' title='bbox 2867 627 2969 681; x_wconf 88' lang='lat' dir='ltr'>per</span> <span class='ocrx_word' id='word_1_382' title='bbox 3026 629 3119 665; x_wconf 91' lang='lat' dir='ltr'>eos</span> <span class='ocrx_word' id='word_1_383' title='bbox 3182 630 3363 683; x_wconf 89' lang='lat' dir='ltr'>usque</span> <span class='ocrx_word' id='word_1_384' title='bbox 3414 617 3485 669; x_wconf 85' lang='lat' dir='ltr'>ad</span> <span class='ocrx_word' id='word_1_385' title='bbox 3556 617 3627 670; x_wconf 91' lang='lat' dir='ltr'>ﬁ—</span> 
     </span>
    </p>
   </div>
   <div class='ocr_carea' id='block_1_62' title="bbox 1934 700 3625 771">
    <p class='ocr_par' dir='ltr' id='par_1_62' title="bbox 1934 700 3625 771">
     <span class='ocr_line' id='line_1_62' title="bbox 1934 700 3625 771; baseline 0.005 -21"><span class='ocrx_word' id='word_1_386' title='bbox 1934 713 2065 750; x_wconf 90' lang='lat' dir='ltr'>nem</span> <span class='ocrx_word' id='word_1_387' title='bbox 2115 700 2307 751; x_wconf 65' lang='lat' dir='ltr'>sarculi</span> <span class='ocrx_word' id='word_1_388' title='bbox 2349 700 2534 769; x_wconf 89' lang='lat' dir='ltr'>capiat</span> <span class='ocrx_word' id='word_1_389' title='bbox 2582 700 2743 768; x_wconf 83' lang='lat' dir='ltr'>regni</span> <span class='ocrx_word' id='word_1_390' title='bbox 2790 701 3030 754; x_wconf 78' lang='lat' dir='ltr'>cmlcstis</span> <span class='ocrx_word' id='word_1_391' title='bbox 3076 708 3467 771; x_wconf 86' lang='lat' dir='ltr'>augmentum.</span> <span class='ocrx_word' id='word_1_392' title='bbox 3518 706 3625 758; x_wconf 89' lang='lat' dir='ltr'>Per</span> 
     </span>
    </p>
   </div>
   <div class='ocr_carea' id='block_1_63' title="bbox 1935 786 2141 840">
    <p class='ocr_par' dir='ltr' id='par_1_63' title="bbox 1935 786 2141 840">
     <span class='ocr_line' id='line_1_63' title="bbox 1935 786 2141 840; baseline 0 0"><span class='ocrx_word' id='word_1_393' title='bbox 1935 786 2141 840; x_wconf 87' lang='lat' dir='ltr'>Christ.</span> 
     </span>
    </p>
   </div>
   <div class='ocr_carea' id='block_1_64' title="bbox 2041 894 3517 963">
    <p class='ocr_par' dir='ltr' id='par_1_64' title="bbox 2041 894 3517 963">
     <span class='ocr_line' id='line_1_64' title="bbox 2041 894 3517 963; baseline 0.003 -16"><span class='ocrx_word' id='word_1_394' title='bbox 2041 894 2130 963; x_wconf 72' lang='lat' dir='ltr'><strong>[IN</strong></span> <span class='ocrx_word' id='word_1_395' title='bbox 2166 909 2399 947; x_wconf 71' lang='lat' dir='ltr'><strong>NATALI</strong></span> <span class='ocrx_word' id='word_1_396' title='bbox 2435 910 2485 949; x_wconf 89' lang='lat' dir='ltr'>S.</span> <span class='ocrx_word' id='word_1_397' title='bbox 2528 909 2835 949; x_wconf 74' lang='lat' dir='ltr'><strong>MAURITII</strong></span> <span class='ocrx_word' id='word_1_398' title='bbox 2870 909 3318 957; x_wconf 71' lang='lat' dir='ltr'>SOCIORUMQUE</span> <span class='ocrx_word' id='word_1_399' title='bbox 3348 912 3517 953; x_wconf 78' lang='lat' dir='ltr'>BJUS.</span> 
     </span>
    </p>
   </div>
   <div class='ocr_carea' id='block_1_65' title="bbox 2007 982 3626 1055">
    <p class='ocr_par' dir='ltr' id='par_1_65' title="bbox 2007 982 3626 1055">
     <span class='ocr_line' id='line_1_65' title="bbox 2007 982 3626 1055; baseline 0.002 -21"><span class='ocrx_word' id='word_1_400' title='bbox 2007 984 2250 1051; x_wconf 68' lang='lat' dir='ltr'>xEquum</span> <span class='ocrx_word' id='word_1_401' title='bbox 2300 987 2357 1035; x_wconf 90' lang='lat' dir='ltr'>et</span> <span class='ocrx_word' id='word_1_402' title='bbox 2405 982 2668 1035; x_wconf 87' lang='lat' dir='ltr'>salutare.</span> <span class='ocrx_word' id='word_1_403' title='bbox 2728 984 2834 1035; x_wconf 86' lang='lat' dir='ltr'>Nos</span> <span class='ocrx_word' id='word_1_404' title='bbox 2891 983 2992 1035; x_wconf 91' lang='lat' dir='ltr'>tibi</span> <span class='ocrx_word' id='word_1_405' title='bbox 3051 1000 3277 1053; x_wconf 85' lang='lat' dir='ltr'>semper</span> <span class='ocrx_word' id='word_1_406' title='bbox 3326 991 3383 1037; x_wconf 87' lang='lat' dir='ltr'>et</span> <span class='ocrx_word' id='word_1_407' title='bbox 3413 986 3626 1055; x_wconf 88' lang='lat' dir='ltr'>ubique</span> 
     </span>
    </p>
   </div>
   <div class='ocr_carea' id='block_1_66' title="bbox 1935 1070 3621 1139">
    <p class='ocr_par' dir='ltr' id='par_1_66' title="bbox 1935 1070 3621 1139">
     <span class='ocr_line' id='line_1_66' title="bbox 1935 1070 3621 1139; baseline 0.003 -18"><span class='ocrx_word' id='word_1_408' title='bbox 1935 1070 2148 1137; x_wconf 85' lang='lat' dir='ltr'>gratias</span> <span class='ocrx_word' id='word_1_409' title='bbox 2180 1087 2371 1139; x_wconf 89' lang='lat' dir='ltr'>agere,</span> <span class='ocrx_word' id='word_1_410' title='bbox 2405 1075 2461 1123; x_wconf 90' lang='lat' dir='ltr'>et</span> <span class='ocrx_word' id='word_1_411' title='bbox 2503 1072 2694 1123; x_wconf 88' lang='lat' dir='ltr'>laudes</span> <span class='ocrx_word' id='word_1_412' title='bbox 2736 1071 3061 1138; x_wconf 86' lang='lat' dir='ltr'>decantare,</span> <span class='ocrx_word' id='word_1_413' title='bbox 3114 1073 3353 1126; x_wconf 90' lang='lat' dir='ltr'>Domine</span> <span class='ocrx_word' id='word_1_414' title='bbox 3409 1080 3621 1139; x_wconf 89' lang='lat' dir='ltr'>sancte,</span> 
     </span>
    </p>
   </div>
   <div class='ocr_carea' id='block_1_67' title="bbox 1935 1158 3625 1229">
    <p class='ocr_par' dir='ltr' id='par_1_67' title="bbox 1935 1158 3625 1229">
     <span class='ocr_line' id='line_1_67' title="bbox 1935 1158 3625 1229; baseline 0.001 -17"><span class='ocrx_word' id='word_1_415' title='bbox 1935 1161 2102 1212; x_wconf 84' lang='lat' dir='ltr'>Pater</span> <span class='ocrx_word' id='word_1_416' title='bbox 2140 1158 2531 1229; x_wconf 81' lang='lat' dir='ltr'>omnipotens,</span> <span class='ocrx_word' id='word_1_417' title='bbox 2583 1166 2795 1212; x_wconf 67' lang='lat' dir='ltr'>mterne</span> <span class='ocrx_word' id='word_1_418' title='bbox 2847 1162 2993 1213; x_wconf 89' lang='lat' dir='ltr'>Deus</span> <span class='ocrx_word' id='word_1_419' title='bbox 3028 1177 3040 1213; x_wconf 88' lang='lat'>:</span> <span class='ocrx_word' id='word_1_420' title='bbox 3075 1162 3180 1213; x_wconf 90' lang='lat' dir='ltr'>Per</span> <span class='ocrx_word' id='word_1_421' title='bbox 3224 1162 3427 1215; x_wconf 85' lang='lat' dir='ltr'>Christ.</span> <span class='ocrx_word' id='word_1_422' title='bbox 3465 1164 3625 1216; x_wconf 88' lang='lat' dir='ltr'>Dom.</span> 
     </span>
    </p>
   </div>
   <div class='ocr_carea' id='block_1_68' title="bbox 1932 1248 3629 1319">
    <p class='ocr_par' dir='ltr' id='par_1_68' title="bbox 1932 1248 3629 1319">
     <span class='ocr_line' id='line_1_68' title="bbox 1932 1248 3629 1319; baseline 0.001 -19"><span class='ocrx_word' id='word_1_423' title='bbox 1932 1252 2081 1300; x_wconf 88' lang='lat' dir='ltr'>nost.</span> <span class='ocrx_word' id='word_1_424' title='bbox 2132 1248 2410 1311; x_wconf 89' lang='lat' dir='ltr'>Quoniam</span> <span class='ocrx_word' id='word_1_425' title='bbox 2457 1248 2851 1317; x_wconf 85' lang='lat' dir='ltr'>cognoscimus</span> <span class='ocrx_word' id='word_1_426' title='bbox 2907 1254 3183 1318; x_wconf 87' lang='lat' dir='ltr'>quantum</span> <span class='ocrx_word' id='word_1_427' title='bbox 3250 1250 3398 1319; x_wconf 90' lang='lat' dir='ltr'>apud</span> <span class='ocrx_word' id='word_1_428' title='bbox 3460 1254 3512 1302; x_wconf 88' lang='lat' dir='ltr'>te</span> <span class='ocrx_word' id='word_1_429' title='bbox 3558 1250 3629 1303; x_wconf 91' lang='lat' dir='ltr'>sit</span> 
     </span>
    </p>
   </div>
   <div class='ocr_carea' id='block_1_69' title="bbox 1932 1336 3630 1406">
    <p class='ocr_par' dir='ltr' id='par_1_69' title="bbox 1932 1336 3630 1406">
     <span class='ocr_line' id='line_1_69' title="bbox 1932 1336 3630 1406; baseline 0.002 -19"><span class='ocrx_word' id='word_1_430' title='bbox 1932 1336 2207 1404; x_wconf 66' lang='lat' dir='ltr'>praeclara</span> <span class='ocrx_word' id='word_1_431' title='bbox 2248 1337 2361 1388; x_wconf 89' lang='lat' dir='ltr'>vita</span> <span class='ocrx_word' id='word_1_432' title='bbox 2406 1342 2754 1402; x_wconf 90' lang='lat' dir='ltr'>sanctorum,</span> <span class='ocrx_word' id='word_1_433' title='bbox 2799 1353 3048 1406; x_wconf 89' lang='lat' dir='ltr'>quorum</span> <span class='ocrx_word' id='word_1_434' title='bbox 3106 1353 3206 1389; x_wconf 90' lang='lat' dir='ltr'>nos</span> <span class='ocrx_word' id='word_1_435' title='bbox 3261 1338 3431 1390; x_wconf 87' lang='lat' dir='ltr'>etiam</span> <span class='ocrx_word' id='word_1_436' title='bbox 3480 1355 3630 1391; x_wconf 90' lang='lat' dir='ltr'>mors</span> 
     </span>
    </p>
   </div>
   <div class='ocr_carea' id='block_1_70' title="bbox 1934 1424 3625 1494">
    <p class='ocr_par' dir='ltr' id='par_1_70' title="bbox 1934 1424 3625 1494">
     <span class='ocr_line' id='line_1_70' title="bbox 1934 1424 3625 1494; baseline 0.002 -18"><span class='ocrx_word' id='word_1_437' title='bbox 1934 1424 2182 1493; x_wconf 89' lang='lat' dir='ltr'>pretiosa</span> <span class='ocrx_word' id='word_1_438' title='bbox 2226 1424 2484 1476; x_wconf 63' lang='lat' dir='ltr'>laetiﬁcat</span> <span class='ocrx_word' id='word_1_439' title='bbox 2522 1429 2576 1476; x_wconf 90' lang='lat' dir='ltr'>et</span> <span class='ocrx_word' id='word_1_440' title='bbox 2635 1429 2844 1477; x_wconf 87' lang='lat' dir='ltr'>tuetur.</span> <span class='ocrx_word' id='word_1_441' title='bbox 2902 1425 3258 1493; x_wconf 87' lang='lat' dir='ltr'>Quapropter</span> <span class='ocrx_word' id='word_1_442' title='bbox 3311 1430 3625 1494; x_wconf 70' lang='lat' dir='ltr'>martyrum</span> 
     </span>
    </p>
   </div>
   <div class='ocr_carea' id='block_1_71' title="bbox 1931 1512 3628 1581">
    <p class='ocr_par' dir='ltr' id='par_1_71' title="bbox 1931 1512 3628 1581">
     <span class='ocr_line' id='line_1_71' title="bbox 1931 1512 3628 1581; baseline 0.002 -17"><span class='ocrx_word' id='word_1_443' title='bbox 1931 1517 2185 1575; x_wconf 84' lang='lat' dir='ltr'>tuorum,</span> <span class='ocrx_word' id='word_1_444' title='bbox 2223 1512 2485 1575; x_wconf 85' lang='lat' dir='ltr'>Mauritii,</span> <span class='ocrx_word' id='word_1_445' title='bbox 2524 1513 2809 1581; x_wconf 78' lang='lat' dir='ltr'>Exuperii,</span> <span class='ocrx_word' id='word_1_446' title='bbox 2843 1513 3105 1580; x_wconf 87' lang='lat' dir='ltr'>Candidi,</span> <span class='ocrx_word' id='word_1_447' title='bbox 3142 1512 3400 1579; x_wconf 76' lang='lat' dir='ltr'>Victoris,</span> <span class='ocrx_word' id='word_1_448' title='bbox 3461 1517 3628 1568; x_wconf 87' lang='lat' dir='ltr'>Inno-</span> 
     </span>
    </p>
   </div>
   <div class='ocr_carea' id='block_1_72' title="bbox 1932 1601 3630 1672">
    <p class='ocr_par' dir='ltr' id='par_1_72' title="bbox 1932 1601 3630 1672">
     <span class='ocr_line' id='line_1_72' title="bbox 1932 1601 3630 1672; baseline 0.001 -18"><span class='ocrx_word' id='word_1_449' title='bbox 1932 1601 2104 1654; x_wconf 88' lang='lat' dir='ltr'>centii</span> <span class='ocrx_word' id='word_1_450' title='bbox 2158 1606 2213 1654; x_wconf 89' lang='lat' dir='ltr'>et</span> <span class='ocrx_word' id='word_1_451' title='bbox 2259 1602 2471 1665; x_wconf 89' lang='lat' dir='ltr'>Vitalis,</span> <span class='ocrx_word' id='word_1_452' title='bbox 2521 1618 2585 1653; x_wconf 89' lang='lat' dir='ltr'>ac</span> <span class='ocrx_word' id='word_1_453' title='bbox 2642 1601 2926 1653; x_wconf 88' lang='lat' dir='ltr'>sociorum</span> <span class='ocrx_word' id='word_1_454' title='bbox 2984 1602 3319 1655; x_wconf 87' lang='lat' dir='ltr'>eorumdem</span> <span class='ocrx_word' id='word_1_455' title='bbox 3377 1604 3630 1672; x_wconf 88' lang='lat' dir='ltr'>gloriosa</span> 
     </span>
    </p>
   </div>
   <div class='ocr_carea' id='block_1_73' title="bbox 1932 1690 3627 1761">
    <p class='ocr_par' dir='ltr' id='par_1_73' title="bbox 1932 1690 3627 1761">
     <span class='ocr_line' id='line_1_73' title="bbox 1932 1690 3627 1761; baseline 0.001 -18"><span class='ocrx_word' id='word_1_456' title='bbox 1932 1694 2290 1743; x_wconf 88' lang='lat' dir='ltr'>recensentes</span> <span class='ocrx_word' id='word_1_457' title='bbox 2344 1690 2619 1755; x_wconf 89' lang='lat' dir='ltr'>natalitia,</span> <span class='ocrx_word' id='word_1_458' title='bbox 2658 1690 2857 1743; x_wconf 86' lang='lat' dir='ltr'>laudes</span> <span class='ocrx_word' id='word_1_459' title='bbox 2888 1690 2989 1743; x_wconf 90' lang='lat' dir='ltr'>tibi</span> <span class='ocrx_word' id='word_1_460' title='bbox 3024 1691 3343 1759; x_wconf 85' lang='lat' dir='ltr'>referimus,</span> <span class='ocrx_word' id='word_1_461' title='bbox 3381 1692 3627 1761; x_wconf 87' lang='lat' dir='ltr'>supplici</span> 
     </span>
    </p>
   </div>
   <div class='ocr_carea' id='block_1_74' title="bbox 1933 1778 3060 1848">
    <p class='ocr_par' dir='ltr' id='par_1_74' title="bbox 1933 1778 3060 1848">
     <span class='ocr_line' id='line_1_74' title="bbox 1933 1778 3060 1848; baseline 0 -17"><span class='ocrx_word' id='word_1_462' title='bbox 1933 1778 2290 1833; x_wconf 86' lang='lat' dir='ltr'>confessione</span> <span class='ocrx_word' id='word_1_463' title='bbox 2313 1778 2566 1832; x_wconf 90' lang='lat' dir='ltr'>dicentes</span> <span class='ocrx_word' id='word_1_464' title='bbox 2599 1793 2610 1832; x_wconf 91' lang='lat'><strong>:</strong></span> <span class='ocrx_word' id='word_1_465' title='bbox 2644 1779 2895 1844; x_wconf 83' lang='lat' dir='ltr'>Sanctus,</span> <span class='ocrx_word' id='word_1_466' title='bbox 2927 1778 3060 1848; x_wconf 87' lang='lat' dir='ltr'>etc.]</span> 
     </span>
    </p>
   </div>
   <div class='ocr_carea' id='block_1_75' title="bbox 2178 1900 3374 1940">
    <p class='ocr_par' dir='ltr' id='par_1_75' title="bbox 2178 1900 3374 1940">
     <span class='ocr_line' id='line_1_75' title="bbox 2178 1900 3374 1940; baseline -0.002 -1"><span class='ocrx_word' id='word_1_467' title='bbox 2178 1901 2240 1939; x_wconf 84' lang='lat' dir='ltr'>IN</span> <span class='ocrx_word' id='word_1_468' title='bbox 2283 1901 2517 1939; x_wconf 79' lang='lat' dir='ltr'>NATALI</span> <span class='ocrx_word' id='word_1_469' title='bbox 2566 1901 2654 1939; x_wconf 89' lang='lat' dir='ltr'>SS.</span> <span class='ocrx_word' id='word_1_470' title='bbox 2704 1900 2921 1938; x_wconf 66' lang='lat' dir='ltr'>COSM/E</span> <span class='ocrx_word' id='word_1_471' title='bbox 2964 1901 3034 1940; x_wconf 80' lang='lat' dir='ltr'>ET</span> <span class='ocrx_word' id='word_1_472' title='bbox 3070 1900 3374 1940; x_wconf 70' lang='lat' dir='ltr'><strong>DAMIANI.</strong></span> 
     </span>
    </p>
   </div>
   <div class='ocr_carea' id='block_1_76' title="bbox 2001 1974 3624 2045">
    <p class='ocr_par' dir='ltr' id='par_1_76' title="bbox 2001 1974 3624 2045">
     <span class='ocr_line' id='line_1_76' title="bbox 2001 1974 3624 2045; baseline 0.001 -19"><span class='ocrx_word' id='word_1_473' title='bbox 2001 1976 2226 2027; x_wconf 57' lang='lat' dir='ltr'>rEterne</span> <span class='ocrx_word' id='word_1_474' title='bbox 2277 1975 2445 2027; x_wconf 91' lang='lat' dir='ltr'>Deus.</span> <span class='ocrx_word' id='word_1_475' title='bbox 2524 1975 2590 2027; x_wconf 89' lang='lat' dir='ltr'>Et</span> <span class='ocrx_word' id='word_1_476' title='bbox 2642 1974 3007 2027; x_wconf 86' lang='lat' dir='ltr'>clementiam</span> <span class='ocrx_word' id='word_1_477' title='bbox 3058 1978 3216 2027; x_wconf 88' lang='lat' dir='ltr'>tuam</span> <span class='ocrx_word' id='word_1_478' title='bbox 3287 1975 3624 2045; x_wconf 87' lang='lat' dir='ltr'>suppliciter</span> 
     </span>
    </p>
   </div>
   <div class='ocr_carea' id='block_1_77' title="bbox 1931 2061 3625 2128">
    <p class='ocr_par' dir='ltr' id='par_1_77' title="bbox 1931 2061 3625 2128">
     <span class='ocr_line' id='line_1_77' title="bbox 1931 2061 3625 2128; baseline 0 -13"><span class='ocrx_word' id='word_1_479' title='bbox 1931 2061 2251 2128; x_wconf 87' lang='lat' dir='ltr'>obsecrare,</span> <span class='ocrx_word' id='word_1_480' title='bbox 2332 2067 2393 2115; x_wconf 89' lang='lat' dir='ltr'>ut</span> <span class='ocrx_word' id='word_1_481' title='bbox 2448 2078 2577 2115; x_wconf 92' lang='lat' dir='ltr'>cum</span> <span class='ocrx_word' id='word_1_482' title='bbox 2649 2062 3065 2116; x_wconf 86' lang='lat' dir='ltr'>exsultantibus</span> <span class='ocrx_word' id='word_1_483' title='bbox 3121 2062 3328 2116; x_wconf 88' lang='lat' dir='ltr'>sanctis</span> <span class='ocrx_word' id='word_1_484' title='bbox 3383 2064 3625 2117; x_wconf 81' lang='lat' dir='ltr'>ccelestis</span> 
     </span>
    </p>
   </div>
   <div class='ocr_carea' id='block_1_78' title="bbox 1928 2149 3619 2222">
    <p class='ocr_par' dir='ltr' id='par_1_78' title="bbox 1928 2149 3619 2222">
     <span class='ocr_line' id='line_1_78' title="bbox 1928 2149 3619 2222; baseline 0.001 -19"><span class='ocrx_word' id='word_1_485' title='bbox 1928 2150 2095 2220; x_wconf 88' lang='lat' dir='ltr'>regni</span> <span class='ocrx_word' id='word_1_486' title='bbox 2135 2149 2420 2204; x_wconf 91' lang='lat' dir='ltr'>cubilibus</span> <span class='ocrx_word' id='word_1_487' title='bbox 2467 2151 2677 2219; x_wconf 88' lang='lat' dir='ltr'>gaudia</span> <span class='ocrx_word' id='word_1_488' title='bbox 2730 2156 2927 2204; x_wconf 90' lang='lat' dir='ltr'>nostra</span> <span class='ocrx_word' id='word_1_489' title='bbox 2973 2152 3308 2221; x_wconf 87' lang='lat' dir='ltr'>subjungas.</span> <span class='ocrx_word' id='word_1_490' title='bbox 3365 2154 3428 2205; x_wconf 89' lang='lat' dir='ltr'>Et</span> <span class='ocrx_word' id='word_1_491' title='bbox 3475 2170 3619 2222; x_wconf 91' lang='lat' dir='ltr'>quos</span> 
     </span>
    </p>
   </div>
   <div class='ocr_carea' id='block_1_79' title="bbox 1926 2239 3623 2310">
    <p class='ocr_par' dir='ltr' id='par_1_79' title="bbox 1926 2239 3623 2310">
     <span class='ocr_line' id='line_1_79' title="bbox 1926 2239 3623 2310; baseline 0.002 -19"><span class='ocrx_word' id='word_1_492' title='bbox 1926 2239 2153 2293; x_wconf 88' lang='lat' dir='ltr'>virtutis</span> <span class='ocrx_word' id='word_1_493' title='bbox 2205 2240 2525 2294; x_wconf 89' lang='lat' dir='ltr'>imitatione</span> <span class='ocrx_word' id='word_1_494' title='bbox 2585 2256 2702 2293; x_wconf 91' lang='lat' dir='ltr'>non</span> <span class='ocrx_word' id='word_1_495' title='bbox 2734 2256 3040 2309; x_wconf 87' lang='lat' dir='ltr'>possumus</span> <span class='ocrx_word' id='word_1_496' title='bbox 3071 2241 3254 2310; x_wconf 89' lang='lat' dir='ltr'>sequi,</span> <span class='ocrx_word' id='word_1_497' title='bbox 3294 2240 3504 2294; x_wconf 66' lang='lat' dir='ltr'>debita:</span> <span class='ocrx_word' id='word_1_498' title='bbox 3534 2258 3623 2295; x_wconf 90' lang='lat' dir='ltr'>ve-</span> 
     </span>
    </p>
   </div>
   <div class='ocr_carea' id='block_1_80' title="bbox 1928 2328 3351 2399">
    <p class='ocr_par' dir='ltr' id='par_1_80' title="bbox 1928 2328 3351 2399">
     <span class='ocr_line' id='line_1_80' title="bbox 1928 2328 3351 2399; baseline 0.001 -18"><span class='ocrx_word' id='word_1_499' title='bbox 1928 2328 2243 2382; x_wconf 86' lang='lat' dir='ltr'>nerationis</span> <span class='ocrx_word' id='word_1_500' title='bbox 2271 2330 2672 2399; x_wconf 84' lang='lat' dir='ltr'>contingamus</span> <span class='ocrx_word' id='word_1_501' title='bbox 2698 2330 2984 2382; x_wconf 81' lang='lat' dir='ltr'>effectum.</span> <span class='ocrx_word' id='word_1_502' title='bbox 3017 2330 3124 2383; x_wconf 90' lang='lat' dir='ltr'>Per</span> <span class='ocrx_word' id='word_1_503' title='bbox 3145 2329 3351 2383; x_wconf 88' lang='lat' dir='ltr'>Christ.</span> 
     </span>
    </p>
   </div>
   <div class='ocr_carea' id='block_1_81' title="bbox 2071 2434 3478 2504">
    <p class='ocr_par' dir='ltr' id='par_1_81' title="bbox 2071 2434 3478 2504">
     <span class='ocr_line' id='line_1_81' title="bbox 2071 2434 3478 2504; baseline 0.001 -17"><span class='ocrx_word' id='word_1_504' title='bbox 2071 2434 2159 2504; x_wconf 80' lang='lat' dir='ltr'>[IN</span> <span class='ocrx_word' id='word_1_505' title='bbox 2202 2451 2495 2489; x_wconf 80' lang='lat' dir='ltr'>DEDICAT.</span> <span class='ocrx_word' id='word_1_506' title='bbox 2535 2451 2584 2489; x_wconf 85' lang='lat' dir='ltr'>S.</span> <span class='ocrx_word' id='word_1_507' title='bbox 2647 2450 2997 2489; x_wconf 79' lang='lat' dir='ltr'>MICHAELIS</span> <span class='ocrx_word' id='word_1_508' title='bbox 3044 2451 3478 2490; x_wconf 71' lang='lat' dir='ltr'>ARCHANGELI.</span> 
     </span>
    </p>
   </div>
   <div class='ocr_carea' id='block_1_82' title="bbox 1999 2524 3617 2594">
    <p class='ocr_par' dir='ltr' id='par_1_82' title="bbox 1999 2524 3617 2594">
     <span class='ocr_line' id='line_1_82' title="bbox 1999 2524 3617 2594; baseline 0.001 -18"><span class='ocrx_word' id='word_1_509' title='bbox 1999 2526 2225 2577; x_wconf 61' lang='grc' dir='ltr'>,κεῖθι-[ιθ</span> <span class='ocrx_word' id='word_1_510' title='bbox 2259 2525 2426 2576; x_wconf 90' lang='lat' dir='ltr'>Deus.</span> <span class='ocrx_word' id='word_1_511' title='bbox 2468 2524 2658 2578; x_wconf 90' lang='lat' dir='ltr'>Sancti</span> <span class='ocrx_word' id='word_1_512' title='bbox 2692 2525 2976 2577; x_wconf 85' lang='lat' dir='ltr'>Michaelis</span> <span class='ocrx_word' id='word_1_513' title='bbox 3031 2524 3360 2594; x_wconf 88' lang='lat' dir='ltr'>archangeli</span> <span class='ocrx_word' id='word_1_514' title='bbox 3414 2525 3617 2578; x_wconf 89' lang='lat' dir='ltr'>merita</span> 
     </span>
    </p>
   </div>
   <div class='ocr_carea' id='block_1_83' title="bbox 1928 2611 3620 2682">
    <p class='ocr_par' dir='ltr' id='par_1_83' title="bbox 1928 2611 3620 2682">
     <span class='ocr_line' id='line_1_83' title="bbox 1928 2611 3620 2682; baseline 0.001 -18"><span class='ocrx_word' id='word_1_515' title='bbox 1928 2611 2326 2681; x_wconf 51' lang='lat' dir='ltr'>praedicantes.</span> <span class='ocrx_word' id='word_1_516' title='bbox 2359 2611 2628 2675; x_wconf 89' lang='lat' dir='ltr'>Quamvis</span> <span class='ocrx_word' id='word_1_517' title='bbox 2660 2612 2816 2664; x_wconf 89' lang='lat' dir='ltr'>enim</span> <span class='ocrx_word' id='word_1_518' title='bbox 2849 2611 3011 2664; x_wconf 91' lang='lat' dir='ltr'>nobis</span> <span class='ocrx_word' id='word_1_519' title='bbox 3041 2612 3113 2665; x_wconf 88' lang='lat' dir='ltr'>sit</span> <span class='ocrx_word' id='word_1_520' title='bbox 3144 2612 3331 2665; x_wconf 91' lang='lat' dir='ltr'>omnis</span> <span class='ocrx_word' id='word_1_521' title='bbox 3360 2612 3620 2682; x_wconf 88' lang='lat' dir='ltr'>angelica</span> 
     </span>
    </p>
   </div>
   <div class='ocr_carea' id='block_1_84' title="bbox 1927 2699 3625 2770">
    <p class='ocr_par' dir='ltr' id='par_1_84' title="bbox 1927 2699 3625 2770">
     <span class='ocr_line' id='line_1_84' title="bbox 1927 2699 3625 2770; baseline 0.002 -19"><span class='ocrx_word' id='word_1_522' title='bbox 1927 2699 2252 2752; x_wconf 89' lang='lat' dir='ltr'>veneranda</span> <span class='ocrx_word' id='word_1_523' title='bbox 2309 2700 2649 2767; x_wconf 87' lang='lat' dir='ltr'>sublimitas,</span> <span class='ocrx_word' id='word_1_524' title='bbox 2714 2716 2841 2770; x_wconf 65' lang='lat' dir='ltr'>quze</span> <span class='ocrx_word' id='word_1_525' title='bbox 2876 2700 2935 2752; x_wconf 91' lang='lat' dir='ltr'>in</span> <span class='ocrx_word' id='word_1_526' title='bbox 2976 2700 3288 2769; x_wconf 88' lang='lat' dir='ltr'>majestatis</span> <span class='ocrx_word' id='word_1_527' title='bbox 3334 2705 3447 2754; x_wconf 62' lang='lat' dir='ltr'>tua:</span> <span class='ocrx_word' id='word_1_528' title='bbox 3486 2718 3625 2754; x_wconf 92' lang='lat' dir='ltr'>con—</span> 
     </span>
    </p>
   </div>
   <div class='ocr_carea' id='block_1_85' title="bbox 1928 2787 3628 2858">
    <p class='ocr_par' dir='ltr' id='par_1_85' title="bbox 1928 2787 3628 2858">
     <span class='ocr_line' id='line_1_85' title="bbox 1928 2787 3628 2858; baseline 0.002 -19"><span class='ocrx_word' id='word_1_529' title='bbox 1928 2787 2075 2840; x_wconf 89' lang='lat' dir='ltr'>sistit</span> <span class='ocrx_word' id='word_1_530' title='bbox 2101 2794 2428 2857; x_wconf 89' lang='lat' dir='ltr'>conspectu,</span> <span class='ocrx_word' id='word_1_531' title='bbox 2461 2788 2557 2839; x_wconf 87' lang='lat' dir='ltr'>illa</span> <span class='ocrx_word' id='word_1_532' title='bbox 2585 2792 2779 2840; x_wconf 88' lang='lat' dir='ltr'>tamen</span> <span class='ocrx_word' id='word_1_533' title='bbox 2839 2792 2922 2840; x_wconf 88' lang='lat' dir='ltr'>est</span> <span class='ocrx_word' id='word_1_534' title='bbox 2952 2789 3294 2858; x_wconf 90' lang='lat' dir='ltr'>propensius</span> <span class='ocrx_word' id='word_1_535' title='bbox 3345 2790 3628 2843; x_wconf 87' lang='lat' dir='ltr'>honoran-</span> 
     </span>
    </p>
   </div>
   <div class='ocr_carea' id='block_1_86' title="bbox 1928 2876 3624 2945">
    <p class='ocr_par' dir='ltr' id='par_1_86' title="bbox 1928 2876 3624 2945">
     <span class='ocr_line' id='line_1_86' title="bbox 1928 2876 3624 2945; baseline 0.002 -16"><span class='ocrx_word' id='word_1_536' title='bbox 1928 2877 2017 2941; x_wconf 93' lang='lat' dir='ltr'>da,</span> <span class='ocrx_word' id='word_1_537' title='bbox 2051 2892 2180 2945; x_wconf 66' lang='lat' dir='ltr'>quia</span> <span class='ocrx_word' id='word_1_538' title='bbox 2215 2876 2275 2928; x_wconf 92' lang='lat' dir='ltr'>in</span> <span class='ocrx_word' id='word_1_539' title='bbox 2328 2877 2451 2945; x_wconf 88' lang='lat' dir='ltr'>ejus</span> <span class='ocrx_word' id='word_1_540' title='bbox 2485 2876 2703 2928; x_wconf 90' lang='lat' dir='ltr'>ordinis</span> <span class='ocrx_word' id='word_1_541' title='bbox 2764 2876 3043 2943; x_wconf 88' lang='lat' dir='ltr'>dignitate</span> <span class='ocrx_word' id='word_1_542' title='bbox 3098 2877 3339 2931; x_wconf 74' lang='lat' dir='ltr'>caelestis</span> <span class='ocrx_word' id='word_1_543' title='bbox 3402 2878 3624 2932; x_wconf 77' lang='lat' dir='ltr'>militiae</span> 
     </span>
    </p>
   </div>
   <div class='ocr_carea' id='block_1_87' title="bbox 1929 2963 2997 3035">
    <p class='ocr_par' dir='ltr' id='par_1_87' title="bbox 1929 2963 2997 3035">
     <span class='ocr_line' id='line_1_87' title="bbox 1929 2963 2997 3035; baseline -0.001 -17"><span class='ocrx_word' id='word_1_544' title='bbox 1929 2965 2139 3018; x_wconf 89' lang='lat' dir='ltr'>meruit</span> <span class='ocrx_word' id='word_1_545' title='bbox 2168 2965 2571 3034; x_wconf 89' lang='lat' dir='ltr'>principatum.</span> <span class='ocrx_word' id='word_1_546' title='bbox 2608 2967 2732 3017; x_wconf 88' lang='lat' dir='ltr'>Per.</span> <span class='ocrx_word' id='word_1_547' title='bbox 2768 2963 2997 3035; x_wconf 86' lang='lat' dir='ltr'>Christ.]</span> 
     </span>
    </p>
   </div>
   <div class='ocr_carea' id='block_1_88' title="bbox 2327 3067 3218 3107">
    <p class='ocr_par' dir='ltr' id='par_1_88' title="bbox 2327 3067 3218 3107">
     <span class='ocr_line' id='line_1_88' title="bbox 2327 3067 3218 3107; baseline -0.001 -1"><span class='ocrx_word' id='word_1_548' title='bbox 2327 3068 2389 3106; x_wconf 83' lang='lat' dir='ltr'><strong>IN</strong></span> <span class='ocrx_word' id='word_1_549' title='bbox 2442 3067 2680 3106; x_wconf 76' lang='lat' dir='ltr'><strong>NATALI</strong></span> <span class='ocrx_word' id='word_1_550' title='bbox 2718 3067 2767 3106; x_wconf 88' lang='lat' dir='ltr'>S.</span> <span class='ocrx_word' id='word_1_551' title='bbox 2822 3068 3218 3107; x_wconf 77' lang='lat' dir='ltr'>HIERONYMI.</span> 
     </span>
    </p>
   </div>
   <div class='ocr_carea' id='block_1_89' title="bbox 1997 3140 3621 3210">
    <p class='ocr_par' dir='ltr' id='par_1_89' title="bbox 1997 3140 3621 3210">
     <span class='ocr_line' id='line_1_89' title="bbox 1997 3140 3621 3210; baseline 0 -16"><span class='ocrx_word' id='word_1_552' title='bbox 1997 3141 2231 3194; x_wconf 61' lang='lat' dir='ltr'>{Eterne</span> <span class='ocrx_word' id='word_1_553' title='bbox 2281 3142 2449 3194; x_wconf 88' lang='lat' dir='ltr'>Deus.</span> <span class='ocrx_word' id='word_1_554' title='bbox 2504 3143 2567 3193; x_wconf 85' lang='lat' dir='ltr'>Et</span> <span class='ocrx_word' id='word_1_555' title='bbox 2631 3141 2687 3193; x_wconf 89' lang='lat' dir='ltr'>in</span> <span class='ocrx_word' id='word_1_556' title='bbox 2722 3142 2825 3193; x_wconf 89' lang='lat' dir='ltr'>hac</span> <span class='ocrx_word' id='word_1_557' title='bbox 2878 3140 2968 3193; x_wconf 90' lang='lat' dir='ltr'>die</span> <span class='ocrx_word' id='word_1_558' title='bbox 3012 3141 3397 3210; x_wconf 91' lang='lat' dir='ltr'>potissimum,</span> <span class='ocrx_word' id='word_1_559' title='bbox 3449 3157 3621 3210; x_wconf 88' lang='lat' dir='ltr'>quam</span> 
     </span>
    </p>
   </div>
   <div class='ocr_carea' id='block_1_90' title="bbox 1925 3226 3623 3299">
    <p class='ocr_par' dir='ltr' id='par_1_90' title="bbox 1925 3226 3623 3299">
     <span class='ocr_line' id='line_1_90' title="bbox 1925 3226 3623 3299; baseline -0.001 -15"><span class='ocrx_word' id='word_1_560' title='bbox 1925 3230 2224 3284; x_wconf 86' lang='lat' dir='ltr'>festivitate</span> <span class='ocrx_word' id='word_1_561' title='bbox 2258 3230 2405 3283; x_wconf 88' lang='lat' dir='ltr'>beati</span> <span class='ocrx_word' id='word_1_562' title='bbox 2469 3229 2799 3299; x_wconf 81' lang='lat' dir='ltr'>Hieronymi</span> <span class='ocrx_word' id='word_1_563' title='bbox 2854 3226 3152 3293; x_wconf 70' lang='lat' dir='ltr'>decen-usti,</span> <span class='ocrx_word' id='word_1_564' title='bbox 3219 3230 3300 3282; x_wconf 90' lang='lat' dir='ltr'>tui</span> <span class='ocrx_word' id='word_1_565' title='bbox 3361 3230 3623 3283; x_wconf 88' lang='lat' dir='ltr'>muneris</span> 
     </span>
    </p>
   </div>
   <div class='ocr_carea' id='block_1_91' title="bbox 1925 3318 3619 3388">
    <p class='ocr_par' dir='ltr' id='par_1_91' title="bbox 1925 3318 3619 3388">
     <span class='ocr_line' id='line_1_91' title="bbox 1925 3318 3619 3388; baseline -0.001 -16"><span class='ocrx_word' id='word_1_566' title='bbox 1925 3318 2202 3372; x_wconf 86' lang='lat' dir='ltr'>beneﬁcia</span> <span class='ocrx_word' id='word_1_567' title='bbox 2235 3334 2562 3388; x_wconf 88' lang='lat' dir='ltr'>personare.</span> <span class='ocrx_word' id='word_1_568' title='bbox 2620 3318 2800 3381; x_wconf 90' lang='lat' dir='ltr'>Quem</span> <span class='ocrx_word' id='word_1_569' title='bbox 2848 3319 2924 3371; x_wconf 89' lang='lat' dir='ltr'>ita</span> <span class='ocrx_word' id='word_1_570' title='bbox 2976 3318 3206 3373; x_wconf 78' lang='lat' dir='ltr'>voluisti</span> <span class='ocrx_word' id='word_1_571' title='bbox 3262 3319 3493 3372; x_wconf 78' lang='lat' dir='ltr'>fluentis</span> <span class='ocrx_word' id='word_1_572' title='bbox 3532 3334 3619 3371; x_wconf 89' lang='lat' dir='ltr'>sa-</span> 
     </span>
    </p>
   </div>
   <div class='ocr_carea' id='block_1_92' title="bbox 1924 3406 3619 3476">
    <p class='ocr_par' dir='ltr' id='par_1_92' title="bbox 1924 3406 3619 3476">
     <span class='ocr_line' id='line_1_92' title="bbox 1924 3406 3619 3476; baseline 0.001 -18"><span class='ocrx_word' id='word_1_573' title='bbox 1924 3406 2067 3459; x_wconf 85' lang='lat' dir='ltr'>tiare</span> <span class='ocrx_word' id='word_1_574' title='bbox 2098 3407 2271 3460; x_wconf 89' lang='lat' dir='ltr'>totius</span> <span class='ocrx_word' id='word_1_575' title='bbox 2300 3406 2569 3473; x_wconf 66' lang='lat' dir='ltr'>scientiaa,</span> <span class='ocrx_word' id='word_1_576' title='bbox 2607 3410 2669 3458; x_wconf 90' lang='lat' dir='ltr'>ut</span> <span class='ocrx_word' id='word_1_577' title='bbox 2700 3422 2934 3459; x_wconf 88' lang='lat' dir='ltr'>suorum</span> <span class='ocrx_word' id='word_1_578' title='bbox 2965 3407 3266 3476; x_wconf 91' lang='lat' dir='ltr'>splendore</span> <span class='ocrx_word' id='word_1_579' title='bbox 3316 3408 3619 3469; x_wconf 89' lang='lat' dir='ltr'>dictorum,</span> 
     </span>
    </p>
   </div>
   <div class='ocr_carea' id='block_1_93' title="bbox 1926 3494 3617 3561">
    <p class='ocr_par' dir='ltr' id='par_1_93' title="bbox 1926 3494 3617 3561">
     <span class='ocr_line' id='line_1_93' title="bbox 1926 3494 3617 3561; baseline 0 -14"><span class='ocrx_word' id='word_1_580' title='bbox 1926 3496 2241 3548; x_wconf 88' lang='lat' dir='ltr'>multarum</span> <span class='ocrx_word' id='word_1_581' title='bbox 2275 3495 2575 3547; x_wconf 77' lang='lat' dir='ltr'>suscitator</span> <span class='ocrx_word' id='word_1_582' title='bbox 2616 3496 2777 3547; x_wconf 85' lang='lat' dir='ltr'>ﬁeret</span> <span class='ocrx_word' id='word_1_583' title='bbox 2831 3494 3184 3549; x_wconf 89' lang='lat' dir='ltr'>animarum.</span> <span class='ocrx_word' id='word_1_584' title='bbox 3230 3496 3386 3549; x_wconf 91' lang='lat' dir='ltr'>Unde</span> <span class='ocrx_word' id='word_1_585' title='bbox 3439 3500 3617 3561; x_wconf 89' lang='lat' dir='ltr'>tuam,</span> 
     </span>
    </p>
   </div>
   <div class='ocr_carea' id='block_1_94' title="bbox 1924 3583 3622 3653">
    <p class='ocr_par' dir='ltr' id='par_1_94' title="bbox 1924 3583 3622 3653">
     <span class='ocr_line' id='line_1_94' title="bbox 1924 3583 3622 3653; baseline 0.001 -18"><span class='ocrx_word' id='word_1_586' title='bbox 1924 3583 2180 3653; x_wconf 88' lang='lat' dir='ltr'>piissime</span> <span class='ocrx_word' id='word_1_587' title='bbox 2214 3586 2377 3647; x_wconf 89' lang='lat' dir='ltr'>Deus,</span> <span class='ocrx_word' id='word_1_588' title='bbox 2406 3584 2689 3653; x_wconf 88' lang='lat' dir='ltr'>supplices</span> <span class='ocrx_word' id='word_1_589' title='bbox 2709 3600 3037 3653; x_wconf 57' lang='lat' dir='ltr'>quasumus</span> <span class='ocrx_word' id='word_1_590' title='bbox 3078 3585 3373 3653; x_wconf 86' lang='lat' dir='ltr'>pietatem,</span> <span class='ocrx_word' id='word_1_591' title='bbox 3409 3589 3469 3637; x_wconf 90' lang='lat' dir='ltr'>ut</span> <span class='ocrx_word' id='word_1_592' title='bbox 3500 3584 3622 3653; x_wconf 88' lang='lat' dir='ltr'>ejus</span> 
     </span>
    </p>
   </div>
   <div class='ocr_carea' id='block_1_95' title="bbox 1926 3672 3620 3742">
    <p class='ocr_par' dir='ltr' id='par_1_95' title="bbox 1926 3672 3620 3742">
     <span class='ocr_line' id='line_1_95' title="bbox 1926 3672 3620 3742; baseline 0 -17"><span class='ocrx_word' id='word_1_593' title='bbox 1926 3688 2028 3725; x_wconf 90' lang='lat' dir='ltr'>nos</span> <span class='ocrx_word' id='word_1_594' title='bbox 2053 3675 2107 3725; x_wconf 91' lang='lat' dir='ltr'>et</span> <span class='ocrx_word' id='word_1_595' title='bbox 2139 3672 2413 3725; x_wconf 88' lang='lat' dir='ltr'>doctrinis</span> <span class='ocrx_word' id='word_1_596' title='bbox 2455 3673 2692 3742; x_wconf 88' lang='lat' dir='ltr'>repleas,</span> <span class='ocrx_word' id='word_1_597' title='bbox 2727 3672 2946 3725; x_wconf 89' lang='lat' dir='ltr'>meritis</span> <span class='ocrx_word' id='word_1_598' title='bbox 2977 3672 3224 3739; x_wconf 89' lang='lat' dir='ltr'>munias,</span> <span class='ocrx_word' id='word_1_599' title='bbox 3260 3678 3316 3726; x_wconf 88' lang='lat' dir='ltr'>et</span> <span class='ocrx_word' id='word_1_600' title='bbox 3345 3672 3620 3742; x_wconf 77' lang='lat' dir='ltr'>exemplis</span> 
     </span>
    </p>
   </div>
   <div class='ocr_carea' id='block_1_96' title="bbox 1923 3760 3616 3829">
    <p class='ocr_par' dir='ltr' id='par_1_96' title="bbox 1923 3760 3616 3829">
     <span class='ocr_line' id='line_1_96' title="bbox 1923 3760 3616 3829; baseline 0.001 -16"><span class='ocrx_word' id='word_1_601' title='bbox 1923 3776 2212 3813; x_wconf 78' lang='lat' dir='ltr'>exornes:</span> <span class='ocrx_word' id='word_1_602' title='bbox 2254 3763 2539 3829; x_wconf 86' lang='lat' dir='ltr'>quatenus</span> <span class='ocrx_word' id='word_1_603' title='bbox 2602 3761 2762 3813; x_wconf 88' lang='lat' dir='ltr'>omni</span> <span class='ocrx_word' id='word_1_604' title='bbox 2822 3761 3071 3814; x_wconf 64' lang='lat' dir='ltr'>czecitate</span> <span class='ocrx_word' id='word_1_605' title='bbox 3126 3761 3468 3829; x_wconf 65' lang='lat' dir='ltr'>ignorantiae</span> <span class='ocrx_word' id='word_1_606' title='bbox 3519 3760 3616 3814; x_wconf 75' lang='lat' dir='ltr'>de-</span> 
     </span>
    </p>
   </div>
   <div class='ocr_carea' id='block_1_97' title="bbox 1920 3848 3613 3918">
    <p class='ocr_par' dir='ltr' id='par_1_97' title="bbox 1920 3848 3613 3918">
     <span class='ocr_line' id='line_1_97' title="bbox 1920 3848 3613 3918; baseline -0.001 -18"><span class='ocrx_word' id='word_1_607' title='bbox 1920 3851 2110 3918; x_wconf 88' lang='lat' dir='ltr'>pulsa,</span> <span class='ocrx_word' id='word_1_608' title='bbox 2154 3854 2209 3900; x_wconf 85' lang='lat' dir='ltr'>et</span> <span class='ocrx_word' id='word_1_609' title='bbox 2241 3848 2331 3900; x_wconf 91' lang='lat' dir='ltr'>hic</span> <span class='ocrx_word' id='word_1_610' title='bbox 2363 3848 2483 3916; x_wconf 87' lang='lat' dir='ltr'>ejus</span> <span class='ocrx_word' id='word_1_611' title='bbox 2515 3848 2781 3917; x_wconf 88' lang='lat' dir='ltr'>precibus</span> <span class='ocrx_word' id='word_1_612' title='bbox 2812 3848 2956 3909; x_wconf 90' lang='lat' dir='ltr'>fulti,</span> <span class='ocrx_word' id='word_1_613' title='bbox 3013 3854 3106 3900; x_wconf 88' lang='lat' dir='ltr'>tua</span> <span class='ocrx_word' id='word_1_614' title='bbox 3141 3864 3469 3901; x_wconf 89' lang='lat' dir='ltr'>mereamur</span> <span class='ocrx_word' id='word_1_615' title='bbox 3514 3848 3613 3900; x_wconf 89' lang='lat' dir='ltr'>im-</span> 
     </span>
    </p>
   </div>
   <div class='ocr_carea' id='block_1_98' title="bbox 1917 3936 3619 4007">
    <p class='ocr_par' dir='ltr' id='par_1_98' title="bbox 1917 3936 3619 4007">
     <span class='ocr_line' id='line_1_98' title="bbox 1917 3936 3619 4007; baseline -0.001 -17"><span class='ocrx_word' id='word_1_616' title='bbox 1917 3939 2077 4007; x_wconf 89' lang='lat' dir='ltr'>plere</span> <span class='ocrx_word' id='word_1_617' title='bbox 2108 3942 2413 4006; x_wconf 85' lang='lat' dir='ltr'>praecepta,</span> <span class='ocrx_word' id='word_1_618' title='bbox 2447 3942 2503 3989; x_wconf 91' lang='lat' dir='ltr'>et</span> <span class='ocrx_word' id='word_1_619' title='bbox 2522 3937 2728 4005; x_wconf 84' lang='lat' dir='ltr'>gaudia</span> <span class='ocrx_word' id='word_1_620' title='bbox 2754 3937 3123 4006; x_wconf 90' lang='lat' dir='ltr'>postmodum</span> <span class='ocrx_word' id='word_1_621' title='bbox 3173 3953 3376 4006; x_wconf 86' lang='lat' dir='ltr'>capere</span> <span class='ocrx_word' id='word_1_622' title='bbox 3403 3936 3619 4005; x_wconf 88' lang='lat' dir='ltr'>sempi-</span> 
     </span>
    </p>
   </div>
   <div class='ocr_carea' id='block_1_99' title="bbox 1916 4025 2578 4080">
    <p class='ocr_par' dir='ltr' id='par_1_99' title="bbox 1916 4025 2578 4080">
     <span class='ocr_line' id='line_1_99' title="bbox 1916 4025 2578 4080; baseline -0.005 -1"><span class='ocrx_word' id='word_1_623' title='bbox 1916 4031 2100 4080; x_wconf 87' lang='lat' dir='ltr'>terna.</span> <span class='ocrx_word' id='word_1_624' title='bbox 2134 4028 2237 4079; x_wconf 89' lang='lat' dir='ltr'>Per</span> <span class='ocrx_word' id='word_1_625' title='bbox 2269 4025 2578 4079; x_wconf 90' lang='lat' dir='ltr'>Christum.</span> 
     </span>
    </p>
   </div>
   <div class='ocr_carea' id='block_1_100' title="bbox 1915 4132 3617 4203">
    <p class='ocr_par' dir='ltr' id='par_1_100' title="bbox 1915 4132 3617 4203">
     <span class='ocr_line' id='line_1_100' title="bbox 1915 4132 3617 4203; baseline -0.002 -18"><span class='ocrx_word' id='word_1_626' title='bbox 1915 4132 2007 4203; x_wconf 76' lang='lat' dir='ltr'>[IN</span> <span class='ocrx_word' id='word_1_627' title='bbox 2039 4147 2273 4186; x_wconf 76' lang='lat' dir='ltr'>NATALI</span> <span class='ocrx_word' id='word_1_628' title='bbox 2304 4147 2391 4187; x_wconf 91' lang='lat' dir='ltr'>SS.</span> <span class='ocrx_word' id='word_1_629' title='bbox 2430 4145 2747 4196; x_wconf 79' lang='lat' dir='ltr'>DIONYSII,</span> <span class='ocrx_word' id='word_1_630' title='bbox 2781 4145 3031 4185; x_wconf 80' lang='lat' dir='ltr'>RUSTICI</span> <span class='ocrx_word' id='word_1_631' title='bbox 3072 4146 3141 4183; x_wconf 84' lang='lat' dir='ltr'>ET</span> <span class='ocrx_word' id='word_1_632' title='bbox 3184 4144 3617 4183; x_wconf 81' lang='lat' dir='ltr'>ELEUTHERII.</span> 
     </span>
    </p>
   </div>
   <div class='ocr_carea' id='block_1_101' title="bbox 1990 4220 3607 4288">
    <p class='ocr_par' dir='ltr' id='par_1_101' title="bbox 1990 4220 3607 4288">
     <span class='ocr_line' id='line_1_101' title="bbox 1990 4220 3607 4288; baseline -0.002 -15"><span class='ocrx_word' id='word_1_633' title='bbox 1990 4222 2218 4273; x_wconf 65' lang='lat' dir='ltr'>Aiterne</span> <span class='ocrx_word' id='word_1_634' title='bbox 2273 4221 2438 4273; x_wconf 90' lang='lat' dir='ltr'>Deus.</span> <span class='ocrx_word' id='word_1_635' title='bbox 2493 4220 2599 4282; x_wconf 90' lang='lat' dir='ltr'>Qui</span> <span class='ocrx_word' id='word_1_636' title='bbox 2637 4224 2962 4271; x_wconf 90' lang='lat' dir='ltr'>sanctorum</span> <span class='ocrx_word' id='word_1_637' title='bbox 3014 4224 3329 4288; x_wconf 85' lang='lat' dir='ltr'>martyrum</span> <span class='ocrx_word' id='word_1_638' title='bbox 3374 4221 3607 4271; x_wconf 88' lang='lat' dir='ltr'>tuorum</span> 
     </span>
    </p>
   </div>
   <div class='ocr_carea' id='block_1_102' title="bbox 1938 4300 3623 4380">
    <p class='ocr_par' dir='ltr' id='par_1_102' title="bbox 1938 4300 3623 4380">
     <span class='ocr_line' id='line_1_102' title="bbox 1938 4300 3623 4380; baseline -0.002 -18"><span class='ocrx_word' id='word_1_639' title='bbox 1938 4312 2031 4380; x_wconf 90' lang='lat' dir='ltr'>pia</span> <span class='ocrx_word' id='word_1_640' title='bbox 2060 4311 2371 4363; x_wconf 90' lang='lat' dir='ltr'>certamina</span> <span class='ocrx_word' id='word_1_641' title='bbox 2410 4311 2477 4363; x_wconf 90' lang='lat' dir='ltr'>ad</span> <span class='ocrx_word' id='word_1_642' title='bbox 2512 4300 2800 4378; x_wconf 73' lang='lat' dir='ltr'>copidsam</span> <span class='ocrx_word' id='word_1_643' title='bbox 2856 4308 3120 4377; x_wconf 86' lang='lat' dir='ltr'>perducis</span> <span class='ocrx_word' id='word_1_644' title='bbox 3170 4307 3486 4371; x_wconf 89' lang='lat' dir='ltr'>victoriam,</span> <span class='ocrx_word' id='word_1_645' title='bbox 3545 4313 3623 4360; x_wconf 88' lang='lat' dir='ltr'>at-</span> 
     </span>
    </p>
   </div>
   <div class='ocr_carea' id='block_1_103' title="bbox 1930 4396 3623 4469">
    <p class='ocr_par' dir='ltr' id='par_1_103' title="bbox 1930 4396 3623 4469">
     <span class='ocr_line' id='line_1_103' title="bbox 1930 4396 3623 4469; baseline 0 -20"><span class='ocrx_word' id='word_1_646' title='bbox 1930 4416 2038 4469; x_wconf 89' lang='lat' dir='ltr'>que</span> <span class='ocrx_word' id='word_1_647' title='bbox 2070 4406 2413 4469; x_wconf 87' lang='lat' dir='ltr'>perpetuum</span> <span class='ocrx_word' id='word_1_648' title='bbox 2466 4398 2545 4450; x_wconf 90' lang='lat' dir='ltr'>eis</span> <span class='ocrx_word' id='word_1_649' title='bbox 2578 4397 2801 4467; x_wconf 83' lang='lat' dir='ltr'>largiris</span> <span class='ocrx_word' id='word_1_650' title='bbox 2854 4397 3235 4466; x_wconf 87' lang='lat' dir='ltr'>triumphum,</span> <span class='ocrx_word' id='word_1_651' title='bbox 3273 4402 3336 4450; x_wconf 91' lang='lat' dir='ltr'>ut</span> <span class='ocrx_word' id='word_1_652' title='bbox 3362 4396 3623 4449; x_wconf 65' lang='lat' dir='ltr'>Ecclesia:</span> 
     </span>
    </p>
   </div>
   <div class='ocr_carea' id='block_1_104' title="bbox 1927 4488 3621 4557">
    <p class='ocr_par' dir='ltr' id='par_1_104' title="bbox 1927 4488 3621 4557">
     <span class='ocr_line' id='line_1_104' title="bbox 1927 4488 3621 4557; baseline -0.001 -14"><span class='ocrx_word' id='word_1_653' title='bbox 1927 4494 2041 4543; x_wconf 69' lang='lat' dir='ltr'>tum</span> <span class='ocrx_word' id='word_1_654' title='bbox 2076 4504 2302 4557; x_wconf 77' lang='lat' dir='ltr'>semper</span> <span class='ocrx_word' id='word_1_655' title='bbox 2331 4489 2444 4541; x_wconf 90' lang='lat' dir='ltr'>sint</span> <span class='ocrx_word' id='word_1_656' title='bbox 2470 4488 2529 4540; x_wconf 90' lang='lat' dir='ltr'>in</span> <span class='ocrx_word' id='word_1_657' title='bbox 2581 4488 2909 4556; x_wconf 81' lang='lat' dir='ltr'>exemplum</span> <span class='ocrx_word' id='word_1_658' title='bbox 2946 4504 2957 4541; x_wconf 89' lang='lat'><em>:</em></span> <span class='ocrx_word' id='word_1_659' title='bbox 2996 4490 3203 4541; x_wconf 69' lang='lat' dir='ltr'>Praesta</span> <span class='ocrx_word' id='word_1_660' title='bbox 3248 4488 3429 4554; x_wconf 88' lang='lat' dir='ltr'>nobis,</span> <span class='ocrx_word' id='word_1_661' title='bbox 3463 4504 3621 4557; x_wconf 74' lang='lat' dir='ltr'>quae.-</span> 
     </span>
    </p>
   </div>
   <div class='ocr_carea' id='block_1_105' title="bbox 1929 4576 3621 4646">
    <p class='ocr_par' dir='ltr' id='par_1_105' title="bbox 1929 4576 3621 4646">
     <span class='ocr_line' id='line_1_105' title="bbox 1929 4576 3621 4646; baseline -0.002 -15"><span class='ocrx_word' id='word_1_662' title='bbox 1929 4593 2146 4639; x_wconf 89' lang='lat' dir='ltr'>sumus,</span> <span class='ocrx_word' id='word_1_663' title='bbox 2177 4582 2239 4630; x_wconf 91' lang='lat' dir='ltr'>ut</span> <span class='ocrx_word' id='word_1_664' title='bbox 2294 4592 2396 4646; x_wconf 87' lang='lat' dir='ltr'>per</span> <span class='ocrx_word' id='word_1_665' title='bbox 2448 4593 2646 4629; x_wconf 88' lang='lat' dir='ltr'>eorum</span> <span class='ocrx_word' id='word_1_666' title='bbox 2680 4576 3145 4629; x_wconf 83' lang='lat' dir='ltr'>intercessionem</span> <span class='ocrx_word' id='word_1_667' title='bbox 3196 4592 3445 4646; x_wconf 89' lang='lat' dir='ltr'>quorum</span> <span class='ocrx_word' id='word_1_668' title='bbox 3476 4576 3621 4628; x_wconf 85' lang='lat' dir='ltr'>festa</span> 
     </span>
    </p>
   </div>
   <div class='ocr_carea' id='block_1_106' title="bbox 1930 4663 3618 4734">
    <p class='ocr_par' dir='ltr' id='par_1_106' title="bbox 1930 4663 3618 4734">
     <span class='ocr_line' id='line_1_106' title="bbox 1930 4663 3618 4734; baseline -0.002 -17"><span class='ocrx_word' id='word_1_669' title='bbox 1930 4666 2309 4729; x_wconf 89' lang='lat' dir='ltr'>celebramus,</span> <span class='ocrx_word' id='word_1_670' title='bbox 2383 4664 2611 4734; x_wconf 88' lang='lat' dir='ltr'>pietatis</span> <span class='ocrx_word' id='word_1_671' title='bbox 2668 4668 2779 4716; x_wconf 66' lang='lat' dir='ltr'>tua:</span> <span class='ocrx_word' id='word_1_672' title='bbox 2844 4678 3082 4716; x_wconf 89' lang='lat' dir='ltr'>munera</span> <span class='ocrx_word' id='word_1_673' title='bbox 3137 4663 3447 4732; x_wconf 88' lang='lat' dir='ltr'>capiamus.</span> <span class='ocrx_word' id='word_1_674' title='bbox 3511 4664 3618 4716; x_wconf 87' lang='lat' dir='ltr'>Per</span> 
     </span>
    </p>
   </div>
   <div class='ocr_carea' id='block_1_107' title="bbox 1933 4752 2269 4824">
    <p class='ocr_par' dir='ltr' id='par_1_107' title="bbox 1933 4752 2269 4824">
     <span class='ocr_line' id='line_1_107' title="bbox 1933 4752 2269 4824; baseline -0.012 -16"><span class='ocrx_word' id='word_1_675' title='bbox 1933 4752 2269 4824; x_wconf 91' lang='lat' dir='ltr'>Christum.]</span> 
     </span>
    </p>
   </div>
   <div class='ocr_carea' id='block_1_108' title="bbox 2435 4854 3118 4894">
    <p class='ocr_par' dir='ltr' id='par_1_108' title="bbox 2435 4854 3118 4894">
     <span class='ocr_line' id='line_1_108' title="bbox 2435 4854 3118 4894; baseline -0.003 0"><span class='ocrx_word' id='word_1_676' title='bbox 2435 4856 2496 4894; x_wconf 81' lang='lat' dir='ltr'>IN</span> <span class='ocrx_word' id='word_1_677' title='bbox 2538 4854 2774 4893; x_wconf 71' lang='lat' dir='ltr'><strong>NATALI</strong></span> <span class='ocrx_word' id='word_1_678' title='bbox 2824 4854 2875 4893; x_wconf 85' lang='lat' dir='ltr'>S.</span> <span class='ocrx_word' id='word_1_679' title='bbox 2924 4854 3118 4893; x_wconf 62' lang='lat' dir='ltr'>LUCE.</span> 
     </span>
    </p>
   </div>
   <div class='ocr_carea' id='block_1_109' title="bbox 2001 4927 3617 4999">
    <p class='ocr_par' dir='ltr' id='par_1_109' title="bbox 2001 4927 3617 4999">
     <span class='ocr_line' id='line_1_109' title="bbox 2001 4927 3617 4999; baseline -0.004 -16"><span class='ocrx_word' id='word_1_680' title='bbox 2001 4930 2117 4999; x_wconf 82' lang='lat' dir='ltr'>(A.)</span> <span class='ocrx_word' id='word_1_681' title='bbox 2166 4931 2389 4983; x_wconf 48' lang='lat' dir='ltr'>A‘Iterne</span> <span class='ocrx_word' id='word_1_682' title='bbox 2447 4931 2611 4983; x_wconf 90' lang='lat' dir='ltr'>Deus.</span> <span class='ocrx_word' id='word_1_683' title='bbox 2668 4929 2735 4980; x_wconf 91' lang='lat' dir='ltr'>Et</span> <span class='ocrx_word' id='word_1_684' title='bbox 2789 4932 2844 4980; x_wconf 92' lang='lat' dir='ltr'>te</span> <span class='ocrx_word' id='word_1_685' title='bbox 2899 4927 2956 4980; x_wconf 89' lang='lat' dir='ltr'>in</span> <span class='ocrx_word' id='word_1_686' title='bbox 2997 4933 3326 4981; x_wconf 89' lang='lat' dir='ltr'>sanctorum</span> <span class='ocrx_word' id='word_1_687' title='bbox 3386 4931 3617 4980; x_wconf 90' lang='lat' dir='ltr'>tuorum</span> 
     </span>
    </p>
   </div>
   <div class='ocr_carea' id='block_1_110' title="bbox 1932 5017 3084 5086">
    <p class='ocr_par' dir='ltr' id='par_1_110' title="bbox 1932 5017 3084 5086">
     <span class='ocr_line' id='line_1_110' title="bbox 1932 5017 3084 5086; baseline -0.002 -16"><span class='ocrx_word' id='word_1_688' title='bbox 1932 5018 2170 5083; x_wconf 88' lang='lat' dir='ltr'>meritis,</span> <span class='ocrx_word' id='word_1_689' title='bbox 2207 5024 2339 5077; x_wconf 84' lang='lat' dir='ltr'>etc..</span> <span class='ocrx_word' id='word_1_690' title='bbox 2372 5022 2432 5071; x_wconf 78' lang='lat' dir='ltr'>ut</span> <span class='ocrx_word' id='word_1_691' title='bbox 2462 5033 2631 5086; x_wconf 79' lang='lat' dir='ltr'>supra</span> <span class='ocrx_word' id='word_1_692' title='bbox 2660 5019 2801 5071; x_wconf 76' lang='lat' dir='ltr'>inter</span> <span class='ocrx_word' id='word_1_693' title='bbox 2833 5017 3084 5070; x_wconf 82' lang='lat' dir='ltr'>Ambros.</span> 
     </span>
    </p>
   </div>
   <div class='ocr_carea' id='block_1_111' title="bbox 2017 5131 3545 5178">
    <p class='ocr_par' dir='ltr' id='par_1_111' title="bbox 2017 5131 3545 5178">
     <span class='ocr_line' id='line_1_111' title="bbox 2017 5131 3545 5178; baseline -0.003 -2"><span class='ocrx_word' id='word_1_694' title='bbox 2017 5139 2077 5177; x_wconf 72' lang='lat' dir='ltr'>IN</span> <span class='ocrx_word' id='word_1_695' title='bbox 2130 5139 2381 5178; x_wconf 74' lang='lat' dir='ltr'><strong>VIGILIA</strong></span> <span class='ocrx_word' id='word_1_696' title='bbox 2420 5138 2877 5177; x_wconf 79' lang='lat' dir='ltr'>APOSTOLORUM</span> <span class='ocrx_word' id='word_1_697' title='bbox 2929 5136 3196 5177; x_wconf 76' lang='lat' dir='ltr'>SIMONIS</span> <span class='ocrx_word' id='word_1_698' title='bbox 3238 5136 3306 5175; x_wconf 82' lang='lat' dir='ltr'>ET</span> <span class='ocrx_word' id='word_1_699' title='bbox 3352 5131 3545 5174; x_wconf 64' lang='lat' dir='ltr'>JUDIE.</span> 
     </span>
    </p>
   </div>
   <div class='ocr_carea' id='block_1_112' title="bbox 2003 5207 3621 5275">
    <p class='ocr_par' dir='ltr' id='par_1_112' title="bbox 2003 5207 3621 5275">
     <span class='ocr_line' id='line_1_112' title="bbox 2003 5207 3621 5275; baseline -0.004 -10"><span class='ocrx_word' id='word_1_700' title='bbox 2003 5214 2230 5266; x_wconf 63' lang='lat' dir='ltr'>Alterne</span> <span class='ocrx_word' id='word_1_701' title='bbox 2288 5214 2454 5265; x_wconf 87' lang='lat' dir='ltr'>Deus.</span> <span class='ocrx_word' id='word_1_702' title='bbox 2516 5212 2661 5275; x_wconf 91' lang='lat' dir='ltr'>Quia</span> <span class='ocrx_word' id='word_1_703' title='bbox 2716 5215 2773 5264; x_wconf 90' lang='lat' dir='ltr'>tu</span> <span class='ocrx_word' id='word_1_704' title='bbox 2823 5228 2880 5265; x_wconf 89' lang='lat' dir='ltr'>es</span> <span class='ocrx_word' id='word_1_705' title='bbox 2933 5210 3211 5264; x_wconf 90' lang='lat' dir='ltr'>mirabilis</span> <span class='ocrx_word' id='word_1_706' title='bbox 3255 5209 3313 5261; x_wconf 92' lang='lat' dir='ltr'>in</span> <span class='ocrx_word' id='word_1_707' title='bbox 3352 5207 3621 5261; x_wconf 89' lang='lat' dir='ltr'>omnibus</span> 
     </span>
    </p>
   </div>
   <div class='ocr_carea' id='block_1_113' title="bbox 1934 5298 3623 5372">
    <p class='ocr_par' dir='ltr' id='par_1_113' title="bbox 1934 5298 3623 5372">
     <span class='ocr_line' id='line_1_113' title="bbox 1934 5298 3623 5372; baseline -0.004 -18"><span class='ocrx_word' id='word_1_708' title='bbox 1934 5301 2142 5355; x_wconf 90' lang='lat' dir='ltr'>sanctis</span> <span class='ocrx_word' id='word_1_709' title='bbox 2178 5301 2313 5367; x_wconf 92' lang='lat' dir='ltr'>tuis,</span> <span class='ocrx_word' id='word_1_710' title='bbox 2348 5318 2490 5372; x_wconf 84' lang='lat' dir='ltr'>quos</span> <span class='ocrx_word' id='word_1_711' title='bbox 2553 5307 2611 5355; x_wconf 87' lang='lat' dir='ltr'>et</span> <span class='ocrx_word' id='word_1_712' title='bbox 2667 5301 2917 5355; x_wconf 89' lang='lat' dir='ltr'>nominis</span> <span class='ocrx_word' id='word_1_713' title='bbox 2964 5299 3045 5353; x_wconf 90' lang='lat' dir='ltr'>tui</span> <span class='ocrx_word' id='word_1_714' title='bbox 3094 5298 3445 5352; x_wconf 87' lang='lat' dir='ltr'>confessione</span> <span class='ocrx_word' id='word_1_715' title='bbox 3478 5312 3623 5366; x_wconf 64' lang='lat' dir='ltr'>prm-</span> 
     </span>
    </p>
   </div>
   <div class='ocr_carea' id='block_1_114' title="bbox 1932 5386 3619 5462">
    <p class='ocr_par' dir='ltr' id='par_1_114' title="bbox 1932 5386 3619 5462">
     <span class='ocr_line' id='line_1_114' title="bbox 1932 5386 3619 5462; baseline -0.003 -18"><span class='ocrx_word' id='word_1_716' title='bbox 1932 5392 2134 5457; x_wconf 89' lang='lat' dir='ltr'>claros,</span> <span class='ocrx_word' id='word_1_717' title='bbox 2171 5396 2226 5444; x_wconf 90' lang='lat' dir='ltr'>et</span> <span class='ocrx_word' id='word_1_718' title='bbox 2257 5396 2517 5462; x_wconf 89' lang='lat' dir='ltr'>suscepta</span> <span class='ocrx_word' id='word_1_719' title='bbox 2566 5407 2669 5460; x_wconf 91' lang='lat' dir='ltr'>pro</span> <span class='ocrx_word' id='word_1_720' title='bbox 2702 5397 2755 5445; x_wconf 91' lang='lat' dir='ltr'>te</span> <span class='ocrx_word' id='word_1_721' title='bbox 2808 5390 3071 5460; x_wconf 89' lang='lat' dir='ltr'>passione</span> <span class='ocrx_word' id='word_1_722' title='bbox 3108 5387 3289 5443; x_wconf 86' lang='lat' dir='ltr'>fecisti</span> <span class='ocrx_word' id='word_1_723' title='bbox 3318 5386 3619 5456; x_wconf 86' lang='lat' dir='ltr'>gloriosos.</span> 
     </span>
    </p>
   </div>
  </div>
