  <div class='ocr_page' id='page_1' title='image "/cluster/home/n/w/nwhite01/storage/ocr_20150623/121/hvd.32044054759832/463.png"; bbox 0 0 4078 6180; ppageno 0'>
   <div class='ocr_carea' id='block_1_1' title="bbox 435 239 541 293">
    <p class='ocr_par' dir='ltr' id='par_1_1' title="bbox 435 239 541 293">
     <span class='ocr_line' id='line_1_1' title="bbox 435 239 541 293; baseline -0.009 0"><span class='ocrx_word' id='word_1_1' title='bbox 435 239 541 293; x_wconf 81' lang='grc'>915</span> 
     </span>
    </p>
   </div>
   <div class='ocr_carea' id='block_1_2' title="bbox 435 459 2130 530">
    <p class='ocr_par' dir='ltr' id='par_1_2' title="bbox 435 459 2130 530">
     <span class='ocr_line' id='line_1_2' title="bbox 435 459 2130 530; baseline 0.002 -18"><span class='ocrx_word' id='word_1_2' title='bbox 435 464 501 513; x_wconf 91' lang='lat' dir='ltr'>ut</span> <span class='ocrx_word' id='word_1_3' title='bbox 522 459 669 513; x_wconf 92' lang='lat' dir='ltr'>hanc</span> <span class='ocrx_word' id='word_1_4' title='bbox 697 467 928 530; x_wconf 83' lang='lat' dir='ltr'>possent</span> <span class='ocrx_word' id='word_1_5' title='bbox 977 460 1234 515; x_wconf 82' lang='lat' dir='ltr'>obtinere</span> <span class='ocrx_word' id='word_1_6' title='bbox 1264 461 1557 515; x_wconf 79' lang='lat' dir='ltr'>victoriam</span> <span class='ocrx_word' id='word_1_7' title='bbox 1594 479 1605 515; x_wconf 87' lang='lat'>:</span> <span class='ocrx_word' id='word_1_8' title='bbox 1639 462 1715 514; x_wconf 75' lang='lat' dir='ltr'>ita</span> <span class='ocrx_word' id='word_1_9' title='bbox 1770 479 1870 515; x_wconf 89' lang='lat' dir='ltr'>nos</span> <span class='ocrx_word' id='word_1_10' title='bbox 1928 478 2130 516; x_wconf 91' lang='lat' dir='ltr'>eorum</span> 
     </span>
    </p>
   </div>
   <div class='ocr_carea' id='block_1_3' title="bbox 441 548 2132 621">
    <p class='ocr_par' dir='ltr' id='par_1_3' title="bbox 441 548 2132 621">
     <span class='ocr_line' id='line_1_3' title="bbox 441 548 2132 621; baseline 0.001 -20"><span class='ocrx_word' id='word_1_11' title='bbox 441 548 713 618; x_wconf 85' lang='lat' dir='ltr'>exemplis</span> <span class='ocrx_word' id='word_1_12' title='bbox 743 549 1145 617; x_wconf 87' lang='lat' dir='ltr'>informemur,</span> <span class='ocrx_word' id='word_1_13' title='bbox 1192 554 1257 603; x_wconf 89' lang='lat' dir='ltr'>ut</span> <span class='ocrx_word' id='word_1_14' title='bbox 1305 551 1371 603; x_wconf 93' lang='lat' dir='ltr'>ad</span> <span class='ocrx_word' id='word_1_15' title='bbox 1420 551 1760 604; x_wconf 87' lang='lat' dir='ltr'>celebranda</span> <span class='ocrx_word' id='word_1_16' title='bbox 1826 551 2132 621; x_wconf 66' lang='lat' dir='ltr'>praesentia</span> 
     </span>
    </p>
   </div>
   <div class='ocr_carea' id='block_1_4' title="bbox 438 635 2127 709">
    <p class='ocr_par' dir='ltr' id='par_1_4' title="bbox 438 635 2127 709">
     <span class='ocr_line' id='line_1_4' title="bbox 438 635 2127 709; baseline 0.001 -20"><span class='ocrx_word' id='word_1_17' title='bbox 438 635 581 689; x_wconf 89' lang='lat' dir='ltr'>festa</span> <span class='ocrx_word' id='word_1_18' title='bbox 611 637 801 690; x_wconf 90' lang='lat' dir='ltr'>idonei</span> <span class='ocrx_word' id='word_1_19' title='bbox 846 637 1233 703; x_wconf 84' lang='lat' dir='ltr'>inveniamur,</span> <span class='ocrx_word' id='word_1_20' title='bbox 1276 644 1332 691; x_wconf 90' lang='lat' dir='ltr'>et</span> <span class='ocrx_word' id='word_1_21' title='bbox 1378 640 1446 692; x_wconf 90' lang='lat' dir='ltr'>ad</span> <span class='ocrx_word' id='word_1_22' title='bbox 1490 644 1704 691; x_wconf 77' lang='lat' dir='ltr'>aeterna</span> <span class='ocrx_word' id='word_1_23' title='bbox 1735 639 2127 709; x_wconf 84' lang='lat' dir='ltr'>percipienda,</span> 
     </span>
    </p>
   </div>
   <div class='ocr_carea' id='block_1_5' title="bbox 438 724 2057 796">
    <p class='ocr_par' dir='ltr' id='par_1_5' title="bbox 438 724 2057 796">
     <span class='ocr_line' id='line_1_5' title="bbox 438 724 2057 796; baseline 0.003 -21"><span class='ocrx_word' id='word_1_24' title='bbox 438 738 633 776; x_wconf 91' lang='lat' dir='ltr'>eorum</span> <span class='ocrx_word' id='word_1_25' title='bbox 667 724 1011 792; x_wconf 75' lang='lat' dir='ltr'>interventu,</span> <span class='ocrx_word' id='word_1_26' title='bbox 1041 727 1201 796; x_wconf 85' lang='lat' dir='ltr'>digni</span> <span class='ocrx_word' id='word_1_27' title='bbox 1227 727 1573 795; x_wconf 81' lang='lat' dir='ltr'>judicemur.</span> <span class='ocrx_word' id='word_1_28' title='bbox 1612 728 1719 779; x_wconf 84' lang='lat' dir='ltr'>Per</span> <span class='ocrx_word' id='word_1_29' title='bbox 1750 728 2057 781; x_wconf 82' lang='lat' dir='ltr'>Christum.</span> 
     </span>
    </p>
   </div>
   <div class='ocr_carea' id='block_1_6' title="bbox 550 840 2018 881">
    <p class='ocr_par' dir='ltr' id='par_1_6' title="bbox 550 840 2018 881">
     <span class='ocr_line' id='line_1_6' title="bbox 550 840 2018 881; baseline 0.002 -4"><span class='ocrx_word' id='word_1_30' title='bbox 550 840 612 877; x_wconf 81' lang='lat' dir='ltr'>IN</span> <span class='ocrx_word' id='word_1_31' title='bbox 659 841 761 878; x_wconf 79' lang='lat' dir='ltr'>DIR</span> <span class='ocrx_word' id='word_1_32' title='bbox 797 841 886 881; x_wconf 87' lang='lat' dir='ltr'>SS.</span> <span class='ocrx_word' id='word_1_33' title='bbox 924 842 1384 881; x_wconf 75' lang='lat' dir='ltr'>APOSTOLORUM</span> <span class='ocrx_word' id='word_1_34' title='bbox 1419 842 1686 881; x_wconf 72' lang='lat' dir='ltr'>SIMONIS</span> <span class='ocrx_word' id='word_1_35' title='bbox 1720 843 1786 880; x_wconf 86' lang='lat' dir='ltr'><strong>ET</strong></span> <span class='ocrx_word' id='word_1_36' title='bbox 1822 843 2018 881; x_wconf 67' lang='lat' dir='ltr'>JUDE.</span> 
     </span>
    </p>
   </div>
   <div class='ocr_carea' id='block_1_7' title="bbox 510 912 2133 986">
    <p class='ocr_par' dir='ltr' id='par_1_7' title="bbox 510 912 2133 986">
     <span class='ocr_line' id='line_1_7' title="bbox 510 912 2133 986; baseline 0.002 -20"><span class='ocrx_word' id='word_1_37' title='bbox 510 912 621 982; x_wconf 83' lang='lat' dir='ltr'>(A.)</span> <span class='ocrx_word' id='word_1_38' title='bbox 650 916 876 967; x_wconf 65' lang='lat' dir='ltr'>Aiterne</span> <span class='ocrx_word' id='word_1_39' title='bbox 912 917 1077 968; x_wconf 92' lang='lat' dir='ltr'>Deus.</span> <span class='ocrx_word' id='word_1_40' title='bbox 1110 916 1184 968; x_wconf 88' lang='lat' dir='ltr'><strong>Te</strong></span> <span class='ocrx_word' id='word_1_41' title='bbox 1213 915 1271 968; x_wconf 92' lang='lat' dir='ltr'>in</span> <span class='ocrx_word' id='word_1_42' title='bbox 1311 921 1539 968; x_wconf 91' lang='lat' dir='ltr'>tuorum</span> <span class='ocrx_word' id='word_1_43' title='bbox 1574 917 1969 985; x_wconf 89' lang='lat' dir='ltr'>apostolorum</span> <span class='ocrx_word' id='word_1_44' title='bbox 2001 916 2133 986; x_wconf 89' lang='lat' dir='ltr'>glo-</span> 
     </span>
    </p>
   </div>
   <div class='ocr_carea' id='block_1_8' title="bbox 439 998 1916 1072">
    <p class='ocr_par' dir='ltr' id='par_1_8' title="bbox 439 998 1916 1072">
     <span class='ocr_line' id='line_1_8' title="bbox 439 998 1916 1072; baseline 0.004 -20"><span class='ocrx_word' id='word_1_45' title='bbox 439 998 730 1055; x_wconf 87' lang='lat' dir='ltr'>riﬁcantes</span> <span class='ocrx_word' id='word_1_46' title='bbox 756 1003 995 1070; x_wconf 91' lang='lat' dir='ltr'>honora,</span> <span class='ocrx_word' id='word_1_47' title='bbox 1030 1012 1161 1071; x_wconf 87' lang='lat' dir='ltr'>etc.,</span> <span class='ocrx_word' id='word_1_48' title='bbox 1192 1011 1252 1058; x_wconf 84' lang='lat' dir='ltr'>ut</span> <span class='ocrx_word' id='word_1_49' title='bbox 1281 1020 1449 1072; x_wconf 82' lang='lat' dir='ltr'>supra</span> <span class='ocrx_word' id='word_1_50' title='bbox 1482 1008 1624 1059; x_wconf 67' lang='lat' dir='ltr'>inter</span> <span class='ocrx_word' id='word_1_51' title='bbox 1667 1006 1916 1062; x_wconf 80' lang='lat' dir='ltr'>Ambros.</span> 
     </span>
    </p>
   </div>
   <div class='ocr_carea' id='block_1_9' title="bbox 690 1108 1888 1177">
    <p class='ocr_par' dir='ltr' id='par_1_9' title="bbox 690 1108 1888 1177">
     <span class='ocr_line' id='line_1_9' title="bbox 690 1108 1888 1177; baseline 0.002 -14"><span class='ocrx_word' id='word_1_52' title='bbox 690 1108 735 1177; x_wconf 72' lang='grc'>[⁸</span> <span class='ocrx_word' id='word_1_53' title='bbox 774 1124 833 1163; x_wconf 80' lang='lat' dir='ltr'><strong>1N</strong></span> <span class='ocrx_word' id='word_1_54' title='bbox 879 1125 1125 1164; x_wconf 74' lang='lat' dir='ltr'>VIGILIA</span> <span class='ocrx_word' id='word_1_55' title='bbox 1162 1125 1421 1165; x_wconf 70' lang='lat' dir='ltr'>omnem</span> <span class='ocrx_word' id='word_1_56' title='bbox 1482 1126 1888 1166; x_wconf 59' lang='lat' dir='ltr'>sucronem.</span> 
     </span>
    </p>
   </div>
   <div class='ocr_carea' id='block_1_10' title="bbox 511 1197 2134 1270">
    <p class='ocr_par' dir='ltr' id='par_1_10' title="bbox 511 1197 2134 1270">
     <span class='ocr_line' id='line_1_10' title="bbox 511 1197 2134 1270; baseline 0.002 -21"><span class='ocrx_word' id='word_1_57' title='bbox 511 1197 741 1249; x_wconf 63' lang='lat' dir='ltr'>Eterne</span> <span class='ocrx_word' id='word_1_58' title='bbox 776 1198 942 1251; x_wconf 90' lang='lat' dir='ltr'>Deus.</span> <span class='ocrx_word' id='word_1_59' title='bbox 988 1198 1340 1251; x_wconf 70' lang='lat' dir='ltr'>Reverentia».</span> <span class='ocrx_word' id='word_1_60' title='bbox 1380 1203 1494 1251; x_wconf 75' lang='lat' dir='ltr'>tuae</span> <span class='ocrx_word' id='word_1_61' title='bbox 1524 1199 1709 1253; x_wconf 91' lang='lat' dir='ltr'>dicato</span> <span class='ocrx_word' id='word_1_62' title='bbox 1752 1199 1977 1269; x_wconf 87' lang='lat' dir='ltr'>jejunio</span> <span class='ocrx_word' id='word_1_63' title='bbox 2010 1216 2134 1270; x_wconf 87' lang='lat' dir='ltr'>gra-</span> 
     </span>
    </p>
   </div>
   <div class='ocr_carea' id='block_1_11' title="bbox 438 1283 2128 1355">
    <p class='ocr_par' dir='ltr' id='par_1_11' title="bbox 438 1283 2128 1355">
     <span class='ocr_line' id='line_1_11' title="bbox 438 1283 2128 1355; baseline 0.004 -19"><span class='ocrx_word' id='word_1_64' title='bbox 438 1283 732 1337; x_wconf 89' lang='lat' dir='ltr'>tulantes:</span> <span class='ocrx_word' id='word_1_65' title='bbox 785 1286 921 1355; x_wconf 83' lang='lat' dir='ltr'>quia</span> <span class='ocrx_word' id='word_1_66' title='bbox 969 1287 1293 1339; x_wconf 90' lang='lat' dir='ltr'>veneranda</span> <span class='ocrx_word' id='word_1_67' title='bbox 1340 1287 1596 1340; x_wconf 90' lang='lat' dir='ltr'>omnium</span> <span class='ocrx_word' id='word_1_68' title='bbox 1658 1294 1985 1342; x_wconf 89' lang='lat' dir='ltr'>sanctorum</span> <span class='ocrx_word' id='word_1_69' title='bbox 2037 1306 2128 1342; x_wconf 88' lang='lat' dir='ltr'>so-</span> 
     </span>
    </p>
   </div>
   <div class='ocr_carea' id='block_1_12' title="bbox 440 1372 2132 1445">
    <p class='ocr_par' dir='ltr' id='par_1_12' title="bbox 440 1372 2132 1445">
     <span class='ocr_line' id='line_1_12' title="bbox 440 1372 2132 1445; baseline 0.002 -19"><span class='ocrx_word' id='word_1_70' title='bbox 440 1372 654 1426; x_wconf 90' lang='lat' dir='ltr'>lemnia</span> <span class='ocrx_word' id='word_1_71' title='bbox 688 1373 1025 1427; x_wconf 86' lang='lat' dir='ltr'>desideratis</span> <span class='ocrx_word' id='word_1_72' title='bbox 1051 1376 1435 1445; x_wconf 67' lang='lat' dir='ltr'>prmvenimus</span> <span class='ocrx_word' id='word_1_73' title='bbox 1467 1376 1690 1445; x_wconf 82' lang='lat' dir='ltr'>officiis,</span> <span class='ocrx_word' id='word_1_74' title='bbox 1732 1382 1792 1429; x_wconf 91' lang='lat' dir='ltr'>ut</span> <span class='ocrx_word' id='word_1_75' title='bbox 1824 1377 1893 1430; x_wconf 88' lang='lat' dir='ltr'>ad</span> <span class='ocrx_word' id='word_1_76' title='bbox 1933 1377 2132 1431; x_wconf 88' lang='lat' dir='ltr'>eadem</span> 
     </span>
    </p>
   </div>
   <div class='ocr_carea' id='block_1_13' title="bbox 444 1460 2059 1534">
    <p class='ocr_par' dir='ltr' id='par_1_13' title="bbox 444 1460 2059 1534">
     <span class='ocr_line' id='line_1_13' title="bbox 444 1460 2059 1534; baseline 0.004 -21"><span class='ocrx_word' id='word_1_77' title='bbox 444 1460 784 1516; x_wconf 88' lang='lat' dir='ltr'>celebranda</span> <span class='ocrx_word' id='word_1_78' title='bbox 817 1463 1148 1517; x_wconf 87' lang='lat' dir='ltr'>solemniter</span> <span class='ocrx_word' id='word_1_79' title='bbox 1176 1481 1587 1534; x_wconf 68' lang='lat' dir='ltr'>praeparemur.</span> <span class='ocrx_word' id='word_1_80' title='bbox 1626 1466 1729 1518; x_wconf 86' lang='lat' dir='ltr'>Per</span> <span class='ocrx_word' id='word_1_81' title='bbox 1756 1465 2059 1519; x_wconf 76' lang='lat' dir='ltr'>Christum.</span> 
     </span>
    </p>
   </div>
   <div class='ocr_carea' id='block_1_14' title="bbox 819 1584 1765 1626">
    <p class='ocr_par' dir='ltr' id='par_1_14' title="bbox 819 1584 1765 1626">
     <span class='ocr_line' id='line_1_14' title="bbox 819 1584 1765 1626; baseline 0.003 -5"><span class='ocrx_word' id='word_1_82' title='bbox 819 1584 883 1623; x_wconf 82' lang='lat' dir='ltr'>IN</span> <span class='ocrx_word' id='word_1_83' title='bbox 927 1584 1030 1623; x_wconf 82' lang='lat' dir='ltr'>DIE</span> <span class='ocrx_word' id='word_1_84' title='bbox 1066 1585 1325 1625; x_wconf 79' lang='lat' dir='ltr'>OMNIUM</span> <span class='ocrx_word' id='word_1_85' title='bbox 1359 1586 1765 1626; x_wconf 73' lang='lat' dir='ltr'>SANCTORUM.</span> 
     </span>
    </p>
   </div>
   <div class='ocr_carea' id='block_1_15' title="bbox 511 1656 2212 1730">
    <p class='ocr_par' dir='ltr' id='par_1_15' title="bbox 511 1656 2212 1730">
     <span class='ocr_line' id='line_1_15' title="bbox 511 1656 2212 1730; baseline 0.003 -23"><span class='ocrx_word' id='word_1_86' title='bbox 511 1656 735 1708; x_wconf 62' lang='lat' dir='ltr'>ZEterne</span> <span class='ocrx_word' id='word_1_87' title='bbox 768 1658 936 1710; x_wconf 89' lang='lat' dir='ltr'>Deus.</span> <span class='ocrx_word' id='word_1_88' title='bbox 973 1657 1349 1712; x_wconf 89' lang='lat' dir='ltr'>Clementiam</span> <span class='ocrx_word' id='word_1_89' title='bbox 1382 1664 1538 1712; x_wconf 88' lang='lat' dir='ltr'>tuam</span> <span class='ocrx_word' id='word_1_90' title='bbox 1587 1659 1921 1730; x_wconf 87' lang='lat' dir='ltr'>suppliciter</span> <span class='ocrx_word' id='word_1_91' title='bbox 1964 1659 2130 1713; x_wconf 86' lang='lat' dir='ltr'>obse-</span> <span class='ocrx_word' id='word_1_92' title='bbox 2170 1667 2212 1722; x_wconf 87' lang='grc' dir='ltr'><strong>Β</strong></span> 
     </span>
    </p>
   </div>
   <div class='ocr_carea' id='block_1_16' title="bbox 442 1748 2133 1813">
    <p class='ocr_par' dir='ltr' id='par_1_16' title="bbox 442 1748 2133 1813">
     <span class='ocr_line' id='line_1_16' title="bbox 442 1748 2133 1813; baseline 0.004 -18"><span class='ocrx_word' id='word_1_93' title='bbox 442 1750 689 1813; x_wconf 87' lang='lat' dir='ltr'>crantes,</span> <span class='ocrx_word' id='word_1_94' title='bbox 725 1750 789 1798; x_wconf 89' lang='lat' dir='ltr'>ut</span> <span class='ocrx_word' id='word_1_95' title='bbox 815 1763 945 1799; x_wconf 90' lang='lat' dir='ltr'>eum</span> <span class='ocrx_word' id='word_1_96' title='bbox 978 1748 1393 1801; x_wconf 82' lang='lat' dir='ltr'>exsultantibus</span> <span class='ocrx_word' id='word_1_97' title='bbox 1423 1749 1629 1801; x_wconf 87' lang='lat' dir='ltr'>sanctis</span> <span class='ocrx_word' id='word_1_98' title='bbox 1659 1749 1767 1801; x_wconf 90' lang='lat' dir='ltr'>tuis</span> <span class='ocrx_word' id='word_1_99' title='bbox 1788 1749 1848 1802; x_wconf 91' lang='lat' dir='ltr'>in</span> <span class='ocrx_word' id='word_1_100' title='bbox 1889 1749 2133 1802; x_wconf 62' lang='lat' dir='ltr'>caelestis</span> 
     </span>
    </p>
   </div>
   <div class='ocr_carea' id='block_1_17' title="bbox 442 1832 2133 1907">
    <p class='ocr_par' dir='ltr' id='par_1_17' title="bbox 442 1832 2133 1907">
     <span class='ocr_line' id='line_1_17' title="bbox 442 1832 2133 1907; baseline 0.003 -23"><span class='ocrx_word' id='word_1_101' title='bbox 442 1832 609 1901; x_wconf 84' lang='lat' dir='ltr'>regni</span> <span class='ocrx_word' id='word_1_102' title='bbox 640 1833 923 1886; x_wconf 84' lang='lat' dir='ltr'>cubilibus</span> <span class='ocrx_word' id='word_1_103' title='bbox 965 1836 1171 1905; x_wconf 87' lang='lat' dir='ltr'>gaudia</span> <span class='ocrx_word' id='word_1_104' title='bbox 1228 1841 1421 1889; x_wconf 90' lang='lat' dir='ltr'>nostra</span> <span class='ocrx_word' id='word_1_105' title='bbox 1474 1837 1792 1906; x_wconf 85' lang='lat' dir='ltr'>conjungas</span> <span class='ocrx_word' id='word_1_106' title='bbox 1824 1854 1836 1889; x_wconf 88' lang='lat'><strong>:</strong></span> <span class='ocrx_word' id='word_1_107' title='bbox 1874 1841 1929 1889; x_wconf 91' lang='lat' dir='ltr'>et</span> <span class='ocrx_word' id='word_1_108' title='bbox 1988 1853 2133 1907; x_wconf 92' lang='lat' dir='ltr'>quos</span> 
     </span>
    </p>
   </div>
   <div class='ocr_carea' id='block_1_18' title="bbox 441 1920 2132 1995">
    <p class='ocr_par' dir='ltr' id='par_1_18' title="bbox 441 1920 2132 1995">
     <span class='ocr_line' id='line_1_18' title="bbox 441 1920 2132 1995; baseline 0.004 -23"><span class='ocrx_word' id='word_1_109' title='bbox 441 1920 667 1973; x_wconf 90' lang='lat' dir='ltr'>virtutis</span> <span class='ocrx_word' id='word_1_110' title='bbox 708 1921 1027 1977; x_wconf 84' lang='lat' dir='ltr'>imitatione</span> <span class='ocrx_word' id='word_1_111' title='bbox 1092 1940 1207 1977; x_wconf 91' lang='lat' dir='ltr'>non</span> <span class='ocrx_word' id='word_1_112' title='bbox 1235 1941 1539 1994; x_wconf 89' lang='lat' dir='ltr'>possumus</span> <span class='ocrx_word' id='word_1_113' title='bbox 1571 1925 1752 1995; x_wconf 88' lang='lat' dir='ltr'>sequi,</span> <span class='ocrx_word' id='word_1_114' title='bbox 1805 1925 2007 1978; x_wconf 64' lang='lat' dir='ltr'>debitae</span> <span class='ocrx_word' id='word_1_115' title='bbox 2039 1941 2132 1978; x_wconf 88' lang='lat' dir='ltr'>ve-</span> 
     </span>
    </p>
   </div>
   <div class='ocr_carea' id='block_1_19' title="bbox 446 2009 1956 2084">
    <p class='ocr_par' dir='ltr' id='par_1_19' title="bbox 446 2009 1956 2084">
     <span class='ocr_line' id='line_1_19' title="bbox 446 2009 1956 2084; baseline 0.003 -22"><span class='ocrx_word' id='word_1_116' title='bbox 446 2009 764 2062; x_wconf 90' lang='lat' dir='ltr'>nerationis</span> <span class='ocrx_word' id='word_1_117' title='bbox 794 2012 1191 2081; x_wconf 90' lang='lat' dir='ltr'>contingamus</span> <span class='ocrx_word' id='word_1_118' title='bbox 1222 2013 1444 2067; x_wconf 76' lang='lat' dir='ltr'>effectu.</span> <span class='ocrx_word' id='word_1_119' title='bbox 1492 2015 1597 2066; x_wconf 86' lang='lat' dir='ltr'>Per</span> <span class='ocrx_word' id='word_1_120' title='bbox 1618 2013 1956 2084; x_wconf 86' lang='lat' dir='ltr'>Christum.]</span> 
     </span>
    </p>
   </div>
   <div class='ocr_carea' id='block_1_20' title="bbox 675 2133 1901 2182">
    <p class='ocr_par' dir='ltr' id='par_1_20' title="bbox 675 2133 1901 2182">
     <span class='ocr_line' id='line_1_20' title="bbox 675 2133 1901 2182; baseline 0.001 -11"><span class='ocrx_word' id='word_1_121' title='bbox 675 2133 739 2172; x_wconf 79' lang='lat' dir='ltr'>1N</span> <span class='ocrx_word' id='word_1_122' title='bbox 776 2134 1011 2173; x_wconf 73' lang='lat' dir='ltr'><strong>NATALI</strong></span> <span class='ocrx_word' id='word_1_123' title='bbox 1059 2135 1353 2182; x_wconf 81' lang='lat' dir='ltr'>QUATUOR</span> <span class='ocrx_word' id='word_1_124' title='bbox 1401 2136 1901 2175; x_wconf 71' lang='lat' dir='ltr'>CORONATORUM.</span> 
     </span>
    </p>
   </div>
   <div class='ocr_carea' id='block_1_21' title="bbox 514 2204 2137 2277">
    <p class='ocr_par' dir='ltr' id='par_1_21' title="bbox 514 2204 2137 2277">
     <span class='ocr_line' id='line_1_21' title="bbox 514 2204 2137 2277; baseline 0.002 -19"><span class='ocrx_word' id='word_1_125' title='bbox 514 2204 624 2275; x_wconf 75' lang='grc' dir='ltr'>(Ο.)</span> <span class='ocrx_word' id='word_1_126' title='bbox 654 2208 883 2260; x_wconf 63' lang='grc' dir='ltr'>ίΕίΘῙῚὶΘ</span> <span class='ocrx_word' id='word_1_127' title='bbox 917 2208 1080 2261; x_wconf 89' lang='lat' dir='ltr'>Deus.</span> <span class='ocrx_word' id='word_1_128' title='bbox 1116 2210 1478 2263; x_wconf 82' lang='lat' dir='ltr'>Celebrautes</span> <span class='ocrx_word' id='word_1_129' title='bbox 1510 2215 1834 2262; x_wconf 91' lang='lat' dir='ltr'>sanctorum</span> <span class='ocrx_word' id='word_1_130' title='bbox 1864 2208 2137 2277; x_wconf 33' lang='lat' dir='ltr'>.natalitia</span> 
     </span>
    </p>
   </div>
   <div class='ocr_carea' id='block_1_22' title="bbox 446 2294 2136 2369">
    <p class='ocr_par' dir='ltr' id='par_1_22' title="bbox 446 2294 2136 2369">
     <span class='ocr_line' id='line_1_22' title="bbox 446 2294 2136 2369; baseline 0.002 -23"><span class='ocrx_word' id='word_1_131' title='bbox 446 2294 883 2363; x_wconf 87' lang='lat' dir='ltr'>Coronatorum,</span> <span class='ocrx_word' id='word_1_132' title='bbox 920 2298 1056 2367; x_wconf 85' lang='lat' dir='ltr'>quia</span> <span class='ocrx_word' id='word_1_133' title='bbox 1087 2298 1224 2351; x_wconf 90' lang='lat' dir='ltr'>dum</span> <span class='ocrx_word' id='word_1_134' title='bbox 1252 2298 1334 2351; x_wconf 92' lang='lat' dir='ltr'>tui</span> <span class='ocrx_word' id='word_1_135' title='bbox 1370 2299 1617 2352; x_wconf 89' lang='lat' dir='ltr'>nominis</span> <span class='ocrx_word' id='word_1_136' title='bbox 1650 2315 1749 2369; x_wconf 90' lang='lat' dir='ltr'>per</span> <span class='ocrx_word' id='word_1_137' title='bbox 1770 2314 1867 2352; x_wconf 92' lang='lat' dir='ltr'>eos</span> <span class='ocrx_word' id='word_1_138' title='bbox 1894 2298 2136 2368; x_wconf 80' lang='lat' dir='ltr'>gloriam</span> 
     </span>
    </p>
   </div>
   <div class='ocr_carea' id='block_1_23' title="bbox 443 2382 2136 2457">
    <p class='ocr_par' dir='ltr' id='par_1_23' title="bbox 443 2382 2136 2457">
     <span class='ocr_line' id='line_1_23' title="bbox 443 2382 2136 2457; baseline 0.002 -22"><span class='ocrx_word' id='word_1_139' title='bbox 443 2382 896 2452; x_wconf 82' lang='lat' dir='ltr'>frequentamus,</span> <span class='ocrx_word' id='word_1_140' title='bbox 938 2385 997 2438; x_wconf 91' lang='lat' dir='ltr'>in</span> <span class='ocrx_word' id='word_1_141' title='bbox 1029 2391 1235 2439; x_wconf 83' lang='lat' dir='ltr'>nostrae</span> <span class='ocrx_word' id='word_1_142' title='bbox 1275 2386 1408 2440; x_wconf 86' lang='lat' dir='ltr'>ﬁdei</span> <span class='ocrx_word' id='word_1_143' title='bbox 1465 2393 1776 2457; x_wconf 89' lang='lat' dir='ltr'>augmento</span> <span class='ocrx_word' id='word_1_144' title='bbox 1836 2386 2136 2440; x_wconf 90' lang='lat' dir='ltr'>succresci-</span> 
     </span>
    </p>
   </div>
   <div class='ocr_carea' id='block_1_24' title="bbox 446 2473 1071 2527">
    <p class='ocr_par' dir='ltr' id='par_1_24' title="bbox 446 2473 1071 2527">
     <span class='ocr_line' id='line_1_24' title="bbox 446 2473 1071 2527; baseline 0.002 -3"><span class='ocrx_word' id='word_1_145' title='bbox 446 2487 593 2525; x_wconf 91' lang='lat' dir='ltr'>mus.</span> <span class='ocrx_word' id='word_1_146' title='bbox 630 2473 735 2525; x_wconf 87' lang='lat' dir='ltr'>Per</span> <span class='ocrx_word' id='word_1_147' title='bbox 764 2473 1071 2527; x_wconf 83' lang='lat' dir='ltr'>Christum.</span> 
     </span>
    </p>
   </div>
   <div class='ocr_carea' id='block_1_25' title="bbox 913 2594 1673 2635">
    <p class='ocr_par' dir='ltr' id='par_1_25' title="bbox 913 2594 1673 2635">
     <span class='ocr_line' id='line_1_25' title="bbox 913 2594 1673 2635; baseline 0.003 -3"><span class='ocrx_word' id='word_1_148' title='bbox 913 2594 975 2633; x_wconf 81' lang='grc' dir='ltr'>ΙΝ</span> <span class='ocrx_word' id='word_1_149' title='bbox 1009 2596 1242 2634; x_wconf 73' lang='lat' dir='ltr'>NATALI</span> <span class='ocrx_word' id='word_1_150' title='bbox 1283 2595 1332 2633; x_wconf 88' lang='lat' dir='ltr'>S.</span> <span class='ocrx_word' id='word_1_151' title='bbox 1373 2596 1673 2635; x_wconf 77' lang='lat' dir='ltr'>MARTINI.</span> 
     </span>
    </p>
   </div>
   <div class='ocr_carea' id='block_1_26' title="bbox 514 2684 2137 2753">
    <p class='ocr_par' dir='ltr' id='par_1_26' title="bbox 514 2684 2137 2753">
     <span class='ocr_line' id='line_1_26' title="bbox 514 2684 2137 2753; baseline 0.003 -19"><span class='ocrx_word' id='word_1_152' title='bbox 514 2684 745 2735; x_wconf 61' lang='lat' dir='ltr'>Eterne</span> <span class='ocrx_word' id='word_1_153' title='bbox 787 2684 951 2736; x_wconf 89' lang='lat' dir='ltr'>Deus.</span> <span class='ocrx_word' id='word_1_154' title='bbox 1004 2686 1177 2753; x_wconf 83' lang='lat' dir='ltr'>Cujus</span> <span class='ocrx_word' id='word_1_155' title='bbox 1212 2701 1450 2738; x_wconf 92' lang='lat' dir='ltr'>munere</span> <span class='ocrx_word' id='word_1_156' title='bbox 1515 2687 1571 2738; x_wconf 86' lang='grc' dir='ltr'>Β.</span> <span class='ocrx_word' id='word_1_157' title='bbox 1609 2686 1884 2739; x_wconf 88' lang='lat' dir='ltr'>Martinus</span> <span class='ocrx_word' id='word_1_158' title='bbox 1915 2688 2137 2740; x_wconf 87' lang='lat' dir='ltr'>confes-</span> 
     </span>
    </p>
   </div>
   <div class='ocr_carea' id='block_1_27' title="bbox 446 2770 2140 2843">
    <p class='ocr_par' dir='ltr' id='par_1_27' title="bbox 446 2770 2140 2843">
     <span class='ocr_line' id='line_1_27' title="bbox 446 2770 2140 2843; baseline 0.004 -20"><span class='ocrx_word' id='word_1_159' title='bbox 446 2786 539 2824; x_wconf 91' lang='lat' dir='ltr'>sor</span> <span class='ocrx_word' id='word_1_160' title='bbox 597 2770 810 2839; x_wconf 87' lang='lat' dir='ltr'>pariter</span> <span class='ocrx_word' id='word_1_161' title='bbox 853 2771 1134 2839; x_wconf 87' lang='lat' dir='ltr'>sacerdos,</span> <span class='ocrx_word' id='word_1_162' title='bbox 1195 2778 1251 2825; x_wconf 91' lang='lat' dir='ltr'>et</span> <span class='ocrx_word' id='word_1_163' title='bbox 1309 2773 1595 2826; x_wconf 90' lang='lat' dir='ltr'>bonorum</span> <span class='ocrx_word' id='word_1_164' title='bbox 1655 2790 1896 2843; x_wconf 90' lang='lat' dir='ltr'>operum</span> <span class='ocrx_word' id='word_1_165' title='bbox 1954 2777 2140 2829; x_wconf 90' lang='lat' dir='ltr'>incre-</span> 
     </span>
    </p>
   </div>
   <div class='ocr_carea' id='block_1_28' title="bbox 448 2857 2137 2923">
    <p class='ocr_par' dir='ltr' id='par_1_28' title="bbox 448 2857 2137 2923">
     <span class='ocr_line' id='line_1_28' title="bbox 448 2857 2137 2923; baseline 0.007 -14"><span class='ocrx_word' id='word_1_166' title='bbox 448 2857 655 2910; x_wconf 86' lang='lat' dir='ltr'>mentis</span> <span class='ocrx_word' id='word_1_167' title='bbox 686 2860 948 2923; x_wconf 84' lang='lat' dir='ltr'>excrevit,</span> <span class='ocrx_word' id='word_1_168' title='bbox 993 2864 1048 2913; x_wconf 90' lang='lat' dir='ltr'>et</span> <span class='ocrx_word' id='word_1_169' title='bbox 1094 2860 1265 2913; x_wconf 87' lang='lat' dir='ltr'>variis</span> <span class='ocrx_word' id='word_1_170' title='bbox 1314 2860 1589 2915; x_wconf 90' lang='lat' dir='ltr'>virtutum</span> <span class='ocrx_word' id='word_1_171' title='bbox 1636 2862 1799 2915; x_wconf 91' lang='lat' dir='ltr'>bonis</span> <span class='ocrx_word' id='word_1_172' title='bbox 1859 2866 2137 2921; x_wconf 76' lang='lat' dir='ltr'>exubera-</span> 
     </span>
    </p>
   </div>
   <div class='ocr_carea' id='block_1_29' title="bbox 447 2945 2219 3023">
    <p class='ocr_par' dir='ltr' id='par_1_29' title="bbox 447 2945 2219 3023">
     <span class='ocr_line' id='line_1_29' title="bbox 447 2945 2219 3023; baseline 0.009 -26"><span class='ocrx_word' id='word_1_173' title='bbox 447 2945 545 3007; x_wconf 89' lang='lat' dir='ltr'>vit,</span> <span class='ocrx_word' id='word_1_174' title='bbox 582 2951 637 2998; x_wconf 87' lang='lat' dir='ltr'>et</span> <span class='ocrx_word' id='word_1_175' title='bbox 666 2948 979 2999; x_wconf 87' lang='lat' dir='ltr'>coruscavit</span> <span class='ocrx_word' id='word_1_176' title='bbox 1010 2947 1321 3019; x_wconf 84' lang='lat' dir='ltr'>miraculis.</span> <span class='ocrx_word' id='word_1_177' title='bbox 1352 2948 1458 3013; x_wconf 88' lang='lat' dir='ltr'>Qui</span> <span class='ocrx_word' id='word_1_178' title='bbox 1491 2951 1643 3020; x_wconf 89' lang='lat' dir='ltr'>quod</span> <span class='ocrx_word' id='word_1_179' title='bbox 1680 2952 1861 3005; x_wconf 87' lang='lat' dir='ltr'>verbis</span> <span class='ocrx_word' id='word_1_180' title='bbox 1888 2954 2136 3023; x_wconf 88' lang='lat' dir='ltr'>edocuit,</span> <span class='ocrx_word' id='word_1_181' title='bbox 2179 2961 2219 3015; x_wconf 94' lang='lat' dir='ltr'>C</span> 
     </span>
    </p>
   </div>
   <div class='ocr_carea' id='block_1_30' title="bbox 448 3035 2143 3107">
    <p class='ocr_par' dir='ltr' id='par_1_30' title="bbox 448 3035 2143 3107">
     <span class='ocr_line' id='line_1_30' title="bbox 448 3035 2143 3107; baseline 0.007 -21"><span class='ocrx_word' id='word_1_182' title='bbox 448 3049 691 3103; x_wconf 92' lang='lat' dir='ltr'>operum</span> <span class='ocrx_word' id='word_1_183' title='bbox 728 3035 1081 3090; x_wconf 87' lang='lat' dir='ltr'>exhibitione</span> <span class='ocrx_word' id='word_1_184' title='bbox 1131 3038 1459 3107; x_wconf 85' lang='lat' dir='ltr'>complevit,</span> <span class='ocrx_word' id='word_1_185' title='bbox 1493 3044 1549 3093; x_wconf 92' lang='lat' dir='ltr'>et</span> <span class='ocrx_word' id='word_1_186' title='bbox 1579 3040 1920 3095; x_wconf 89' lang='lat' dir='ltr'>documento</span> <span class='ocrx_word' id='word_1_187' title='bbox 1971 3044 2143 3099; x_wconf 90' lang='lat' dir='ltr'>simul</span> 
     </span>
    </p>
   </div>
   <div class='ocr_carea' id='block_1_31' title="bbox 448 3123 2143 3201">
    <p class='ocr_par' dir='ltr' id='par_1_31' title="bbox 448 3123 2143 3201">
     <span class='ocr_line' id='line_1_31' title="bbox 448 3123 2143 3201; baseline 0.004 -24"><span class='ocrx_word' id='word_1_188' title='bbox 448 3129 506 3177; x_wconf 90' lang='lat' dir='ltr'>et</span> <span class='ocrx_word' id='word_1_189' title='bbox 538 3123 801 3192; x_wconf 88' lang='lat' dir='ltr'>exemplo</span> <span class='ocrx_word' id='word_1_190' title='bbox 824 3125 1065 3178; x_wconf 89' lang='lat' dir='ltr'>subditis</span> <span class='ocrx_word' id='word_1_191' title='bbox 1096 3126 1167 3179; x_wconf 91' lang='lat' dir='ltr'>ad</span> <span class='ocrx_word' id='word_1_192' title='bbox 1194 3126 1443 3180; x_wconf 71' lang='lat' dir='ltr'>coelestia</span> <span class='ocrx_word' id='word_1_193' title='bbox 1473 3143 1649 3197; x_wconf 87' lang='lat' dir='ltr'>regna</span> <span class='ocrx_word' id='word_1_194' title='bbox 1692 3129 1961 3183; x_wconf 88' lang='lat' dir='ltr'>ducatum</span> <span class='ocrx_word' id='word_1_195' title='bbox 1995 3148 2143 3201; x_wconf 64' lang='lat' dir='ltr'>prie-</span> 
     </span>
    </p>
   </div>
   <div class='ocr_carea' id='block_1_32' title="bbox 448 3211 2144 3291">
    <p class='ocr_par' dir='ltr' id='par_1_32' title="bbox 448 3211 2144 3291">
     <span class='ocr_line' id='line_1_32' title="bbox 448 3211 2144 3291; baseline 0.005 -26"><span class='ocrx_word' id='word_1_196' title='bbox 448 3211 590 3265; x_wconf 89' lang='lat' dir='ltr'>buit.</span> <span class='ocrx_word' id='word_1_197' title='bbox 638 3213 794 3266; x_wconf 91' lang='lat' dir='ltr'>Unde</span> <span class='ocrx_word' id='word_1_198' title='bbox 826 3217 982 3267; x_wconf 87' lang='lat' dir='ltr'>tuam</span> <span class='ocrx_word' id='word_1_199' title='bbox 1031 3215 1394 3269; x_wconf 79' lang='lat' dir='ltr'>clementiam</span> <span class='ocrx_word' id='word_1_200' title='bbox 1447 3217 1720 3285; x_wconf 90' lang='lat' dir='ltr'>petimus,</span> <span class='ocrx_word' id='word_1_201' title='bbox 1778 3222 1841 3271; x_wconf 91' lang='lat' dir='ltr'>ut</span> <span class='ocrx_word' id='word_1_202' title='bbox 1892 3221 2014 3287; x_wconf 85' lang='lat' dir='ltr'>ejus</span> <span class='ocrx_word' id='word_1_203' title='bbox 2044 3221 2144 3291; x_wconf 90' lang='lat' dir='ltr'>qui</span> 
     </span>
    </p>
   </div>
   <div class='ocr_carea' id='block_1_33' title="bbox 447 3300 2141 3377">
    <p class='ocr_par' dir='ltr' id='par_1_33' title="bbox 447 3300 2141 3377">
     <span class='ocr_line' id='line_1_33' title="bbox 447 3300 2141 3377; baseline 0.006 -24"><span class='ocrx_word' id='word_1_204' title='bbox 447 3300 551 3354; x_wconf 85' lang='lat' dir='ltr'>tibi</span> <span class='ocrx_word' id='word_1_205' title='bbox 579 3301 811 3370; x_wconf 85' lang='lat' dir='ltr'>placuit,</span> <span class='ocrx_word' id='word_1_206' title='bbox 848 3303 1120 3373; x_wconf 89' lang='lat' dir='ltr'>exemplis</span> <span class='ocrx_word' id='word_1_207' title='bbox 1148 3304 1213 3357; x_wconf 91' lang='lat' dir='ltr'>ad</span> <span class='ocrx_word' id='word_1_208' title='bbox 1249 3304 1391 3357; x_wconf 88' lang='lat' dir='ltr'>bene</span> <span class='ocrx_word' id='word_1_209' title='bbox 1424 3306 1710 3373; x_wconf 82' lang='lat' dir='ltr'>agendum</span> <span class='ocrx_word' id='word_1_210' title='bbox 1739 3306 2141 3377; x_wconf 87' lang='lat' dir='ltr'>informemur,</span> 
     </span>
    </p>
   </div>
   <div class='ocr_carea' id='block_1_34' title="bbox 450 3390 2141 3468">
    <p class='ocr_par' dir='ltr' id='par_1_34' title="bbox 450 3390 2141 3468">
     <span class='ocr_line' id='line_1_34' title="bbox 450 3390 2141 3468; baseline 0.005 -26"><span class='ocrx_word' id='word_1_211' title='bbox 450 3390 668 3442; x_wconf 91' lang='lat' dir='ltr'>meritis</span> <span class='ocrx_word' id='word_1_212' title='bbox 699 3390 1048 3451; x_wconf 86' lang='lat' dir='ltr'>muniamur.</span> <span class='ocrx_word' id='word_1_213' title='bbox 1080 3392 1585 3447; x_wconf 86' lang='lat' dir='ltr'>intercessionibus</span> <span class='ocrx_word' id='word_1_214' title='bbox 1612 3395 1966 3464; x_wconf 88' lang='lat' dir='ltr'>adjuvemur,</span> <span class='ocrx_word' id='word_1_215' title='bbox 2003 3414 2141 3468; x_wconf 87' lang='lat' dir='ltr'>qua-</span> 
     </span>
    </p>
   </div>
   <div class='ocr_carea' id='block_1_35' title="bbox 448 3477 2143 3555">
    <p class='ocr_par' dir='ltr' id='par_1_35' title="bbox 448 3477 2143 3555">
     <span class='ocr_line' id='line_1_35' title="bbox 448 3477 2143 3555; baseline 0.006 -26"><span class='ocrx_word' id='word_1_216' title='bbox 448 3477 580 3530; x_wconf 90' lang='lat' dir='ltr'>liter</span> <span class='ocrx_word' id='word_1_217' title='bbox 600 3478 669 3530; x_wconf 92' lang='lat' dir='ltr'>ad</span> <span class='ocrx_word' id='word_1_218' title='bbox 701 3479 927 3531; x_wconf 80' lang='lat' dir='ltr'>cceleste</span> <span class='ocrx_word' id='word_1_219' title='bbox 959 3495 1222 3549; x_wconf 80' lang='lat' dir='ltr'>regnum.</span> <span class='ocrx_word' id='word_1_220' title='bbox 1258 3480 1356 3533; x_wconf 92' lang='lat' dir='ltr'>illo</span> <span class='ocrx_word' id='word_1_221' title='bbox 1401 3481 1838 3549; x_wconf 86' lang='lat' dir='ltr'>interveniente,</span> <span class='ocrx_word' id='word_1_222' title='bbox 1873 3490 1927 3537; x_wconf 90' lang='lat' dir='ltr'>te</span> <span class='ocrx_word' id='word_1_223' title='bbox 1959 3487 2143 3555; x_wconf 87' lang='lat' dir='ltr'>opitu-</span> 
     </span>
    </p>
   </div>
   <div class='ocr_carea' id='block_1_36' title="bbox 449 3565 1819 3634">
    <p class='ocr_par' dir='ltr' id='par_1_36' title="bbox 449 3565 1819 3634">
     <span class='ocr_line' id='line_1_36' title="bbox 449 3565 1819 3634; baseline 0.004 -15"><span class='ocrx_word' id='word_1_224' title='bbox 449 3565 627 3631; x_wconf 79' lang='lat' dir='ltr'>lante,</span> <span class='ocrx_word' id='word_1_225' title='bbox 662 3566 962 3634; x_wconf 85' lang='lat' dir='ltr'>pervenire</span> <span class='ocrx_word' id='word_1_226' title='bbox 996 3583 1340 3623; x_wconf 88' lang='lat' dir='ltr'>mereamur.</span> <span class='ocrx_word' id='word_1_227' title='bbox 1377 3570 1484 3622; x_wconf 85' lang='lat' dir='ltr'>Per</span> <span class='ocrx_word' id='word_1_228' title='bbox 1513 3569 1819 3624; x_wconf 84' lang='lat' dir='ltr'>Christum.</span> 
     </span>
    </p>
   </div>
   <div class='ocr_carea' id='block_1_37' title="bbox 785 3687 1787 3731">
    <p class='ocr_par' dir='ltr' id='par_1_37' title="bbox 785 3687 1787 3731">
     <span class='ocr_line' id='line_1_37' title="bbox 785 3687 1787 3731; baseline 0.006 -6"><span class='ocrx_word' id='word_1_229' title='bbox 785 3687 847 3726; x_wconf 80' lang='lat' dir='ltr'>IN</span> <span class='ocrx_word' id='word_1_230' title='bbox 890 3688 1125 3727; x_wconf 75' lang='lat' dir='ltr'>NATALI</span> <span class='ocrx_word' id='word_1_231' title='bbox 1173 3688 1429 3729; x_wconf 60' lang='lat' dir='ltr'>SANCTAE</span> <span class='ocrx_word' id='word_1_232' title='bbox 1478 3691 1787 3731; x_wconf 66' lang='lat' dir='ltr'>CxEClLI.’E.</span> 
     </span>
    </p>
   </div>
   <div class='ocr_carea' id='block_1_38' title="bbox 525 3772 2141 3854">
    <p class='ocr_par' dir='ltr' id='par_1_38' title="bbox 525 3772 2141 3854">
     <span class='ocr_line' id='line_1_38' title="bbox 525 3772 2141 3854; baseline 0.006 -24"><span class='ocrx_word' id='word_1_233' title='bbox 525 3779 750 3831; x_wconf 70' lang='lat' dir='ltr'>Aiterne</span> <span class='ocrx_word' id='word_1_234' title='bbox 800 3779 967 3831; x_wconf 91' lang='lat' dir='ltr'>Deus.</span> <span class='ocrx_word' id='word_1_235' title='bbox 1001 3779 1108 3843; x_wconf 89' lang='lat' dir='ltr'>Qui</span> <span class='ocrx_word' id='word_1_236' title='bbox 1140 3780 1199 3833; x_wconf 90' lang='lat' dir='ltr'>in</span> <span class='ocrx_word' id='word_1_237' title='bbox 1228 3780 1563 3835; x_wconf 81' lang='lat' dir='ltr'>infirmitate</span> <span class='ocrx_word' id='word_1_238' title='bbox 1596 3783 1867 3837; x_wconf 85' lang='lat' dir='ltr'>virtutem</span> <span class='ocrx_word' id='word_1_239' title='bbox 1897 3772 2141 3854; x_wconf 82' lang='lat' dir='ltr'>perficis,</span> 
     </span>
    </p>
   </div>
   <div class='ocr_carea' id='block_1_39' title="bbox 453 3866 2142 3942">
    <p class='ocr_par' dir='ltr' id='par_1_39' title="bbox 453 3866 2142 3942">
     <span class='ocr_line' id='line_1_39' title="bbox 453 3866 2142 3942; baseline 0.005 -24"><span class='ocrx_word' id='word_1_240' title='bbox 453 3869 510 3920; x_wconf 91' lang='lat' dir='ltr'>et</span> <span class='ocrx_word' id='word_1_241' title='bbox 539 3866 778 3919; x_wconf 90' lang='lat' dir='ltr'>humani</span> <span class='ocrx_word' id='word_1_242' title='bbox 796 3867 1023 3936; x_wconf 91' lang='lat' dir='ltr'>generis</span> <span class='ocrx_word' id='word_1_243' title='bbox 1054 3868 1348 3921; x_wconf 89' lang='lat' dir='ltr'>inimicum</span> <span class='ocrx_word' id='word_1_244' title='bbox 1378 3887 1495 3923; x_wconf 90' lang='lat' dir='ltr'>non</span> <span class='ocrx_word' id='word_1_245' title='bbox 1529 3871 1713 3924; x_wconf 89' lang='lat' dir='ltr'>solum</span> <span class='ocrx_word' id='word_1_246' title='bbox 1748 3888 1849 3942; x_wconf 89' lang='lat' dir='ltr'>per</span> <span class='ocrx_word' id='word_1_247' title='bbox 1876 3873 2028 3926; x_wconf 91' lang='lat' dir='ltr'>viros</span> <span class='ocrx_word' id='word_1_248' title='bbox 2049 3875 2142 3928; x_wconf 89' lang='lat' dir='ltr'>sed</span> 
     </span>
    </p>
   </div>
   <div class='ocr_carea' id='block_1_40' title="bbox 452 3954 2141 4027">
    <p class='ocr_par' dir='ltr' id='par_1_40' title="bbox 452 3954 2141 4027">
     <span class='ocr_line' id='line_1_40' title="bbox 452 3954 2141 4027; baseline 0.005 -19"><span class='ocrx_word' id='word_1_249' title='bbox 452 3954 623 4009; x_wconf 87' lang='lat' dir='ltr'>etiam</span> <span class='ocrx_word' id='word_1_250' title='bbox 659 3971 762 4024; x_wconf 89' lang='lat' dir='ltr'>per</span> <span class='ocrx_word' id='word_1_251' title='bbox 789 3956 1033 4009; x_wconf 88' lang='lat' dir='ltr'>feminas</span> <span class='ocrx_word' id='word_1_252' title='bbox 1065 3956 1265 4009; x_wconf 90' lang='lat' dir='ltr'>vincis.</span> <span class='ocrx_word' id='word_1_253' title='bbox 1300 3957 1471 4027; x_wconf 91' lang='lat' dir='ltr'>Cujus</span> <span class='ocrx_word' id='word_1_254' title='bbox 1502 3974 1741 4012; x_wconf 82' lang='lat' dir='ltr'>munere</span> <span class='ocrx_word' id='word_1_255' title='bbox 1776 3961 1940 4013; x_wconf 89' lang='lat' dir='ltr'>beata</span> <span class='ocrx_word' id='word_1_256' title='bbox 1973 3962 2141 4015; x_wconf 58' lang='lat' dir='ltr'>Caici-</span> 
     </span>
    </p>
   </div>
   <div class='ocr_carea' id='block_1_41' title="bbox 450 4043 2144 4114">
    <p class='ocr_par' dir='ltr' id='par_1_41' title="bbox 450 4043 2144 4114">
     <span class='ocr_line' id='line_1_41' title="bbox 450 4043 2144 4114; baseline 0.004 -17"><span class='ocrx_word' id='word_1_257' title='bbox 450 4043 526 4098; x_wconf 89' lang='lat' dir='ltr'>lia</span> <span class='ocrx_word' id='word_1_258' title='bbox 544 4049 598 4097; x_wconf 88' lang='lat' dir='ltr'>et</span> <span class='ocrx_word' id='word_1_259' title='bbox 630 4044 687 4096; x_wconf 92' lang='lat' dir='ltr'>in</span> <span class='ocrx_word' id='word_1_260' title='bbox 717 4044 1064 4112; x_wconf 84' lang='lat' dir='ltr'>virginitatis</span> <span class='ocrx_word' id='word_1_261' title='bbox 1095 4045 1412 4114; x_wconf 91' lang='lat' dir='ltr'>proposito,</span> <span class='ocrx_word' id='word_1_262' title='bbox 1447 4052 1503 4099; x_wconf 92' lang='lat' dir='ltr'>et</span> <span class='ocrx_word' id='word_1_263' title='bbox 1528 4046 1589 4099; x_wconf 92' lang='lat' dir='ltr'>in</span> <span class='ocrx_word' id='word_1_264' title='bbox 1620 4048 1976 4102; x_wconf 89' lang='lat' dir='ltr'>confessione</span> <span class='ocrx_word' id='word_1_265' title='bbox 2009 4050 2144 4103; x_wconf 83' lang='lat' dir='ltr'>ﬁdei</span> 
     </span>
    </p>
   </div>
   <div class='ocr_carea' id='block_1_42' title="bbox 450 4132 2143 4197">
    <p class='ocr_par' dir='ltr' id='par_1_42' title="bbox 450 4132 2143 4197">
     <span class='ocr_line' id='line_1_42' title="bbox 450 4132 2143 4197; baseline 0.002 -11"><span class='ocrx_word' id='word_1_266' title='bbox 450 4132 773 4197; x_wconf 88' lang='lat' dir='ltr'>roboratur,</span> <span class='ocrx_word' id='word_1_267' title='bbox 802 4137 863 4185; x_wconf 89' lang='lat' dir='ltr'>ut</span> <span class='ocrx_word' id='word_1_268' title='bbox 890 4148 993 4185; x_wconf 90' lang='lat' dir='ltr'>nec</span> <span class='ocrx_word' id='word_1_269' title='bbox 1032 4132 1215 4185; x_wconf 66' lang='lat' dir='ltr'>aetatis</span> <span class='ocrx_word' id='word_1_270' title='bbox 1245 4133 1465 4187; x_wconf 90' lang='lat' dir='ltr'>lubrico</span> <span class='ocrx_word' id='word_1_271' title='bbox 1494 4134 1564 4187; x_wconf 89' lang='lat' dir='ltr'>ab</span> <span class='ocrx_word' id='word_1_272' title='bbox 1596 4134 1916 4190; x_wconf 90' lang='lat' dir='ltr'>intentione</span> <span class='ocrx_word' id='word_1_273' title='bbox 1961 4143 2143 4191; x_wconf 88' lang='lat' dir='ltr'>mute-</span> 
     </span>
    </p>
   </div>
   <div class='ocr_carea' id='block_1_43' title="bbox 449 4218 2142 4289">
    <p class='ocr_par' dir='ltr' id='par_1_43' title="bbox 449 4218 2142 4289">
     <span class='ocr_line' id='line_1_43' title="bbox 449 4218 2142 4289; baseline 0.006 -20"><span class='ocrx_word' id='word_1_274' title='bbox 449 4221 564 4283; x_wconf 90' lang='lat' dir='ltr'>tur,</span> <span class='ocrx_word' id='word_1_275' title='bbox 597 4234 702 4271; x_wconf 90' lang='lat' dir='ltr'>nec</span> <span class='ocrx_word' id='word_1_276' title='bbox 731 4218 1140 4272; x_wconf 89' lang='lat' dir='ltr'>blandimentis</span> <span class='ocrx_word' id='word_1_277' title='bbox 1194 4221 1518 4273; x_wconf 85' lang='lat' dir='ltr'>carnalibus</span> <span class='ocrx_word' id='word_1_278' title='bbox 1577 4222 1988 4289; x_wconf 88' lang='lat' dir='ltr'>demulceatur,</span> <span class='ocrx_word' id='word_1_279' title='bbox 2039 4241 2142 4279; x_wconf 90' lang='lat' dir='ltr'>nec</span> 
     </span>
    </p>
   </div>
   <div class='ocr_carea' id='block_1_44' title="bbox 450 4306 2144 4376">
    <p class='ocr_par' dir='ltr' id='par_1_44' title="bbox 450 4306 2144 4376">
     <span class='ocr_line' id='line_1_44' title="bbox 450 4306 2144 4376; baseline 0.005 -17"><span class='ocrx_word' id='word_1_280' title='bbox 450 4322 617 4359; x_wconf 90' lang='lat' dir='ltr'>sexus</span> <span class='ocrx_word' id='word_1_281' title='bbox 648 4306 958 4376; x_wconf 85' lang='lat' dir='ltr'>fragilitate</span> <span class='ocrx_word' id='word_1_282' title='bbox 1005 4307 1378 4374; x_wconf 89' lang='lat' dir='ltr'>deterreatur,</span> <span class='ocrx_word' id='word_1_283' title='bbox 1412 4326 1515 4363; x_wconf 90' lang='lat' dir='ltr'>nec</span> <span class='ocrx_word' id='word_1_284' title='bbox 1564 4315 1983 4366; x_wconf 87' lang='lat' dir='ltr'>tormentorum</span> <span class='ocrx_word' id='word_1_285' title='bbox 2027 4315 2144 4367; x_wconf 90' lang='lat' dir='ltr'>vin-</span> 
     </span>
    </p>
   </div>
   <div class='ocr_carea' id='block_1_45' title="bbox 449 4394 2143 4468">
    <p class='ocr_par' dir='ltr' id='par_1_45' title="bbox 449 4394 2143 4468">
     <span class='ocr_line' id='line_1_45' title="bbox 449 4394 2143 4468; baseline 0.005 -20"><span class='ocrx_word' id='word_1_286' title='bbox 449 4399 610 4448; x_wconf 88' lang='lat' dir='ltr'>catur</span> <span class='ocrx_word' id='word_1_287' title='bbox 640 4394 1016 4462; x_wconf 89' lang='lat' dir='ltr'>immanitate,</span> <span class='ocrx_word' id='word_1_288' title='bbox 1068 4396 1164 4449; x_wconf 90' lang='lat' dir='ltr'>sed</span> <span class='ocrx_word' id='word_1_289' title='bbox 1198 4398 1472 4451; x_wconf 86' lang='lat' dir='ltr'>servando</span> <span class='ocrx_word' id='word_1_290' title='bbox 1527 4400 1780 4468; x_wconf 89' lang='lat' dir='ltr'>corporis</span> <span class='ocrx_word' id='word_1_291' title='bbox 1834 4417 1896 4454; x_wconf 89' lang='lat' dir='ltr'>ac</span> <span class='ocrx_word' id='word_1_292' title='bbox 1934 4403 2143 4456; x_wconf 90' lang='lat' dir='ltr'>mentis</span> 
     </span>
    </p>
   </div>
   <div class='ocr_carea' id='block_1_46' title="bbox 450 4482 2140 4560">
    <p class='ocr_par' dir='ltr' id='par_1_46' title="bbox 450 4482 2140 4560">
     <span class='ocr_line' id='line_1_46' title="bbox 450 4482 2140 4560; baseline 0.006 -25"><span class='ocrx_word' id='word_1_293' title='bbox 450 4482 841 4552; x_wconf 80' lang='lat' dir='ltr'>integritatem</span> <span class='ocrx_word' id='word_1_294' title='bbox 890 4499 1019 4537; x_wconf 92' lang='lat' dir='ltr'>cum</span> <span class='ocrx_word' id='word_1_295' title='bbox 1084 4484 1435 4554; x_wconf 80' lang='lat' dir='ltr'>virginitatis</span> <span class='ocrx_word' id='word_1_296' title='bbox 1501 4492 1553 4540; x_wconf 92' lang='lat' dir='ltr'>et</span> <span class='ocrx_word' id='word_1_297' title='bbox 1615 4490 1874 4559; x_wconf 87' lang='lat' dir='ltr'>martyrii</span> <span class='ocrx_word' id='word_1_298' title='bbox 1929 4493 2140 4560; x_wconf 88' lang='lat' dir='ltr'>palma,</span> 
     </span>
    </p>
   </div>
   <div class='ocr_carea' id='block_1_47' title="bbox 450 4572 2138 4644">
    <p class='ocr_par' dir='ltr' id='par_1_47' title="bbox 450 4572 2138 4644">
     <span class='ocr_line' id='line_1_47' title="bbox 450 4572 2138 4644; baseline 0.005 -19"><span class='ocrx_word' id='word_1_299' title='bbox 450 4577 725 4625; x_wconf 67' lang='lat' dir='ltr'>aeternam</span> <span class='ocrx_word' id='word_1_300' title='bbox 758 4572 1221 4644; x_wconf 88' lang='lat' dir='ltr'>meruitadipisci</span> <span class='ocrx_word' id='word_1_301' title='bbox 1236 4575 1671 4630; x_wconf 87' lang='lat' dir='ltr'>beatitudinem.</span> <span class='ocrx_word' id='word_1_302' title='bbox 1704 4580 1808 4631; x_wconf 90' lang='lat' dir='ltr'>Per</span> <span class='ocrx_word' id='word_1_303' title='bbox 1828 4579 2138 4634; x_wconf 89' lang='lat' dir='ltr'>Christum.</span> 
     </span>
    </p>
   </div>
   <div class='ocr_carea' id='block_1_48' title="bbox 858 4695 1735 4739">
    <p class='ocr_par' dir='ltr' id='par_1_48' title="bbox 858 4695 1735 4739">
     <span class='ocr_line' id='line_1_48' title="bbox 858 4695 1735 4739; baseline 0.007 -6"><span class='ocrx_word' id='word_1_304' title='bbox 858 4695 922 4734; x_wconf 81' lang='grc' dir='ltr'>ΙΝ</span> <span class='ocrx_word' id='word_1_305' title='bbox 972 4696 1208 4736; x_wconf 73' lang='lat' dir='ltr'><strong>NATALI</strong></span> <span class='ocrx_word' id='word_1_306' title='bbox 1254 4697 1305 4736; x_wconf 84' lang='lat' dir='ltr'>S.</span> <span class='ocrx_word' id='word_1_307' title='bbox 1351 4698 1735 4739; x_wconf 76' lang='lat' dir='ltr'>CLEMENTIS.</span> 
     </span>
    </p>
   </div>
   <div class='ocr_carea' id='block_1_49' title="bbox 516 4786 2139 4863">
    <p class='ocr_par' dir='ltr' id='par_1_49' title="bbox 516 4786 2139 4863">
     <span class='ocr_line' id='line_1_49' title="bbox 516 4786 2139 4863; baseline 0.002 -22"><span class='ocrx_word' id='word_1_308' title='bbox 516 4786 751 4841; x_wconf 66' lang='lat' dir='ltr'>Eterne</span> <span class='ocrx_word' id='word_1_309' title='bbox 810 4786 978 4839; x_wconf 90' lang='lat' dir='ltr'>Deus.</span> <span class='ocrx_word' id='word_1_310' title='bbox 1013 4787 1081 4840; x_wconf 92' lang='lat' dir='ltr'>Et</span> <span class='ocrx_word' id='word_1_311' title='bbox 1130 4787 1189 4840; x_wconf 91' lang='lat' dir='ltr'>in</span> <span class='ocrx_word' id='word_1_312' title='bbox 1237 4787 1342 4841; x_wconf 91' lang='lat' dir='ltr'>hac</span> <span class='ocrx_word' id='word_1_313' title='bbox 1371 4790 1677 4859; x_wconf 87' lang='lat' dir='ltr'>gloriosius</span> <span class='ocrx_word' id='word_1_314' title='bbox 1738 4791 1830 4845; x_wconf 94' lang='lat' dir='ltr'>die</span> <span class='ocrx_word' id='word_1_315' title='bbox 1861 4809 2035 4863; x_wconf 86' lang='lat' dir='ltr'>quam</span> <span class='ocrx_word' id='word_1_316' title='bbox 2082 4795 2139 4847; x_wconf 87' lang='grc' dir='ltr'>Β.</span> 
     </span>
    </p>
   </div>
   <div class='ocr_carea' id='block_1_50' title="bbox 447 4874 2143 4944">
    <p class='ocr_par' dir='ltr' id='par_1_50' title="bbox 447 4874 2143 4944">
     <span class='ocr_line' id='line_1_50' title="bbox 447 4874 2143 4944; baseline 0.004 -15"><span class='ocrx_word' id='word_1_317' title='bbox 447 4874 752 4929; x_wconf 90' lang='lat' dir='ltr'>Clementis</span> <span class='ocrx_word' id='word_1_318' title='bbox 789 4874 977 4944; x_wconf 88' lang='lat' dir='ltr'>passio</span> <span class='ocrx_word' id='word_1_319' title='bbox 1034 4877 1405 4942; x_wconf 86' lang='lat' dir='ltr'>consecravit,</span> <span class='ocrx_word' id='word_1_320' title='bbox 1434 4884 1507 4944; x_wconf 59' lang='lat' dir='ltr'>,et</span> <span class='ocrx_word' id='word_1_321' title='bbox 1559 4879 1725 4932; x_wconf 88' lang='lat' dir='ltr'>nobis</span> <span class='ocrx_word' id='word_1_322' title='bbox 1758 4882 2143 4935; x_wconf 88' lang='lat' dir='ltr'>venerabilem</span> 
     </span>
    </p>
   </div>
   <div class='ocr_carea' id='block_1_51' title="bbox 446 4962 2145 5035">
    <p class='ocr_par' dir='ltr' id='par_1_51' title="bbox 446 4962 2145 5035">
     <span class='ocr_line' id='line_1_51' title="bbox 446 4962 2145 5035; baseline 0.003 -18"><span class='ocrx_word' id='word_1_323' title='bbox 446 4963 705 5017; x_wconf 88' lang='lat' dir='ltr'>exhibuit</span> <span class='ocrx_word' id='word_1_324' title='bbox 738 4979 751 5016; x_wconf 90' lang='lat'><strong>:</strong></span> <span class='ocrx_word' id='word_1_325' title='bbox 785 4962 880 5034; x_wconf 89' lang='lat' dir='ltr'>qui</span> <span class='ocrx_word' id='word_1_326' title='bbox 915 4964 1228 5034; x_wconf 88' lang='lat' dir='ltr'>apostolica</span> <span class='ocrx_word' id='word_1_327' title='bbox 1278 4966 1683 5033; x_wconf 68' lang='lat' dir='ltr'>praedicatione</span> <span class='ocrx_word' id='word_1_328' title='bbox 1733 4968 2005 5035; x_wconf 85' lang='lat' dir='ltr'>imbutus,</span> <span class='ocrx_word' id='word_1_329' title='bbox 2050 4968 2145 5022; x_wconf 85' lang='lat' dir='ltr'>do-</span> 
     </span>
    </p>
   </div>
   <div class='ocr_carea' id='block_1_52' title="bbox 445 5053 2141 5126">
    <p class='ocr_par' dir='ltr' id='par_1_52' title="bbox 445 5053 2141 5126">
     <span class='ocr_line' id='line_1_52' title="bbox 445 5053 2141 5126; baseline 0.002 -19"><span class='ocrx_word' id='word_1_330' title='bbox 445 5053 639 5107; x_wconf 87' lang='lat' dir='ltr'>ctrinis</span> <span class='ocrx_word' id='word_1_331' title='bbox 695 5053 1018 5107; x_wconf 73' lang='lat' dir='ltr'>cinlestibus</span> <span class='ocrx_word' id='word_1_332' title='bbox 1062 5053 1354 5123; x_wconf 87' lang='lat' dir='ltr'>educatus,</span> <span class='ocrx_word' id='word_1_333' title='bbox 1417 5056 1795 5110; x_wconf 91' lang='lat' dir='ltr'>successionis</span> <span class='ocrx_word' id='word_1_334' title='bbox 1862 5057 2141 5126; x_wconf 86' lang='lat' dir='ltr'>dignitate</span> 
     </span>
    </p>
   </div>
   <div class='ocr_carea' id='block_1_53' title="bbox 444 5141 2143 5214">
    <p class='ocr_par' dir='ltr' id='par_1_53' title="bbox 444 5141 2143 5214">
     <span class='ocr_line' id='line_1_53' title="bbox 444 5141 2143 5214; baseline 0.003 -18"><span class='ocrx_word' id='word_1_335' title='bbox 444 5141 810 5212; x_wconf 90' lang='lat' dir='ltr'>conspicuus,</span> <span class='ocrx_word' id='word_1_336' title='bbox 895 5146 953 5195; x_wconf 92' lang='lat' dir='ltr'>et</span> <span class='ocrx_word' id='word_1_337' title='bbox 994 5145 1212 5212; x_wconf 86' lang='lat' dir='ltr'>martyr</span> <span class='ocrx_word' id='word_1_338' title='bbox 1296 5142 1560 5214; x_wconf 88' lang='lat' dir='ltr'>insignis,</span> <span class='ocrx_word' id='word_1_339' title='bbox 1634 5151 1690 5199; x_wconf 91' lang='lat' dir='ltr'>et</span> <span class='ocrx_word' id='word_1_340' title='bbox 1747 5147 2005 5201; x_wconf 91' lang='lat' dir='ltr'>sacerdos</span> <span class='ocrx_word' id='word_1_341' title='bbox 2060 5162 2143 5201; x_wconf 87' lang='lat' dir='ltr'>re-</span> 
     </span>
    </p>
   </div>
   <div class='ocr_carea' id='block_1_54' title="bbox 440 5227 931 5299">
    <p class='ocr_par' dir='ltr' id='par_1_54' title="bbox 440 5227 931 5299">
     <span class='ocr_line' id='line_1_54' title="bbox 440 5227 931 5299; baseline -0.002 -15"><span class='ocrx_word' id='word_1_342' title='bbox 440 5230 601 5284; x_wconf 88' lang='lat' dir='ltr'>fulsit</span> <span class='ocrx_word' id='word_1_343' title='bbox 632 5245 660 5282; x_wconf 93' lang='lat' dir='ltr'>e</span> <span class='ocrx_word' id='word_1_344' title='bbox 677 5227 931 5299; x_wconf 86' lang='lat' dir='ltr'>gregius.</span> 
     </span>
    </p>
   </div>
   <div class='ocr_carea' id='block_1_55' title="bbox 516 5406 2137 5483">
    <p class='ocr_par' dir='ltr' id='par_1_55' title="bbox 516 5406 2137 5483">
     <span class='ocr_line' id='line_1_55' title="bbox 516 5406 2137 5483; baseline 0.007 -25"><span class='ocrx_word' id='word_1_345' title='bbox 516 5413 541 5439; x_wconf 74' lang='grc'>⁸</span> <span class='ocrx_word' id='word_1_346' title='bbox 570 5406 872 5483; x_wconf 82' lang='lat' dir='ltr'>Recentior</span> <span class='ocrx_word' id='word_1_347' title='bbox 914 5409 999 5483; x_wconf 81' lang='lat' dir='ltr'>est</span> <span class='ocrx_word' id='word_1_348' title='bbox 1042 5406 1226 5483; x_wconf 77' lang='lat' dir='ltr'>etiam</span> <span class='ocrx_word' id='word_1_349' title='bbox 1266 5408 1386 5462; x_wconf 70' lang='lat' dir='ltr'>haec</span> <span class='ocrx_word' id='word_1_350' title='bbox 1443 5413 1500 5462; x_wconf 90' lang='lat' dir='ltr'>et</span> <span class='ocrx_word' id='word_1_351' title='bbox 1554 5426 1798 5481; x_wconf 90' lang='lat' dir='ltr'>sequens</span> <span class='ocrx_word' id='word_1_352' title='bbox 1855 5414 2137 5483; x_wconf 67' lang='lat' dir='ltr'>praafatio,</span> 
     </span>
    </p>
   </div>
   <div class='ocr_carea' id='block_1_56' title="bbox 447 5477 1454 5547">
    <p class='ocr_par' dir='ltr' id='par_1_56' title="bbox 447 5477 1454 5547">
     <span class='ocr_line' id='line_1_56' title="bbox 447 5477 1454 5547; baseline 0 -16"><span class='ocrx_word' id='word_1_353' title='bbox 447 5480 502 5531; x_wconf 88' lang='lat' dir='ltr'>et</span> <span class='ocrx_word' id='word_1_354' title='bbox 540 5481 821 5547; x_wconf 85' lang='lat' dir='ltr'>quotquot</span> <span class='ocrx_word' id='word_1_355' title='bbox 848 5478 1007 5531; x_wconf 89' lang='lat' dir='ltr'>uncis</span> <span class='ocrx_word' id='word_1_356' title='bbox 1037 5477 1271 5532; x_wconf 81' lang='lat' dir='ltr'>inclusae</span> <span class='ocrx_word' id='word_1_357' title='bbox 1303 5484 1454 5533; x_wconf 88' lang='lat' dir='ltr'>sunt.</span> 
     </span>
    </p>
   </div>
   <div class='ocr_carea' id='block_1_57' title="bbox 1573 242 3916 310">
    <p class='ocr_par' dir='ltr' id='par_1_57' title="bbox 1573 242 3916 310">
     <span class='ocr_line' id='line_1_57' title="bbox 1573 242 3916 310; baseline 0.006 -13"><span class='ocrx_word' id='word_1_358' title='bbox 1573 242 1912 297; x_wconf 83' lang='lat' dir='ltr'>GRIMALDI</span> <span class='ocrx_word' id='word_1_359' title='bbox 1953 242 2474 302; x_wconf 76' lang='lat' dir='ltr'>SANGALLENSIS</span> <span class='ocrx_word' id='word_1_360' title='bbox 2508 247 2801 303; x_wconf 83' lang='lat' dir='ltr'>ABBATIS</span> <span class='ocrx_word' id='word_1_361' title='bbox 3827 257 3916 310; x_wconf 84' lang='lat' dir='ltr'>9l6</span> 
     </span>
    </p>
   </div>
   <div class='ocr_carea' id='block_1_58' title="bbox 438 370 2209 443">
    <p class='ocr_par' dir='ltr' id='par_1_58' title="bbox 438 370 2209 443">
     <span class='ocr_line' id='line_1_58' title="bbox 438 370 2209 443; baseline 0.002 -19"><span class='ocrx_word' id='word_1_362' title='bbox 438 370 598 425; x_wconf 89' lang='lat' dir='ltr'>Unde</span> <span class='ocrx_word' id='word_1_363' title='bbox 628 371 772 425; x_wconf 87' lang='lat' dir='ltr'>sicut</span> <span class='ocrx_word' id='word_1_364' title='bbox 802 371 886 425; x_wconf 90' lang='lat' dir='ltr'>illi</span> <span class='ocrx_word' id='word_1_365' title='bbox 931 371 1247 443; x_wconf 88' lang='lat' dir='ltr'>jejunando</span> <span class='ocrx_word' id='word_1_366' title='bbox 1297 372 1707 443; x_wconf 90' lang='lat' dir='ltr'>operandoque</span> <span class='ocrx_word' id='word_1_367' title='bbox 1742 378 2121 441; x_wconf 85' lang='lat' dir='ltr'>certaverunt,</span> <span class='ocrx_word' id='word_1_368' title='bbox 2162 377 2209 428; x_wconf 79' lang='grc' dir='ltr'><strong>Α</strong></span> 
     </span>
    </p>
   </div>
   <div class='ocr_carea' id='block_1_59' title="bbox 2448 392 3733 437">
    <p class='ocr_par' dir='ltr' id='par_1_59' title="bbox 2448 392 3733 437">
     <span class='ocr_line' id='line_1_59' title="bbox 2448 392 3733 437; baseline 0.004 -7"><span class='ocrx_word' id='word_1_369' title='bbox 2448 392 2510 431; x_wconf 84' lang='grc' dir='ltr'>ΙΝ</span> <span class='ocrx_word' id='word_1_370' title='bbox 2561 394 2754 434; x_wconf 76' lang='grc' dir='ltr'><strong>ΝΑΤΔΙ</strong></span> <span class='ocrx_word' id='word_1_371' title='bbox 2802 394 2853 433; x_wconf 87' lang='lat' dir='ltr'>S.</span> <span class='ocrx_word' id='word_1_372' title='bbox 2917 395 3326 436; x_wconf 75' lang='lat' dir='ltr'>CHRYSOGONI</span> <span class='ocrx_word' id='word_1_373' title='bbox 3374 396 3733 437; x_wconf 76' lang='lat' dir='ltr'>MARTYRIS.</span> 
     </span>
    </p>
   </div>
   <div class='ocr_carea' id='block_1_60' title="bbox 2313 464 3919 543">
    <p class='ocr_par' dir='ltr' id='par_1_60' title="bbox 2313 464 3919 543">
     <span class='ocr_line' id='line_1_60' title="bbox 2313 464 3919 543; baseline 0.004 -23"><span class='ocrx_word' id='word_1_374' title='bbox 2313 464 2423 535; x_wconf 78' lang='lat'>(6.)</span> <span class='ocrx_word' id='word_1_375' title='bbox 2475 469 2700 521; x_wconf 65' lang='lat' dir='ltr'>Eterne</span> <span class='ocrx_word' id='word_1_376' title='bbox 2755 470 2921 523; x_wconf 89' lang='lat' dir='ltr'>Deus.</span> <span class='ocrx_word' id='word_1_377' title='bbox 2982 469 3089 532; x_wconf 89' lang='lat' dir='ltr'>Qui</span> <span class='ocrx_word' id='word_1_378' title='bbox 3145 486 3261 522; x_wconf 93' lang='lat' dir='ltr'>non</span> <span class='ocrx_word' id='word_1_379' title='bbox 3314 470 3554 523; x_wconf 89' lang='lat' dir='ltr'>assiduis</span> <span class='ocrx_word' id='word_1_380' title='bbox 3612 477 3919 543; x_wconf 83' lang='lat' dir='ltr'>martyrum</span> 
     </span>
    </p>
   </div>
   <div class='ocr_carea' id='block_1_61' title="bbox 2243 554 3921 627">
    <p class='ocr_par' dir='ltr' id='par_1_61' title="bbox 2243 554 3921 627">
     <span class='ocr_line' id='line_1_61' title="bbox 2243 554 3921 627; baseline 0.006 -23"><span class='ocrx_word' id='word_1_381' title='bbox 2243 554 2599 622; x_wconf 89' lang='lat' dir='ltr'>passionibus</span> <span class='ocrx_word' id='word_1_382' title='bbox 2648 558 2981 625; x_wconf 87' lang='lat' dir='ltr'>consolaris,</span> <span class='ocrx_word' id='word_1_383' title='bbox 3018 563 3073 611; x_wconf 90' lang='lat' dir='ltr'>et</span> <span class='ocrx_word' id='word_1_384' title='bbox 3104 574 3304 611; x_wconf 91' lang='lat' dir='ltr'>eorum</span> <span class='ocrx_word' id='word_1_385' title='bbox 3336 558 3677 627; x_wconf 88' lang='lat' dir='ltr'>sanguinem</span> <span class='ocrx_word' id='word_1_386' title='bbox 3734 561 3921 615; x_wconf 86' lang='lat' dir='ltr'>trium-</span> 
     </span>
    </p>
   </div>
   <div class='ocr_carea' id='block_1_62' title="bbox 2241 642 3922 714">
    <p class='ocr_par' dir='ltr' id='par_1_62' title="bbox 2241 642 3922 714">
     <span class='ocr_line' id='line_1_62' title="bbox 2241 642 3922 714; baseline 0.005 -21"><span class='ocrx_word' id='word_1_387' title='bbox 2241 642 2490 710; x_wconf 90' lang='lat' dir='ltr'>phalem,</span> <span class='ocrx_word' id='word_1_388' title='bbox 2524 660 2695 713; x_wconf 90' lang='lat' dir='ltr'>quem</span> <span class='ocrx_word' id='word_1_389' title='bbox 2730 662 2833 714; x_wconf 92' lang='lat' dir='ltr'>pro</span> <span class='ocrx_word' id='word_1_390' title='bbox 2881 646 3234 699; x_wconf 89' lang='lat' dir='ltr'>confessione</span> <span class='ocrx_word' id='word_1_391' title='bbox 3279 646 3528 701; x_wconf 86' lang='lat' dir='ltr'>nominis</span> <span class='ocrx_word' id='word_1_392' title='bbox 3553 648 3636 700; x_wconf 87' lang='lat' dir='ltr'>tui</span> <span class='ocrx_word' id='word_1_393' title='bbox 3676 648 3922 703; x_wconf 71' lang='lat' dir='ltr'>infideli-</span> 
     </span>
    </p>
   </div>
   <div class='ocr_carea' id='block_1_63' title="bbox 2240 727 3922 803">
    <p class='ocr_par' dir='ltr' id='par_1_63' title="bbox 2240 727 3922 803">
     <span class='ocr_line' id='line_1_63' title="bbox 2240 727 3922 803; baseline 0.006 -23"><span class='ocrx_word' id='word_1_394' title='bbox 2240 727 2347 781; x_wconf 91' lang='lat' dir='ltr'>bus</span> <span class='ocrx_word' id='word_1_395' title='bbox 2381 731 2676 799; x_wconf 68' lang='lat' dir='ltr'>prmbuere</span> <span class='ocrx_word' id='word_1_396' title='bbox 2704 733 3092 803; x_wconf 68' lang='lat' dir='ltr'>fundi-mlum,</span> <span class='ocrx_word' id='word_1_397' title='bbox 3126 734 3197 787; x_wconf 88' lang='lat' dir='ltr'>ad</span> <span class='ocrx_word' id='word_1_398' title='bbox 3224 740 3456 788; x_wconf 90' lang='lat' dir='ltr'>tuorum</span> <span class='ocrx_word' id='word_1_399' title='bbox 3487 735 3623 788; x_wconf 90' lang='lat' dir='ltr'>facis</span> <span class='ocrx_word' id='word_1_400' title='bbox 3655 737 3922 790; x_wconf 80' lang='lat' dir='ltr'>auxilium</span> 
     </span>
    </p>
   </div>
   <div class='ocr_carea' id='block_1_64' title="bbox 2245 817 2794 873">
    <p class='ocr_par' dir='ltr' id='par_1_64' title="bbox 2245 817 2794 873">
     <span class='ocr_line' id='line_1_64' title="bbox 2245 817 2794 873; baseline 0.009 -6"><span class='ocrx_word' id='word_1_401' title='bbox 2245 817 2481 871; x_wconf 90' lang='lat' dir='ltr'>transire</span> <span class='ocrx_word' id='word_1_402' title='bbox 2514 819 2794 873; x_wconf 82' lang='lat' dir='ltr'>fidelium.</span> 
     </span>
    </p>
   </div>
   <div class='ocr_carea' id='block_1_65' title="bbox 2530 922 3644 965">
    <p class='ocr_par' dir='ltr' id='par_1_65' title="bbox 2530 922 3644 965">
     <span class='ocr_line' id='line_1_65' title="bbox 2530 922 3644 965; baseline 0.004 -5"><span class='ocrx_word' id='word_1_403' title='bbox 2530 922 2593 960; x_wconf 83' lang='lat' dir='ltr'>IN</span> <span class='ocrx_word' id='word_1_404' title='bbox 2644 923 2881 962; x_wconf 75' lang='lat' dir='ltr'><strong>NATALI</strong></span> <span class='ocrx_word' id='word_1_405' title='bbox 2927 923 3182 964; x_wconf 67' lang='lat' dir='ltr'>SANCTE</span> <span class='ocrx_word' id='word_1_406' title='bbox 3230 925 3644 965; x_wconf 69' lang='lat' dir='ltr'>CATHARINB.</span> 
     </span>
    </p>
   </div>
   <div class='ocr_carea' id='block_1_66' title="bbox 2315 992 3924 1063">
    <p class='ocr_par' dir='ltr' id='par_1_66' title="bbox 2315 992 3924 1063">
     <span class='ocr_line' id='line_1_66' title="bbox 2315 992 3924 1063; baseline 0.003 -16"><span class='ocrx_word' id='word_1_407' title='bbox 2315 992 2461 1063; x_wconf 81' lang='grc' dir='ltr'>(Με.)</span> <span class='ocrx_word' id='word_1_408' title='bbox 2518 998 2543 1037; x_wconf 73' lang='grc' dir='ltr'>ι»</span> <span class='ocrx_word' id='word_1_409' title='bbox 2596 996 2701 1048; x_wconf 90' lang='lat' dir='ltr'>Per</span> <span class='ocrx_word' id='word_1_410' title='bbox 2753 997 3042 1051; x_wconf 90' lang='lat' dir='ltr'>Christum</span> <span class='ocrx_word' id='word_1_411' title='bbox 3107 999 3413 1052; x_wconf 90' lang='lat' dir='ltr'>Dominum</span> <span class='ocrx_word' id='word_1_412' title='bbox 3467 1004 3749 1051; x_wconf 91' lang='lat' dir='ltr'>nostrum.</span> <span class='ocrx_word' id='word_1_413' title='bbox 3832 1001 3924 1053; x_wconf 86' lang='lat' dir='ltr'>Per</span> 
     </span>
    </p>
   </div>
   <div class='ocr_carea' id='block_1_67' title="bbox 2243 1083 3925 1157">
    <p class='ocr_par' dir='ltr' id='par_1_67' title="bbox 2243 1083 3925 1157">
     <span class='ocr_line' id='line_1_67' title="bbox 2243 1083 3925 1157; baseline 0.004 -24"><span class='ocrx_word' id='word_1_414' title='bbox 2243 1097 2415 1150; x_wconf 89' lang='lat' dir='ltr'>quem</span> <span class='ocrx_word' id='word_1_415' title='bbox 2470 1083 2877 1154; x_wconf 85' lang='lat' dir='ltr'>triumphatrix</span> <span class='ocrx_word' id='word_1_416' title='bbox 2931 1085 3285 1139; x_wconf 89' lang='lat' dir='ltr'>nobilissima</span> <span class='ocrx_word' id='word_1_417' title='bbox 3343 1092 3399 1138; x_wconf 92' lang='lat' dir='ltr'>et</span> <span class='ocrx_word' id='word_1_418' title='bbox 3453 1086 3686 1157; x_wconf 87' lang='lat' dir='ltr'>egregia</span> <span class='ocrx_word' id='word_1_419' title='bbox 3716 1091 3925 1156; x_wconf 80' lang='lat' dir='ltr'>martyr</span> 
     </span>
    </p>
   </div>
   <div class='ocr_carea' id='block_1_68' title="bbox 2241 1169 3923 1245">
    <p class='ocr_par' dir='ltr' id='par_1_68' title="bbox 2241 1169 3923 1245">
     <span class='ocr_line' id='line_1_68' title="bbox 2241 1169 3923 1245; baseline 0.005 -25"><span class='ocrx_word' id='word_1_420' title='bbox 2241 1169 2403 1234; x_wconf 81' lang='lat' dir='ltr'>virgo</span> <span class='ocrx_word' id='word_1_421' title='bbox 2432 1171 2758 1237; x_wconf 88' lang='lat' dir='ltr'>Catharina,</span> <span class='ocrx_word' id='word_1_422' title='bbox 2788 1173 3202 1243; x_wconf 88' lang='lat' dir='ltr'>prophetarum</span> <span class='ocrx_word' id='word_1_423' title='bbox 3238 1180 3293 1228; x_wconf 89' lang='lat' dir='ltr'>et</span> <span class='ocrx_word' id='word_1_424' title='bbox 3326 1179 3718 1243; x_wconf 87' lang='lat' dir='ltr'>apostolorum</span> <span class='ocrx_word' id='word_1_425' title='bbox 3761 1181 3923 1245; x_wconf 85' lang='lat' dir='ltr'>atque</span> 
     </span>
    </p>
   </div>
   <div class='ocr_carea' id='block_1_69' title="bbox 2242 1258 3923 1331">
    <p class='ocr_par' dir='ltr' id='par_1_69' title="bbox 2242 1258 3923 1331">
     <span class='ocr_line' id='line_1_69' title="bbox 2242 1258 3923 1331; baseline 0.002 -21"><span class='ocrx_word' id='word_1_426' title='bbox 2242 1258 2722 1328; x_wconf 89' lang='lat' dir='ltr'>philosophorum</span> <span class='ocrx_word' id='word_1_427' title='bbox 2783 1262 3056 1315; x_wconf 88' lang='lat' dir='ltr'>doctrinis</span> <span class='ocrx_word' id='word_1_428' title='bbox 3115 1262 3358 1329; x_wconf 86' lang='lat' dir='ltr'>imbuta,</span> <span class='ocrx_word' id='word_1_429' title='bbox 3417 1262 3684 1316; x_wconf 86' lang='lat' dir='ltr'>omnibus</span> <span class='ocrx_word' id='word_1_430' title='bbox 3716 1262 3923 1331; x_wconf 87' lang='lat' dir='ltr'>linguis</span> 
     </span>
    </p>
   </div>
   <div class='ocr_carea' id='block_1_70' title="bbox 2242 1346 3923 1421">
    <p class='ocr_par' dir='ltr' id='par_1_70' title="bbox 2242 1346 3923 1421">
     <span class='ocr_line' id='line_1_70' title="bbox 2242 1346 3923 1421; baseline 0.002 -23"><span class='ocrx_word' id='word_1_431' title='bbox 2242 1346 2582 1401; x_wconf 88' lang='lat' dir='ltr'>charismate</span> <span class='ocrx_word' id='word_1_432' title='bbox 2669 1350 2848 1403; x_wconf 91' lang='lat' dir='ltr'>sancti</span> <span class='ocrx_word' id='word_1_433' title='bbox 2906 1350 3147 1421; x_wconf 86' lang='lat' dir='ltr'>Spiritus</span> <span class='ocrx_word' id='word_1_434' title='bbox 3201 1351 3443 1417; x_wconf 90' lang='lat' dir='ltr'>erudita,</span> <span class='ocrx_word' id='word_1_435' title='bbox 3523 1352 3923 1420; x_wconf 86' lang='lat' dir='ltr'>imperatorem</span> 
     </span>
    </p>
   </div>
   <div class='ocr_carea' id='block_1_71' title="bbox 2243 1436 3923 1503">
    <p class='ocr_par' dir='ltr' id='par_1_71' title="bbox 2243 1436 3923 1503">
     <span class='ocr_line' id='line_1_71' title="bbox 2243 1436 3923 1503; baseline 0.001 -16"><span class='ocrx_word' id='word_1_436' title='bbox 2243 1450 2371 1488; x_wconf 89' lang='lat' dir='ltr'>cum</span> <span class='ocrx_word' id='word_1_437' title='bbox 2420 1436 2767 1503; x_wconf 87' lang='lat' dir='ltr'>rhetoribus,</span> <span class='ocrx_word' id='word_1_438' title='bbox 2822 1438 3103 1491; x_wconf 89' lang='lat' dir='ltr'>mundum</span> <span class='ocrx_word' id='word_1_439' title='bbox 3133 1454 3261 1491; x_wconf 92' lang='lat' dir='ltr'>cum</span> <span class='ocrx_word' id='word_1_440' title='bbox 3287 1438 3439 1492; x_wconf 89' lang='lat' dir='ltr'>vitiis</span> <span class='ocrx_word' id='word_1_441' title='bbox 3469 1439 3739 1491; x_wconf 88' lang='lat' dir='ltr'>omnibus</span> <span class='ocrx_word' id='word_1_442' title='bbox 3768 1438 3923 1490; x_wconf 82' lang='lat' dir='ltr'>mira-</span> 
     </span>
    </p>
   </div>
   <div class='ocr_carea' id='block_1_72' title="bbox 2241 1522 3922 1595">
    <p class='ocr_par' dir='ltr' id='par_1_72' title="bbox 2241 1522 3922 1595">
     <span class='ocr_line' id='line_1_72' title="bbox 2241 1522 3922 1595; baseline 0.001 -20"><span class='ocrx_word' id='word_1_443' title='bbox 2241 1522 2344 1576; x_wconf 91' lang='lat' dir='ltr'>bili</span> <span class='ocrx_word' id='word_1_444' title='bbox 2397 1524 2674 1593; x_wconf 83' lang='lat' dir='ltr'>sapientia</span> <span class='ocrx_word' id='word_1_445' title='bbox 2734 1526 3057 1595; x_wconf 89' lang='lat' dir='ltr'>superavit;</span> <span class='ocrx_word' id='word_1_446' title='bbox 3132 1526 3557 1595; x_wconf 89' lang='lat' dir='ltr'>imperatricem</span> <span class='ocrx_word' id='word_1_447' title='bbox 3621 1530 3922 1595; x_wconf 82' lang='lat' dir='ltr'>Augustam</span> 
     </span>
    </p>
   </div>
   <div class='ocr_carea' id='block_1_73' title="bbox 2242 1612 3923 1684">
    <p class='ocr_par' dir='ltr' id='par_1_73' title="bbox 2242 1612 3923 1684">
     <span class='ocr_line' id='line_1_73' title="bbox 2242 1612 3923 1684; baseline 0.001 -20"><span class='ocrx_word' id='word_1_448' title='bbox 2242 1627 2374 1665; x_wconf 89' lang='lat' dir='ltr'>cum</span> <span class='ocrx_word' id='word_1_449' title='bbox 2439 1612 2690 1682; x_wconf 67' lang='lat' dir='ltr'>praefatis</span> <span class='ocrx_word' id='word_1_450' title='bbox 2745 1614 3089 1680; x_wconf 87' lang='lat' dir='ltr'>rhetoribus,</span> <span class='ocrx_word' id='word_1_451' title='bbox 3150 1614 3534 1684; x_wconf 80' lang='lat' dir='ltr'>Porphyrium</span> <span class='ocrx_word' id='word_1_452' title='bbox 3578 1630 3711 1667; x_wconf 89' lang='lat' dir='ltr'>cum</span> <span class='ocrx_word' id='word_1_453' title='bbox 3770 1614 3923 1666; x_wconf 86' lang='lat' dir='ltr'>sociis</span> 
     </span>
    </p>
   </div>
   <div class='ocr_carea' id='block_1_74' title="bbox 2243 1700 3924 1772">
    <p class='ocr_par' dir='ltr' id='par_1_74' title="bbox 2243 1700 3924 1772">
     <span class='ocr_line' id='line_1_74' title="bbox 2243 1700 3924 1772; baseline 0 -19"><span class='ocrx_word' id='word_1_454' title='bbox 2243 1700 2530 1767; x_wconf 89' lang='lat' dir='ltr'>omnibus,</span> <span class='ocrx_word' id='word_1_455' title='bbox 2582 1701 2700 1755; x_wconf 88' lang='lat' dir='ltr'>suis</span> <span class='ocrx_word' id='word_1_456' title='bbox 2757 1703 3034 1772; x_wconf 84' lang='lat' dir='ltr'>exemplis</span> <span class='ocrx_word' id='word_1_457' title='bbox 3064 1708 3121 1755; x_wconf 89' lang='lat' dir='ltr'>et</span> <span class='ocrx_word' id='word_1_458' title='bbox 3150 1703 3419 1756; x_wconf 91' lang='lat' dir='ltr'>doctrinis</span> <span class='ocrx_word' id='word_1_459' title='bbox 3454 1701 3774 1771; x_wconf 80' lang='lat' dir='ltr'>magnificis</span> <span class='ocrx_word' id='word_1_460' title='bbox 3805 1717 3924 1754; x_wconf 90' lang='lat' dir='ltr'>con-</span> 
     </span>
    </p>
   </div>
   <div class='ocr_carea' id='block_1_75' title="bbox 2242 1789 3921 1861">
    <p class='ocr_par' dir='ltr' id='par_1_75' title="bbox 2242 1789 3921 1861">
     <span class='ocr_line' id='line_1_75' title="bbox 2242 1789 3921 1861; baseline -0.001 -19"><span class='ocrx_word' id='word_1_461' title='bbox 2242 1789 2412 1842; x_wconf 85' lang='lat' dir='ltr'>vertit</span> <span class='ocrx_word' id='word_1_462' title='bbox 2465 1790 2533 1842; x_wconf 87' lang='lat' dir='ltr'>ad</span> <span class='ocrx_word' id='word_1_463' title='bbox 2594 1790 2899 1859; x_wconf 91' lang='lat' dir='ltr'>Christum,</span> <span class='ocrx_word' id='word_1_464' title='bbox 2961 1806 3305 1861; x_wconf 89' lang='lat' dir='ltr'>omnesque,</span> <span class='ocrx_word' id='word_1_465' title='bbox 3369 1798 3596 1860; x_wconf 91' lang='lat' dir='ltr'>accepta</span> <span class='ocrx_word' id='word_1_466' title='bbox 3640 1790 3753 1844; x_wconf 85' lang='lat' dir='ltr'>ﬁde</span> <span class='ocrx_word' id='word_1_467' title='bbox 3803 1806 3921 1842; x_wconf 91' lang='lat' dir='ltr'>cum</span> 
     </span>
    </p>
   </div>
   <div class='ocr_carea' id='block_1_76' title="bbox 2243 1876 3921 1948">
    <p class='ocr_par' dir='ltr' id='par_1_76' title="bbox 2243 1876 3921 1948">
     <span class='ocr_line' id='line_1_76' title="bbox 2243 1876 3921 1948; baseline 0.001 -20"><span class='ocrx_word' id='word_1_468' title='bbox 2243 1876 2430 1947; x_wconf 89' lang='lat' dir='ltr'>signo,</span> <span class='ocrx_word' id='word_1_469' title='bbox 2462 1877 2670 1931; x_wconf 86' lang='lat' dir='ltr'>Christi</span> <span class='ocrx_word' id='word_1_470' title='bbox 2705 1878 2977 1948; x_wconf 89' lang='lat' dir='ltr'>martyrio</span> <span class='ocrx_word' id='word_1_471' title='bbox 3000 1885 3302 1932; x_wconf 89' lang='lat' dir='ltr'>coronatos</span> <span class='ocrx_word' id='word_1_472' title='bbox 3332 1880 3611 1948; x_wconf 73' lang='lat' dir='ltr'>praemisit</span> <span class='ocrx_word' id='word_1_473' title='bbox 3661 1879 3727 1931; x_wconf 90' lang='lat' dir='ltr'>ad</span> <span class='ocrx_word' id='word_1_474' title='bbox 3754 1893 3921 1946; x_wconf 88' lang='lat' dir='ltr'>regna</span> 
     </span>
    </p>
   </div>
   <div class='ocr_carea' id='block_1_77' title="bbox 2242 1965 3920 2036">
    <p class='ocr_par' dir='ltr' id='par_1_77' title="bbox 2242 1965 3920 2036">
     <span class='ocr_line' id='line_1_77' title="bbox 2242 1965 3920 2036; baseline -0.001 -19"><span class='ocrx_word' id='word_1_475' title='bbox 2242 1965 2526 2033; x_wconf 88' lang='lat' dir='ltr'>polorum.</span> <span class='ocrx_word' id='word_1_476' title='bbox 2564 1965 2697 2019; x_wconf 73' lang='lat' dir='ltr'>llaec</span> <span class='ocrx_word' id='word_1_477' title='bbox 2730 1966 2839 2019; x_wconf 88' lang='lat' dir='ltr'>fuit</span> <span class='ocrx_word' id='word_1_478' title='bbox 2873 1967 2968 2019; x_wconf 90' lang='lat' dir='ltr'>illa</span> <span class='ocrx_word' id='word_1_479' title='bbox 2988 1967 3269 2036; x_wconf 89' lang='lat' dir='ltr'>sapientia</span> <span class='ocrx_word' id='word_1_480' title='bbox 3298 1967 3601 2031; x_wconf 86' lang='lat' dir='ltr'>illustrata,</span> <span class='ocrx_word' id='word_1_481' title='bbox 3635 1982 3765 2035; x_wconf 66' lang='lat' dir='ltr'>quae</span> <span class='ocrx_word' id='word_1_482' title='bbox 3797 1966 3920 2017; x_wconf 89' lang='lat' dir='ltr'>vicit</span> 
     </span>
    </p>
   </div>
   <div class='ocr_carea' id='block_1_78' title="bbox 2244 2054 3921 2125">
    <p class='ocr_par' dir='ltr' id='par_1_78' title="bbox 2244 2054 3921 2125">
     <span class='ocr_line' id='line_1_78' title="bbox 2244 2054 3921 2125; baseline -0.001 -19"><span class='ocrx_word' id='word_1_483' title='bbox 2244 2054 2551 2119; x_wconf 89' lang='lat' dir='ltr'>malitiam;</span> <span class='ocrx_word' id='word_1_484' title='bbox 2587 2056 2816 2123; x_wconf 87' lang='lat' dir='ltr'>attingit</span> <span class='ocrx_word' id='word_1_485' title='bbox 2848 2072 2881 2107; x_wconf 93' lang='lat' dir='ltr'>a</span> <span class='ocrx_word' id='word_1_486' title='bbox 2914 2056 3027 2108; x_wconf 77' lang='lat' dir='ltr'>line</span> <span class='ocrx_word' id='word_1_487' title='bbox 3064 2072 3240 2125; x_wconf 89' lang='lat' dir='ltr'>usque</span> <span class='ocrx_word' id='word_1_488' title='bbox 3274 2056 3344 2109; x_wconf 90' lang='lat' dir='ltr'>ad</span> <span class='ocrx_word' id='word_1_489' title='bbox 3376 2056 3553 2110; x_wconf 87' lang='lat' dir='ltr'>ﬁnem</span> <span class='ocrx_word' id='word_1_490' title='bbox 3602 2055 3840 2118; x_wconf 88' lang='lat' dir='ltr'>fortiter,</span> <span class='ocrx_word' id='word_1_491' title='bbox 3872 2058 3921 2104; x_wconf 90' lang='lat' dir='ltr'>et</span> 
     </span>
    </p>
   </div>
   <div class='ocr_carea' id='block_1_79' title="bbox 2243 2142 3917 2213">
    <p class='ocr_par' dir='ltr' id='par_1_79' title="bbox 2243 2142 3917 2213">
     <span class='ocr_line' id='line_1_79' title="bbox 2243 2142 3917 2213; baseline -0.002 -18"><span class='ocrx_word' id='word_1_492' title='bbox 2243 2142 2497 2210; x_wconf 90' lang='lat' dir='ltr'>disponit</span> <span class='ocrx_word' id='word_1_493' title='bbox 2526 2142 2719 2195; x_wconf 89' lang='lat' dir='ltr'>omnia</span> <span class='ocrx_word' id='word_1_494' title='bbox 2761 2143 3030 2196; x_wconf 89' lang='lat' dir='ltr'>suaviter.</span> <span class='ocrx_word' id='word_1_495' title='bbox 3082 2144 3208 2196; x_wconf 70' lang='lat' dir='ltr'>Haac</span> <span class='ocrx_word' id='word_1_496' title='bbox 3264 2150 3347 2195; x_wconf 90' lang='lat' dir='ltr'>est</span> <span class='ocrx_word' id='word_1_497' title='bbox 3377 2144 3475 2196; x_wconf 91' lang='lat' dir='ltr'>illa</span> <span class='ocrx_word' id='word_1_498' title='bbox 3504 2142 3917 2213; x_wconf 89' lang='lat' dir='ltr'>gloriosissima,</span> 
     </span>
    </p>
   </div>
   <div class='ocr_carea' id='block_1_80' title="bbox 2245 2231 3917 2300">
    <p class='ocr_par' dir='ltr' id='par_1_80' title="bbox 2245 2231 3917 2300">
     <span class='ocr_line' id='line_1_80' title="bbox 2245 2231 3917 2300; baseline -0.002 -17"><span class='ocrx_word' id='word_1_499' title='bbox 2245 2246 2373 2299; x_wconf 66' lang='lat' dir='ltr'>quas</span> <span class='ocrx_word' id='word_1_500' title='bbox 2404 2247 2533 2283; x_wconf 89' lang='lat' dir='ltr'>cum</span> <span class='ocrx_word' id='word_1_501' title='bbox 2566 2231 2815 2283; x_wconf 85' lang='lat' dir='ltr'>centenis</span> <span class='ocrx_word' id='word_1_502' title='bbox 2844 2231 3125 2284; x_wconf 89' lang='lat' dir='ltr'>fructibus</span> <span class='ocrx_word' id='word_1_503' title='bbox 3147 2231 3394 2300; x_wconf 88' lang='lat' dir='ltr'>seipsam</span> <span class='ocrx_word' id='word_1_504' title='bbox 3414 2231 3670 2295; x_wconf 88' lang='lat' dir='ltr'>libando,</span> <span class='ocrx_word' id='word_1_505' title='bbox 3694 2246 3917 2299; x_wconf 87' lang='lat' dir='ltr'>magno-</span> 
     </span>
    </p>
   </div>
   <div class='ocr_carea' id='block_1_81' title="bbox 2245 2316 3917 2386">
    <p class='ocr_par' dir='ltr' id='par_1_81' title="bbox 2245 2316 3917 2386">
     <span class='ocr_line' id='line_1_81' title="bbox 2245 2316 3917 2386; baseline -0.002 -17"><span class='ocrx_word' id='word_1_506' title='bbox 2245 2332 2358 2384; x_wconf 85' lang='lat' dir='ltr'>que</span> <span class='ocrx_word' id='word_1_507' title='bbox 2398 2322 2715 2385; x_wconf 84' lang='lat' dir='ltr'>purpurata</span> <span class='ocrx_word' id='word_1_508' title='bbox 2745 2317 3017 2386; x_wconf 79' lang='lat' dir='ltr'>martyrio</span> <span class='ocrx_word' id='word_1_509' title='bbox 3049 2318 3482 2386; x_wconf 60' lang='lat' dir='ltr'>repraesentavit</span> <span class='ocrx_word' id='word_1_510' title='bbox 3518 2318 3648 2370; x_wconf 85' lang='lat' dir='ltr'>Jesu</span> <span class='ocrx_word' id='word_1_511' title='bbox 3691 2316 3917 2370; x_wconf 86' lang='lat' dir='ltr'>Christo.</span> 
     </span>
    </p>
   </div>
   <div class='ocr_carea' id='block_1_82' title="bbox 2246 2405 3922 2474">
    <p class='ocr_par' dir='ltr' id='par_1_82' title="bbox 2246 2405 3922 2474">
     <span class='ocr_line' id='line_1_82' title="bbox 2246 2405 3922 2474; baseline -0.001 -17"><span class='ocrx_word' id='word_1_512' title='bbox 2246 2405 2493 2474; x_wconf 87' lang='lat' dir='ltr'>Ideoque</span> <span class='ocrx_word' id='word_1_513' title='bbox 2522 2405 2735 2458; x_wconf 90' lang='lat' dir='ltr'>famine</span> <span class='ocrx_word' id='word_1_514' title='bbox 2768 2405 2975 2459; x_wconf 90' lang='lat' dir='ltr'>Christi</span> <span class='ocrx_word' id='word_1_515' title='bbox 3006 2411 3060 2459; x_wconf 85' lang='lat' dir='ltr'>et</span> <span class='ocrx_word' id='word_1_516' title='bbox 3090 2407 3427 2473; x_wconf 86' lang='lat' dir='ltr'>angelorum</span> <span class='ocrx_word' id='word_1_517' title='bbox 3460 2406 3779 2458; x_wconf 78' lang='lat' dir='ltr'>visitatione</span> <span class='ocrx_word' id='word_1_518' title='bbox 3806 2418 3922 2456; x_wconf 84' lang='lat' dir='ltr'>con-</span> 
     </span>
    </p>
   </div>
   <div class='ocr_carea' id='block_1_83' title="bbox 2246 2493 3921 2564">
    <p class='ocr_par' dir='ltr' id='par_1_83' title="bbox 2246 2493 3921 2564">
     <span class='ocr_line' id='line_1_83' title="bbox 2246 2493 3921 2564; baseline -0.001 -18"><span class='ocrx_word' id='word_1_519' title='bbox 2246 2493 2492 2557; x_wconf 76' lang='lat' dir='ltr'>firmata,</span> <span class='ocrx_word' id='word_1_520' title='bbox 2542 2494 2747 2560; x_wconf 89' lang='lat' dir='ltr'>clavos,</span> <span class='ocrx_word' id='word_1_521' title='bbox 2795 2500 2852 2546; x_wconf 90' lang='lat' dir='ltr'>et</span> <span class='ocrx_word' id='word_1_522' title='bbox 2900 2499 3051 2547; x_wconf 89' lang='lat' dir='ltr'>rotas</span> <span class='ocrx_word' id='word_1_523' title='bbox 3112 2494 3491 2559; x_wconf 87' lang='lat' dir='ltr'>acutissimas,</span> <span class='ocrx_word' id='word_1_524' title='bbox 3554 2493 3781 2564; x_wconf 86' lang='lat' dir='ltr'>tyranni</span> <span class='ocrx_word' id='word_1_525' title='bbox 3813 2493 3921 2562; x_wconf 83' lang='lat' dir='ltr'>gla-</span> 
     </span>
    </p>
   </div>
   <div class='ocr_carea' id='block_1_84' title="bbox 2248 2579 3916 2651">
    <p class='ocr_par' dir='ltr' id='par_1_84' title="bbox 2248 2579 3916 2651">
     <span class='ocr_line' id='line_1_84' title="bbox 2248 2579 3916 2651; baseline -0.001 -18"><span class='ocrx_word' id='word_1_526' title='bbox 2248 2580 2409 2635; x_wconf 90' lang='lat' dir='ltr'>dium</span> <span class='ocrx_word' id='word_1_527' title='bbox 2482 2586 2655 2651; x_wconf 90' lang='lat' dir='ltr'>atque</span> <span class='ocrx_word' id='word_1_528' title='bbox 2710 2581 2896 2634; x_wconf 89' lang='lat' dir='ltr'>minas</span> <span class='ocrx_word' id='word_1_529' title='bbox 2956 2581 3205 2635; x_wconf 89' lang='lat' dir='ltr'>mirabili</span> <span class='ocrx_word' id='word_1_530' title='bbox 3249 2582 3576 2635; x_wconf 87' lang='lat' dir='ltr'>constantia</span> <span class='ocrx_word' id='word_1_531' title='bbox 3629 2579 3916 2650; x_wconf 87' lang='lat' dir='ltr'>superavit.</span> 
     </span>
    </p>
   </div>
   <div class='ocr_carea' id='block_1_85' title="bbox 2253 2668 3919 2740">
    <p class='ocr_par' dir='ltr' id='par_1_85' title="bbox 2253 2668 3919 2740">
     <span class='ocr_line' id='line_1_85' title="bbox 2253 2668 3919 2740; baseline -0.002 -18"><span class='ocrx_word' id='word_1_532' title='bbox 2253 2671 2380 2723; x_wconf 70' lang='lat' dir='ltr'>Haec</span> <span class='ocrx_word' id='word_1_533' title='bbox 2411 2670 2585 2723; x_wconf 88' lang='lat' dir='ltr'>etiam</span> <span class='ocrx_word' id='word_1_534' title='bbox 2642 2670 2919 2723; x_wconf 86' lang='lat' dir='ltr'>decollata</span> <span class='ocrx_word' id='word_1_535' title='bbox 2960 2686 3063 2740; x_wconf 92' lang='lat' dir='ltr'>pro</span> <span class='ocrx_word' id='word_1_536' title='bbox 3126 2670 3335 2724; x_wconf 88' lang='lat' dir='ltr'>Christi</span> <span class='ocrx_word' id='word_1_537' title='bbox 3382 2671 3615 2725; x_wconf 91' lang='lat' dir='ltr'>nomine</span> <span class='ocrx_word' id='word_1_538' title='bbox 3658 2671 3743 2723; x_wconf 89' lang='lat' dir='ltr'>lac</span> <span class='ocrx_word' id='word_1_539' title='bbox 3789 2668 3919 2722; x_wconf 87' lang='lat' dir='ltr'>fudit</span> 
     </span>
    </p>
   </div>
   <div class='ocr_carea' id='block_1_86' title="bbox 2247 2757 3913 2828">
    <p class='ocr_par' dir='ltr' id='par_1_86' title="bbox 2247 2757 3913 2828">
     <span class='ocr_line' id='line_1_86' title="bbox 2247 2757 3913 2828; baseline -0.001 -21"><span class='ocrx_word' id='word_1_540' title='bbox 2247 2774 2351 2828; x_wconf 81' lang='lat' dir='ltr'>pro</span> <span class='ocrx_word' id='word_1_541' title='bbox 2389 2758 2688 2827; x_wconf 88' lang='lat' dir='ltr'>sanguine,</span> <span class='ocrx_word' id='word_1_542' title='bbox 2730 2762 2795 2810; x_wconf 91' lang='lat' dir='ltr'>ut</span> <span class='ocrx_word' id='word_1_543' title='bbox 2847 2774 2949 2811; x_wconf 89' lang='lat' dir='ltr'>sua</span> <span class='ocrx_word' id='word_1_544' title='bbox 2997 2757 3255 2810; x_wconf 89' lang='lat' dir='ltr'>doctrina</span> <span class='ocrx_word' id='word_1_545' title='bbox 3288 2763 3343 2810; x_wconf 91' lang='lat' dir='ltr'>et</span> <span class='ocrx_word' id='word_1_546' title='bbox 3372 2758 3561 2827; x_wconf 87' lang='lat' dir='ltr'>passio</span> <span class='ocrx_word' id='word_1_547' title='bbox 3608 2757 3773 2810; x_wconf 88' lang='lat' dir='ltr'>nobis</span> <span class='ocrx_word' id='word_1_548' title='bbox 3803 2769 3913 2807; x_wconf 86' lang='lat' dir='ltr'>eam</span> 
     </span>
    </p>
   </div>
   <div class='ocr_carea' id='block_1_87' title="bbox 2248 2844 3917 2915">
    <p class='ocr_par' dir='ltr' id='par_1_87' title="bbox 2248 2844 3917 2915">
     <span class='ocr_line' id='line_1_87' title="bbox 2248 2844 3917 2915; baseline -0.001 -18"><span class='ocrx_word' id='word_1_549' title='bbox 2248 2862 2391 2914; x_wconf 89' lang='lat' dir='ltr'>pura</span> <span class='ocrx_word' id='word_1_550' title='bbox 2422 2850 2612 2897; x_wconf 84' lang='lat' dir='ltr'>mente</span> <span class='ocrx_word' id='word_1_551' title='bbox 2645 2845 3068 2913; x_wconf 86' lang='lat' dir='ltr'>venerantibus,</span> <span class='ocrx_word' id='word_1_552' title='bbox 3098 2850 3242 2898; x_wconf 89' lang='lat' dir='ltr'>esset</span> <span class='ocrx_word' id='word_1_553' title='bbox 3292 2852 3459 2915; x_wconf 89' lang='lat' dir='ltr'>potus</span> <span class='ocrx_word' id='word_1_554' title='bbox 3509 2844 3837 2915; x_wconf 86' lang='lat' dir='ltr'>spiritualis,</span> <span class='ocrx_word' id='word_1_555' title='bbox 3863 2859 3917 2895; x_wconf 86' lang='lat' dir='ltr'>ac</span> 
     </span>
    </p>
   </div>
   <div class='ocr_carea' id='block_1_88' title="bbox 2248 2934 3314 3005">
    <p class='ocr_par' dir='ltr' id='par_1_88' title="bbox 2248 2934 3314 3005">
     <span class='ocr_line' id='line_1_88' title="bbox 2248 2934 3314 3005; baseline -0.002 -17"><span class='ocrx_word' id='word_1_556' title='bbox 2248 2934 2425 2995; x_wconf 82' lang='lat' dir='ltr'>cibus,</span> <span class='ocrx_word' id='word_1_557' title='bbox 2454 2942 2623 3005; x_wconf 91' lang='lat' dir='ltr'>atque</span> <span class='ocrx_word' id='word_1_558' title='bbox 2642 2940 3003 3005; x_wconf 91' lang='lat' dir='ltr'>peecatorum</span> <span class='ocrx_word' id='word_1_559' title='bbox 3034 2935 3314 2987; x_wconf 90' lang='lat' dir='ltr'>remissio.</span> 
     </span>
    </p>
   </div>
   <div class='ocr_carea' id='block_1_89' title="bbox 2706 3036 3492 3076">
    <p class='ocr_par' dir='ltr' id='par_1_89' title="bbox 2706 3036 3492 3076">
     <span class='ocr_line' id='line_1_89' title="bbox 2706 3036 3492 3076; baseline 0 -1"><span class='ocrx_word' id='word_1_560' title='bbox 2706 3036 3051 3075; x_wconf 72' lang='lat' dir='ltr'>lNVlGlLlA</span> <span class='ocrx_word' id='word_1_561' title='bbox 3096 3037 3145 3076; x_wconf 86' lang='lat' dir='ltr'>S.</span> <span class='ocrx_word' id='word_1_562' title='bbox 3194 3037 3492 3076; x_wconf 68' lang='lat' dir='ltr'>ANDREB.</span> 
     </span>
    </p>
   </div>
   <div class='ocr_carea' id='block_1_90' title="bbox 2319 3109 3914 3180">
    <p class='ocr_par' dir='ltr' id='par_1_90' title="bbox 2319 3109 3914 3180">
     <span class='ocr_line' id='line_1_90' title="bbox 2319 3109 3914 3180; baseline -0.003 -16"><span class='ocrx_word' id='word_1_563' title='bbox 2319 3112 2547 3164; x_wconf 55' lang='grc' dir='ltr'>χειρί-[ιθ</span> <span class='ocrx_word' id='word_1_564' title='bbox 2584 3112 2746 3165; x_wconf 88' lang='lat' dir='ltr'>Deus.</span> <span class='ocrx_word' id='word_1_565' title='bbox 2783 3111 2847 3164; x_wconf 84' lang='lat' dir='ltr'>Et</span> <span class='ocrx_word' id='word_1_566' title='bbox 2880 3112 3237 3179; x_wconf 88' lang='lat' dir='ltr'>majestatem</span> <span class='ocrx_word' id='word_1_567' title='bbox 3262 3115 3423 3163; x_wconf 84' lang='lat' dir='ltr'>tuam</span> <span class='ocrx_word' id='word_1_568' title='bbox 3456 3109 3783 3180; x_wconf 88' lang='lat' dir='ltr'>suppliciter</span> <span class='ocrx_word' id='word_1_569' title='bbox 3834 3123 3914 3161; x_wconf 76' lang='lat' dir='ltr'>ex-</span> 
     </span>
    </p>
   </div>
   <div class='ocr_carea' id='block_1_91' title="bbox 2250 3196 3911 3269">
    <p class='ocr_par' dir='ltr' id='par_1_91' title="bbox 2250 3196 3911 3269">
     <span class='ocr_line' id='line_1_91' title="bbox 2250 3196 3911 3269; baseline -0.003 -16"><span class='ocrx_word' id='word_1_570' title='bbox 2250 3215 2432 3265; x_wconf 89' lang='lat' dir='ltr'>orare,</span> <span class='ocrx_word' id='word_1_571' title='bbox 2481 3205 2544 3253; x_wconf 91' lang='lat' dir='ltr'>ut</span> <span class='ocrx_word' id='word_1_572' title='bbox 2576 3199 2673 3267; x_wconf 88' lang='lat' dir='ltr'>qui</span> <span class='ocrx_word' id='word_1_573' title='bbox 2702 3200 2759 3253; x_wconf 88' lang='grc' dir='ltr'>Β.</span> <span class='ocrx_word' id='word_1_574' title='bbox 2801 3199 3042 3253; x_wconf 74' lang='lat' dir='ltr'>Andreae</span> <span class='ocrx_word' id='word_1_575' title='bbox 3066 3200 3307 3269; x_wconf 88' lang='lat' dir='ltr'>apostoli</span> <span class='ocrx_word' id='word_1_576' title='bbox 3337 3199 3549 3253; x_wconf 90' lang='lat' dir='ltr'>festum</span> <span class='ocrx_word' id='word_1_577' title='bbox 3581 3196 3911 3252; x_wconf 83' lang='lat' dir='ltr'>solemnibus</span> 
     </span>
    </p>
   </div>
   <div class='ocr_carea' id='block_1_92' title="bbox 2247 3284 3912 3359">
    <p class='ocr_par' dir='ltr' id='par_1_92' title="bbox 2247 3284 3912 3359">
     <span class='ocr_line' id='line_1_92' title="bbox 2247 3284 3912 3359; baseline -0.002 -19"><span class='ocrx_word' id='word_1_578' title='bbox 2247 3287 2484 3359; x_wconf 87' lang='lat' dir='ltr'>jejuniis</span> <span class='ocrx_word' id='word_1_579' title='bbox 2525 3293 2581 3341; x_wconf 91' lang='lat' dir='ltr'>et</span> <span class='ocrx_word' id='word_1_580' title='bbox 2636 3287 2854 3340; x_wconf 88' lang='lat' dir='ltr'>devotis</span> <span class='ocrx_word' id='word_1_581' title='bbox 2884 3288 3267 3358; x_wconf 76' lang='lat' dir='ltr'>praevenimus</span> <span class='ocrx_word' id='word_1_582' title='bbox 3314 3286 3539 3354; x_wconf 77' lang='lat' dir='ltr'>ofﬁciis,</span> <span class='ocrx_word' id='word_1_583' title='bbox 3574 3288 3729 3341; x_wconf 90' lang='lat' dir='ltr'>illius</span> <span class='ocrx_word' id='word_1_584' title='bbox 3779 3284 3912 3354; x_wconf 87' lang='lat' dir='ltr'>apud</span> 
     </span>
    </p>
   </div>
   <div class='ocr_carea' id='block_1_93' title="bbox 2251 3374 3913 3445">
    <p class='ocr_par' dir='ltr' id='par_1_93' title="bbox 2251 3374 3913 3445">
     <span class='ocr_line' id='line_1_93' title="bbox 2251 3374 3913 3445; baseline -0.004 -16"><span class='ocrx_word' id='word_1_585' title='bbox 2251 3375 2608 3445; x_wconf 87' lang='lat' dir='ltr'>majestatem</span> <span class='ocrx_word' id='word_1_586' title='bbox 2668 3378 2826 3427; x_wconf 87' lang='lat' dir='ltr'>tuam</span> <span class='ocrx_word' id='word_1_587' title='bbox 2879 3379 2935 3427; x_wconf 90' lang='lat' dir='ltr'>et</span> <span class='ocrx_word' id='word_1_588' title='bbox 2966 3374 3304 3444; x_wconf 88' lang='lat' dir='ltr'>adjuvemur</span> <span class='ocrx_word' id='word_1_589' title='bbox 3336 3375 3575 3442; x_wconf 88' lang='lat' dir='ltr'>meritis,</span> <span class='ocrx_word' id='word_1_590' title='bbox 3610 3379 3666 3429; x_wconf 88' lang='lat' dir='ltr'>et</span> <span class='ocrx_word' id='word_1_591' title='bbox 3693 3374 3913 3427; x_wconf 84' lang='lat' dir='ltr'>instrua-</span> 
     </span>
    </p>
   </div>
   <div class='ocr_carea' id='block_1_94' title="bbox 2250 3462 3189 3532">
    <p class='ocr_par' dir='ltr' id='par_1_94' title="bbox 2250 3462 3189 3532">
     <span class='ocr_line' id='line_1_94' title="bbox 2250 3462 3189 3532; baseline -0.001 -16"><span class='ocrx_word' id='word_1_592' title='bbox 2250 3479 2379 3516; x_wconf 91' lang='lat' dir='ltr'>mur</span> <span class='ocrx_word' id='word_1_593' title='bbox 2409 3462 2707 3532; x_wconf 84' lang='lat' dir='ltr'>exemplis.</span> <span class='ocrx_word' id='word_1_594' title='bbox 2738 3464 2842 3516; x_wconf 87' lang='lat' dir='ltr'>Per</span> <span class='ocrx_word' id='word_1_595' title='bbox 2871 3462 3189 3517; x_wconf 90' lang='lat' dir='ltr'>Christum.</span> 
     </span>
    </p>
   </div>
   <div class='ocr_carea' id='block_1_95' title="bbox 2862 3552 3326 3622">
    <p class='ocr_par' dir='ltr' id='par_1_95' title="bbox 2862 3552 3326 3622">
     <span class='ocr_line' id='line_1_95' title="bbox 2862 3552 3326 3622; baseline -0.004 -16"><span class='ocrx_word' id='word_1_596' title='bbox 2862 3555 2924 3606; x_wconf 84' lang='lat' dir='ltr'>In</span> <span class='ocrx_word' id='word_1_597' title='bbox 2953 3553 3041 3606; x_wconf 76' lang='lat' dir='ltr'>die</span> <span class='ocrx_word' id='word_1_598' title='bbox 3068 3552 3326 3622; x_wconf 80' lang='lat' dir='ltr'>ejusdem.</span> 
     </span>
    </p>
   </div>
   <div class='ocr_carea' id='block_1_96' title="bbox 2322 3639 3907 3711">
    <p class='ocr_par' dir='ltr' id='par_1_96' title="bbox 2322 3639 3907 3711">
     <span class='ocr_line' id='line_1_96' title="bbox 2322 3639 3907 3711; baseline -0.003 -17"><span class='ocrx_word' id='word_1_599' title='bbox 2322 3641 2443 3711; x_wconf 83' lang='lat' dir='ltr'>(A.)</span> <span class='ocrx_word' id='word_1_600' title='bbox 2477 3642 2701 3695; x_wconf 59' lang='lat' dir='ltr'>{Eterne</span> <span class='ocrx_word' id='word_1_601' title='bbox 2731 3643 2897 3695; x_wconf 91' lang='lat' dir='ltr'>Deus.</span> <span class='ocrx_word' id='word_1_602' title='bbox 2932 3642 3213 3705; x_wconf 89' lang='lat' dir='ltr'>Quoniam</span> <span class='ocrx_word' id='word_1_603' title='bbox 3267 3640 3425 3695; x_wconf 88' lang='lat' dir='ltr'>adest</span> <span class='ocrx_word' id='word_1_604' title='bbox 3456 3639 3624 3694; x_wconf 88' lang='lat' dir='ltr'>nobis</span> <span class='ocrx_word' id='word_1_605' title='bbox 3653 3639 3765 3693; x_wconf 90' lang='lat' dir='ltr'>dies</span> <span class='ocrx_word' id='word_1_606' title='bbox 3802 3652 3907 3691; x_wconf 87' lang='lat' dir='ltr'>ma-</span> 
     </span>
    </p>
   </div>
   <div class='ocr_carea' id='block_1_97' title="bbox 2251 3729 3520 3801">
    <p class='ocr_par' dir='ltr' id='par_1_97' title="bbox 2251 3729 3520 3801">
     <span class='ocr_line' id='line_1_97' title="bbox 2251 3729 3520 3801; baseline 0.001 -19"><span class='ocrx_word' id='word_1_607' title='bbox 2251 3730 2447 3801; x_wconf 85' lang='lat' dir='ltr'>gniﬁci</span> <span class='ocrx_word' id='word_1_608' title='bbox 2479 3730 2686 3797; x_wconf 86' lang='lat' dir='ltr'>votiva,</span> <span class='ocrx_word' id='word_1_609' title='bbox 2720 3734 2849 3797; x_wconf 88' lang='lat' dir='ltr'>etc.,</span> <span class='ocrx_word' id='word_1_610' title='bbox 2880 3736 2941 3784; x_wconf 85' lang='lat' dir='ltr'>ut</span> <span class='ocrx_word' id='word_1_611' title='bbox 2970 3746 3141 3799; x_wconf 83' lang='lat' dir='ltr'>supra</span> <span class='ocrx_word' id='word_1_612' title='bbox 3163 3733 3303 3784; x_wconf 75' lang='lat' dir='ltr'>inter</span> <span class='ocrx_word' id='word_1_613' title='bbox 3324 3729 3520 3783; x_wconf 82' lang='lat' dir='ltr'>Ambr.</span> 
     </span>
    </p>
   </div>
   <div class='ocr_carea' id='block_1_98' title="bbox 2645 3832 3569 3873">
    <p class='ocr_par' dir='ltr' id='par_1_98' title="bbox 2645 3832 3569 3873">
     <span class='ocr_line' id='line_1_98' title="bbox 2645 3832 3569 3873; baseline -0.001 -2"><span class='ocrx_word' id='word_1_614' title='bbox 2645 3834 2707 3873; x_wconf 83' lang='lat' dir='ltr'><strong>1N</strong></span> <span class='ocrx_word' id='word_1_615' title='bbox 2750 3834 2985 3872; x_wconf 71' lang='lat' dir='ltr'>NATALI</span> <span class='ocrx_word' id='word_1_616' title='bbox 3032 3833 3288 3873; x_wconf 65' lang='lat' dir='ltr'>SANCTE</span> <span class='ocrx_word' id='word_1_617' title='bbox 3341 3832 3569 3872; x_wconf 49' lang='lat' dir='ltr'>LUCliﬁ.</span> 
     </span>
    </p>
   </div>
   <div class='ocr_carea' id='block_1_99' title="bbox 2322 3905 3906 3977">
    <p class='ocr_par' dir='ltr' id='par_1_99' title="bbox 2322 3905 3906 3977">
     <span class='ocr_line' id='line_1_99' title="bbox 2322 3905 3906 3977; baseline -0.005 -17"><span class='ocrx_word' id='word_1_618' title='bbox 2322 3905 2469 3977; x_wconf 83' lang='lat' dir='ltr'>(Ms.)</span> <span class='ocrx_word' id='word_1_619' title='bbox 2508 3909 2734 3960; x_wconf 58' lang='lat' dir='ltr'>rEterne</span> <span class='ocrx_word' id='word_1_620' title='bbox 2788 3909 2949 3960; x_wconf 90' lang='lat' dir='ltr'>Deus.</span> <span class='ocrx_word' id='word_1_621' title='bbox 3012 3909 3118 3960; x_wconf 89' lang='lat' dir='ltr'>Per</span> <span class='ocrx_word' id='word_1_622' title='bbox 3160 3907 3445 3961; x_wconf 89' lang='lat' dir='ltr'>Christum</span> <span class='ocrx_word' id='word_1_623' title='bbox 3496 3905 3793 3960; x_wconf 90' lang='lat' dir='ltr'>Dominum</span> <span class='ocrx_word' id='word_1_624' title='bbox 3822 3917 3906 3954; x_wconf 89' lang='lat' dir='ltr'>no-</span> 
     </span>
    </p>
   </div>
   <div class='ocr_carea' id='block_1_100' title="bbox 2252 3991 3905 4066">
    <p class='ocr_par' dir='ltr' id='par_1_100' title="bbox 2252 3991 3905 4066">
     <span class='ocr_line' id='line_1_100' title="bbox 2252 3991 3905 4066; baseline -0.004 -18"><span class='ocrx_word' id='word_1_625' title='bbox 2252 4000 2454 4050; x_wconf 91' lang='lat' dir='ltr'>strum.</span> <span class='ocrx_word' id='word_1_626' title='bbox 2488 3997 2667 4060; x_wconf 89' lang='lat' dir='ltr'>Quem</span> <span class='ocrx_word' id='word_1_627' title='bbox 2713 3996 2879 4050; x_wconf 88' lang='lat' dir='ltr'>beata</span> <span class='ocrx_word' id='word_1_628' title='bbox 2904 3996 3064 4065; x_wconf 87' lang='lat' dir='ltr'>virgo</span> <span class='ocrx_word' id='word_1_629' title='bbox 3119 3996 3449 4066; x_wconf 88' lang='lat' dir='ltr'>pariterque</span> <span class='ocrx_word' id='word_1_630' title='bbox 3490 4000 3707 4064; x_wconf 79' lang='lat' dir='ltr'>martyr</span> <span class='ocrx_word' id='word_1_631' title='bbox 3747 3991 3905 4053; x_wconf 80' lang='lat' dir='ltr'>Lucia,</span> 
     </span>
    </p>
   </div>
   <div class='ocr_carea' id='block_1_101' title="bbox 2251 4084 3907 4153">
    <p class='ocr_par' dir='ltr' id='par_1_101' title="bbox 2251 4084 3907 4153">
     <span class='ocr_line' id='line_1_101' title="bbox 2251 4084 3907 4153; baseline -0.004 -16"><span class='ocrx_word' id='word_1_632' title='bbox 2251 4090 2306 4137; x_wconf 92' lang='lat' dir='ltr'>et</span> <span class='ocrx_word' id='word_1_633' title='bbox 2329 4084 2621 4153; x_wconf 90' lang='lat' dir='ltr'>diligendo</span> <span class='ocrx_word' id='word_1_634' title='bbox 2652 4085 2864 4149; x_wconf 90' lang='lat' dir='ltr'>timuit,</span> <span class='ocrx_word' id='word_1_635' title='bbox 2893 4092 2949 4138; x_wconf 90' lang='lat' dir='ltr'>et</span> <span class='ocrx_word' id='word_1_636' title='bbox 2987 4085 3243 4138; x_wconf 89' lang='lat' dir='ltr'>timendo</span> <span class='ocrx_word' id='word_1_637' title='bbox 3276 4084 3505 4152; x_wconf 89' lang='lat' dir='ltr'>dilexit;</span> <span class='ocrx_word' id='word_1_638' title='bbox 3542 4084 3739 4153; x_wconf 88' lang='lat' dir='ltr'>illique</span> <span class='ocrx_word' id='word_1_639' title='bbox 3793 4095 3907 4133; x_wconf 88' lang='lat' dir='ltr'>con-</span> 
     </span>
    </p>
   </div>
   <div class='ocr_carea' id='block_1_102' title="bbox 2246 4167 3905 4242">
    <p class='ocr_par' dir='ltr' id='par_1_102' title="bbox 2246 4167 3905 4242">
     <span class='ocr_line' id='line_1_102' title="bbox 2246 4167 3905 4242; baseline -0.002 -17"><span class='ocrx_word' id='word_1_640' title='bbox 2246 4173 2445 4242; x_wconf 86' lang='lat' dir='ltr'>juncta</span> <span class='ocrx_word' id='word_1_641' title='bbox 2470 4178 2556 4225; x_wconf 91' lang='lat' dir='ltr'>est</span> <span class='ocrx_word' id='word_1_642' title='bbox 2602 4174 2923 4239; x_wconf 87' lang='lat' dir='ltr'>moriendo,</span> <span class='ocrx_word' id='word_1_643' title='bbox 2961 4173 3051 4225; x_wconf 90' lang='lat' dir='ltr'>cui</span> <span class='ocrx_word' id='word_1_644' title='bbox 3092 4189 3149 4226; x_wconf 89' lang='lat' dir='ltr'>se</span> <span class='ocrx_word' id='word_1_645' title='bbox 3180 4178 3611 4226; x_wconf 87' lang='lat' dir='ltr'>consecraverat</span> <span class='ocrx_word' id='word_1_646' title='bbox 3663 4178 3801 4223; x_wconf 88' lang='lat' dir='ltr'>caste</span> <span class='ocrx_word' id='word_1_647' title='bbox 3841 4167 3905 4217; x_wconf 77' lang='lat' dir='ltr'>vi-</span> 
     </span>
    </p>
   </div>
   <div class='ocr_carea' id='block_1_103' title="bbox 2182 4255 3906 4331">
    <p class='ocr_par' dir='ltr' id='par_1_103' title="bbox 2182 4255 3906 4331">
     <span class='ocr_line' id='line_1_103' title="bbox 2182 4255 3906 4331; baseline -0.003 -18"><span class='ocrx_word' id='word_1_648' title='bbox 2182 4255 2226 4307; x_wconf 87' lang='lat' dir='ltr'>D</span> <span class='ocrx_word' id='word_1_649' title='bbox 2253 4262 2453 4314; x_wconf 89' lang='lat' dir='ltr'>vendo.</span> <span class='ocrx_word' id='word_1_650' title='bbox 2493 4264 2557 4315; x_wconf 89' lang='lat' dir='ltr'>Et</span> <span class='ocrx_word' id='word_1_651' title='bbox 2585 4278 2689 4330; x_wconf 91' lang='lat' dir='ltr'>pro</span> <span class='ocrx_word' id='word_1_652' title='bbox 2722 4278 2789 4315; x_wconf 91' lang='lat' dir='ltr'>eo</span> <span class='ocrx_word' id='word_1_653' title='bbox 2837 4263 3206 4331; x_wconf 88' lang='lat' dir='ltr'>temporalem</span> <span class='ocrx_word' id='word_1_654' title='bbox 3251 4261 3472 4314; x_wconf 89' lang='lat' dir='ltr'>studuit</span> <span class='ocrx_word' id='word_1_655' title='bbox 3510 4261 3782 4314; x_wconf 85' lang='lat' dir='ltr'>sustinere</span> <span class='ocrx_word' id='word_1_656' title='bbox 3810 4271 3906 4325; x_wconf 60' lang='lat' dir='ltr'>pae-</span> 
     </span>
    </p>
   </div>
   <div class='ocr_carea' id='block_1_104' title="bbox 2251 4350 3900 4419">
    <p class='ocr_par' dir='ltr' id='par_1_104' title="bbox 2251 4350 3900 4419">
     <span class='ocr_line' id='line_1_104' title="bbox 2251 4350 3900 4419; baseline -0.004 -17"><span class='ocrx_word' id='word_1_657' title='bbox 2251 4364 2385 4402; x_wconf 90' lang='lat' dir='ltr'>nam</span> <span class='ocrx_word' id='word_1_658' title='bbox 2413 4355 2475 4403; x_wconf 90' lang='lat' dir='ltr'>ut</span> <span class='ocrx_word' id='word_1_659' title='bbox 2500 4350 2571 4402; x_wconf 90' lang='lat' dir='ltr'>ab</span> <span class='ocrx_word' id='word_1_660' title='bbox 2599 4366 2665 4403; x_wconf 92' lang='lat' dir='ltr'>eo</span> <span class='ocrx_word' id='word_1_661' title='bbox 2694 4350 3011 4419; x_wconf 89' lang='lat' dir='ltr'>perciperet</span> <span class='ocrx_word' id='word_1_662' title='bbox 3042 4350 3283 4419; x_wconf 87' lang='lat' dir='ltr'>gloriam</span> <span class='ocrx_word' id='word_1_663' title='bbox 3319 4350 3725 4419; x_wconf 84' lang='lat' dir='ltr'>sempiternam</span> <span class='ocrx_word' id='word_1_664' title='bbox 3756 4363 3768 4399; x_wconf 89' lang='lat'><strong>:</strong></span> <span class='ocrx_word' id='word_1_665' title='bbox 3802 4358 3900 4414; x_wconf 70' lang='lat' dir='ltr'>qua:</span> 
     </span>
    </p>
   </div>
   <div class='ocr_carea' id='block_1_105' title="bbox 2253 4436 3899 4507">
    <p class='ocr_par' dir='ltr' id='par_1_105' title="bbox 2253 4436 3899 4507">
     <span class='ocr_line' id='line_1_105' title="bbox 2253 4436 3899 4507; baseline -0.004 -18"><span class='ocrx_word' id='word_1_666' title='bbox 2253 4436 2387 4490; x_wconf 90' lang='lat' dir='ltr'>dum</span> <span class='ocrx_word' id='word_1_667' title='bbox 2419 4437 2705 4506; x_wconf 89' lang='lat' dir='ltr'>duplicem</span> <span class='ocrx_word' id='word_1_668' title='bbox 2734 4438 2851 4490; x_wconf 91' lang='lat' dir='ltr'>vult</span> <span class='ocrx_word' id='word_1_669' title='bbox 2900 4454 3123 4491; x_wconf 89' lang='lat' dir='ltr'>sumere</span> <span class='ocrx_word' id='word_1_670' title='bbox 3158 4438 3409 4507; x_wconf 89' lang='lat' dir='ltr'>palmam</span> <span class='ocrx_word' id='word_1_671' title='bbox 3452 4437 3512 4490; x_wconf 89' lang='lat' dir='ltr'>in</span> <span class='ocrx_word' id='word_1_672' title='bbox 3570 4437 3714 4489; x_wconf 86' lang='lat' dir='ltr'>sacri</span> <span class='ocrx_word' id='word_1_673' title='bbox 3750 4438 3899 4486; x_wconf 83' lang='lat' dir='ltr'>certa-</span> 
     </span>
    </p>
   </div>
   <div class='ocr_carea' id='block_1_106' title="bbox 2252 4519 3899 4597">
    <p class='ocr_par' dir='ltr' id='par_1_106' title="bbox 2252 4519 3899 4597">
     <span class='ocr_line' id='line_1_106' title="bbox 2252 4519 3899 4597; baseline -0.004 -19"><span class='ocrx_word' id='word_1_674' title='bbox 2252 4526 2424 4578; x_wconf 90' lang='lat' dir='ltr'>minis</span> <span class='ocrx_word' id='word_1_675' title='bbox 2451 4542 2655 4595; x_wconf 89' lang='lat' dir='ltr'>agoue,</span> <span class='ocrx_word' id='word_1_676' title='bbox 2688 4530 2744 4579; x_wconf 89' lang='lat' dir='ltr'>et</span> <span class='ocrx_word' id='word_1_677' title='bbox 2795 4526 2863 4579; x_wconf 91' lang='lat' dir='ltr'>de</span> <span class='ocrx_word' id='word_1_678' title='bbox 2897 4526 3229 4595; x_wconf 87' lang='lat' dir='ltr'>corporibus</span> <span class='ocrx_word' id='word_1_679' title='bbox 3275 4526 3626 4597; x_wconf 88' lang='lat' dir='ltr'>integritate,</span> <span class='ocrx_word' id='word_1_680' title='bbox 3680 4530 3732 4577; x_wconf 89' lang='lat' dir='ltr'>et</span> <span class='ocrx_word' id='word_1_681' title='bbox 3774 4523 3830 4575; x_wconf 84' lang='lat' dir='ltr'>de</span> <span class='ocrx_word' id='word_1_682' title='bbox 3856 4519 3899 4570; x_wconf 81' lang='lat' dir='ltr'>fi-</span> 
     </span>
    </p>
   </div>
   <div class='ocr_carea' id='block_1_107' title="bbox 2251 4606 3897 4684">
    <p class='ocr_par' dir='ltr' id='par_1_107' title="bbox 2251 4606 3897 4684">
     <span class='ocr_line' id='line_1_107' title="bbox 2251 4606 3897 4684; baseline -0.006 -17"><span class='ocrx_word' id='word_1_683' title='bbox 2251 4614 2340 4667; x_wconf 92' lang='lat' dir='ltr'>dei</span> <span class='ocrx_word' id='word_1_684' title='bbox 2376 4614 2643 4683; x_wconf 90' lang='lat' dir='ltr'>puritate,</span> <span class='ocrx_word' id='word_1_685' title='bbox 2699 4613 3000 4684; x_wconf 88' lang='lat' dir='ltr'>gloriosius</span> <span class='ocrx_word' id='word_1_686' title='bbox 3049 4615 3229 4683; x_wconf 85' lang='lat' dir='ltr'>duxit,</span> <span class='ocrx_word' id='word_1_687' title='bbox 3280 4615 3453 4683; x_wconf 91' lang='lat' dir='ltr'>longa</span> <span class='ocrx_word' id='word_1_688' title='bbox 3492 4613 3715 4684; x_wconf 90' lang='lat' dir='ltr'>antiqui</span> <span class='ocrx_word' id='word_1_689' title='bbox 3755 4606 3897 4663; x_wconf 87' lang='lat' dir='ltr'>hostis</span> 
     </span>
    </p>
   </div>
   <div class='ocr_carea' id='block_1_108' title="bbox 2251 4696 3895 4772">
    <p class='ocr_par' dir='ltr' id='par_1_108' title="bbox 2251 4696 3895 4772">
     <span class='ocr_line' id='line_1_108' title="bbox 2251 4696 3895 4772; baseline -0.003 -18"><span class='ocrx_word' id='word_1_690' title='bbox 2251 4702 2530 4755; x_wconf 90' lang='lat' dir='ltr'>sustinere</span> <span class='ocrx_word' id='word_1_691' title='bbox 2570 4706 2946 4768; x_wconf 89' lang='lat' dir='ltr'>tentamenta,</span> <span class='ocrx_word' id='word_1_692' title='bbox 2990 4719 3161 4772; x_wconf 89' lang='lat' dir='ltr'>quam</span> <span class='ocrx_word' id='word_1_693' title='bbox 3216 4702 3391 4756; x_wconf 88' lang='lat' dir='ltr'>vitam</span> <span class='ocrx_word' id='word_1_694' title='bbox 3436 4706 3770 4772; x_wconf 77' lang='lat' dir='ltr'>praesentem</span> <span class='ocrx_word' id='word_1_695' title='bbox 3811 4696 3895 4749; x_wconf 85' lang='lat' dir='ltr'>cito</span> 
     </span>
    </p>
   </div>
   <div class='ocr_carea' id='block_1_109' title="bbox 2252 4784 3895 4861">
    <p class='ocr_par' dir='ltr' id='par_1_109' title="bbox 2252 4784 3895 4861">
     <span class='ocr_line' id='line_1_109' title="bbox 2252 4784 3895 4861; baseline -0.005 -18"><span class='ocrx_word' id='word_1_696' title='bbox 2252 4807 2353 4861; x_wconf 87' lang='lat' dir='ltr'>per</span> <span class='ocrx_word' id='word_1_697' title='bbox 2392 4796 2679 4844; x_wconf 89' lang='lat' dir='ltr'>tormenta</span> <span class='ocrx_word' id='word_1_698' title='bbox 2742 4792 3019 4844; x_wconf 88' lang='lat' dir='ltr'>amittere.</span> <span class='ocrx_word' id='word_1_699' title='bbox 3077 4791 3358 4854; x_wconf 88' lang='lat' dir='ltr'>Quoniam</span> <span class='ocrx_word' id='word_1_700' title='bbox 3399 4807 3526 4845; x_wconf 90' lang='lat' dir='ltr'>cum</span> <span class='ocrx_word' id='word_1_701' title='bbox 3581 4791 3639 4844; x_wconf 90' lang='lat' dir='ltr'>in</span> <span class='ocrx_word' id='word_1_702' title='bbox 3669 4784 3895 4855; x_wconf 82' lang='lat' dir='ltr'>martyrio</span> 
     </span>
    </p>
   </div>
   <div class='ocr_carea' id='block_1_110' title="bbox 2251 4877 3893 4948">
    <p class='ocr_par' dir='ltr' id='par_1_110' title="bbox 2251 4877 3893 4948">
     <span class='ocr_line' id='line_1_110' title="bbox 2251 4877 3893 4948; baseline -0.005 -17"><span class='ocrx_word' id='word_1_703' title='bbox 2251 4894 2317 4931; x_wconf 89' lang='lat' dir='ltr'>ea</span> <span class='ocrx_word' id='word_1_704' title='bbox 2338 4884 2734 4948; x_wconf 90' lang='lat' dir='ltr'>proponantur</span> <span class='ocrx_word' id='word_1_705' title='bbox 2762 4895 2890 4948; x_wconf 72' lang='lat' dir='ltr'>quin</span> <span class='ocrx_word' id='word_1_706' title='bbox 2921 4884 3187 4945; x_wconf 89' lang='lat' dir='ltr'>terreant,</span> <span class='ocrx_word' id='word_1_707' title='bbox 3225 4881 3281 4932; x_wconf 90' lang='lat' dir='ltr'>in</span> <span class='ocrx_word' id='word_1_708' title='bbox 3313 4881 3499 4933; x_wconf 90' lang='lat' dir='ltr'>carnis</span> <span class='ocrx_word' id='word_1_709' title='bbox 3532 4896 3666 4932; x_wconf 86' lang='lat' dir='ltr'>vero</span> <span class='ocrx_word' id='word_1_710' title='bbox 3697 4877 3893 4931; x_wconf 73' lang='lat' dir='ltr'>delecta-</span> 
     </span>
    </p>
   </div>
   <div class='ocr_carea' id='block_1_111' title="bbox 2251 4956 3893 5036">
    <p class='ocr_par' dir='ltr' id='par_1_111' title="bbox 2251 4956 3893 5036">
     <span class='ocr_line' id='line_1_111' title="bbox 2251 4956 3893 5036; baseline -0.005 -17"><span class='ocrx_word' id='word_1_711' title='bbox 2251 4967 2458 5019; x_wconf 85' lang='lat' dir='ltr'>mentis</span> <span class='ocrx_word' id='word_1_712' title='bbox 2490 4983 2553 5019; x_wconf 90' lang='lat' dir='ltr'>ea</span> <span class='ocrx_word' id='word_1_713' title='bbox 2587 4983 2714 5036; x_wconf 67' lang='lat' dir='ltr'>qum</span> <span class='ocrx_word' id='word_1_714' title='bbox 2748 4968 3050 5021; x_wconf 88' lang='lat' dir='ltr'>mulceant.</span> <span class='ocrx_word' id='word_1_715' title='bbox 3082 4967 3366 5021; x_wconf 83' lang='lat' dir='ltr'>Molestius</span> <span class='ocrx_word' id='word_1_716' title='bbox 3396 4968 3711 5021; x_wconf 83' lang='lat' dir='ltr'>sustinetur</span> <span class='ocrx_word' id='word_1_717' title='bbox 3753 4956 3893 5015; x_wconf 82' lang='lat' dir='ltr'>hostis</span> 
     </span>
    </p>
   </div>
   <div class='ocr_carea' id='block_1_112' title="bbox 2251 5054 3893 5127">
    <p class='ocr_par' dir='ltr' id='par_1_112' title="bbox 2251 5054 3893 5127">
     <span class='ocr_line' id='line_1_112' title="bbox 2251 5054 3893 5127; baseline -0.005 -19"><span class='ocrx_word' id='word_1_718' title='bbox 2251 5056 2527 5121; x_wconf 86' lang='lat' dir='ltr'>occultus,</span> <span class='ocrx_word' id='word_1_719' title='bbox 2558 5072 2729 5125; x_wconf 92' lang='lat' dir='ltr'>quam</span> <span class='ocrx_word' id='word_1_720' title='bbox 2764 5056 3335 5127; x_wconf 88' lang='lat' dir='ltr'>superaturinfestus.</span> <span class='ocrx_word' id='word_1_721' title='bbox 3372 5056 3513 5109; x_wconf 90' lang='lat' dir='ltr'>Cum</span> <span class='ocrx_word' id='word_1_722' title='bbox 3551 5054 3754 5125; x_wconf 86' lang='lat' dir='ltr'>ergoin</span> <span class='ocrx_word' id='word_1_723' title='bbox 3774 5054 3893 5101; x_wconf 60' lang='lat' dir='ltr'>uti-0°</span> 
     </span>
    </p>
   </div>
   <div class='ocr_carea' id='block_1_113' title="bbox 2250 5137 3891 5214">
    <p class='ocr_par' dir='ltr' id='par_1_113' title="bbox 2250 5137 3891 5214">
     <span class='ocr_line' id='line_1_113' title="bbox 2250 5137 3891 5214; baseline -0.003 -19"><span class='ocrx_word' id='word_1_724' title='bbox 2250 5160 2363 5214; x_wconf 84' lang='lat' dir='ltr'>que</span> <span class='ocrx_word' id='word_1_725' title='bbox 2392 5143 2477 5197; x_wconf 86' lang='lat' dir='ltr'>tui</span> <span class='ocrx_word' id='word_1_726' title='bbox 2508 5143 2580 5197; x_wconf 90' lang='lat' dir='ltr'>sit</span> <span class='ocrx_word' id='word_1_727' title='bbox 2608 5144 2864 5197; x_wconf 90' lang='lat' dir='ltr'>muneris</span> <span class='ocrx_word' id='word_1_728' title='bbox 2892 5144 3043 5214; x_wconf 91' lang='lat' dir='ltr'>quod</span> <span class='ocrx_word' id='word_1_729' title='bbox 3073 5144 3225 5210; x_wconf 88' lang='lat' dir='ltr'>vicit,</span> <span class='ocrx_word' id='word_1_730' title='bbox 3261 5144 3399 5214; x_wconf 89' lang='lat' dir='ltr'>quia</span> <span class='ocrx_word' id='word_1_731' title='bbox 3452 5144 3593 5197; x_wconf 90' lang='lat' dir='ltr'>nihil</span> <span class='ocrx_word' id='word_1_732' title='bbox 3632 5142 3768 5195; x_wconf 85' lang='lat' dir='ltr'>valet</span> <span class='ocrx_word' id='word_1_733' title='bbox 3804 5137 3891 5190; x_wconf 83' lang='lat' dir='ltr'>hu-</span> 
     </span>
    </p>
   </div>
   <div class='ocr_carea' id='block_1_114' title="bbox 2249 5231 3891 5303">
    <p class='ocr_par' dir='ltr' id='par_1_114' title="bbox 2249 5231 3891 5303">
     <span class='ocr_line' id='line_1_114' title="bbox 2249 5231 3891 5303; baseline -0.004 -17"><span class='ocrx_word' id='word_1_734' title='bbox 2249 5248 2421 5286; x_wconf 88' lang='lat' dir='ltr'>mana</span> <span class='ocrx_word' id='word_1_735' title='bbox 2458 5231 2771 5302; x_wconf 88' lang='lat' dir='ltr'>fragilitas,</span> <span class='ocrx_word' id='word_1_736' title='bbox 2828 5232 2941 5286; x_wconf 89' lang='lat' dir='ltr'>nisi</span> <span class='ocrx_word' id='word_1_737' title='bbox 2990 5238 3089 5287; x_wconf 89' lang='lat' dir='ltr'>tua</span> <span class='ocrx_word' id='word_1_738' title='bbox 3142 5233 3289 5286; x_wconf 89' lang='lat' dir='ltr'>hanc</span> <span class='ocrx_word' id='word_1_739' title='bbox 3318 5232 3550 5303; x_wconf 87' lang='lat' dir='ltr'>adjuvet</span> <span class='ocrx_word' id='word_1_740' title='bbox 3577 5231 3744 5302; x_wconf 88' lang='lat' dir='ltr'>pietas</span> <span class='ocrx_word' id='word_1_741' title='bbox 3772 5242 3784 5279; x_wconf 87' lang='lat'><strong>:</strong></span> <span class='ocrx_word' id='word_1_742' title='bbox 3811 5236 3891 5293; x_wconf 84' lang='lat' dir='ltr'>pro</span> 
     </span>
    </p>
   </div>
   <div class='ocr_carea' id='block_1_115' title="bbox 2322 5402 3888 5479">
    <p class='ocr_par' dir='ltr' id='par_1_115' title="bbox 2322 5402 3888 5479">
     <span class='ocr_line' id='line_1_115' title="bbox 2322 5402 3888 5479; baseline -0.009 -17"><span class='ocrx_word' id='word_1_743' title='bbox 2322 5411 2347 5452; x_wconf 83' lang='lat' dir='ltr'>b</span> <span class='ocrx_word' id='word_1_744' title='bbox 2375 5408 2512 5472; x_wconf 66' lang='lat' dir='ltr'>Quae</span> <span class='ocrx_word' id='word_1_745' title='bbox 2544 5408 2718 5463; x_wconf 86' lang='lat' dir='ltr'>etiam</span> <span class='ocrx_word' id='word_1_746' title='bbox 2750 5424 2781 5462; x_wconf 91' lang='lat' dir='ltr'>a</span> <span class='ocrx_word' id='word_1_747' title='bbox 2804 5408 3149 5479; x_wconf 89' lang='lat' dir='ltr'>quibusdam</span> <span class='ocrx_word' id='word_1_748' title='bbox 3187 5411 3249 5464; x_wconf 92' lang='lat' dir='ltr'>D.</span> <span class='ocrx_word' id='word_1_749' title='bbox 3285 5408 3584 5463; x_wconf 86' lang='lat' dir='ltr'>Ambrosio</span> <span class='ocrx_word' id='word_1_750' title='bbox 3638 5402 3888 5461; x_wconf 86' lang='lat' dir='ltr'>tribuitur.</span> 
     </span>
    </p>
   </div>
  </div>
