4078 6180
176 273 279 326 917

1135 271 1345 325 LIBER
1383 270 2018 326 SACRAMENTORUM.
2056 301 2114 310 —-
2145 273 2453 326 PRZEFAT.
2497 272 2718 336 ANTIQ.

3571 271 3676 325 918

176 407 360 471 nobis,
414 421 768 478 quesumus,
806 409 964 461 tuam
1007 407 1279 477 pietatem
1323 411 1532 472 exoret,
1576 423 1703 477 quae
1742 422 1776 460 a
1812 411 1868 460 te
1907 409 1951 458 Α
1984 407 2234 474 laudare,
2284 409 2492 479 quibus
2537 411 2640 478 pro
2682 407 2899 462 meritis
2945 408 3062 460 suis
3111 405 3482 461 beatitudinis
3525 421 3673 475 pras-

175 497 395 565 accepit
421 501 483 549 ut
507 496 778 550 vinceret.
815 497 880 549 Et
909 512 1033 566 quae
1065 495 1358 565 Unigeniti
1393 495 1477 548 tui
1505 495 1716 548 intrare
1747 511 1871 549 me-

173 585 292 638 ruit
336 586 674 652 thalamum,
705 585 1109 638 intercessione
1142 601 1243 637 sua
1284 585 1432 637 inter
1464 585 1664 638 mundi
1702 583 1873 654 hujus

173 673 410 726 adversa
443 673 606 727 nobis
640 677 874 744 praestet
901 673 1200 726 auxilium.
1237 675 1340 726 Per
1372 689 1565 744 quem.

466 794 527 833 1N
576 795 813 834 NATALI
861 795 913 834 S.
958 794 1192 834 ΤΗΟΜΕ
1251 794 1582 834 APOSTOLI.

245 869 374 935 (Α.)
405 870 630 921 ίΕιεΓηθ
671 869 838 921 Deus.
872 867 975 931 Qui
1012 867 1317 921 Ecclesiam
1357 874 1511 921 tuam
1558 868 1618 920 in
1650 870 1872 937 aposto-

169 957 298 1011 licis
369 956 621 1009 tribuisti
679 956 989 1008 consistere
1042 956 1449 1020 fundamentis,
1508 957 1576 1010 de
1624 971 1872 1026 quorum

169 1043 417 1111 collegio
472 1043 530 1095 Β.
581 1043 815 1096 Thomas
866 1042 1145 1094 solemnia
1187 1043 1560 1108 celebrantes,
1608 1047 1726 1109 tua,
1763 1043 1869 1096 Do-

169 1131 350 1197 mine,
393 1131 674 1202 przeconia
712 1147 823 1183 non
858 1135 1108 1183 tacemus
1163 1131 1228 1183 Et
1257 1131 1405 1184 ideo.

521 1251 584 1288 IN
630 1250 880 1289 VlGlLIA
927 1250 1118 1289 UNIUS
1168 1250 1524 1289 MABTYRIS.

238 1328 472 1380 zEterne
507 1326 668 1376 Deus.
711 1325 776 1376 Et
806 1324 1043 1393 gloriosi
1081 1325 1343 1392 martyris
1375 1325 1439 1376 N.
1474 1323 1567 1393 pia
1603 1323 1865 1376 certami-

164 1429 240 1466 na
294 1412 622 1466 venerando
668 1412 1007 1482 praevenire.
1061 1413 1233 1480 Cujus
1282 1405 1634 1465 honorabilis
1678 1427 1870 1464 annua

163 1503 502 1554 recursione
533 1501 862 1553 solernnitas
896 1505 950 1552 et
981 1505 1256 1569 perpetua
1289 1516 1516 1570 semper
1547 1505 1650 1565 est,
1687 1506 1743 1553 et
1775 1516 1870 1554 n0-

162 1606 249 1642 va.
305 1589 454 1653 Quia
502 1594 557 1641 et
594 1589 655 1640 in
702 1593 1008 1657 conspectu
1057 1595 1170 1641 tuae
1213 1587 1526 1657 majestatis
1572 1592 1870 1657 permanet

164 1694 318 1731 mors
350 1683 585 1730 tuorum
623 1677 872 1746 pretiosa
905 1677 1216 1745 justorum,
1265 1681 1321 1729 et
1351 1681 1744 1731 restaurantur
1771 1676 1865 1729 in-

163 1771 463 1820 crementa
501 1765 734 1828 laetitiae,
769 1781 897 1817 cum
939 1764 1222 1830 felicitatis
1265 1771 1496 1818 aeternas
1536 1765 1870 1818 recoluntur

167 1855 421 1909 exordia.
462 1856 568 1907 Per
601 1855 907 1906 Christum.

549 1977 960 2032 ΡΗᾸΞΡΑΤΙΟΝ
974 1977 1050 2031 ES
1091 1977 1482 2031 COMMUNES.

515 2100 576 2137 IN
625 2099 859 2138 NATALI
911 2097 1106 2137 llNlUS
1153 2097 1510 2138 MARTYRIS.

231 2174 469 2226 zEterne
531 2173 698 2224 Deus.
769 2173 832 2224 Et
882 2171 937 2223 in
998 2171 1269 2240 pra-senti
1328 2171 1629 2224 festivitate
1684 2172 1864 2226 sancti

164 2261 435 2331 martyris
466 2260 549 2312 tui
583 2261 644 2313 Ν.
679 2259 780 2313 tibi
820 2260 1150 2313 conﬁtendo
1189 2260 1370 2312 laudis
1409 2260 1620 2314 hostias
1653 2261 1863 2315 immo-

162 2350 301 2414 lare,
337 2354 613 2419 tuamque
669 2349 1010 2401 immensam
1067 2349 1336 2417 pietatem
1396 2348 1704 2418 implorare
1747 2365 1758 2401 :
1803 2354 1864 2402 ut

162 2439 306 2490 sicut
339 2439 425 2490 illi
449 2437 650 2490 dedisti
678 2437 916 2490 cmlestis
938 2437 1188 2506 palmam
1214 2437 1490 2506 triumphi
1514 2438 1609 2502 sic,
1645 2454 1712 2490 eo
1745 2439 1861 2490 suf-

161 2526 445 2595 fragante,
497 2525 658 2578 nobis
697 2525 1189 2588 emundationem,
1230 2532 1285 2577 et
1325 2525 1548 2578 veniam
1589 2527 1863 2578 concedas

161 2614 405 2685 peccati,
441 2619 501 2666 ut
543 2614 600 2666 in
641 2619 694 2665 te
739 2615 1089 2668 exsulteinus
1121 2613 1182 2667 in
1214 2614 1628 2683 misericordia,
1659 2614 1718 2668 in
1747 2632 1861 2686 quo

159 2703 257 2757 illa
292 2705 524 2756 laetatur
558 2702 616 2756 in
647 2703 847 2773 gloria.
880 2704 1005 2756 Per.
1143 2694 1149 2702 ’

789 2814 836 2862 Α
848 2811 924 2862 lia
965 2809 1039 2861 ad
1076 2809 1236 2862 idem.

230 2898 361 2968 (Α.)
413 2901 639 2952 ᾹίξιξΓηϐ
690 2900 856 2952 Deus.
916 2901 977 2952 Et
1021 2904 1074 2952 te
1126 2899 1182 2951 in
1233 2898 1492 2951 omnium
1542 2903 1857 2973 martyi‘um

156 2991 396 3039 tuorum
443 2986 748 3056 triumphis
797 2987 1051 3054 laudare,
1103 2986 1378 3056 quoniam
1414 2990 1525 3038 tuis
1563 2987 1730 3039 donis
1779 2992 1855 3040 at-
1897 3008 1938 3064 ρ

157 3091 271 3145 que
319 3073 655 3127 muneribus
708 3076 764 3127 B.
818 3074 1083 3145 martyris
1130 3073 1232 3126 tui.
1290 3075 1352 3126 N.
1401 3074 1727 3144 passionem
1761 3076 1859 3128 ho-

157 3163 361 3215 dierna
411 3163 768 3215 solemnitate
809 3178 1169 3228 veneramur,
1216 3162 1312 3232 qui
1356 3177 1460 3230 pro
1505 3163 1858 3216 confessione

155 3251 288 3304 Jesu
324 3251 534 3305 Christi
567 3251 692 3304 Filii
728 3251 808 3304 tui
843 3251 1065 3304 Domini
1111 3250 1289 3303 nostri
1323 3251 1542 3303 diversa
1579 3251 1860 3322 supplicia

156 3339 457 3404 sustinuit,
493 3345 545 3392 et
582 3355 648 3392 ea
679 3339 982 3394 devincens
1013 3355 1279 3392 coronam
1307 3340 1701 3409 perpetuitatis
1735 3357 1858 3410 pro-

159 3429 395 3482 meruit.
431 3430 538 3482 Per
564 3445 752 3499 quem.

378 3550 443 3588 IN
495 3549 726 3588 NATALI
776 3547 1203 3587 PLUBIMORUM
1253 3547 1640 3588 MARTYRUM.

224 3625 458 3677 Aiterne
502 3623 666 3675 Deus.
717 3621 825 3685 Qui
877 3627 1202 3674 sanctorum
1261 3625 1575 3689 martyrum
1625 3626 1856 3675 tuorum

149 3710 246 3773 pia
280 3711 599 3764 certamina
630 3709 698 3762 ad
731 3709 1017 3779 c0piosam
1050 3708 1314 3778 perducis
1346 3709 1660 3774 victoriam,
1684 3716 1855 3780 atque

150 3805 502 3869 perpetuum
546 3799 627 3850 eis
669 3797 892 3866 largiris
924 3797 1308 3866 triumphum,
1342 3801 1403 3849 ut
1443 3797 1698 3850 Ecclesiae
1744 3804 1856 3852 tua:

151 3903 386 3956 semper
417 3887 530 3938 sint
563 3887 618 3938 in
666 3886 1012 3954 exemplum,
1046 3890 1254 3954 priesta
1287 3883 1472 3952 nobis,
1504 3902 1852 3954 quaesumus,

151 3980 214 4027 ut
253 3991 360 4044 per
407 3989 606 4026 eorum
648 3972 1113 4026 intercessionem
1155 3988 1403 4042 quorum
1437 3973 1575 4026 festa
1604 3973 1854 4027 celebra-

149 4077 298 4127 mus,
334 4059 566 4131 pietatis
601 4065 710 4112 tua)
761 4075 1002 4113 munera
1045 4058 1356 4127 capiamus.
1395 4060 1501 4112 Per
1541 4060 1850 4113 Christum.

463 4182 523 4220 lN
575 4181 827 4220 VIGILIA
874 4180 1066 4219 UNIUS
1111 4180 1566 4220 CONFESSORIS.

222 4255 378 4321 (313.)
413 4256 636 4308 [Emme
691 4256 854 4308 Deus.
893 4255 949 4307 Et
990 4254 1343 4323 majestatem
1385 4258 1540 4307 tuam
1583 4254 1852 4324 supplici-

146 4348 238 4395 ter
273 4359 533 4406 exorare,
569 4348 630 4395 ut
672 4343 769 4412 qui
806 4345 864 4396 Β.
911 4344 971 4397 Ν.
1007 4343 1347 4396 confessoris
1391 4344 1470 4396 tui
1505 4349 1674 4412 atque
1707 4360 1851 4412 pon-

148 4432 324 4485 tificis
361 4432 626 4484 natalitia
660 4431 802 4484 festa
841 4431 1059 4486 devotis
1094 4431 1477 4501 praevenimus
1517 4431 1738 4498 ofﬁciis,
1786 4433 1853 4484 il-

145 4521 261 4574 lius
293 4531 352 4573 et
392 4521 540 4590 apud
583 4521 940 4590 majestatem
975 4527 1132 4574 tuam
1161 4525 1216 4574 et
1247 4521 1584 4591 adjuvemur
1615 4522 1850 4588 meritis,

146 4614 202 4663 et
237 4609 602 4662 instruamur
632 4611 927 4679 exemplis.

461 4731 523 4769 IN
575 4731 810 4770 NATALI
861 4731 1054 4770 UNIUS
1100 4730 1552 4771 CONFESSORIS.

216 4806 452 4858 Eterne
482 4805 648 4857 Deus.
681 4805 746 4858 Et
778 4804 834 4857 iu
869 4805 972 4857 hac
1002 4804 1288 4875 prmeipue
1316 4805 1427 4871 die,
1462 4821 1635 4876 quam
1669 4810 1854 4858 trans-

142 4892 230 4946 itu
263 4909 427 4946 sacro
471 4893 528 4945 Β.
574 4893 636 4945 Ν.
675 4893 1016 4946 confessoris
1057 4893 1138 4946 tui
1186 4899 1358 4964 atque
1402 4895 1685 4964 pontiﬁcis
1729 4910 1858 4946 con-

142 4981 406 5033 secrasti.
451 4981 791 5044 Quzesumus
837 4998 973 5050 ergo
1017 4983 1380 5035 clementiam
1426 4989 1606 5038 tuam.
1649 4988 1709 5034 ut
1756 4982 1855 5035 des

145 5069 320 5123 nobis
351 5069 509 5123 illam
544 5070 704 5140 sequi
746 5070 1088 5134 doctrinam,
1124 5087 1296 5139 quam
1330 5071 1425 5124 ille
1458 5076 1512 5122 et
1546 5071 1714 5123 verbo
1747 5071 1854 5124 do—

143 5158 286 5222 cuit,
325 5144 406 5210 iet
467 5174 639 5227 opere
697 5158 1026 5227 complevit,
1087 5167 1373 5228 quatenus
1432 5175 1537 5212 nos
1597 5159 1855 5228 adjuvari

145 5246 308 5316 apud
361 5246 816 5300 misericordiam
866 5253 1024 5300 tuam
1067 5250 1124 5301 et
1166 5248 1440 5318 exemplis
1484 5246 1602 5317 ejus
1648 5248 1856 5302 sentia-

145 5351 282 5388 mus
311 5339 368 5388 et
398 5334 638 5388 meritis.
674 5335 781 5389 Per
812 5334 1122 5390 Christum.

930 5442 1078 5497 Alia.

219 5531 456 5584 λειω-ηε
512 5529 682 5584 Deus.
749 5530 815 5584 Et
868 5534 924 5583 te
975 5532 1305 5584 sanctorum
1361 5535 1590 5586 tuorum
1649 5529 1855 5584 virtute

1983 495 2100 548 mia
2129 496 2421 549 contulisti
2455 513 2468 549 :
2498 495 2774 569 quoniam
2807 511 3033 565 semper
3071 496 3127 548 in
3171 511 3344 549 manu
3388 500 3488 548 tua
3517 498 3671 559 sunt,
3731 538 3738 543 .

1983 589 2034 636 et
2077 600 2186 638 non
2223 589 2419 653 tanget
2459 584 2587 636 illos
2633 588 2983 638 tormentum
3025 584 3244 648 mortis,
3287 600 3430 654 quos
3475 588 3528 635 te
3576 599 3674 635 cu-

1981 671 2283 735 stodiente,
2323 670 2697 724 beatitudinis
2727 671 2886 723 sinus
2929 671 3257 725 intercludit
3288 688 3301 724 :
3337 670 3436 724 ubi
3467 686 3672 742 perpe-

1981 763 2078 812 tua
2117 776 2343 828 semper
2373 759 2752 813 exsultatione
2786 760 3048 812 laetantur
3083 777 3094 812 :
3135 759 3230 812 ubi
3267 759 3439 812 etiam
3472 758 3673 811 beatus

1982 863 2242 901 summus
2291 848 2578 901 confessor
2634 853 2763 900 tuus
2814 848 2878 900 N.
2925 848 3168 900 sociatus
3221 848 3480 900 exsultat.
3532 845 3673 899 Peti-

1984 951 2111 988 mus
2160 951 2296 1005 ergo
2347 941 2408 989 ut
2445 951 2664 988 memor
2702 935 2776 988 sit
2815 935 3177 988 miseriarum
3226 939 3572 1000 nostrarum,
3616 937 3670 988 et

1981 1024 2050 1077 de
2081 1029 2179 1078 tua
2225 1024 2610 1078 misericordia
2648 1023 2810 1077 nobis
2843 1025 3107 1094 impetret
3145 1022 3515 1076 beatitudinis
3553 1039 3670 1077 sum

1979 1114 2350 1167 consortium.
2386 1115 2492 1167 Per
2522 1113 2829 1168 Christum.

2150 1235 2212 1272 IN
2261 1235 2496 1272 NATALI
2547 1233 2974 1273 PLURIMORUM
3020 1231 3503 1272 CONFESSORUM.

2049 1307 2160 1376 (G.)
2206 1309 2432 1360 zEterne
2490 1307 2650 1359 Deus.
2714 1307 2776 1359 Et
2823 1307 3178 1375 majestatem
3221 1310 3381 1358 tuam
3429 1304 3673 1374 supplici

1979 1394 2279 1448 devotione
2311 1410 2565 1458 exorare,
2605 1399 2664 1446 ut
2693 1395 2991 1448 beatorum
3019 1394 3410 1447 confessorum
3440 1398 3668 1446 tuorum

1981 1484 2044 1536 N.
2081 1499 2326 1553 quorum
2364 1483 2535 1535 hodie
2567 1483 2706 1536 festa
2739 1483 3114 1545 celebramus,
3147 1482 3408 1544 obtentu,
3451 1497 3671 1534 merea-

1979 1587 2110 1625 mur
2141 1579 2301 1636 tuum
2335 1571 2592 1624 obtinere
2635 1571 2932 1624 auxilium.
2972 1571 3076 1623 Per
3107 1569 3419 1622 Christum.

2160 1694 2222 1732 1N
2272 1693 2506 1733 NATALI
2557 1692 2748 1732 l'NlUS
2795 1691 3093 1730 VIRGINIS
3140 1688 3496 1729 MARTYIUS.

2049 1767 2276 1819 Eterne
2325 1767 2492 1820 Deus.
2538 1767 2644 1819 Per
2698 1765 2982 1819 Christum
3033 1763 3337 1817 Dominum
3389 1764 3667 1814 nostrum.

1978 1853 2156 1916 Quem
2195 1854 2358 1907 beata
2390 1855 2548 1924 virgo
2576 1853 2791 1923 pariter
2821 1859 2877 1905 et
2917 1858 3134 1922 martyr
3170 1852 3234 1904 N.
3269 1848 3561 1919 diligendo
3593 1847 3668 1900 ti-

1977 1942 2144 2006 muit,
2190 1947 2244 1996 et
2275 1943 2529 1996 timendo
2568 1943 2766 1996 dilexit
2799 1959 2811 1995 :
2852 1941 3048 2010 illique
3081 1940 3389 2009 conjuncta
3426 1941 3510 1991 est
3547 1952 3668 1989 mo-

1976 2031 2200 2096 riendo,
2246 2031 2336 2084 cui
2375 2047 2433 2084 se
2471 2035 2900 2084 consecraverat
2938 2035 3086 2082 caste
3132 2017 3373 2081 vivendo
3417 2043 3430 2080 :
3472 2029 3528 2078 et
3564 2040 3670 2094 pro

1976 2135 2044 2172 eo
2085 2120 2306 2173 studuit
2345 2119 2725 2189 temporalem
2765 2119 3046 2172 sustinere
3082 2132 3330 2187 poenam,
3377 2120 3440 2168 ut
3485 2113 3556 2167 ab
3601 2128 3669 2166 eo

1973 2209 2293 2279 perciperet
2327 2210 2567 2278 gloriam
2603 2209 3032 2278 sempiternam.
3068 2207 3176 2260 Per
3206 2221 3400 2275 quem.

2740 2299 2892 2350 Alia.

2045 2387 2272 2439 [Eterne
2305 2387 2468 2439 Deus.
2517 2387 2584 2438 Et
2615 2389 2668 2438 te
2700 2385 2876 2438 beatae
2919 2385 2982 2437 N.
3031 2381 3288 2436 natalitia
3327 2379 3668 2432 recensendo

1974 2475 2226 2537 laudare,
2258 2474 2588 2544 praedicare,
2625 2479 2678 2527 et
2708 2473 3044 2527 benedicere
3075 2489 3088 2524 ι
3124 2487 3298 2541 quam
3337 2474 3492 2521 tanto
3541 2483 3668 2520 mu-

1974 2580 2107 2616 nere
2141 2563 2482 2628 sublimasti,
2519 2567 2581 2616 ut
2623 2563 2674 2616 ei
2705 2563 2992 2616 conferres
3022 2566 3079 2614 et
3122 2557 3466 2627 virginitatis
3505 2572 3665 2608 coro-

1972 2667 2104 2704 nam
2139 2658 2192 2705 et
2223 2653 2472 2722 palmam
2507 2651 2788 2721 martyrii,
2821 2651 3013 2720 sicque
3059 2649 3263 2701 virtute
3307 2645 3439 2699 fidei
3475 2649 3530 2696 et
3559 2643 3665 2694 de-

1971 2755 2099 2792 core
2129 2741 2416 2810 pudicitia?
2448 2741 2707 2809 polleret,
2741 2745 2804 2791 ut
2834 2737 3083 2792 coelestia
3116 2752 3291 2806 regna
3321 2734 3479 2802 virgo
3512 2730 3664 2801 pari-

1969 2831 2057 2881 ter
2087 2833 2142 2881 et
2169 2835 2384 2899 martyr
2417 2829 2676 2881 intraret.
2713 2829 2819 2881 Per
2851 2827 3058 2881 Christ.

2056 2948 2122 2986 1M
2174 2949 2409 2988 NATALI
2459 2949 2654 2988 UNHIS
2697 2947 2995 2986 VlBGlNlS
3041 2945 3162 2985 NON
3215 2941 3570 2982 MARTYRIS.

2038 3021 2152 3091 (G.)
2200 3023 2426 3076 zEterne
2477 3023 2639 3075 Deus.
2700 3023 2807 3074 Per
2867 3021 3153 3074 Christum
3209 3017 3514 3070 Dominum
3563 3029 3665 3066 no-

1966 3114 2167 3163 strum.
2201 3111 2310 3163 Pro
2341 3111 2504 3179 cujus
2543 3109 2835 3162 cliaritatis
2877 3109 3081 3160 ardore
3115 3106 3224 3157 ista
3251 3105 3412 3172 virgo
3446 3107 3502 3154 et
3532 3117 3660 3153 om-

1968 3214 2068 3251 nes
2101 3205 2309 3252 sanctas
2350 3200 2618 3267 virgines,
2657 3215 2688 3251 a
2717 3198 2882 3250 beata
2907 3197 3078 3250 Maria
3117 3193 3444 3262 exemplum
3485 3189 3661 3259 virgi-

1968 3287 2162 3340 nitatis
2193 3286 2874 3357 accipientes,preesentis
2907 3284 3096 3338 saeculi
3127 3283 3446 3350 voluptates
3478 3295 3542 3332 ac
3573 3277 3657 3330 di-

1963 3376 2130 3429 vitias
2170 3379 2658 3445 contempserunt.
2701 3374 2980 3438 Quoniam
3021 3378 3119 3426 tuo
3161 3372 3312 3425 dono
3354 3374 3545 3422 actum
3577 3370 3662 3419 est

1964 3468 2030 3517 ut
2057 3468 2361 3534 postquam
2402 3465 2562 3533 virgo
2601 3464 2668 3517 de
2701 3462 2922 3532 virgine
2963 3461 3192 3530 prodiit,
3231 3473 3400 3511 sexus
3439 3453 3659 3524 fragilis

1965 3557 2113 3606 esset
2173 3553 2372 3614 fortis;
2447 3558 2502 3604 et
2553 3569 2666 3622 quo
2721 3552 2829 3605 fuit
2884 3549 3156 3621 peccandi
3215 3547 3451 3600 facultas
3512 3546 3662 3597 esset

1963 3642 2227 3694 vincendi
2274 3641 2532 3694 felicitas.
2574 3640 2953 3710 Autiquisque
2997 3638 3175 3692 hostis
3220 3636 3318 3706 qui
3359 3649 3460 3705 per
3509 3631 3654 3685 anti-

1964 3747 2137 3801 quam
2169 3729 2446 3799 virginem
2479 3746 2660 3799 genus
2693 3731 3009 3782 humanum
3052 3743 3111 3780 se
3142 3725 3340 3778 vicisse
3370 3721 3656 3792 gloriaba-

1969 3824 2059 3872 tur
2090 3835 2191 3888 per
2219 3824 2438 3871 sanctas
2472 3834 2621 3871 nunc
2655 3818 2902 3887 virgines
2935 3831 3202 3886 sequaces
3245 3813 3437 3883 potius
3469 3810 3656 3863 Mariae

1965 3923 2138 3977 quam
2188 3909 2332 3971 Evae,
2378 3906 2655 3960 vincatur.
2717 3908 2782 3959 Et
2828 3907 2886 3958 in
2935 3922 3001 3956 eo
3063 3904 3243 3971 major
3295 3900 3347 3954 ei
3400 3898 3657 3952 confusio

1964 3999 2197 4058 crescat,
2233 4009 2405 4063 quam
2442 3993 2510 4046 de
2541 4009 2608 4046 eo
2650 3992 2821 4045 etiam
2863 4007 3027 4044 sexus
3060 3989 3276 4057 fragilis
3301 3989 3423 4057 jam
3453 3985 3653 4038 trium-

1965 4083 2120 4152 phat.
2154 4083 2508 4153 Quapropter
2558 4082 2897 4134 immensam
2949 4081 3218 4150 pietatem
3268 4083 3423 4130 tuam
3455 4075 3652 4129 humi-

1964 4172 2094 4225 liter
2139 4172 2500 4241 exposcimus
2541 4175 2603 4223 ut
2653 4185 2756 4238 per
2803 4171 2926 4238 ejus
2965 4166 3453 4230 intercessionem,
3494 4164 3656 4231 cujus

1966 4259 2107 4313 festa
2138 4261 2378 4314 colimus
2415 4258 2566 4328 (quas
2607 4263 2665 4310 et
2703 4273 2899 4310 sexum
2936 4256 3070 4310 vicit
3107 4261 3163 4307 et
3201 4254 3493 4320 saeculum,
3529 4251 3656 4304 tibi-

1964 4365 2075 4418 que
2101 4349 2313 4418 placuit
2342 4353 2397 4400 et
2427 4346 2769 4417 virginitatis
2798 4346 2998 4398 decore
3039 4350 3095 4397 et
3127 4343 3321 4412 vigore
3352 4339 3653 4412 passionis)

1962 4451 2067 4488 nos
2119 4451 2442 4488 mereamur
2495 4441 2553 4488 et
2602 4435 2946 4488 invisibilem
2994 4434 3214 4486 hostem
3266 4445 3556 4502 superare,
3601 4434 3657 4482 et

1964 4523 2268 4593 Unigenito
2309 4529 2408 4578 tuo
2460 4524 2702 4578 Domino
2749 4525 2879 4577 Jesu
2923 4522 3145 4578 Christo
3189 4521 3504 4575 adhaerere.
3552 4520 3658 4573 Per

1963 4627 2152 4682 quem.

2057 4733 2115 4771 lN
2166 4732 2401 4771 NATALI
2450 4731 2644 4792 UNEUS
2691 4732 2988 4772 VIRGINIS
3033 4731 3155 4770 NON
3207 4728 3556 4770 MARTYRIS.

2034 4805 2151 4873 (G.)
2184 4807 2408 4859 Eterne
2456 4806 2620 4858 Deus.
2661 4807 2724 4858 Et
2758 4805 2819 4858 in
2860 4807 2964 4859 hac
3003 4803 3363 4859 solemnitate
3396 4801 3499 4855 tibi
3532 4802 3654 4854 lau-

1961 4894 2045 4947 dis
2100 4894 2313 4946 hostias
2362 4893 2682 4958 immolare,
2734 4909 2848 4962 qua
2898 4894 3079 4947 beatae
3125 4893 3362 4962 virginis
3403 4892 3468 4944 N.
3512 4891 3657 4944 festa

1963 4983 2286 5036 venerando
2328 4984 2592 5048 colimus,
2645 4987 2699 5035 et
2736 4982 2820 5035 tui
2864 4981 3112 5034 nominis
3159 4981 3400 5051 gloriam
3449 4977 3656 5033 debitis

1962 5071 2266 5140 praeconiis
2297 5071 2749 5140 magniﬁcamus.
2782 5072 2886 5123 Per
2914 5069 3118 5122 Christ.

2178 5177 2263 5247 [IN
2309 5192 2535 5232 manu
2577 5191 2987 5231 PLuaiuouuu
3040 5189 3426 5230 murreum.

2034 5268 2260 5320 [Eterne
2322 5267 2486 5321 Deus.
2548 5267 2613 5319 Et
2670 5265 2993 5319 venientem
3049 5263 3295 5318 natalem
3351 5263 3653 5317 beatorum

1964 5359 2278 5424 martyrum
2338 5361 2567 5408 tuorum
2627 5353 2687 5407 N.
2741 5353 2933 5406 debita
2984 5352 3253 5405 servitute
3313 5352 3652 5423 praevenire,

1962 5440 2298 5511 suppliciter
2338 5442 2719 5507 obsecrantes,
2753 5445 2816 5494 ut
2841 5441 2992 5510 ipsos
3031 5457 3134 5492 nos
3174 5439 3327 5509 apud
3359 5447 3515 5494 tuam
3551 5441 3662 5494 cle-

1962 5529 2236 5583 mentiani
2271 5529 2586 5583 sentiamus
2625 5529 2833 5584 habere
2874 5534 3166 5600 patronos,
3208 5545 3374 5599 quos,
3411 5533 3509 5582 tua
3537 5530 3659 5600 glo-
