  <div class='ocr_page' id='page_1' title='image "/cluster/home/n/w/nwhite01/storage/ocr_20150623/121/hvd.32044054759832/465.png"; bbox 0 0 4048 6170; ppageno 0'>
   <div class='ocr_carea' id='block_1_1' title="bbox 407 297 515 350">
    <p class='ocr_par' dir='ltr' id='par_1_1' title="bbox 407 297 515 350">
     <span class='ocr_line' id='line_1_1' title="bbox 407 297 515 350; baseline 0 -1"><span class='ocrx_word' id='word_1_1' title='bbox 407 297 515 350; x_wconf 85' lang='grc'>919</span> 
     </span>
    </p>
   </div>
   <div class='ocr_carea' id='block_1_2' title="bbox 1551 285 2764 347">
    <p class='ocr_par' dir='ltr' id='par_1_2' title="bbox 1551 285 2764 347">
     <span class='ocr_line' id='line_1_2' title="bbox 1551 285 2764 347; baseline -0.007 0"><span class='ocrx_word' id='word_1_2' title='bbox 1551 292 1887 347; x_wconf 68' lang='grc' dir='ltr'>(ΞΒΙΜΑΙᾸΠ</span> <span class='ocrx_word' id='word_1_3' title='bbox 1924 287 2430 346; x_wconf 79' lang='lat' dir='ltr'>SANCALLENSIS</span> <span class='ocrx_word' id='word_1_4' title='bbox 2470 285 2764 341; x_wconf 83' lang='lat' dir='ltr'>ABBATIS</span> 
     </span>
    </p>
   </div>
   <div class='ocr_carea' id='block_1_3' title="bbox 407 420 2184 493">
    <p class='ocr_par' dir='ltr' id='par_1_3' title="bbox 407 420 2184 493">
     <span class='ocr_line' id='line_1_3' title="bbox 407 420 2184 493; baseline -0.002 -16"><span class='ocrx_word' id='word_1_5' title='bbox 407 424 490 477; x_wconf 89' lang='lat' dir='ltr'>ria</span> <span class='ocrx_word' id='word_1_6' title='bbox 521 421 823 491; x_wconf 82' lang='lat' dir='ltr'>largiente,</span> <span class='ocrx_word' id='word_1_7' title='bbox 856 421 1172 476; x_wconf 89' lang='lat' dir='ltr'>meruimus</span> <span class='ocrx_word' id='word_1_8' title='bbox 1203 427 1433 476; x_wconf 64' lang='lat' dir='ltr'>internae</span> <span class='ocrx_word' id='word_1_9' title='bbox 1465 421 1660 475; x_wconf 89' lang='lat' dir='ltr'>salutis</span> <span class='ocrx_word' id='word_1_10' title='bbox 1691 422 1974 493; x_wconf 84' lang='lat' dir='ltr'>suscipere</span> <span class='ocrx_word' id='word_1_11' title='bbox 2003 420 2104 475; x_wconf 87' lang='lat' dir='ltr'>mi-</span> <span class='ocrx_word' id='word_1_12' title='bbox 2142 421 2184 474; x_wconf 86' lang='grc' dir='ltr'><strong>Δ</strong></span> 
     </span>
    </p>
   </div>
   <div class='ocr_carea' id='block_1_4' title="bbox 409 510 1030 579">
    <p class='ocr_par' dir='ltr' id='par_1_4' title="bbox 409 510 1030 579">
     <span class='ocr_line' id='line_1_4' title="bbox 409 510 1030 579; baseline -0.006 -13"><span class='ocrx_word' id='word_1_13' title='bbox 409 511 637 566; x_wconf 87' lang='lat' dir='ltr'>nistros.</span> <span class='ocrx_word' id='word_1_14' title='bbox 671 511 777 564; x_wconf 90' lang='lat' dir='ltr'>Per</span> <span class='ocrx_word' id='word_1_15' title='bbox 808 510 1030 579; x_wconf 90' lang='lat' dir='ltr'>Christ.]</span> 
     </span>
    </p>
   </div>
   <div class='ocr_carea' id='block_1_5' title="bbox 789 630 1719 671">
    <p class='ocr_par' dir='ltr' id='par_1_5' title="bbox 789 630 1719 671">
     <span class='ocr_line' id='line_1_5' title="bbox 789 630 1719 671; baseline 0 -1"><span class='ocrx_word' id='word_1_16' title='bbox 789 632 851 670; x_wconf 85' lang='lat' dir='ltr'>IN</span> <span class='ocrx_word' id='word_1_17' title='bbox 908 631 1290 671; x_wconf 70' lang='lat' dir='ltr'>DEDICATION</span> <span class='ocrx_word' id='word_1_18' title='bbox 1309 632 1336 670; x_wconf 84' lang='lat' dir='ltr'>E</span> <span class='ocrx_word' id='word_1_19' title='bbox 1385 630 1719 671; x_wconf 73' lang='lat' dir='ltr'>ECCLESl/E.</span> 
     </span>
    </p>
   </div>
   <div class='ocr_carea' id='block_1_6' title="bbox 482 704 2105 774">
    <p class='ocr_par' dir='ltr' id='par_1_6' title="bbox 482 704 2105 774">
     <span class='ocr_line' id='line_1_6' title="bbox 482 704 2105 774; baseline -0.002 -15"><span class='ocrx_word' id='word_1_20' title='bbox 482 708 709 760; x_wconf 65' lang='lat' dir='ltr'>AZterne</span> <span class='ocrx_word' id='word_1_21' title='bbox 753 706 917 759; x_wconf 89' lang='lat' dir='ltr'>Deus.</span> <span class='ocrx_word' id='word_1_22' title='bbox 967 705 1030 758; x_wconf 87' lang='lat' dir='ltr'>Et</span> <span class='ocrx_word' id='word_1_23' title='bbox 1067 720 1402 774; x_wconf 17' lang='lat' dir='ltr'>provannua</span> <span class='ocrx_word' id='word_1_24' title='bbox 1437 704 1789 757; x_wconf 78' lang='lat' dir='ltr'>dedicatione</span> <span class='ocrx_word' id='word_1_25' title='bbox 1834 704 2105 757; x_wconf 87' lang='lat' dir='ltr'>taberna—</span> 
     </span>
    </p>
   </div>
   <div class='ocr_carea' id='block_1_7' title="bbox 412 792 2109 864">
    <p class='ocr_par' dir='ltr' id='par_1_7' title="bbox 412 792 2109 864">
     <span class='ocr_line' id='line_1_7' title="bbox 412 792 2109 864; baseline -0.002 -17"><span class='ocrx_word' id='word_1_26' title='bbox 412 794 527 847; x_wconf 85' lang='lat' dir='ltr'>culi</span> <span class='ocrx_word' id='word_1_27' title='bbox 554 794 727 864; x_wconf 87' lang='lat' dir='ltr'><strong>hujus</strong></span> <span class='ocrx_word' id='word_1_28' title='bbox 759 794 1035 847; x_wconf 84' lang='lat' dir='ltr'>honorem</span> <span class='ocrx_word' id='word_1_29' title='bbox 1068 793 1169 847; x_wconf 83' lang='lat' dir='ltr'>tibi</span> <span class='ocrx_word' id='word_1_30' title='bbox 1200 794 1524 864; x_wconf 80' lang='lat' dir='ltr'>gratiasque</span> <span class='ocrx_word' id='word_1_31' title='bbox 1555 794 1785 860; x_wconf 87' lang='lat' dir='ltr'>referre,</span> <span class='ocrx_word' id='word_1_32' title='bbox 1820 794 1980 863; x_wconf 86' lang='lat' dir='ltr'><strong>cujus</strong></span> <span class='ocrx_word' id='word_1_33' title='bbox 2009 792 2109 845; x_wconf 90' lang='lat' dir='ltr'>vir-</span> 
     </span>
    </p>
   </div>
   <div class='ocr_carea' id='block_1_8' title="bbox 410 880 2107 952">
    <p class='ocr_par' dir='ltr' id='par_1_8' title="bbox 410 880 2107 952">
     <span class='ocr_line' id='line_1_8' title="bbox 410 880 2107 952; baseline -0.001 -17"><span class='ocrx_word' id='word_1_34' title='bbox 410 888 501 936; x_wconf 90' lang='lat' dir='ltr'>tus</span> <span class='ocrx_word' id='word_1_35' title='bbox 542 898 768 952; x_wconf 88' lang='lat' dir='ltr'>magna,</span> <span class='ocrx_word' id='word_1_36' title='bbox 812 881 992 952; x_wconf 89' lang='lat' dir='ltr'>pietas</span> <span class='ocrx_word' id='word_1_37' title='bbox 1035 881 1280 950; x_wconf 89' lang='lat' dir='ltr'>copiosa.</span> <span class='ocrx_word' id='word_1_38' title='bbox 1342 880 1596 950; x_wconf 80' lang='lat' dir='ltr'>Respice,</span> <span class='ocrx_word' id='word_1_39' title='bbox 1635 897 1988 950; x_wconf 66' lang='lat' dir='ltr'>quaesumus,</span> <span class='ocrx_word' id='word_1_40' title='bbox 2037 880 2107 933; x_wconf 89' lang='lat' dir='ltr'>de</span> 
     </span>
    </p>
   </div>
   <div class='ocr_carea' id='block_1_9' title="bbox 412 969 2107 1040">
    <p class='ocr_par' dir='ltr' id='par_1_9' title="bbox 412 969 2107 1040">
     <span class='ocr_line' id='line_1_9' title="bbox 412 969 2107 1040; baseline -0.002 -14"><span class='ocrx_word' id='word_1_41' title='bbox 412 973 576 1039; x_wconf 66' lang='lat' dir='ltr'>caelo,</span> <span class='ocrx_word' id='word_1_42' title='bbox 620 978 676 1025; x_wconf 90' lang='lat' dir='ltr'>et</span> <span class='ocrx_word' id='word_1_43' title='bbox 712 971 859 1037; x_wconf 85' lang='lat' dir='ltr'>vide,</span> <span class='ocrx_word' id='word_1_44' title='bbox 906 976 963 1024; x_wconf 90' lang='lat' dir='ltr'>et</span> <span class='ocrx_word' id='word_1_45' title='bbox 994 970 1156 1024; x_wconf 92' lang='lat' dir='ltr'>visita</span> <span class='ocrx_word' id='word_1_46' title='bbox 1202 970 1438 1023; x_wconf 89' lang='lat' dir='ltr'>domum</span> <span class='ocrx_word' id='word_1_47' title='bbox 1477 970 1667 1035; x_wconf 91' lang='lat' dir='ltr'>istam,</span> <span class='ocrx_word' id='word_1_48' title='bbox 1704 976 1765 1023; x_wconf 91' lang='lat' dir='ltr'>ut</span> <span class='ocrx_word' id='word_1_49' title='bbox 1803 970 1849 1023; x_wconf 89' lang='lat' dir='ltr'>si</span> <span class='ocrx_word' id='word_1_50' title='bbox 1881 969 2009 1040; x_wconf 89' lang='lat' dir='ltr'>quis</span> <span class='ocrx_word' id='word_1_51' title='bbox 2046 970 2107 1022; x_wconf 94' lang='lat' dir='ltr'>in</span> 
     </span>
    </p>
   </div>
   <div class='ocr_carea' id='block_1_10' title="bbox 415 1058 2110 1127">
    <p class='ocr_par' dir='ltr' id='par_1_10' title="bbox 415 1058 2110 1127">
     <span class='ocr_line' id='line_1_10' title="bbox 415 1058 2110 1127; baseline -0.001 -15"><span class='ocrx_word' id='word_1_52' title='bbox 415 1077 481 1113; x_wconf 92' lang='lat' dir='ltr'>ea</span> <span class='ocrx_word' id='word_1_53' title='bbox 530 1058 753 1113; x_wconf 89' lang='lat' dir='ltr'>nomini</span> <span class='ocrx_word' id='word_1_54' title='bbox 803 1064 899 1112; x_wconf 89' lang='lat' dir='ltr'>tuo</span> <span class='ocrx_word' id='word_1_55' title='bbox 950 1058 1372 1127; x_wconf 87' lang='lat' dir='ltr'>supplicaverit,</span> <span class='ocrx_word' id='word_1_56' title='bbox 1417 1058 1661 1111; x_wconf 77' lang='lat' dir='ltr'>libenter</span> <span class='ocrx_word' id='word_1_57' title='bbox 1712 1058 2000 1123; x_wconf 78' lang='lat' dir='ltr'>exaudias,</span> <span class='ocrx_word' id='word_1_58' title='bbox 2052 1064 2110 1111; x_wconf 90' lang='lat' dir='ltr'>et</span> 
     </span>
    </p>
   </div>
   <div class='ocr_carea' id='block_1_11' title="bbox 415 1146 2107 1217">
    <p class='ocr_par' dir='ltr' id='par_1_11' title="bbox 415 1146 2107 1217">
     <span class='ocr_line' id='line_1_11' title="bbox 415 1146 2107 1217; baseline -0.002 -15"><span class='ocrx_word' id='word_1_59' title='bbox 415 1148 889 1202; x_wconf 88' lang='lat' dir='ltr'>satisfacientibus</span> <span class='ocrx_word' id='word_1_60' title='bbox 946 1148 1256 1200; x_wconf 90' lang='lat' dir='ltr'>clementer</span> <span class='ocrx_word' id='word_1_61' title='bbox 1316 1146 1595 1217; x_wconf 81' lang='lat' dir='ltr'>ignoscas.</span> <span class='ocrx_word' id='word_1_62' title='bbox 1651 1148 1754 1200; x_wconf 83' lang='lat' dir='ltr'>Per</span> <span class='ocrx_word' id='word_1_63' title='bbox 1818 1147 2107 1200; x_wconf 84' lang='lat' dir='ltr'>Christum</span> 
     </span>
    </p>
   </div>
   <div class='ocr_carea' id='block_1_12' title="bbox 416 1234 2106 1291">
    <p class='ocr_par' dir='ltr' id='par_1_12' title="bbox 416 1234 2106 1291">
     <span class='ocr_line' id='line_1_12' title="bbox 416 1234 2106 1291; baseline -0.002 0"><span class='ocrx_word' id='word_1_64' title='bbox 416 1236 727 1291; x_wconf 90' lang='lat' dir='ltr'>Dominum</span> <span class='ocrx_word' id='word_1_65' title='bbox 756 1240 1032 1289; x_wconf 87' lang='lat' dir='ltr'>nostrum.</span> <span class='ocrx_word' id='word_1_66' title='bbox 1062 1236 1161 1289; x_wconf 85' lang='lat' dir='ltr'>Hic</span> <span class='ocrx_word' id='word_1_67' title='bbox 1186 1234 1289 1289; x_wconf 92' lang='lat' dir='ltr'>tibi</span> <span class='ocrx_word' id='word_1_68' title='bbox 1311 1236 1628 1289; x_wconf 82' lang='lat' dir='ltr'>sacerdotes</span> <span class='ocrx_word' id='word_1_69' title='bbox 1656 1235 1737 1288; x_wconf 90' lang='lat' dir='ltr'>tui</span> <span class='ocrx_word' id='word_1_70' title='bbox 1766 1234 2106 1288; x_wconf 82' lang='lat' dir='ltr'>sacrificium</span> 
     </span>
    </p>
   </div>
   <div class='ocr_carea' id='block_1_13' title="bbox 415 1324 2104 1394">
    <p class='ocr_par' dir='ltr' id='par_1_13' title="bbox 415 1324 2104 1394">
     <span class='ocr_line' id='line_1_13' title="bbox 415 1324 2104 1394; baseline -0.002 -15"><span class='ocrx_word' id='word_1_71' title='bbox 415 1325 601 1379; x_wconf 82' lang='lat' dir='ltr'>laudis</span> <span class='ocrx_word' id='word_1_72' title='bbox 635 1324 894 1388; x_wconf 73' lang='lat' dir='ltr'>oti‘erant,</span> <span class='ocrx_word' id='word_1_73' title='bbox 940 1324 1034 1378; x_wconf 88' lang='lat' dir='ltr'>hic</span> <span class='ocrx_word' id='word_1_74' title='bbox 1076 1324 1259 1377; x_wconf 78' lang='lat' dir='ltr'>fidelis</span> <span class='ocrx_word' id='word_1_75' title='bbox 1302 1325 1548 1394; x_wconf 91' lang='lat' dir='ltr'>populus</span> <span class='ocrx_word' id='word_1_76' title='bbox 1591 1330 1717 1377; x_wconf 83' lang='lat' dir='ltr'>vota</span> <span class='ocrx_word' id='word_1_77' title='bbox 1758 1324 2104 1393; x_wconf 84' lang='lat' dir='ltr'>persolvant.</span> 
     </span>
    </p>
   </div>
   <div class='ocr_carea' id='block_1_14' title="bbox 416 1413 2109 1483">
    <p class='ocr_par' dir='ltr' id='par_1_14' title="bbox 416 1413 2109 1483">
     <span class='ocr_line' id='line_1_14' title="bbox 416 1413 2109 1483; baseline -0.001 -16"><span class='ocrx_word' id='word_1_78' title='bbox 416 1414 509 1467; x_wconf 90' lang='lat' dir='ltr'>hic</span> <span class='ocrx_word' id='word_1_79' title='bbox 548 1418 908 1483; x_wconf 73' lang='lat' dir='ltr'>peccatorum</span> <span class='ocrx_word' id='word_1_80' title='bbox 950 1430 1125 1466; x_wconf 92' lang='lat' dir='ltr'>oncra</span> <span class='ocrx_word' id='word_1_81' title='bbox 1166 1414 1559 1483; x_wconf 81' lang='lat' dir='ltr'>deponantur;</span> <span class='ocrx_word' id='word_1_82' title='bbox 1598 1413 1687 1466; x_wconf 90' lang='lat' dir='ltr'>hic</span> <span class='ocrx_word' id='word_1_83' title='bbox 1728 1413 1867 1466; x_wconf 83' lang='lat' dir='ltr'>fides</span> <span class='ocrx_word' id='word_1_84' title='bbox 1915 1418 2109 1465; x_wconf 84' lang='lat' dir='ltr'>sancta</span> 
     </span>
    </p>
   </div>
   <div class='ocr_carea' id='block_1_15' title="bbox 415 1500 2107 1572">
    <p class='ocr_par' dir='ltr' id='par_1_15' title="bbox 415 1500 2107 1572">
     <span class='ocr_line' id='line_1_15' title="bbox 415 1500 2107 1572; baseline -0.002 -16"><span class='ocrx_word' id='word_1_85' title='bbox 415 1500 762 1569; x_wconf 82' lang='lat' dir='ltr'>stabiliatur,</span> <span class='ocrx_word' id='word_1_86' title='bbox 800 1502 890 1554; x_wconf 91' lang='lat' dir='ltr'>hic</span> <span class='ocrx_word' id='word_1_87' title='bbox 930 1502 1049 1571; x_wconf 91' lang='lat' dir='ltr'>ipse</span> <span class='ocrx_word' id='word_1_88' title='bbox 1082 1502 1230 1555; x_wconf 89' lang='lat' dir='ltr'>inter</span> <span class='ocrx_word' id='word_1_89' title='bbox 1264 1503 1501 1568; x_wconf 91' lang='lat' dir='ltr'>bonum,</span> <span class='ocrx_word' id='word_1_90' title='bbox 1540 1504 1871 1572; x_wconf 88' lang='lat' dir='ltr'>malumque</span> <span class='ocrx_word' id='word_1_91' title='bbox 1898 1502 2107 1554; x_wconf 87' lang='lat' dir='ltr'>discer-</span> 
     </span>
    </p>
   </div>
   <div class='ocr_carea' id='block_1_16' title="bbox 418 1590 2109 1661">
    <p class='ocr_par' dir='ltr' id='par_1_16' title="bbox 418 1590 2109 1661">
     <span class='ocr_line' id='line_1_16' title="bbox 418 1590 2109 1661; baseline -0.001 -18"><span class='ocrx_word' id='word_1_92' title='bbox 418 1607 537 1658; x_wconf 90' lang='lat' dir='ltr'>nas,</span> <span class='ocrx_word' id='word_1_93' title='bbox 572 1606 701 1643; x_wconf 90' lang='lat' dir='ltr'>cum</span> <span class='ocrx_word' id='word_1_94' title='bbox 731 1606 961 1643; x_wconf 87' lang='lat' dir='ltr'>causam</span> <span class='ocrx_word' id='word_1_95' title='bbox 994 1590 1386 1660; x_wconf 85' lang='lat' dir='ltr'>interpellator</span> <span class='ocrx_word' id='word_1_96' title='bbox 1416 1591 1768 1657; x_wconf 79' lang='lat' dir='ltr'>indicaverit,</span> <span class='ocrx_word' id='word_1_97' title='bbox 1794 1608 1967 1661; x_wconf 90' lang='lat' dir='ltr'>quam</span> <span class='ocrx_word' id='word_1_98' title='bbox 1994 1605 2109 1643; x_wconf 89' lang='lat' dir='ltr'>non</span> 
     </span>
    </p>
   </div>
   <div class='ocr_carea' id='block_1_17' title="bbox 414 1678 2109 1750">
    <p class='ocr_par' dir='ltr' id='par_1_17' title="bbox 414 1678 2109 1750">
     <span class='ocr_line' id='line_1_17' title="bbox 414 1678 2109 1750; baseline -0.001 -18"><span class='ocrx_word' id='word_1_99' title='bbox 414 1679 676 1750; x_wconf 84' lang='lat' dir='ltr'>ignoras;</span> <span class='ocrx_word' id='word_1_100' title='bbox 716 1678 807 1732; x_wconf 91' lang='lat' dir='ltr'>hic</span> <span class='ocrx_word' id='word_1_101' title='bbox 851 1678 1032 1748; x_wconf 90' lang='lat' dir='ltr'>pietas</span> <span class='ocrx_word' id='word_1_102' title='bbox 1070 1679 1331 1732; x_wconf 89' lang='lat' dir='ltr'>absoluta</span> <span class='ocrx_word' id='word_1_103' title='bbox 1383 1680 1600 1742; x_wconf 86' lang='lat' dir='ltr'>redeat,</span> <span class='ocrx_word' id='word_1_104' title='bbox 1650 1679 1784 1732; x_wconf 90' lang='lat' dir='ltr'>hinc</span> <span class='ocrx_word' id='word_1_105' title='bbox 1840 1679 2109 1750; x_wconf 88' lang='lat' dir='ltr'>iniquitas</span> 
     </span>
    </p>
   </div>
   <div class='ocr_carea' id='block_1_18' title="bbox 417 1767 2109 1837">
    <p class='ocr_par' dir='ltr' id='par_1_18' title="bbox 417 1767 2109 1837">
     <span class='ocr_line' id='line_1_18' title="bbox 417 1767 2109 1837; baseline -0.002 -14"><span class='ocrx_word' id='word_1_106' title='bbox 417 1769 720 1823; x_wconf 88' lang='lat' dir='ltr'>emendata</span> <span class='ocrx_word' id='word_1_107' title='bbox 748 1768 1018 1822; x_wconf 87' lang='lat' dir='ltr'>discedat.</span> <span class='ocrx_word' id='word_1_108' title='bbox 1054 1768 1307 1821; x_wconf 86' lang='lat' dir='ltr'>Inveniat</span> <span class='ocrx_word' id='word_1_109' title='bbox 1340 1768 1490 1837; x_wconf 90' lang='lat' dir='ltr'>apud</span> <span class='ocrx_word' id='word_1_110' title='bbox 1524 1773 1597 1834; x_wconf 88' lang='lat' dir='ltr'>te,</span> <span class='ocrx_word' id='word_1_111' title='bbox 1631 1767 1888 1833; x_wconf 88' lang='lat' dir='ltr'>Domine,</span> <span class='ocrx_word' id='word_1_112' title='bbox 1921 1768 2109 1821; x_wconf 92' lang='lat' dir='ltr'>locum</span> 
     </span>
    </p>
   </div>
   <div class='ocr_carea' id='block_1_19' title="bbox 418 1856 2113 1927">
    <p class='ocr_par' dir='ltr' id='par_1_19' title="bbox 418 1856 2113 1927">
     <span class='ocr_line' id='line_1_19' title="bbox 418 1856 2113 1927; baseline 0 -18"><span class='ocrx_word' id='word_1_113' title='bbox 418 1856 620 1924; x_wconf 76' lang='lat' dir='ltr'>veniae,</span> <span class='ocrx_word' id='word_1_114' title='bbox 663 1856 1014 1927; x_wconf 87' lang='lat' dir='ltr'>quicumque</span> <span class='ocrx_word' id='word_1_115' title='bbox 1060 1857 1213 1909; x_wconf 89' lang='lat' dir='ltr'>hunc</span> <span class='ocrx_word' id='word_1_116' title='bbox 1258 1856 1606 1910; x_wconf 86' lang='lat' dir='ltr'>satisfaciens</span> <span class='ocrx_word' id='word_1_117' title='bbox 1663 1856 2004 1926; x_wconf 83' lang='lat' dir='ltr'>confugerit,</span> <span class='ocrx_word' id='word_1_118' title='bbox 2058 1860 2113 1909; x_wconf 89' lang='lat' dir='ltr'>et</span> 
     </span>
    </p>
   </div>
   <div class='ocr_carea' id='block_1_20' title="bbox 420 1945 2111 2011">
    <p class='ocr_par' dir='ltr' id='par_1_20' title="bbox 420 1945 2111 2011">
     <span class='ocr_line' id='line_1_20' title="bbox 420 1945 2111 2011; baseline -0.001 -12"><span class='ocrx_word' id='word_1_119' title='bbox 420 1947 649 2001; x_wconf 88' lang='lat' dir='ltr'>conscio</span> <span class='ocrx_word' id='word_1_120' title='bbox 693 1946 886 1999; x_wconf 90' lang='lat' dir='ltr'>dolore</span> <span class='ocrx_word' id='word_1_121' title='bbox 932 1946 1128 2011; x_wconf 91' lang='lat' dir='ltr'>victus,</span> <span class='ocrx_word' id='word_1_122' title='bbox 1166 1946 1368 1998; x_wconf 88' lang='lat' dir='ltr'>altaria</span> <span class='ocrx_word' id='word_1_123' title='bbox 1400 1951 1497 1998; x_wconf 88' lang='lat' dir='ltr'>tua</span> <span class='ocrx_word' id='word_1_124' title='bbox 1532 1945 1664 1998; x_wconf 87' lang='lat' dir='ltr'>rivis</span> <span class='ocrx_word' id='word_1_125' title='bbox 1694 1961 1927 1998; x_wconf 90' lang='lat' dir='ltr'>suarum</span> <span class='ocrx_word' id='word_1_126' title='bbox 1962 1946 2111 1998; x_wconf 89' lang='lat' dir='ltr'>lave-</span> 
     </span>
    </p>
   </div>
   <div class='ocr_carea' id='block_1_21' title="bbox 420 2032 2113 2105">
    <p class='ocr_par' dir='ltr' id='par_1_21' title="bbox 420 2032 2113 2105">
     <span class='ocr_line' id='line_1_21' title="bbox 420 2032 2113 2105; baseline 0 -18"><span class='ocrx_word' id='word_1_127' title='bbox 420 2035 496 2088; x_wconf 90' lang='lat' dir='ltr'>rit</span> <span class='ocrx_word' id='word_1_128' title='bbox 543 2035 944 2105; x_wconf 82' lang='lat' dir='ltr'>lacrymarum.</span> <span class='ocrx_word' id='word_1_129' title='bbox 978 2034 1076 2088; x_wconf 87' lang='lat' dir='ltr'>Hic</span> <span class='ocrx_word' id='word_1_130' title='bbox 1118 2032 1164 2086; x_wconf 91' lang='lat' dir='ltr'><strong>si</strong></span> <span class='ocrx_word' id='word_1_131' title='bbox 1213 2034 1441 2103; x_wconf 89' lang='lat' dir='ltr'>quando</span> <span class='ocrx_word' id='word_1_132' title='bbox 1471 2035 1721 2104; x_wconf 90' lang='lat' dir='ltr'>populus</span> <span class='ocrx_word' id='word_1_133' title='bbox 1763 2038 1895 2087; x_wconf 89' lang='lat' dir='ltr'>tuus</span> <span class='ocrx_word' id='word_1_134' title='bbox 1934 2034 2113 2087; x_wconf 85' lang='lat' dir='ltr'>tristis</span> 
     </span>
    </p>
   </div>
   <div class='ocr_carea' id='block_1_22' title="bbox 421 2122 2112 2193">
    <p class='ocr_par' dir='ltr' id='par_1_22' title="bbox 421 2122 2112 2193">
     <span class='ocr_line' id='line_1_22' title="bbox 421 2122 2112 2193; baseline 0 -18"><span class='ocrx_word' id='word_1_135' title='bbox 421 2128 769 2193; x_wconf 75' lang='lat' dir='ltr'>incestusque</span> <span class='ocrx_word' id='word_1_136' title='bbox 807 2123 1159 2187; x_wconf 87' lang='lat' dir='ltr'>convenerit,</span> <span class='ocrx_word' id='word_1_137' title='bbox 1202 2122 1495 2193; x_wconf 90' lang='lat' dir='ltr'>acquiesce</span> <span class='ocrx_word' id='word_1_138' title='bbox 1529 2125 1742 2192; x_wconf 88' lang='lat' dir='ltr'>rogari,</span> <span class='ocrx_word' id='word_1_139' title='bbox 1787 2128 1843 2176; x_wconf 89' lang='lat' dir='ltr'>et</span> <span class='ocrx_word' id='word_1_140' title='bbox 1880 2128 2112 2193; x_wconf 87' lang='lat' dir='ltr'>rogatus</span> 
     </span>
    </p>
   </div>
   <div class='ocr_carea' id='block_1_23' title="bbox 419 2210 1036 2282">
    <p class='ocr_par' dir='ltr' id='par_1_23' title="bbox 419 2210 1036 2282">
     <span class='ocr_line' id='line_1_23' title="bbox 419 2210 1036 2282; baseline -0.002 -18"><span class='ocrx_word' id='word_1_141' title='bbox 419 2210 675 2282; x_wconf 81' lang='lat' dir='ltr'>indulge.</span> <span class='ocrx_word' id='word_1_142' title='bbox 707 2213 813 2264; x_wconf 89' lang='lat' dir='ltr'>Per</span> <span class='ocrx_word' id='word_1_143' title='bbox 843 2226 1036 2281; x_wconf 88' lang='lat' dir='ltr'>quem.</span> 
     </span>
    </p>
   </div>
   <div class='ocr_carea' id='block_1_24' title="bbox 777 2330 1767 2372">
    <p class='ocr_par' dir='ltr' id='par_1_24' title="bbox 777 2330 1767 2372">
     <span class='ocr_line' id='line_1_24' title="bbox 777 2330 1767 2372; baseline -0.003 -3"><span class='ocrx_word' id='word_1_144' title='bbox 777 2330 841 2369; x_wconf 92' lang='lat' dir='ltr'>IN</span> <span class='ocrx_word' id='word_1_145' title='bbox 887 2330 1412 2372; x_wconf 78' lang='lat' dir='ltr'>CONSECRATIONE</span> <span class='ocrx_word' id='word_1_146' title='bbox 1459 2331 1767 2372; x_wconf 75' lang='lat' dir='ltr'>ALTARIS..</span> 
     </span>
    </p>
   </div>
   <div class='ocr_carea' id='block_1_25' title="bbox 489 2422 2113 2478">
    <p class='ocr_par' dir='ltr' id='par_1_25' title="bbox 489 2422 2113 2478">
     <span class='ocr_line' id='line_1_25' title="bbox 489 2422 2113 2478; baseline 0.001 -1"><span class='ocrx_word' id='word_1_147' title='bbox 489 2425 714 2477; x_wconf 62' lang='lat' dir='ltr'>zEterne</span> <span class='ocrx_word' id='word_1_148' title='bbox 730 2423 895 2477; x_wconf 90' lang='lat' dir='ltr'>Deus.</span> <span class='ocrx_word' id='word_1_149' title='bbox 934 2425 1041 2477; x_wconf 92' lang='lat' dir='ltr'>Per</span> <span class='ocrx_word' id='word_1_150' title='bbox 1065 2422 1355 2477; x_wconf 91' lang='lat' dir='ltr'>Christum</span> <span class='ocrx_word' id='word_1_151' title='bbox 1373 2423 1676 2477; x_wconf 88' lang='lat' dir='ltr'>Dominum</span> <span class='ocrx_word' id='word_1_152' title='bbox 1693 2428 1971 2477; x_wconf 89' lang='lat' dir='ltr'>nostrum.</span> <span class='ocrx_word' id='word_1_153' title='bbox 2008 2425 2113 2478; x_wconf 87' lang='lat' dir='ltr'>Per</span> 
     </span>
    </p>
   </div>
   <div class='ocr_carea' id='block_1_26' title="bbox 420 2512 2112 2582">
    <p class='ocr_par' dir='ltr' id='par_1_26' title="bbox 420 2512 2112 2582">
     <span class='ocr_line' id='line_1_26' title="bbox 420 2512 2112 2582; baseline 0.001 -18"><span class='ocrx_word' id='word_1_154' title='bbox 420 2527 592 2582; x_wconf 85' lang='lat' dir='ltr'>quem</span> <span class='ocrx_word' id='word_1_155' title='bbox 623 2517 678 2565; x_wconf 90' lang='lat' dir='ltr'>te</span> <span class='ocrx_word' id='word_1_156' title='bbox 704 2512 1039 2582; x_wconf 87' lang='lat' dir='ltr'>suppliciter</span> <span class='ocrx_word' id='word_1_157' title='bbox 1067 2512 1442 2582; x_wconf 87' lang='lat' dir='ltr'>deprecamur</span> <span class='ocrx_word' id='word_1_158' title='bbox 1475 2517 1533 2565; x_wconf 91' lang='lat' dir='ltr'>ut</span> <span class='ocrx_word' id='word_1_159' title='bbox 1564 2514 1739 2567; x_wconf 87' lang='lat' dir='ltr'>altare</span> <span class='ocrx_word' id='word_1_160' title='bbox 1766 2514 1873 2566; x_wconf 91' lang='lat' dir='ltr'>hoc</span> <span class='ocrx_word' id='word_1_161' title='bbox 1904 2513 2112 2567; x_wconf 88' lang='lat' dir='ltr'>sanctis</span> 
     </span>
    </p>
   </div>
   <div class='ocr_carea' id='block_1_27' title="bbox 420 2601 2115 2671">
    <p class='ocr_par' dir='ltr' id='par_1_27' title="bbox 420 2601 2115 2671">
     <span class='ocr_line' id='line_1_27' title="bbox 420 2601 2115 2671; baseline 0.002 -18"><span class='ocrx_word' id='word_1_162' title='bbox 420 2601 617 2654; x_wconf 88' lang='lat' dir='ltr'>usibus</span> <span class='ocrx_word' id='word_1_163' title='bbox 666 2606 1074 2671; x_wconf 72' lang='lat' dir='ltr'>praeparatum,</span> <span class='ocrx_word' id='word_1_164' title='bbox 1121 2602 1333 2655; x_wconf 66' lang='lat' dir='ltr'>caelesti</span> <span class='ocrx_word' id='word_1_165' title='bbox 1382 2602 1829 2656; x_wconf 85' lang='lat' dir='ltr'>sanctificatione</span> <span class='ocrx_word' id='word_1_166' title='bbox 1872 2602 2115 2657; x_wconf 81' lang='lat' dir='ltr'>sanctiﬁ-</span> 
     </span>
    </p>
   </div>
   <div class='ocr_carea' id='block_1_28' title="bbox 420 2690 2114 2761">
    <p class='ocr_par' dir='ltr' id='par_1_28' title="bbox 420 2690 2114 2761">
     <span class='ocr_line' id='line_1_28' title="bbox 420 2690 2114 2761; baseline 0.001 -18"><span class='ocrx_word' id='word_1_167' title='bbox 420 2706 511 2743; x_wconf 87' lang='lat' dir='ltr'>ces</span> <span class='ocrx_word' id='word_1_168' title='bbox 538 2707 550 2743; x_wconf 92' lang='lat'><strong>:</strong></span> <span class='ocrx_word' id='word_1_169' title='bbox 575 2695 640 2743; x_wconf 91' lang='lat' dir='ltr'>ut</span> <span class='ocrx_word' id='word_1_170' title='bbox 660 2690 805 2743; x_wconf 85' lang='lat' dir='ltr'>sicut</span> <span class='ocrx_word' id='word_1_171' title='bbox 824 2690 1232 2744; x_wconf 87' lang='lat' dir='ltr'>Melchisedech</span> <span class='ocrx_word' id='word_1_172' title='bbox 1254 2690 1563 2744; x_wconf 84' lang='lat' dir='ltr'>sacerdotis</span> <span class='ocrx_word' id='word_1_173' title='bbox 1582 2690 1857 2761; x_wconf 58' lang='lat' dir='ltr'>praecipui</span> <span class='ocrx_word' id='word_1_174' title='bbox 1883 2691 2114 2746; x_wconf 85' lang='lat' dir='ltr'>oblatio-</span> 
     </span>
    </p>
   </div>
   <div class='ocr_carea' id='block_1_29' title="bbox 422 2779 2113 2850">
    <p class='ocr_par' dir='ltr' id='par_1_29' title="bbox 422 2779 2113 2850">
     <span class='ocr_line' id='line_1_29' title="bbox 422 2779 2113 2850; baseline 0.002 -20"><span class='ocrx_word' id='word_1_175' title='bbox 422 2794 552 2831; x_wconf 91' lang='lat' dir='ltr'>nem</span> <span class='ocrx_word' id='word_1_176' title='bbox 583 2779 918 2849; x_wconf 87' lang='lat' dir='ltr'>dignatione</span> <span class='ocrx_word' id='word_1_177' title='bbox 952 2779 1203 2833; x_wconf 87' lang='lat' dir='ltr'>mirabili</span> <span class='ocrx_word' id='word_1_178' title='bbox 1226 2780 1544 2849; x_wconf 88' lang='lat' dir='ltr'>suscepisti,</span> <span class='ocrx_word' id='word_1_179' title='bbox 1568 2780 1645 2833; x_wconf 89' lang='lat' dir='ltr'>ita</span> <span class='ocrx_word' id='word_1_180' title='bbox 1681 2780 1947 2850; x_wconf 88' lang='lat' dir='ltr'>imposita</span> <span class='ocrx_word' id='word_1_181' title='bbox 1970 2798 2113 2835; x_wconf 92' lang='lat' dir='ltr'>novo</span> 
     </span>
    </p>
   </div>
   <div class='ocr_carea' id='block_1_30' title="bbox 422 2867 2117 2940">
    <p class='ocr_par' dir='ltr' id='par_1_30' title="bbox 422 2867 2117 2940">
     <span class='ocr_line' id='line_1_30' title="bbox 422 2867 2117 2940; baseline 0.003 -21"><span class='ocrx_word' id='word_1_182' title='bbox 422 2867 555 2920; x_wconf 87' lang='lat' dir='ltr'>huic</span> <span class='ocrx_word' id='word_1_183' title='bbox 581 2868 749 2921; x_wconf 86' lang='lat' dir='ltr'>altari</span> <span class='ocrx_word' id='word_1_184' title='bbox 782 2884 1023 2922; x_wconf 87' lang='lat' dir='ltr'>munera</span> <span class='ocrx_word' id='word_1_185' title='bbox 1053 2884 1283 2937; x_wconf 87' lang='lat' dir='ltr'>semper</span> <span class='ocrx_word' id='word_1_186' title='bbox 1304 2874 1528 2940; x_wconf 89' lang='lat' dir='ltr'>accepta</span> <span class='ocrx_word' id='word_1_187' title='bbox 1560 2869 1709 2921; x_wconf 88' lang='lat' dir='ltr'>ferre</span> <span class='ocrx_word' id='word_1_188' title='bbox 1743 2869 2018 2940; x_wconf 88' lang='lat' dir='ltr'>digneris,</span> <span class='ocrx_word' id='word_1_189' title='bbox 2054 2875 2117 2924; x_wconf 89' lang='lat' dir='ltr'>ut</span> 
     </span>
    </p>
   </div>
   <div class='ocr_carea' id='block_1_31' title="bbox 420 2955 2114 3025">
    <p class='ocr_par' dir='ltr' id='par_1_31' title="bbox 420 2955 2114 3025">
     <span class='ocr_line' id='line_1_31' title="bbox 420 2955 2114 3025; baseline 0.002 -17"><span class='ocrx_word' id='word_1_190' title='bbox 420 2956 670 3025; x_wconf 83' lang='lat' dir='ltr'>pOpulus</span> <span class='ocrx_word' id='word_1_191' title='bbox 702 2955 800 3025; x_wconf 88' lang='lat' dir='ltr'>qui</span> <span class='ocrx_word' id='word_1_192' title='bbox 826 2956 886 3009; x_wconf 92' lang='lat' dir='ltr'>in</span> <span class='ocrx_word' id='word_1_193' title='bbox 913 2956 1057 3009; x_wconf 90' lang='lat' dir='ltr'>hanc</span> <span class='ocrx_word' id='word_1_194' title='bbox 1091 2957 1348 3010; x_wconf 62' lang='lat' dir='ltr'>Ecclesiae</span> <span class='ocrx_word' id='word_1_195' title='bbox 1372 2958 1604 3011; x_wconf 90' lang='lat' dir='ltr'>domum</span> <span class='ocrx_word' id='word_1_196' title='bbox 1634 2964 1882 3011; x_wconf 91' lang='lat' dir='ltr'>sanctam</span> <span class='ocrx_word' id='word_1_197' title='bbox 1911 2974 2114 3012; x_wconf 91' lang='lat' dir='ltr'>conve-</span> 
     </span>
    </p>
   </div>
   <div class='ocr_carea' id='block_1_32' title="bbox 421 3044 2115 3113">
    <p class='ocr_par' dir='ltr' id='par_1_32' title="bbox 421 3044 2115 3113">
     <span class='ocr_line' id='line_1_32' title="bbox 421 3044 2115 3113; baseline 0.002 -17"><span class='ocrx_word' id='word_1_198' title='bbox 421 3044 529 3110; x_wconf 87' lang='lat' dir='ltr'>nit,</span> <span class='ocrx_word' id='word_1_199' title='bbox 578 3061 680 3113; x_wconf 90' lang='lat' dir='ltr'>per</span> <span class='ocrx_word' id='word_1_200' title='bbox 717 3044 837 3097; x_wconf 84' lang='lat' dir='ltr'>haec</span> <span class='ocrx_word' id='word_1_201' title='bbox 887 3044 1163 3098; x_wconf 89' lang='lat' dir='ltr'>libamina</span> <span class='ocrx_word' id='word_1_202' title='bbox 1209 3046 1421 3099; x_wconf 71' lang='lat' dir='ltr'>caelesti</span> <span class='ocrx_word' id='word_1_203' title='bbox 1462 3046 1906 3100; x_wconf 90' lang='lat' dir='ltr'>sanctilicatione</span> <span class='ocrx_word' id='word_1_204' title='bbox 1938 3048 2115 3100; x_wconf 87' lang='lat' dir='ltr'>salva-</span> 
     </span>
    </p>
   </div>
   <div class='ocr_carea' id='block_1_33' title="bbox 420 3132 2113 3204">
    <p class='ocr_par' dir='ltr' id='par_1_33' title="bbox 420 3132 2113 3204">
     <span class='ocr_line' id='line_1_33' title="bbox 420 3132 2113 3204; baseline 0.002 -20"><span class='ocrx_word' id='word_1_205' title='bbox 420 3136 532 3197; x_wconf 89' lang='lat' dir='ltr'>tus,</span> <span class='ocrx_word' id='word_1_206' title='bbox 576 3132 900 3185; x_wconf 90' lang='lat' dir='ltr'>animarum</span> <span class='ocrx_word' id='word_1_207' title='bbox 953 3148 1183 3202; x_wconf 88' lang='lat' dir='ltr'>quoque</span> <span class='ocrx_word' id='word_1_208' title='bbox 1225 3149 1456 3186; x_wconf 89' lang='lat' dir='ltr'>suarum</span> <span class='ocrx_word' id='word_1_209' title='bbox 1498 3134 1738 3186; x_wconf 87' lang='lat' dir='ltr'>salutem</span> <span class='ocrx_word' id='word_1_210' title='bbox 1778 3139 2113 3204; x_wconf 87' lang='lat' dir='ltr'>perpetuam</span> 
     </span>
    </p>
   </div>
   <div class='ocr_carea' id='block_1_34' title="bbox 423 3220 1739 3289">
    <p class='ocr_par' dir='ltr' id='par_1_34' title="bbox 423 3220 1739 3289">
     <span class='ocr_line' id='line_1_34' title="bbox 423 3220 1739 3289; baseline 0.003 -18"><span class='ocrx_word' id='word_1_211' title='bbox 423 3224 829 3289; x_wconf 88' lang='lat' dir='ltr'>consequatur.</span> <span class='ocrx_word' id='word_1_212' title='bbox 858 3220 1001 3273; x_wconf 90' lang='lat' dir='ltr'>Cum</span> <span class='ocrx_word' id='word_1_213' title='bbox 1034 3220 1252 3289; x_wconf 87' lang='lat' dir='ltr'>angelis</span> <span class='ocrx_word' id='word_1_214' title='bbox 1279 3226 1334 3273; x_wconf 89' lang='lat' dir='ltr'>et</span> <span class='ocrx_word' id='word_1_215' title='bbox 1364 3221 1739 3288; x_wconf 85' lang='lat' dir='ltr'>archangelis.</span> 
     </span>
    </p>
   </div>
   <div class='ocr_carea' id='block_1_35' title="bbox 877 3344 1661 3399">
    <p class='ocr_par' dir='ltr' id='par_1_35' title="bbox 877 3344 1661 3399">
     <span class='ocr_line' id='line_1_35' title="bbox 877 3344 1661 3399; baseline 0 -2"><span class='ocrx_word' id='word_1_216' title='bbox 877 3344 1376 3399; x_wconf 60' lang='lat' dir='ltr'>PREFATIONES</span> <span class='ocrx_word' id='word_1_217' title='bbox 1416 3345 1661 3398; x_wconf 66' lang='lat' dir='ltr'>VARUS.</span> 
     </span>
    </p>
   </div>
   <div class='ocr_carea' id='block_1_36' title="bbox 424 3450 2119 3519">
    <p class='ocr_par' dir='ltr' id='par_1_36' title="bbox 424 3450 2119 3519">
     <span class='ocr_line' id='line_1_36' title="bbox 424 3450 2119 3519; baseline 0.002 -16"><span class='ocrx_word' id='word_1_218' title='bbox 424 3450 512 3519; x_wconf 81' lang='lat' dir='ltr'>[IN</span> <span class='ocrx_word' id='word_1_219' title='bbox 560 3464 1017 3504; x_wconf 71' lang='lat' dir='ltr'>VENERATIONK</span> <span class='ocrx_word' id='word_1_220' title='bbox 1057 3464 1313 3504; x_wconf 61' lang='lat' dir='ltr'>SANCTrE</span> <span class='ocrx_word' id='word_1_221' title='bbox 1355 3466 1736 3505; x_wconf 81' lang='lat' dir='ltr'>TRINITATIS</span> <span class='ocrx_word' id='word_1_222' title='bbox 1782 3467 1985 3514; x_wconf 79' lang='lat' dir='ltr'>ATQUE</span> <span class='ocrx_word' id='word_1_223' title='bbox 2027 3468 2119 3506; x_wconf 79' lang='lat' dir='ltr'>IN-</span> 
     </span>
    </p>
   </div>
   <div class='ocr_carea' id='block_1_37' title="bbox 942 3552 1595 3592">
    <p class='ocr_par' dir='ltr' id='par_1_37' title="bbox 942 3552 1595 3592">
     <span class='ocr_line' id='line_1_37' title="bbox 942 3552 1595 3592; baseline 0.002 -1"><span class='ocrx_word' id='word_1_224' title='bbox 942 3552 1225 3592; x_wconf 62' lang='lat' dir='ltr'>DIVIDUI‘Z</span> <span class='ocrx_word' id='word_1_225' title='bbox 1276 3553 1595 3592; x_wconf 79' lang='lat' dir='ltr'>UNITATIS.</span> 
     </span>
    </p>
   </div>
   <div class='ocr_carea' id='block_1_38' title="bbox 496 3642 2116 3714">
    <p class='ocr_par' dir='ltr' id='par_1_38' title="bbox 496 3642 2116 3714">
     <span class='ocr_line' id='line_1_38' title="bbox 496 3642 2116 3714; baseline -0.001 -16"><span class='ocrx_word' id='word_1_226' title='bbox 496 3646 721 3698; x_wconf 68' lang='lat' dir='ltr'>Eterne</span> <span class='ocrx_word' id='word_1_227' title='bbox 752 3643 919 3697; x_wconf 88' lang='lat' dir='ltr'>Deus.</span> <span class='ocrx_word' id='word_1_228' title='bbox 963 3642 1137 3713; x_wconf 89' lang='lat' dir='ltr'>Cujus</span> <span class='ocrx_word' id='word_1_229' title='bbox 1176 3649 1259 3697; x_wconf 89' lang='lat' dir='ltr'>est</span> <span class='ocrx_word' id='word_1_230' title='bbox 1288 3659 1403 3697; x_wconf 90' lang='lat' dir='ltr'>una</span> <span class='ocrx_word' id='word_1_231' title='bbox 1442 3644 1724 3707; x_wconf 88' lang='lat' dir='ltr'>divinitas,</span> <span class='ocrx_word' id='word_1_232' title='bbox 1770 3649 1983 3698; x_wconf 64' lang='lat' dir='ltr'>interna</span> <span class='ocrx_word' id='word_1_233' title='bbox 2015 3660 2116 3714; x_wconf 90' lang='lat' dir='ltr'>po-</span> 
     </span>
    </p>
   </div>
   <div class='ocr_carea' id='block_1_39' title="bbox 423 3731 2113 3803">
    <p class='ocr_par' dir='ltr' id='par_1_39' title="bbox 423 3731 2113 3803">
     <span class='ocr_line' id='line_1_39' title="bbox 423 3731 2113 3803; baseline -0.002 -15"><span class='ocrx_word' id='word_1_234' title='bbox 423 3738 619 3798; x_wconf 88' lang='lat' dir='ltr'>testas,</span> <span class='ocrx_word' id='word_1_235' title='bbox 698 3736 902 3784; x_wconf 89' lang='lat' dir='ltr'>natura</span> <span class='ocrx_word' id='word_1_236' title='bbox 967 3731 1387 3801; x_wconf 85' lang='lat' dir='ltr'>inseparabilis,</span> <span class='ocrx_word' id='word_1_237' title='bbox 1460 3733 1725 3803; x_wconf 89' lang='lat' dir='ltr'>majestas</span> <span class='ocrx_word' id='word_1_238' title='bbox 1800 3732 2113 3787; x_wconf 90' lang='lat' dir='ltr'>individua.</span> 
     </span>
    </p>
   </div>
   <div class='ocr_carea' id='block_1_40' title="bbox 422 3820 2116 3891">
    <p class='ocr_par' dir='ltr' id='par_1_40' title="bbox 422 3820 2116 3891">
     <span class='ocr_line' id='line_1_40' title="bbox 422 3820 2116 3891; baseline 0.002 -19"><span class='ocrx_word' id='word_1_239' title='bbox 422 3820 602 3885; x_wconf 89' lang='lat' dir='ltr'>Quem</span> <span class='ocrx_word' id='word_1_240' title='bbox 636 3836 815 3874; x_wconf 91' lang='lat' dir='ltr'>unum</span> <span class='ocrx_word' id='word_1_241' title='bbox 849 3821 1301 3875; x_wconf 85' lang='lat' dir='ltr'>substantialiter</span> <span class='ocrx_word' id='word_1_242' title='bbox 1345 3823 1706 3888; x_wconf 83' lang='lat' dir='ltr'>confitemur,</span> <span class='ocrx_word' id='word_1_243' title='bbox 1738 3822 1951 3876; x_wconf 88' lang='lat' dir='ltr'>trinum</span> <span class='ocrx_word' id='word_1_244' title='bbox 1981 3838 2116 3891; x_wconf 88' lang='lat' dir='ltr'>per-</span> 
     </span>
    </p>
   </div>
   <div class='ocr_carea' id='block_1_41' title="bbox 423 3910 2116 3982">
    <p class='ocr_par' dir='ltr' id='par_1_41' title="bbox 423 3910 2116 3982">
     <span class='ocr_line' id='line_1_41' title="bbox 423 3910 2116 3982; baseline 0.001 -21"><span class='ocrx_word' id='word_1_245' title='bbox 423 3910 699 3963; x_wconf 88' lang='lat' dir='ltr'>sonaliter</span> <span class='ocrx_word' id='word_1_246' title='bbox 718 3925 1141 3980; x_wconf 82' lang='lat' dir='ltr'>nuncupamus,</span> <span class='ocrx_word' id='word_1_247' title='bbox 1164 3912 1411 3980; x_wconf 86' lang='lat' dir='ltr'>Patrem,</span> <span class='ocrx_word' id='word_1_248' title='bbox 1434 3918 1491 3965; x_wconf 90' lang='lat' dir='ltr'>et</span> <span class='ocrx_word' id='word_1_249' title='bbox 1514 3912 1738 3977; x_wconf 85' lang='lat' dir='ltr'>Filium,</span> <span class='ocrx_word' id='word_1_250' title='bbox 1766 3916 1820 3965; x_wconf 92' lang='lat' dir='ltr'>et</span> <span class='ocrx_word' id='word_1_251' title='bbox 1840 3910 2116 3982; x_wconf 89' lang='lat' dir='ltr'>Spiritum</span> 
     </span>
    </p>
   </div>
   <div class='ocr_carea' id='block_1_42' title="bbox 424 3998 2117 4070">
    <p class='ocr_par' dir='ltr' id='par_1_42' title="bbox 424 3998 2117 4070">
     <span class='ocr_line' id='line_1_42' title="bbox 424 3998 2117 4070; baseline 0.001 -19"><span class='ocrx_word' id='word_1_252' title='bbox 424 4004 702 4052; x_wconf 90' lang='lat' dir='ltr'>sanctum.</span> <span class='ocrx_word' id='word_1_253' title='bbox 755 3998 863 4062; x_wconf 88' lang='lat' dir='ltr'>Qui</span> <span class='ocrx_word' id='word_1_254' title='bbox 912 4000 970 4052; x_wconf 91' lang='lat' dir='ltr'>in</span> <span class='ocrx_word' id='word_1_255' title='bbox 1022 4016 1133 4052; x_wconf 92' lang='lat' dir='ltr'>uno</span> <span class='ocrx_word' id='word_1_256' title='bbox 1176 4000 1359 4053; x_wconf 86' lang='lat' dir='ltr'>trinus</span> <span class='ocrx_word' id='word_1_257' title='bbox 1407 4017 1668 4070; x_wconf 89' lang='lat' dir='ltr'>appares,</span> <span class='ocrx_word' id='word_1_258' title='bbox 1721 4006 1777 4053; x_wconf 90' lang='lat' dir='ltr'>et</span> <span class='ocrx_word' id='word_1_259' title='bbox 1827 4000 1885 4053; x_wconf 93' lang='lat' dir='ltr'>in</span> <span class='ocrx_word' id='word_1_260' title='bbox 1933 3999 2117 4052; x_wconf 89' lang='lat' dir='ltr'>tribus</span> 
     </span>
    </p>
   </div>
   <div class='ocr_carea' id='block_1_43' title="bbox 426 4086 2115 4158">
    <p class='ocr_par' dir='ltr' id='par_1_43' title="bbox 426 4086 2115 4158">
     <span class='ocr_line' id='line_1_43' title="bbox 426 4086 2115 4158; baseline -0.001 -17"><span class='ocrx_word' id='word_1_261' title='bbox 426 4103 576 4141; x_wconf 90' lang='lat' dir='ltr'><strong>unus</strong></span> <span class='ocrx_word' id='word_1_262' title='bbox 623 4086 971 4157; x_wconf 89' lang='lat' dir='ltr'>agnosceris.</span> <span class='ocrx_word' id='word_1_263' title='bbox 1026 4088 1183 4141; x_wconf 91' lang='lat' dir='ltr'>Unde</span> <span class='ocrx_word' id='word_1_264' title='bbox 1224 4104 1327 4158; x_wconf 91' lang='lat' dir='ltr'>pro</span> <span class='ocrx_word' id='word_1_265' title='bbox 1367 4093 1541 4142; x_wconf 81' lang='lat' dir='ltr'>tantae</span> <span class='ocrx_word' id='word_1_266' title='bbox 1582 4088 1945 4141; x_wconf 90' lang='lat' dir='ltr'>revelationis</span> <span class='ocrx_word' id='word_1_267' title='bbox 1996 4104 2115 4157; x_wconf 81' lang='lat' dir='ltr'>my-</span> 
     </span>
    </p>
   </div>
   <div class='ocr_carea' id='block_1_44' title="bbox 426 4174 2119 4243">
    <p class='ocr_par' dir='ltr' id='par_1_44' title="bbox 426 4174 2119 4243">
     <span class='ocr_line' id='line_1_44' title="bbox 426 4174 2119 4243; baseline 0 -15"><span class='ocrx_word' id='word_1_268' title='bbox 426 4175 597 4228; x_wconf 89' lang='lat' dir='ltr'>sterio</span> <span class='ocrx_word' id='word_1_269' title='bbox 628 4174 687 4228; x_wconf 93' lang='lat' dir='ltr'>in</span> <span class='ocrx_word' id='word_1_270' title='bbox 718 4176 1070 4243; x_wconf 79' lang='lat' dir='ltr'>praeconium</span> <span class='ocrx_word' id='word_1_271' title='bbox 1102 4177 1353 4230; x_wconf 91' lang='lat' dir='ltr'>nominis</span> <span class='ocrx_word' id='word_1_272' title='bbox 1382 4177 1466 4230; x_wconf 91' lang='lat' dir='ltr'>tui</span> <span class='ocrx_word' id='word_1_273' title='bbox 1492 4176 1596 4229; x_wconf 87' lang='lat' dir='ltr'>tibi</span> <span class='ocrx_word' id='word_1_274' title='bbox 1626 4192 1755 4228; x_wconf 90' lang='lat' dir='ltr'>cum</span> <span class='ocrx_word' id='word_1_275' title='bbox 1786 4175 1993 4229; x_wconf 89' lang='lat' dir='ltr'>sanctis</span> <span class='ocrx_word' id='word_1_276' title='bbox 2024 4192 2119 4228; x_wconf 87' lang='lat' dir='ltr'>an-</span> 
     </span>
    </p>
   </div>
   <div class='ocr_carea' id='block_1_45' title="bbox 425 4262 2118 4335">
    <p class='ocr_par' dir='ltr' id='par_1_45' title="bbox 425 4262 2118 4335">
     <span class='ocr_line' id='line_1_45' title="bbox 425 4262 2118 4335; baseline 0.001 -20"><span class='ocrx_word' id='word_1_277' title='bbox 425 4262 568 4332; x_wconf 83' lang='lat' dir='ltr'>gelis</span> <span class='ocrx_word' id='word_1_278' title='bbox 600 4263 696 4331; x_wconf 91' lang='lat' dir='ltr'>pia</span> <span class='ocrx_word' id='word_1_279' title='bbox 738 4262 1036 4315; x_wconf 85' lang='lat' dir='ltr'>devotione</span> <span class='ocrx_word' id='word_1_280' title='bbox 1081 4263 1458 4334; x_wconf 90' lang='lat' dir='ltr'>concinimus,</span> <span class='ocrx_word' id='word_1_281' title='bbox 1491 4264 1732 4335; x_wconf 90' lang='lat' dir='ltr'>supplici</span> <span class='ocrx_word' id='word_1_282' title='bbox 1763 4263 2118 4317; x_wconf 88' lang='lat' dir='ltr'>confessione</span> 
     </span>
    </p>
   </div>
   <div class='ocr_carea' id='block_1_46' title="bbox 424 4346 1155 4419">
    <p class='ocr_par' dir='ltr' id='par_1_46' title="bbox 424 4346 1155 4419">
     <span class='ocr_line' id='line_1_46' title="bbox 424 4346 1155 4419; baseline 0.003 -20"><span class='ocrx_word' id='word_1_283' title='bbox 424 4346 677 4400; x_wconf 89' lang='lat' dir='ltr'>dicentes</span> <span class='ocrx_word' id='word_1_284' title='bbox 711 4363 723 4399; x_wconf 87' lang='lat'>:</span> <span class='ocrx_word' id='word_1_285' title='bbox 755 4352 995 4413; x_wconf 76' lang='lat' dir='ltr'>sanctus,</span> <span class='ocrx_word' id='word_1_286' title='bbox 1029 4347 1155 4419; x_wconf 84' lang='lat' dir='ltr'>etc.]</span> 
     </span>
    </p>
   </div>
   <div class='ocr_carea' id='block_1_47' title="bbox 866 4454 1667 4524">
    <p class='ocr_par' dir='ltr' id='par_1_47' title="bbox 866 4454 1667 4524">
     <span class='ocr_line' id='line_1_47' title="bbox 866 4454 1667 4524; baseline -0.001 -16"><span class='ocrx_word' id='word_1_287' title='bbox 866 4454 965 4524; x_wconf 82' lang='lat' dir='ltr'>[ua</span> <span class='ocrx_word' id='word_1_288' title='bbox 1010 4469 1253 4509; x_wconf 62' lang='lat' dir='ltr'>suam</span> <span class='ocrx_word' id='word_1_289' title='bbox 1299 4469 1667 4510; x_wconf 76' lang='lat' dir='ltr'>SAPIENTIA.</span> 
     </span>
    </p>
   </div>
   <div class='ocr_carea' id='block_1_48' title="bbox 498 4540 2116 4613">
    <p class='ocr_par' dir='ltr' id='par_1_48' title="bbox 498 4540 2116 4613">
     <span class='ocr_line' id='line_1_48' title="bbox 498 4540 2116 4613; baseline 0.002 -20"><span class='ocrx_word' id='word_1_290' title='bbox 498 4540 721 4593; x_wconf 67' lang='lat' dir='ltr'>Eterne</span> <span class='ocrx_word' id='word_1_291' title='bbox 760 4540 926 4594; x_wconf 90' lang='lat' dir='ltr'>Deus.</span> <span class='ocrx_word' id='word_1_292' title='bbox 970 4540 1079 4605; x_wconf 88' lang='lat' dir='ltr'>Qui</span> <span class='ocrx_word' id='word_1_293' title='bbox 1114 4542 1197 4595; x_wconf 92' lang='lat' dir='ltr'>tui</span> <span class='ocrx_word' id='word_1_294' title='bbox 1232 4542 1485 4596; x_wconf 89' lang='lat' dir='ltr'>nominis</span> <span class='ocrx_word' id='word_1_295' title='bbox 1514 4542 1885 4613; x_wconf 87' lang='lat' dir='ltr'>agnitionem,</span> <span class='ocrx_word' id='word_1_296' title='bbox 1921 4547 1976 4597; x_wconf 89' lang='lat' dir='ltr'>et</span> <span class='ocrx_word' id='word_1_297' title='bbox 2005 4548 2116 4596; x_wconf 66' lang='lat' dir='ltr'>tuas</span> 
     </span>
    </p>
   </div>
   <div class='ocr_carea' id='block_1_49' title="bbox 428 4626 2117 4701">
    <p class='ocr_par' dir='ltr' id='par_1_49' title="bbox 428 4626 2117 4701">
     <span class='ocr_line' id='line_1_49' title="bbox 428 4626 2117 4701; baseline 0.001 -20"><span class='ocrx_word' id='word_1_298' title='bbox 428 4626 699 4697; x_wconf 62' lang='lat' dir='ltr'>potentiae</span> <span class='ocrx_word' id='word_1_299' title='bbox 729 4628 973 4698; x_wconf 86' lang='lat' dir='ltr'>gloriam</span> <span class='ocrx_word' id='word_1_300' title='bbox 1002 4630 1165 4683; x_wconf 91' lang='lat' dir='ltr'>nobis</span> <span class='ocrx_word' id='word_1_301' title='bbox 1196 4630 1256 4684; x_wconf 91' lang='lat' dir='ltr'>in</span> <span class='ocrx_word' id='word_1_302' title='bbox 1286 4637 1570 4685; x_wconf 69' lang='lat' dir='ltr'>coaeterna</span> <span class='ocrx_word' id='word_1_303' title='bbox 1599 4631 1702 4685; x_wconf 88' lang='lat' dir='ltr'>tibi</span> <span class='ocrx_word' id='word_1_304' title='bbox 1733 4631 2010 4701; x_wconf 88' lang='lat' dir='ltr'>sapientia</span> <span class='ocrx_word' id='word_1_305' title='bbox 2031 4647 2117 4683; x_wconf 86' lang='lat' dir='ltr'>re-</span> 
     </span>
    </p>
   </div>
   <div class='ocr_carea' id='block_1_50' title="bbox 427 4717 2118 4790">
    <p class='ocr_par' dir='ltr' id='par_1_50' title="bbox 427 4717 2118 4790">
     <span class='ocr_line' id='line_1_50' title="bbox 427 4717 2118 4790; baseline 0.003 -22"><span class='ocrx_word' id='word_1_306' title='bbox 427 4717 617 4770; x_wconf 89' lang='lat' dir='ltr'>velare</span> <span class='ocrx_word' id='word_1_307' title='bbox 656 4717 885 4770; x_wconf 88' lang='lat' dir='ltr'>voluisti</span> <span class='ocrx_word' id='word_1_308' title='bbox 927 4736 939 4771; x_wconf 91' lang='lat'>:</span> <span class='ocrx_word' id='word_1_309' title='bbox 989 4724 1053 4772; x_wconf 92' lang='lat' dir='ltr'>ut</span> <span class='ocrx_word' id='word_1_310' title='bbox 1082 4724 1239 4773; x_wconf 90' lang='lat' dir='ltr'>tuam</span> <span class='ocrx_word' id='word_1_311' title='bbox 1280 4720 1617 4773; x_wconf 82' lang='lat' dir='ltr'>confitentes</span> <span class='ocrx_word' id='word_1_312' title='bbox 1653 4720 2026 4790; x_wconf 88' lang='lat' dir='ltr'>majestatem,</span> <span class='ocrx_word' id='word_1_313' title='bbox 2062 4724 2118 4773; x_wconf 91' lang='lat' dir='ltr'>et</span> 
     </span>
    </p>
   </div>
   <div class='ocr_carea' id='block_1_51' title="bbox 424 4804 2117 4875">
    <p class='ocr_par' dir='ltr' id='par_1_51' title="bbox 424 4804 2117 4875">
     <span class='ocr_line' id='line_1_51' title="bbox 424 4804 2117 4875; baseline 0.002 -15"><span class='ocrx_word' id='word_1_314' title='bbox 424 4805 537 4860; x_wconf 89' lang='lat' dir='ltr'>tuis</span> <span class='ocrx_word' id='word_1_315' title='bbox 588 4804 935 4859; x_wconf 64' lang='lat' dir='ltr'>inhaerentes</span> <span class='ocrx_word' id='word_1_316' title='bbox 983 4808 1284 4875; x_wconf 84' lang='lat' dir='ltr'>mandatis,</span> <span class='ocrx_word' id='word_1_317' title='bbox 1342 4813 1529 4862; x_wconf 88' lang='lat' dir='ltr'>tecum</span> <span class='ocrx_word' id='word_1_318' title='bbox 1582 4809 1755 4862; x_wconf 90' lang='lat' dir='ltr'>vitam</span> <span class='ocrx_word' id='word_1_319' title='bbox 1810 4809 2117 4863; x_wconf 89' lang='lat' dir='ltr'>habeamus</span> 
     </span>
    </p>
   </div>
   <div class='ocr_carea' id='block_1_52' title="bbox 426 4893 1124 4964">
    <p class='ocr_par' dir='ltr' id='par_1_52' title="bbox 426 4893 1124 4964">
     <span class='ocr_line' id='line_1_52' title="bbox 426 4893 1124 4964; baseline 0 -17"><span class='ocrx_word' id='word_1_320' title='bbox 426 4898 721 4947; x_wconf 73' lang='lat' dir='ltr'>aeternam.</span> <span class='ocrx_word' id='word_1_321' title='bbox 760 4895 864 4946; x_wconf 89' lang='lat' dir='ltr'>Per</span> <span class='ocrx_word' id='word_1_322' title='bbox 893 4893 1124 4964; x_wconf 90' lang='lat' dir='ltr'>Christ.]</span> 
     </span>
    </p>
   </div>
   <div class='ocr_carea' id='block_1_53' title="bbox 464 4998 2064 5071">
    <p class='ocr_par' dir='ltr' id='par_1_53' title="bbox 464 4998 2064 5071">
     <span class='ocr_line' id='line_1_53' title="bbox 464 4998 2064 5071; baseline 0.003 -18"><span class='ocrx_word' id='word_1_323' title='bbox 464 4998 571 5071; x_wconf 79' lang='lat' dir='ltr'>[AD</span> <span class='ocrx_word' id='word_1_324' title='bbox 617 5014 1085 5054; x_wconf 75' lang='lat' dir='ltr'>POSTULANDAM</span> <span class='ocrx_word' id='word_1_325' title='bbox 1132 5016 1433 5058; x_wconf 83' lang='lat' dir='ltr'>SPIRITUS</span> <span class='ocrx_word' id='word_1_326' title='bbox 1477 5018 1703 5059; x_wconf 54' lang='lat' dir='ltr'>ssnon</span> <span class='ocrx_word' id='word_1_327' title='bbox 1750 5019 2064 5059; x_wconf 76' lang='lat' dir='ltr'>GRATIAM.</span> 
     </span>
    </p>
   </div>
   <div class='ocr_carea' id='block_1_54' title="bbox 494 5106 2113 5180">
    <p class='ocr_par' dir='ltr' id='par_1_54' title="bbox 494 5106 2113 5180">
     <span class='ocr_line' id='line_1_54' title="bbox 494 5106 2113 5180; baseline 0.002 -21"><span class='ocrx_word' id='word_1_328' title='bbox 494 5107 719 5159; x_wconf 64' lang='lat' dir='ltr'>A‘Jterne</span> <span class='ocrx_word' id='word_1_329' title='bbox 772 5106 938 5161; x_wconf 90' lang='lat' dir='ltr'>Deus.</span> <span class='ocrx_word' id='word_1_330' title='bbox 985 5106 1092 5171; x_wconf 92' lang='lat' dir='ltr'>Qui</span> <span class='ocrx_word' id='word_1_331' title='bbox 1134 5106 1367 5178; x_wconf 90' lang='lat' dir='ltr'>inspicis</span> <span class='ocrx_word' id='word_1_332' title='bbox 1415 5110 1831 5180; x_wconf 88' lang='lat' dir='ltr'>cogitationum</span> <span class='ocrx_word' id='word_1_333' title='bbox 1880 5115 2113 5177; x_wconf 90' lang='lat' dir='ltr'>secreta,</span> 
     </span>
    </p>
   </div>
   <div class='ocr_carea' id='block_1_55' title="bbox 424 5193 2115 5270">
    <p class='ocr_par' dir='ltr' id='par_1_55' title="bbox 424 5193 2115 5270">
     <span class='ocr_line' id='line_1_55' title="bbox 424 5193 2115 5270; baseline 0.004 -24"><span class='ocrx_word' id='word_1_334' title='bbox 424 5198 480 5247; x_wconf 90' lang='lat' dir='ltr'>et</span> <span class='ocrx_word' id='word_1_335' title='bbox 523 5193 713 5246; x_wconf 89' lang='lat' dir='ltr'>omnis</span> <span class='ocrx_word' id='word_1_336' title='bbox 760 5198 967 5250; x_wconf 73' lang='lat' dir='ltr'>nostra:</span> <span class='ocrx_word' id='word_1_337' title='bbox 1012 5197 1220 5250; x_wconf 89' lang='lat' dir='ltr'>mentis</span> <span class='ocrx_word' id='word_1_338' title='bbox 1265 5198 1526 5266; x_wconf 85' lang='lat' dir='ltr'>intentio,</span> <span class='ocrx_word' id='word_1_339' title='bbox 1576 5200 1953 5270; x_wconf 74' lang='lat' dir='ltr'>providentiae</span> <span class='ocrx_word' id='word_1_340' title='bbox 2002 5204 2115 5252; x_wconf 74' lang='lat' dir='ltr'>tuas</span> 
     </span>
    </p>
   </div>
   <div class='ocr_carea' id='block_1_56' title="bbox 423 5281 2118 5356">
    <p class='ocr_par' dir='ltr' id='par_1_56' title="bbox 423 5281 2118 5356">
     <span class='ocr_line' id='line_1_56' title="bbox 423 5281 2118 5356; baseline 0.004 -22"><span class='ocrx_word' id='word_1_341' title='bbox 423 5281 663 5350; x_wconf 89' lang='lat' dir='ltr'>patescit</span> <span class='ocrx_word' id='word_1_342' title='bbox 700 5282 935 5349; x_wconf 88' lang='lat' dir='ltr'>intuitu,</span> <span class='ocrx_word' id='word_1_343' title='bbox 972 5284 1190 5355; x_wconf 89' lang='lat' dir='ltr'>respice</span> <span class='ocrx_word' id='word_1_344' title='bbox 1230 5286 1513 5356; x_wconf 85' lang='lat' dir='ltr'>propitius</span> <span class='ocrx_word' id='word_1_345' title='bbox 1556 5304 1759 5341; x_wconf 87' lang='lat' dir='ltr'>arcana</span> <span class='ocrx_word' id='word_1_346' title='bbox 1798 5288 1986 5341; x_wconf 91' lang='lat' dir='ltr'>cordis</span> <span class='ocrx_word' id='word_1_347' title='bbox 2021 5304 2118 5341; x_wconf 91' lang='lat' dir='ltr'>no-</span> 
     </span>
    </p>
   </div>
   <div class='ocr_carea' id='block_1_57' title="bbox 426 5368 2117 5447">
    <p class='ocr_par' dir='ltr' id='par_1_57' title="bbox 426 5368 2117 5447">
     <span class='ocr_line' id='line_1_57' title="bbox 426 5368 2117 5447; baseline 0.005 -26"><span class='ocrx_word' id='word_1_348' title='bbox 426 5368 527 5422; x_wconf 89' lang='lat' dir='ltr'>stri</span> <span class='ocrx_word' id='word_1_349' title='bbox 570 5369 802 5437; x_wconf 88' lang='lat' dir='ltr'>cubilia,</span> <span class='ocrx_word' id='word_1_350' title='bbox 845 5376 902 5425; x_wconf 92' lang='lat' dir='ltr'>et</span> <span class='ocrx_word' id='word_1_351' title='bbox 949 5373 1128 5426; x_wconf 89' lang='lat' dir='ltr'>sancti</span> <span class='ocrx_word' id='word_1_352' title='bbox 1168 5374 1415 5445; x_wconf 83' lang='lat' dir='ltr'>Spiritus</span> <span class='ocrx_word' id='word_1_353' title='bbox 1463 5391 1587 5429; x_wconf 91' lang='lat' dir='ltr'>rore</span> <span class='ocrx_word' id='word_1_354' title='bbox 1619 5381 1839 5429; x_wconf 90' lang='lat' dir='ltr'>nostras</span> <span class='ocrx_word' id='word_1_355' title='bbox 1879 5375 2117 5447; x_wconf 84' lang='lat' dir='ltr'>puriﬁca</span> 
     </span>
    </p>
   </div>
   <div class='ocr_carea' id='block_1_58' title="bbox 426 5456 2118 5535">
    <p class='ocr_par' dir='ltr' id='par_1_58' title="bbox 426 5456 2118 5535">
     <span class='ocr_line' id='line_1_58' title="bbox 426 5456 2118 5535; baseline 0.005 -27"><span class='ocrx_word' id='word_1_356' title='bbox 426 5456 823 5526; x_wconf 89' lang='lat' dir='ltr'>cogitationes,</span> <span class='ocrx_word' id='word_1_357' title='bbox 880 5464 940 5513; x_wconf 90' lang='lat' dir='ltr'>ut</span> <span class='ocrx_word' id='word_1_358' title='bbox 984 5464 1097 5516; x_wconf 66' lang='lat' dir='ltr'>tua:</span> <span class='ocrx_word' id='word_1_359' title='bbox 1150 5464 1437 5533; x_wconf 88' lang='lat' dir='ltr'>majestati</span> <span class='ocrx_word' id='word_1_360' title='bbox 1482 5464 1656 5535; x_wconf 88' lang='lat' dir='ltr'>digna</span> <span class='ocrx_word' id='word_1_361' title='bbox 1704 5464 2023 5534; x_wconf 90' lang='lat' dir='ltr'>cogitemus</span> <span class='ocrx_word' id='word_1_362' title='bbox 2062 5468 2118 5518; x_wconf 91' lang='lat' dir='ltr'>et</span> 
     </span>
    </p>
   </div>
   <div class='ocr_carea' id='block_1_59' title="bbox 424 5547 1078 5618">
    <p class='ocr_par' dir='ltr' id='par_1_59' title="bbox 424 5547 1078 5618">
     <span class='ocr_line' id='line_1_59' title="bbox 424 5547 1078 5618; baseline 0.012 -24"><span class='ocrx_word' id='word_1_363' title='bbox 424 5558 680 5612; x_wconf 85' lang='lat' dir='ltr'>agamus.</span> <span class='ocrx_word' id='word_1_364' title='bbox 714 5547 820 5599; x_wconf 89' lang='lat' dir='ltr'>Per</span> <span class='ocrx_word' id='word_1_365' title='bbox 850 5547 1078 5618; x_wconf 90' lang='lat' dir='ltr'>Christ.]</span> 
     </span>
    </p>
   </div>
   <div class='ocr_carea' id='block_1_60' title="bbox 2160 4323 2202 4376">
    <p class='ocr_par' dir='ltr' id='par_1_60' title="bbox 2160 4323 2202 4376">
     <span class='ocr_line' id='line_1_60' title="bbox 2160 4323 2202 4376; baseline 0 0"><span class='ocrx_word' id='word_1_366' title='bbox 2160 4323 2202 4376; x_wconf 92' lang='lat' dir='ltr'>D</span> 
     </span>
    </p>
   </div>
   <div class='ocr_carea' id='block_1_61' title="bbox 3805 289 3894 339">
    <p class='ocr_par' dir='ltr' id='par_1_61' title="bbox 3805 289 3894 339">
     <span class='ocr_line' id='line_1_61' title="bbox 3805 289 3894 339; baseline 0 0"><span class='ocrx_word' id='word_1_367' title='bbox 3805 289 3894 339; x_wconf 80' lang='lat'>9&#39;20</span> 
     </span>
    </p>
   </div>
   <div class='ocr_carea' id='block_1_62' title="bbox 2745 432 3376 473">
    <p class='ocr_par' dir='ltr' id='par_1_62' title="bbox 2745 432 3376 473">
     <span class='ocr_line' id='line_1_62' title="bbox 2745 432 3376 473; baseline 0 -2"><span class='ocrx_word' id='word_1_368' title='bbox 2745 433 2819 471; x_wconf 82' lang='lat' dir='ltr'>DE</span> <span class='ocrx_word' id='word_1_369' title='bbox 2864 432 3108 473; x_wconf 77' lang='lat' dir='ltr'>SANCTA</span> <span class='ocrx_word' id='word_1_370' title='bbox 3153 433 3376 472; x_wconf 75' lang='lat' dir='ltr'>CRUCE.</span> 
     </span>
    </p>
   </div>
   <div class='ocr_carea' id='block_1_63' title="bbox 2285 506 3893 577">
    <p class='ocr_par' dir='ltr' id='par_1_63' title="bbox 2285 506 3893 577">
     <span class='ocr_line' id='line_1_63' title="bbox 2285 506 3893 577; baseline -0.001 -16"><span class='ocrx_word' id='word_1_371' title='bbox 2285 507 2404 577; x_wconf 86' lang='lat' dir='ltr'>(G.)</span> <span class='ocrx_word' id='word_1_372' title='bbox 2454 509 2678 561; x_wconf 46' lang='lat' dir='ltr'>[Eterne</span> <span class='ocrx_word' id='word_1_373' title='bbox 2728 507 2898 560; x_wconf 88' lang='lat' dir='ltr'>Deus.</span> <span class='ocrx_word' id='word_1_374' title='bbox 2945 506 3052 570; x_wconf 89' lang='lat' dir='ltr'>Qui</span> <span class='ocrx_word' id='word_1_375' title='bbox 3098 507 3341 561; x_wconf 88' lang='lat' dir='ltr'>salutem</span> <span class='ocrx_word' id='word_1_376' title='bbox 3398 507 3641 560; x_wconf 89' lang='lat' dir='ltr'>humani</span> <span class='ocrx_word' id='word_1_377' title='bbox 3687 507 3893 577; x_wconf 81' lang='lat' dir='ltr'>generis</span> 
     </span>
    </p>
   </div>
   <div class='ocr_carea' id='block_1_64' title="bbox 2214 593 3894 665">
    <p class='ocr_par' dir='ltr' id='par_1_64' title="bbox 2214 593 3894 665">
     <span class='ocr_line' id='line_1_64' title="bbox 2214 593 3894 665; baseline 0 -17"><span class='ocrx_word' id='word_1_378' title='bbox 2214 594 2275 648; x_wconf 90' lang='lat' dir='ltr'>in</span> <span class='ocrx_word' id='word_1_379' title='bbox 2313 595 2466 665; x_wconf 90' lang='lat' dir='ltr'>ligno</span> <span class='ocrx_word' id='word_1_380' title='bbox 2506 594 2686 648; x_wconf 91' lang='lat' dir='ltr'>crucis</span> <span class='ocrx_word' id='word_1_381' title='bbox 2726 593 3089 660; x_wconf 89' lang='lat' dir='ltr'>constituisti,</span> <span class='ocrx_word' id='word_1_382' title='bbox 3128 599 3188 648; x_wconf 90' lang='lat' dir='ltr'>ut</span> <span class='ocrx_word' id='word_1_383' title='bbox 3228 594 3379 647; x_wconf 87' lang='lat' dir='ltr'>unde</span> <span class='ocrx_word' id='word_1_384' title='bbox 3420 611 3577 647; x_wconf 90' lang='lat' dir='ltr'>mors</span> <span class='ocrx_word' id='word_1_385' title='bbox 3624 596 3894 648; x_wconf 88' lang='lat' dir='ltr'>oriebatur</span> 
     </span>
    </p>
   </div>
   <div class='ocr_carea' id='block_1_65' title="bbox 2215 683 3890 754">
    <p class='ocr_par' dir='ltr' id='par_1_65' title="bbox 2215 683 3890 754">
     <span class='ocr_line' id='line_1_65' title="bbox 2215 683 3890 754; baseline 0.001 -18"><span class='ocrx_word' id='word_1_386' title='bbox 2215 683 2348 738; x_wconf 90' lang='lat' dir='ltr'>inde</span> <span class='ocrx_word' id='word_1_387' title='bbox 2382 684 2495 737; x_wconf 91' lang='lat' dir='ltr'>vita</span> <span class='ocrx_word' id='word_1_388' title='bbox 2525 688 2868 753; x_wconf 86' lang='lat' dir='ltr'>resurgeret.</span> <span class='ocrx_word' id='word_1_389' title='bbox 2923 684 2987 738; x_wconf 86' lang='lat' dir='ltr'>Et</span> <span class='ocrx_word' id='word_1_390' title='bbox 3017 683 3115 754; x_wconf 91' lang='lat' dir='ltr'>qui</span> <span class='ocrx_word' id='word_1_391' title='bbox 3147 684 3207 736; x_wconf 89' lang='lat' dir='ltr'>in</span> <span class='ocrx_word' id='word_1_392' title='bbox 3239 683 3400 753; x_wconf 89' lang='lat' dir='ltr'>ligno</span> <span class='ocrx_word' id='word_1_393' title='bbox 3433 684 3718 748; x_wconf 85' lang='lat' dir='ltr'>vincebat,</span> <span class='ocrx_word' id='word_1_394' title='bbox 3750 684 3805 737; x_wconf 92' lang='lat' dir='ltr'>in</span> <span class='ocrx_word' id='word_1_395' title='bbox 3833 685 3890 737; x_wconf 87' lang='lat' dir='ltr'>li-</span> 
     </span>
    </p>
   </div>
   <div class='ocr_carea' id='block_1_66' title="bbox 2215 772 3339 843">
    <p class='ocr_par' dir='ltr' id='par_1_66' title="bbox 2215 772 3339 843">
     <span class='ocr_line' id='line_1_66' title="bbox 2215 772 3339 843; baseline 0 -18"><span class='ocrx_word' id='word_1_396' title='bbox 2215 788 2328 842; x_wconf 85' lang='lat' dir='ltr'>gno</span> <span class='ocrx_word' id='word_1_397' title='bbox 2360 788 2589 843; x_wconf 90' lang='lat' dir='ltr'>quoque</span> <span class='ocrx_word' id='word_1_398' title='bbox 2620 772 2959 825; x_wconf 65' lang='lat' dir='ltr'>vinceretur.</span> <span class='ocrx_word' id='word_1_399' title='bbox 2997 774 3101 825; x_wconf 86' lang='lat' dir='ltr'>Per</span> <span class='ocrx_word' id='word_1_400' title='bbox 3132 772 3339 827; x_wconf 87' lang='lat' dir='ltr'>Christ.</span> 
     </span>
    </p>
   </div>
   <div class='ocr_carea' id='block_1_67' title="bbox 2480 893 3651 933">
    <p class='ocr_par' dir='ltr' id='par_1_67' title="bbox 2480 893 3651 933">
     <span class='ocr_line' id='line_1_67' title="bbox 2480 893 3651 933; baseline -0.002 -1"><span class='ocrx_word' id='word_1_401' title='bbox 2480 894 2540 932; x_wconf 84' lang='lat' dir='ltr'>IN</span> <span class='ocrx_word' id='word_1_402' title='bbox 2590 893 3047 933; x_wconf 67' lang='lat' dir='ltr'>VENERATIONF.</span> <span class='ocrx_word' id='word_1_403' title='bbox 3092 893 3349 933; x_wconf 66' lang='lat' dir='ltr'>SANCTE</span> <span class='ocrx_word' id='word_1_404' title='bbox 3405 893 3651 933; x_wconf 69' lang='lat' dir='ltr'>MARLB.</span> 
     </span>
    </p>
   </div>
   <div class='ocr_carea' id='block_1_68' title="bbox 2289 984 3892 1054">
    <p class='ocr_par' dir='ltr' id='par_1_68' title="bbox 2289 984 3892 1054">
     <span class='ocr_line' id='line_1_68' title="bbox 2289 984 3892 1054; baseline 0 -15"><span class='ocrx_word' id='word_1_405' title='bbox 2289 984 2393 1054; x_wconf 89' lang='lat' dir='ltr'>(G.)</span> <span class='ocrx_word' id='word_1_406' title='bbox 2426 987 2651 1038; x_wconf 64' lang='lat' dir='ltr'>Alterne</span> <span class='ocrx_word' id='word_1_407' title='bbox 2682 986 2851 1038; x_wconf 91' lang='lat' dir='ltr'>Deus.</span> <span class='ocrx_word' id='word_1_408' title='bbox 2890 986 2957 1038; x_wconf 88' lang='lat' dir='ltr'>Et</span> <span class='ocrx_word' id='word_1_409' title='bbox 2996 989 3049 1037; x_wconf 90' lang='lat' dir='ltr'>te</span> <span class='ocrx_word' id='word_1_410' title='bbox 3090 985 3150 1037; x_wconf 94' lang='lat' dir='ltr'>in</span> <span class='ocrx_word' id='word_1_411' title='bbox 3184 984 3552 1038; x_wconf 88' lang='lat' dir='ltr'>veneratione</span> <span class='ocrx_word' id='word_1_412' title='bbox 3590 990 3892 1039; x_wconf 86' lang='lat' dir='ltr'>sanctarum</span> 
     </span>
    </p>
   </div>
   <div class='ocr_carea' id='block_1_69' title="bbox 2216 1072 3893 1143">
    <p class='ocr_par' dir='ltr' id='par_1_69' title="bbox 2216 1072 3893 1143">
     <span class='ocr_line' id='line_1_69' title="bbox 2216 1072 3893 1143; baseline 0.002 -20"><span class='ocrx_word' id='word_1_413' title='bbox 2216 1072 2503 1143; x_wconf 83' lang='lat' dir='ltr'>virginum</span> <span class='ocrx_word' id='word_1_414' title='bbox 2550 1072 2965 1125; x_wconf 83' lang='lat' dir='ltr'>exsultantibus</span> <span class='ocrx_word' id='word_1_415' title='bbox 3014 1072 3223 1125; x_wconf 91' lang='lat' dir='ltr'>animis</span> <span class='ocrx_word' id='word_1_416' title='bbox 3272 1072 3527 1137; x_wconf 89' lang='lat' dir='ltr'>laudare,</span> <span class='ocrx_word' id='word_1_417' title='bbox 3582 1072 3893 1126; x_wconf 85' lang='lat' dir='ltr'>benedicere</span> 
     </span>
    </p>
   </div>
   <div class='ocr_carea' id='block_1_70' title="bbox 2216 1161 3891 1231">
    <p class='ocr_par' dir='ltr' id='par_1_70' title="bbox 2216 1161 3891 1231">
     <span class='ocr_line' id='line_1_70' title="bbox 2216 1161 3891 1231; baseline 0 -16"><span class='ocrx_word' id='word_1_418' title='bbox 2216 1166 2273 1215; x_wconf 88' lang='lat' dir='ltr'>et</span> <span class='ocrx_word' id='word_1_419' title='bbox 2317 1162 2647 1231; x_wconf 57' lang='lat' dir='ltr'>praedicare.</span> <span class='ocrx_word' id='word_1_420' title='bbox 2710 1162 2859 1213; x_wconf 89' lang='lat' dir='ltr'>Inter</span> <span class='ocrx_word' id='word_1_421' title='bbox 2912 1177 3051 1231; x_wconf 88' lang='lat' dir='ltr'>quas</span> <span class='ocrx_word' id='word_1_422' title='bbox 3109 1161 3453 1214; x_wconf 89' lang='lat' dir='ltr'>intemerata</span> <span class='ocrx_word' id='word_1_423' title='bbox 3516 1161 3616 1214; x_wconf 89' lang='lat' dir='ltr'>Dei</span> <span class='ocrx_word' id='word_1_424' title='bbox 3669 1162 3891 1231; x_wconf 78' lang='lat' dir='ltr'>genitrix</span> 
     </span>
    </p>
   </div>
   <div class='ocr_carea' id='block_1_71' title="bbox 2216 1250 3893 1320">
    <p class='ocr_par' dir='ltr' id='par_1_71' title="bbox 2216 1250 3893 1320">
     <span class='ocr_line' id='line_1_71' title="bbox 2216 1250 3893 1320; baseline 0 -17"><span class='ocrx_word' id='word_1_425' title='bbox 2216 1250 2375 1320; x_wconf 91' lang='lat' dir='ltr'>virgo</span> <span class='ocrx_word' id='word_1_426' title='bbox 2428 1250 2617 1316; x_wconf 82' lang='lat' dir='ltr'>Maria,</span> <span class='ocrx_word' id='word_1_427' title='bbox 2672 1250 2833 1319; x_wconf 86' lang='lat' dir='ltr'>cujus</span> <span class='ocrx_word' id='word_1_428' title='bbox 2883 1250 3083 1304; x_wconf 88' lang='lat' dir='ltr'>devote</span> <span class='ocrx_word' id='word_1_429' title='bbox 3136 1251 3746 1304; x_wconf 87' lang='lat' dir='ltr'>commemorationem</span> <span class='ocrx_word' id='word_1_430' title='bbox 3794 1252 3893 1320; x_wconf 85' lang='lat' dir='ltr'>agi-</span> 
     </span>
    </p>
   </div>
   <div class='ocr_carea' id='block_1_72' title="bbox 2216 1338 3895 1409">
    <p class='ocr_par' dir='ltr' id='par_1_72' title="bbox 2216 1338 3895 1409">
     <span class='ocr_line' id='line_1_72' title="bbox 2216 1338 3895 1409; baseline -0.001 -17"><span class='ocrx_word' id='word_1_431' title='bbox 2216 1356 2365 1404; x_wconf 89' lang='lat' dir='ltr'>mus,</span> <span class='ocrx_word' id='word_1_432' title='bbox 2396 1338 2582 1409; x_wconf 89' lang='lat' dir='ltr'>gloria</span> <span class='ocrx_word' id='word_1_433' title='bbox 2620 1338 2848 1392; x_wconf 81' lang='lat' dir='ltr'>etfulsit.</span> <span class='ocrx_word' id='word_1_434' title='bbox 2883 1338 3019 1402; x_wconf 63' lang='lat' dir='ltr'>Quae</span> <span class='ocrx_word' id='word_1_435' title='bbox 3052 1344 3107 1392; x_wconf 90' lang='lat' dir='ltr'>et</span> <span class='ocrx_word' id='word_1_436' title='bbox 3139 1338 3507 1408; x_wconf 88' lang='lat' dir='ltr'>unigenitum</span> <span class='ocrx_word' id='word_1_437' title='bbox 3557 1339 3738 1391; x_wconf 84' lang='lat' dir='ltr'>sancti</span> <span class='ocrx_word' id='word_1_438' title='bbox 3784 1340 3895 1409; x_wconf 88' lang='lat' dir='ltr'>Spi-</span> 
     </span>
    </p>
   </div>
   <div class='ocr_carea' id='block_1_73' title="bbox 2217 1426 3896 1496">
    <p class='ocr_par' dir='ltr' id='par_1_73' title="bbox 2217 1426 3896 1496">
     <span class='ocr_line' id='line_1_73' title="bbox 2217 1426 3896 1496; baseline -0.001 -15"><span class='ocrx_word' id='word_1_439' title='bbox 2217 1428 2359 1481; x_wconf 91' lang='lat' dir='ltr'>ritus</span> <span class='ocrx_word' id='word_1_440' title='bbox 2406 1426 2847 1480; x_wconf 88' lang='lat' dir='ltr'>obumbratione</span> <span class='ocrx_word' id='word_1_441' title='bbox 2887 1427 3168 1496; x_wconf 91' lang='lat' dir='ltr'>concepit,</span> <span class='ocrx_word' id='word_1_442' title='bbox 3220 1433 3295 1490; x_wconf 92' lang='lat' dir='ltr'>et,</span> <span class='ocrx_word' id='word_1_443' title='bbox 3348 1426 3693 1495; x_wconf 84' lang='lat' dir='ltr'>virginitatis</span> <span class='ocrx_word' id='word_1_444' title='bbox 3735 1428 3896 1496; x_wconf 82' lang='lat' dir='ltr'>gloria</span> 
     </span>
    </p>
   </div>
   <div class='ocr_carea' id='block_1_74' title="bbox 2218 1514 3891 1586">
    <p class='ocr_par' dir='ltr' id='par_1_74' title="bbox 2218 1514 3891 1586">
     <span class='ocr_line' id='line_1_74' title="bbox 2218 1514 3891 1586; baseline 0.001 -18"><span class='ocrx_word' id='word_1_445' title='bbox 2218 1520 2596 1586; x_wconf 88' lang='lat' dir='ltr'>permanente</span> <span class='ocrx_word' id='word_1_446' title='bbox 2645 1514 2781 1568; x_wconf 91' lang='lat' dir='ltr'>huic</span> <span class='ocrx_word' id='word_1_447' title='bbox 2844 1515 3058 1567; x_wconf 89' lang='lat' dir='ltr'>mundo</span> <span class='ocrx_word' id='word_1_448' title='bbox 3122 1516 3318 1567; x_wconf 88' lang='lat' dir='ltr'>lumen</span> <span class='ocrx_word' id='word_1_449' title='bbox 3367 1520 3648 1568; x_wconf 85' lang='lat' dir='ltr'>aeternum</span> <span class='ocrx_word' id='word_1_450' title='bbox 3696 1516 3891 1579; x_wconf 78' lang='lat' dir='ltr'>etfudit,</span> 
     </span>
    </p>
   </div>
   <div class='ocr_carea' id='block_1_75' title="bbox 2218 1603 3383 1657">
    <p class='ocr_par' dir='ltr' id='par_1_75' title="bbox 2218 1603 3383 1657">
     <span class='ocr_line' id='line_1_75' title="bbox 2218 1603 3383 1657; baseline -0.003 0"><span class='ocrx_word' id='word_1_451' title='bbox 2218 1604 2409 1657; x_wconf 86' lang='lat' dir='ltr'>Jesum</span> <span class='ocrx_word' id='word_1_452' title='bbox 2444 1603 2730 1657; x_wconf 86' lang='lat' dir='ltr'>Christum</span> <span class='ocrx_word' id='word_1_453' title='bbox 2768 1603 3074 1656; x_wconf 90' lang='lat' dir='ltr'>Dominum</span> <span class='ocrx_word' id='word_1_454' title='bbox 3104 1607 3383 1655; x_wconf 88' lang='lat' dir='ltr'>nostrum.</span> 
     </span>
    </p>
   </div>
   <div class='ocr_carea' id='block_1_76' title="bbox 2391 1709 3747 1781">
    <p class='ocr_par' dir='ltr' id='par_1_76' title="bbox 2391 1709 3747 1781">
     <span class='ocr_line' id='line_1_76' title="bbox 2391 1709 3747 1781; baseline -0.003 -17"><span class='ocrx_word' id='word_1_455' title='bbox 2391 1709 2491 1781; x_wconf 71' lang='lat' dir='ltr'>[AD</span> <span class='ocrx_word' id='word_1_456' title='bbox 2538 1724 2954 1764; x_wconf 74' lang='lat' dir='ltr'>POSTULANDA</span> <span class='ocrx_word' id='word_1_457' title='bbox 3001 1723 3314 1763; x_wconf 72' lang='lat' dir='ltr'>ANGELICA</span> <span class='ocrx_word' id='word_1_458' title='bbox 3360 1723 3747 1763; x_wconf 68' lang='lat' dir='ltr'>SUFFRAGIA.</span> 
     </span>
    </p>
   </div>
   <div class='ocr_carea' id='block_1_77' title="bbox 2291 1814 3896 1883">
    <p class='ocr_par' dir='ltr' id='par_1_77' title="bbox 2291 1814 3896 1883">
     <span class='ocr_line' id='line_1_77' title="bbox 2291 1814 3896 1883; baseline -0.001 -13"><span class='ocrx_word' id='word_1_459' title='bbox 2291 1818 2517 1870; x_wconf 68' lang='lat' dir='ltr'>Aiterne</span> <span class='ocrx_word' id='word_1_460' title='bbox 2560 1817 2727 1870; x_wconf 91' lang='lat' dir='ltr'>Deus.</span> <span class='ocrx_word' id='word_1_461' title='bbox 2772 1814 2963 1869; x_wconf 89' lang='lat' dir='ltr'>Sancti</span> <span class='ocrx_word' id='word_1_462' title='bbox 3007 1814 3294 1869; x_wconf 80' lang='lat' dir='ltr'>Michaelis</span> <span class='ocrx_word' id='word_1_463' title='bbox 3341 1814 3673 1883; x_wconf 89' lang='lat' dir='ltr'>archangeli</span> <span class='ocrx_word' id='word_1_464' title='bbox 3714 1815 3896 1868; x_wconf 84' lang='lat' dir='ltr'>merita</span> 
     </span>
    </p>
   </div>
   <div class='ocr_carea' id='block_1_78' title="bbox 2221 1902 3893 1976">
    <p class='ocr_par' dir='ltr' id='par_1_78' title="bbox 2221 1902 3893 1976">
     <span class='ocr_line' id='line_1_78' title="bbox 2221 1902 3893 1976; baseline -0.002 -16"><span class='ocrx_word' id='word_1_465' title='bbox 2221 1906 2613 1976; x_wconf 66' lang='lat' dir='ltr'>praedicantes.</span> <span class='ocrx_word' id='word_1_466' title='bbox 2663 1904 2933 1969; x_wconf 86' lang='lat' dir='ltr'>Quamvis</span> <span class='ocrx_word' id='word_1_467' title='bbox 2964 1904 3118 1958; x_wconf 90' lang='lat' dir='ltr'>enim</span> <span class='ocrx_word' id='word_1_468' title='bbox 3154 1904 3309 1957; x_wconf 92' lang='lat' dir='ltr'>illius</span> <span class='ocrx_word' id='word_1_469' title='bbox 3341 1902 3604 1957; x_wconf 89' lang='lat' dir='ltr'>sublimis</span> <span class='ocrx_word' id='word_1_470' title='bbox 3643 1904 3893 1973; x_wconf 70' lang='lat' dir='ltr'>angelica:</span> 
     </span>
    </p>
   </div>
   <div class='ocr_carea' id='block_1_79' title="bbox 2222 1992 3894 2062">
    <p class='ocr_par' dir='ltr' id='par_1_79' title="bbox 2222 1992 3894 2062">
     <span class='ocr_line' id='line_1_79' title="bbox 2222 1992 3894 2062; baseline -0.001 -16"><span class='ocrx_word' id='word_1_471' title='bbox 2222 1994 2553 2049; x_wconf 59' lang='lat' dir='ltr'>substantiae</span> <span class='ocrx_word' id='word_1_472' title='bbox 2584 1994 2656 2047; x_wconf 88' lang='lat' dir='ltr'>sit</span> <span class='ocrx_word' id='word_1_473' title='bbox 2692 1992 2969 2048; x_wconf 89' lang='lat' dir='ltr'>habitatio</span> <span class='ocrx_word' id='word_1_474' title='bbox 3008 2008 3234 2062; x_wconf 90' lang='lat' dir='ltr'>semper</span> <span class='ocrx_word' id='word_1_475' title='bbox 3260 1993 3317 2045; x_wconf 94' lang='lat' dir='ltr'>in</span> <span class='ocrx_word' id='word_1_476' title='bbox 3357 1992 3531 2057; x_wconf 68' lang='lat' dir='ltr'>caelis,</span> <span class='ocrx_word' id='word_1_477' title='bbox 3565 1997 3797 2046; x_wconf 88' lang='lat' dir='ltr'>tuorum</span> <span class='ocrx_word' id='word_1_478' title='bbox 3827 1997 3894 2045; x_wconf 68' lang='grc' dir='ltr'>ιδ·</span> 
     </span>
    </p>
   </div>
   <div class='ocr_carea' id='block_1_80' title="bbox 2224 2081 3895 2153">
    <p class='ocr_par' dir='ltr' id='par_1_80' title="bbox 2224 2081 3895 2153">
     <span class='ocr_line' id='line_1_80' title="bbox 2224 2081 3895 2153; baseline -0.001 -18"><span class='ocrx_word' id='word_1_479' title='bbox 2224 2098 2355 2137; x_wconf 91' lang='lat' dir='ltr'>men</span> <span class='ocrx_word' id='word_1_480' title='bbox 2387 2082 2643 2137; x_wconf 83' lang='lat' dir='ltr'>ﬁdelium</span> <span class='ocrx_word' id='word_1_481' title='bbox 2688 2082 2984 2153; x_wconf 67' lang='lat' dir='ltr'>praesumit</span> <span class='ocrx_word' id='word_1_482' title='bbox 3023 2081 3281 2143; x_wconf 73' lang='lat' dir='ltr'>affectus,</span> <span class='ocrx_word' id='word_1_483' title='bbox 3315 2095 3417 2149; x_wconf 91' lang='lat' dir='ltr'>pro</span> <span class='ocrx_word' id='word_1_484' title='bbox 3457 2085 3571 2133; x_wconf 71' lang='lat' dir='ltr'>tuae</span> <span class='ocrx_word' id='word_1_485' title='bbox 3604 2083 3895 2134; x_wconf 85' lang='lat' dir='ltr'>reverentia</span> 
     </span>
    </p>
   </div>
   <div class='ocr_carea' id='block_1_81' title="bbox 2223 2168 3892 2243">
    <p class='ocr_par' dir='ltr' id='par_1_81' title="bbox 2223 2168 3892 2243">
     <span class='ocr_line' id='line_1_81' title="bbox 2223 2168 3892 2243; baseline -0.001 -18"><span class='ocrx_word' id='word_1_486' title='bbox 2223 2171 2536 2243; x_wconf 88' lang='lat' dir='ltr'>potestatis,</span> <span class='ocrx_word' id='word_1_487' title='bbox 2579 2188 2683 2241; x_wconf 91' lang='lat' dir='ltr'>per</span> <span class='ocrx_word' id='word_1_488' title='bbox 2712 2172 2833 2225; x_wconf 65' lang='lat' dir='ltr'>hinc</span> <span class='ocrx_word' id='word_1_489' title='bbox 2874 2170 2983 2241; x_wconf 69' lang='lat' dir='ltr'>pias</span> <span class='ocrx_word' id='word_1_490' title='bbox 3019 2170 3337 2224; x_wconf 88' lang='lat' dir='ltr'>devotionis</span> <span class='ocrx_word' id='word_1_491' title='bbox 3376 2168 3585 2233; x_wconf 80' lang='lat' dir='ltr'>ofﬁcia,</span> <span class='ocrx_word' id='word_1_492' title='bbox 3630 2170 3892 2240; x_wconf 86' lang='lat' dir='ltr'>quoddam</span> 
     </span>
    </p>
   </div>
   <div class='ocr_carea' id='block_1_82' title="bbox 2223 2257 3892 2331">
    <p class='ocr_par' dir='ltr' id='par_1_82' title="bbox 2223 2257 3892 2331">
     <span class='ocr_line' id='line_1_82' title="bbox 2223 2257 3892 2331; baseline -0.006 -16"><span class='ocrx_word' id='word_1_493' title='bbox 2223 2261 2470 2315; x_wconf 87' lang='lat' dir='ltr'>retinere</span> <span class='ocrx_word' id='word_1_494' title='bbox 2524 2261 2732 2331; x_wconf 87' lang='lat' dir='ltr'>pignus</span> <span class='ocrx_word' id='word_1_495' title='bbox 2776 2260 2835 2314; x_wconf 92' lang='lat' dir='ltr'>in</span> <span class='ocrx_word' id='word_1_496' title='bbox 2892 2260 3080 2323; x_wconf 87' lang='lat' dir='ltr'>terris,</span> <span class='ocrx_word' id='word_1_497' title='bbox 3143 2257 3453 2312; x_wconf 86' lang='lat' dir='ltr'>astantium</span> <span class='ocrx_word' id='word_1_498' title='bbox 3504 2257 3563 2309; x_wconf 90' lang='lat' dir='ltr'>in</span> <span class='ocrx_word' id='word_1_499' title='bbox 3612 2259 3892 2324; x_wconf 87' lang='lat' dir='ltr'>conspectu</span> 
     </span>
    </p>
   </div>
   <div class='ocr_carea' id='block_1_83' title="bbox 2223 2347 3401 2421">
    <p class='ocr_par' dir='ltr' id='par_1_83' title="bbox 2223 2347 3401 2421">
     <span class='ocr_line' id='line_1_83' title="bbox 2223 2347 3401 2421; baseline -0.004 -17"><span class='ocrx_word' id='word_1_500' title='bbox 2223 2355 2320 2404; x_wconf 87' lang='lat' dir='ltr'>tuo</span> <span class='ocrx_word' id='word_1_501' title='bbox 2340 2350 2558 2421; x_wconf 92' lang='lat' dir='ltr'>jugiter</span> <span class='ocrx_word' id='word_1_502' title='bbox 2583 2348 3002 2402; x_wconf 87' lang='lat' dir='ltr'>ministrorum.</span> <span class='ocrx_word' id='word_1_503' title='bbox 3040 2349 3145 2401; x_wconf 86' lang='lat' dir='ltr'>Per</span> <span class='ocrx_word' id='word_1_504' title='bbox 3171 2347 3401 2417; x_wconf 88' lang='lat' dir='ltr'>Christ.]</span> 
     </span>
    </p>
   </div>
   <div class='ocr_carea' id='block_1_84' title="bbox 2614 2456 3526 2525">
    <p class='ocr_par' dir='ltr' id='par_1_84' title="bbox 2614 2456 3526 2525">
     <span class='ocr_line' id='line_1_84' title="bbox 2614 2456 3526 2525; baseline -0.004 -16"><span class='ocrx_word' id='word_1_505' title='bbox 2614 2456 2703 2525; x_wconf 81' lang='lat' dir='ltr'>[IN</span> <span class='ocrx_word' id='word_1_506' title='bbox 2732 2469 3193 2509; x_wconf 66' lang='lat' dir='ltr'>V&#39;ENERATIONE</span> <span class='ocrx_word' id='word_1_507' title='bbox 3225 2468 3273 2508; x_wconf 91' lang='lat' dir='ltr'>s.</span> <span class='ocrx_word' id='word_1_508' title='bbox 3314 2468 3526 2508; x_wconf 81' lang='lat' dir='ltr'>PETRI.</span> 
     </span>
    </p>
   </div>
   <div class='ocr_carea' id='block_1_85' title="bbox 2294 2557 3891 2631">
    <p class='ocr_par' dir='ltr' id='par_1_85' title="bbox 2294 2557 3891 2631">
     <span class='ocr_line' id='line_1_85' title="bbox 2294 2557 3891 2631; baseline -0.004 -16"><span class='ocrx_word' id='word_1_509' title='bbox 2294 2564 2520 2617; x_wconf 50' lang='lat' dir='ltr'>[Eterne</span> <span class='ocrx_word' id='word_1_510' title='bbox 2580 2561 2747 2615; x_wconf 90' lang='lat' dir='ltr'>Deus.</span> <span class='ocrx_word' id='word_1_511' title='bbox 2802 2560 3153 2631; x_wconf 88' lang='lat' dir='ltr'>Majestatem</span> <span class='ocrx_word' id='word_1_512' title='bbox 3214 2565 3373 2613; x_wconf 90' lang='lat' dir='ltr'>tuam</span> <span class='ocrx_word' id='word_1_513' title='bbox 3430 2557 3766 2628; x_wconf 84' lang='lat' dir='ltr'>suppliciter</span> <span class='ocrx_word' id='word_1_514' title='bbox 3814 2572 3891 2608; x_wconf 74' lang='lat' dir='ltr'>ex-</span> 
     </span>
    </p>
   </div>
   <div class='ocr_carea' id='block_1_86' title="bbox 2224 2646 3890 2717">
    <p class='ocr_par' dir='ltr' id='par_1_86' title="bbox 2224 2646 3890 2717">
     <span class='ocr_line' id='line_1_86' title="bbox 2224 2646 3890 2717; baseline -0.005 -13"><span class='ocrx_word' id='word_1_515' title='bbox 2224 2656 2471 2715; x_wconf 91' lang='lat' dir='ltr'>orantes,</span> <span class='ocrx_word' id='word_1_516' title='bbox 2504 2654 2569 2703; x_wconf 89' lang='lat' dir='ltr'>ut</span> <span class='ocrx_word' id='word_1_517' title='bbox 2608 2648 2783 2702; x_wconf 89' lang='lat' dir='ltr'>sancti</span> <span class='ocrx_word' id='word_1_518' title='bbox 2830 2649 2983 2702; x_wconf 88' lang='lat' dir='ltr'>Petri</span> <span class='ocrx_word' id='word_1_519' title='bbox 3033 2648 3275 2717; x_wconf 90' lang='lat' dir='ltr'>apostoli</span> <span class='ocrx_word' id='word_1_520' title='bbox 3323 2647 3404 2700; x_wconf 89' lang='lat' dir='ltr'>tui</span> <span class='ocrx_word' id='word_1_521' title='bbox 3443 2646 3610 2699; x_wconf 90' lang='lat' dir='ltr'>nobis</span> <span class='ocrx_word' id='word_1_522' title='bbox 3648 2646 3890 2698; x_wconf 88' lang='lat' dir='ltr'>interces-</span> 
     </span>
    </p>
   </div>
   <div class='ocr_carea' id='block_1_87' title="bbox 2225 2734 3891 2807">
    <p class='ocr_par' dir='ltr' id='par_1_87' title="bbox 2225 2734 3891 2807">
     <span class='ocr_line' id='line_1_87' title="bbox 2225 2734 3891 2807; baseline -0.007 -13"><span class='ocrx_word' id='word_1_523' title='bbox 2225 2742 2387 2794; x_wconf 89' lang='lat' dir='ltr'>sione</span> <span class='ocrx_word' id='word_1_524' title='bbox 2420 2740 2632 2794; x_wconf 88' lang='lat' dir='ltr'>donare</span> <span class='ocrx_word' id='word_1_525' title='bbox 2664 2737 2937 2807; x_wconf 89' lang='lat' dir='ltr'>digneris,</span> <span class='ocrx_word' id='word_1_526' title='bbox 2973 2741 3034 2789; x_wconf 91' lang='lat' dir='ltr'>ut</span> <span class='ocrx_word' id='word_1_527' title='bbox 3065 2743 3119 2790; x_wconf 91' lang='lat' dir='ltr'>te</span> <span class='ocrx_word' id='word_1_528' title='bbox 3150 2741 3269 2789; x_wconf 91' lang='lat' dir='ltr'>toto</span> <span class='ocrx_word' id='word_1_529' title='bbox 3300 2735 3465 2789; x_wconf 91' lang='lat' dir='ltr'>corde</span> <span class='ocrx_word' id='word_1_530' title='bbox 3501 2734 3816 2805; x_wconf 87' lang='lat' dir='ltr'>diligamus,</span> <span class='ocrx_word' id='word_1_531' title='bbox 3848 2738 3891 2784; x_wconf 85' lang='lat' dir='ltr'>et</span> 
     </span>
    </p>
   </div>
   <div class='ocr_carea' id='block_1_88' title="bbox 2222 2821 3889 2895">
    <p class='ocr_par' dir='ltr' id='par_1_88' title="bbox 2222 2821 3889 2895">
     <span class='ocr_line' id='line_1_88' title="bbox 2222 2821 3889 2895; baseline -0.007 -11"><span class='ocrx_word' id='word_1_532' title='bbox 2222 2828 2465 2884; x_wconf 76' lang='lat' dir='ltr'>caelestis</span> <span class='ocrx_word' id='word_1_533' title='bbox 2498 2826 2870 2880; x_wconf 89' lang='lat' dir='ltr'>beatitudinis</span> <span class='ocrx_word' id='word_1_534' title='bbox 2903 2824 3209 2895; x_wconf 89' lang='lat' dir='ltr'>participes</span> <span class='ocrx_word' id='word_1_535' title='bbox 3244 2840 3374 2877; x_wconf 90' lang='lat' dir='ltr'>cum</span> <span class='ocrx_word' id='word_1_536' title='bbox 3405 2822 3613 2877; x_wconf 90' lang='lat' dir='ltr'>sanctis</span> <span class='ocrx_word' id='word_1_537' title='bbox 3647 2821 3757 2874; x_wconf 87' lang='lat' dir='ltr'>tuis</span> <span class='ocrx_word' id='word_1_538' title='bbox 3789 2836 3889 2873; x_wconf 86' lang='lat' dir='ltr'>esse</span> 
     </span>
    </p>
   </div>
   <div class='ocr_carea' id='block_1_89' title="bbox 2226 2913 2942 2971">
    <p class='ocr_par' dir='ltr' id='par_1_89' title="bbox 2226 2913 2942 2971">
     <span class='ocr_line' id='line_1_89' title="bbox 2226 2913 2942 2971; baseline -0.006 0"><span class='ocrx_word' id='word_1_539' title='bbox 2226 2932 2569 2971; x_wconf 90' lang='lat' dir='ltr'>mereamur.</span> <span class='ocrx_word' id='word_1_540' title='bbox 2604 2916 2709 2967; x_wconf 91' lang='lat' dir='ltr'>Per</span> <span class='ocrx_word' id='word_1_541' title='bbox 2741 2913 2942 2967; x_wconf 88' lang='lat' dir='ltr'>Christ.</span> 
     </span>
    </p>
   </div>
   <div class='ocr_carea' id='block_1_90' title="bbox 2352 3030 3780 3077">
    <p class='ocr_par' dir='ltr' id='par_1_90' title="bbox 2352 3030 3780 3077">
     <span class='ocr_line' id='line_1_90' title="bbox 2352 3030 3780 3077; baseline -0.008 0"><span class='ocrx_word' id='word_1_542' title='bbox 2352 3038 2414 3077; x_wconf 88' lang='lat' dir='ltr'>IN</span> <span class='ocrx_word' id='word_1_543' title='bbox 2466 3035 2703 3075; x_wconf 70' lang='lat' dir='ltr'>NATALI</span> <span class='ocrx_word' id='word_1_544' title='bbox 2751 3035 2800 3074; x_wconf 91' lang='lat' dir='ltr'>S.</span> <span class='ocrx_word' id='word_1_545' title='bbox 2847 3034 3169 3073; x_wconf 75' lang='lat' dir='ltr'>STEPHANI</span> <span class='ocrx_word' id='word_1_546' title='bbox 3216 3030 3780 3073; x_wconf 73' lang='lat' dir='ltr'>PROTOMARTYRIS.</span> 
     </span>
    </p>
   </div>
   <div class='ocr_carea' id='block_1_91' title="bbox 2297 3102 3889 3175">
    <p class='ocr_par' dir='ltr' id='par_1_91' title="bbox 2297 3102 3889 3175">
     <span class='ocr_line' id='line_1_91' title="bbox 2297 3102 3889 3175; baseline -0.007 -10"><span class='ocrx_word' id='word_1_547' title='bbox 2297 3114 2522 3165; x_wconf 64' lang='lat' dir='ltr'>Eterne</span> <span class='ocrx_word' id='word_1_548' title='bbox 2584 3110 2747 3161; x_wconf 91' lang='lat' dir='ltr'>Deus.</span> <span class='ocrx_word' id='word_1_549' title='bbox 2805 3107 2912 3171; x_wconf 89' lang='lat' dir='ltr'>Qui</span> <span class='ocrx_word' id='word_1_550' title='bbox 2977 3108 3142 3160; x_wconf 88' lang='lat' dir='ltr'>beato</span> <span class='ocrx_word' id='word_1_551' title='bbox 3192 3105 3482 3175; x_wconf 89' lang='lat' dir='ltr'>Stephano</span> <span class='ocrx_word' id='word_1_552' title='bbox 3541 3104 3601 3157; x_wconf 91' lang='lat' dir='ltr'>in</span> <span class='ocrx_word' id='word_1_553' title='bbox 3657 3102 3889 3173; x_wconf 87' lang='lat' dir='ltr'>passione</span> 
     </span>
    </p>
   </div>
   <div class='ocr_carea' id='block_1_92' title="bbox 2226 3192 3891 3263">
    <p class='ocr_par' dir='ltr' id='par_1_92' title="bbox 2226 3192 3891 3263">
     <span class='ocr_line' id='line_1_92' title="bbox 2226 3192 3891 3263; baseline -0.005 -11"><span class='ocrx_word' id='word_1_554' title='bbox 2226 3197 2604 3253; x_wconf 88' lang='lat' dir='ltr'>constantiam</span> <span class='ocrx_word' id='word_1_555' title='bbox 2645 3195 2871 3260; x_wconf 90' lang='lat' dir='ltr'>dedisti,</span> <span class='ocrx_word' id='word_1_556' title='bbox 2921 3199 2977 3248; x_wconf 91' lang='lat' dir='ltr'>et</span> <span class='ocrx_word' id='word_1_557' title='bbox 3024 3200 3155 3248; x_wconf 90' lang='lat' dir='ltr'>ante</span> <span class='ocrx_word' id='word_1_558' title='bbox 3196 3211 3393 3247; x_wconf 90' lang='lat' dir='ltr'>omnes</span> <span class='ocrx_word' id='word_1_559' title='bbox 3432 3199 3559 3263; x_wconf 90' lang='lat' dir='ltr'>post</span> <span class='ocrx_word' id='word_1_560' title='bbox 3600 3192 3891 3262; x_wconf 86' lang='lat' dir='ltr'>passionem</span> 
     </span>
    </p>
   </div>
   <div class='ocr_carea' id='block_1_93' title="bbox 2227 3280 3891 3354">
    <p class='ocr_par' dir='ltr' id='par_1_93' title="bbox 2227 3280 3891 3354">
     <span class='ocr_line' id='line_1_93' title="bbox 2227 3280 3891 3354; baseline -0.007 -14"><span class='ocrx_word' id='word_1_561' title='bbox 2227 3286 2356 3341; x_wconf 86' lang='lat' dir='ltr'>Filii</span> <span class='ocrx_word' id='word_1_562' title='bbox 2400 3286 2485 3338; x_wconf 90' lang='lat' dir='ltr'>tui</span> <span class='ocrx_word' id='word_1_563' title='bbox 2523 3284 2803 3354; x_wconf 87' lang='lat' dir='ltr'>triumphi</span> <span class='ocrx_word' id='word_1_564' title='bbox 2842 3283 3086 3353; x_wconf 90' lang='lat' dir='ltr'>gratiam</span> <span class='ocrx_word' id='word_1_565' title='bbox 3136 3282 3449 3335; x_wconf 86' lang='lat' dir='ltr'>contulisti.</span> <span class='ocrx_word' id='word_1_566' title='bbox 3497 3280 3767 3345; x_wconf 87' lang='lat' dir='ltr'>Concede,</span> <span class='ocrx_word' id='word_1_567' title='bbox 3806 3294 3891 3331; x_wconf 90' lang='lat' dir='ltr'>nos</span> 
     </span>
    </p>
   </div>
   <div class='ocr_carea' id='block_1_94' title="bbox 2227 3369 3892 3445">
    <p class='ocr_par' dir='ltr' id='par_1_94' title="bbox 2227 3369 3892 3445">
     <span class='ocr_line' id='line_1_94' title="bbox 2227 3369 3892 3445; baseline -0.006 -17"><span class='ocrx_word' id='word_1_568' title='bbox 2227 3375 2481 3445; x_wconf 86' lang='lat' dir='ltr'>ejusdem</span> <span class='ocrx_word' id='word_1_569' title='bbox 2528 3372 2962 3444; x_wconf 86' lang='lat' dir='ltr'>protomartyris</span> <span class='ocrx_word' id='word_1_570' title='bbox 3012 3371 3095 3424; x_wconf 90' lang='lat' dir='ltr'>tui</span> <span class='ocrx_word' id='word_1_571' title='bbox 3134 3370 3470 3440; x_wconf 90' lang='lat' dir='ltr'>quotidiana</span> <span class='ocrx_word' id='word_1_572' title='bbox 3510 3369 3892 3422; x_wconf 86' lang='lat' dir='ltr'>intercessione</span> 
     </span>
    </p>
   </div>
   <div class='ocr_carea' id='block_1_95' title="bbox 2226 3458 3893 3533">
    <p class='ocr_par' dir='ltr' id='par_1_95' title="bbox 2226 3458 3893 3533">
     <span class='ocr_line' id='line_1_95' title="bbox 2226 3458 3893 3533; baseline -0.005 -17"><span class='ocrx_word' id='word_1_573' title='bbox 2226 3480 2258 3516; x_wconf 90' lang='lat' dir='ltr'>a</span> <span class='ocrx_word' id='word_1_574' title='bbox 2286 3467 2645 3533; x_wconf 86' lang='lat' dir='ltr'>peccatorum</span> <span class='ocrx_word' id='word_1_575' title='bbox 2676 3465 3009 3514; x_wconf 90' lang='lat' dir='ltr'>nostrorum</span> <span class='ocrx_word' id='word_1_576' title='bbox 3054 3458 3296 3512; x_wconf 77' lang='lat' dir='ltr'>nexibus</span> <span class='ocrx_word' id='word_1_577' title='bbox 3328 3458 3568 3522; x_wconf 86' lang='lat' dir='ltr'>absolvi,</span> <span class='ocrx_word' id='word_1_578' title='bbox 3609 3463 3663 3511; x_wconf 91' lang='lat' dir='ltr'>et</span> <span class='ocrx_word' id='word_1_579' title='bbox 3690 3463 3893 3509; x_wconf 64' lang='lat' dir='ltr'>aeterna</span> 
     </span>
    </p>
   </div>
   <div class='ocr_carea' id='block_1_96' title="bbox 2224 3543 3787 3619">
    <p class='ocr_par' dir='ltr' id='par_1_96' title="bbox 2224 3543 3787 3619">
     <span class='ocr_line' id='line_1_96' title="bbox 2224 3543 3787 3619; baseline -0.004 -14"><span class='ocrx_word' id='word_1_580' title='bbox 2224 3550 2591 3605; x_wconf 88' lang='lat' dir='ltr'>beatitudinis</span> <span class='ocrx_word' id='word_1_581' title='bbox 2625 3549 2866 3619; x_wconf 77' lang='lat' dir='ltr'>gloriam</span> <span class='ocrx_word' id='word_1_582' title='bbox 2898 3547 3195 3617; x_wconf 88' lang='lat' dir='ltr'>consequi.</span> <span class='ocrx_word' id='word_1_583' title='bbox 3230 3549 3337 3600; x_wconf 90' lang='lat' dir='ltr'>Per</span> <span class='ocrx_word' id='word_1_584' title='bbox 3367 3546 3571 3600; x_wconf 90' lang='lat' dir='ltr'>Christ.</span> <span class='ocrx_word' id='word_1_585' title='bbox 3604 3543 3787 3616; x_wconf 81' lang='lat' dir='ltr'>Dom.]</span> 
     </span>
    </p>
   </div>
   <div class='ocr_carea' id='block_1_97' title="bbox 2490 3654 3655 3727">
    <p class='ocr_par' dir='ltr' id='par_1_97' title="bbox 2490 3654 3655 3727">
     <span class='ocr_line' id='line_1_97' title="bbox 2490 3654 3655 3727; baseline -0.003 -18"><span class='ocrx_word' id='word_1_586' title='bbox 2490 3654 2576 3727; x_wconf 64' lang='grc' dir='ltr'>[ιη</span> <span class='ocrx_word' id='word_1_587' title='bbox 2624 3667 3227 3709; x_wconf 75' lang='lat' dir='ltr'>COMMEMORATIONE</span> <span class='ocrx_word' id='word_1_588' title='bbox 3272 3667 3324 3705; x_wconf 92' lang='lat' dir='ltr'>s.</span> <span class='ocrx_word' id='word_1_589' title='bbox 3372 3666 3655 3706; x_wconf 78' lang='lat' dir='ltr'>NICOLAI.</span> 
     </span>
    </p>
   </div>
   <div class='ocr_carea' id='block_1_98' title="bbox 2296 3739 3894 3815">
    <p class='ocr_par' dir='ltr' id='par_1_98' title="bbox 2296 3739 3894 3815">
     <span class='ocr_line' id='line_1_98' title="bbox 2296 3739 3894 3815; baseline -0.005 -18"><span class='ocrx_word' id='word_1_590' title='bbox 2296 3747 2539 3815; x_wconf 60' lang='lat' dir='ltr'>quuum</span> <span class='ocrx_word' id='word_1_591' title='bbox 2572 3748 2628 3796; x_wconf 90' lang='lat' dir='ltr'>et</span> <span class='ocrx_word' id='word_1_592' title='bbox 2652 3743 2921 3795; x_wconf 91' lang='lat' dir='ltr'>salutare.</span> <span class='ocrx_word' id='word_1_593' title='bbox 2954 3741 3068 3796; x_wconf 86' lang='lat' dir='ltr'>Nos</span> <span class='ocrx_word' id='word_1_594' title='bbox 3101 3745 3155 3793; x_wconf 91' lang='lat' dir='ltr'>te</span> <span class='ocrx_word' id='word_1_595' title='bbox 3184 3740 3420 3793; x_wconf 88' lang='lat' dir='ltr'>laudare</span> <span class='ocrx_word' id='word_1_596' title='bbox 3452 3740 3711 3793; x_wconf 89' lang='lat' dir='ltr'>mirabile</span> <span class='ocrx_word' id='word_1_597' title='bbox 3740 3739 3894 3791; x_wconf 87' lang='lat' dir='ltr'>Deum</span> 
     </span>
    </p>
   </div>
   <div class='ocr_carea' id='block_1_99' title="bbox 2225 3829 3893 3900">
    <p class='ocr_par' dir='ltr' id='par_1_99' title="bbox 2225 3829 3893 3900">
     <span class='ocr_line' id='line_1_99' title="bbox 2225 3829 3893 3900; baseline -0.005 -14"><span class='ocrx_word' id='word_1_598' title='bbox 2225 3833 2285 3886; x_wconf 91' lang='lat' dir='ltr'>iu</span> <span class='ocrx_word' id='word_1_599' title='bbox 2317 3832 2526 3886; x_wconf 87' lang='lat' dir='ltr'>sanctis</span> <span class='ocrx_word' id='word_1_600' title='bbox 2568 3831 2681 3885; x_wconf 91' lang='lat' dir='ltr'>tuis</span> <span class='ocrx_word' id='word_1_601' title='bbox 2726 3831 2786 3883; x_wconf 92' lang='lat' dir='ltr'>in</span> <span class='ocrx_word' id='word_1_602' title='bbox 2813 3830 3021 3900; x_wconf 89' lang='lat' dir='ltr'>quibus</span> <span class='ocrx_word' id='word_1_603' title='bbox 3053 3829 3403 3899; x_wconf 84' lang='lat' dir='ltr'>gloriﬁcatus</span> <span class='ocrx_word' id='word_1_604' title='bbox 3435 3846 3493 3882; x_wconf 92' lang='lat' dir='ltr'>es</span> <span class='ocrx_word' id='word_1_605' title='bbox 3533 3830 3893 3881; x_wconf 85' lang='lat' dir='ltr'>vehementer.</span> 
     </span>
    </p>
   </div>
   <div class='ocr_carea' id='block_1_100' title="bbox 2225 3916 3895 3991">
    <p class='ocr_par' dir='ltr' id='par_1_100' title="bbox 2225 3916 3895 3991">
     <span class='ocr_line' id='line_1_100' title="bbox 2225 3916 3895 3991; baseline -0.004 -16"><span class='ocrx_word' id='word_1_606' title='bbox 2225 3923 2378 3975; x_wconf 90' lang='lat' dir='ltr'>Inter</span> <span class='ocrx_word' id='word_1_607' title='bbox 2425 3934 2568 3991; x_wconf 84' lang='lat' dir='ltr'>quos</span> <span class='ocrx_word' id='word_1_608' title='bbox 2608 3919 2897 3990; x_wconf 64' lang='lat' dir='ltr'>praeclarae</span> <span class='ocrx_word' id='word_1_609' title='bbox 2938 3918 3322 3972; x_wconf 88' lang='lat' dir='ltr'>attestationis</span> <span class='ocrx_word' id='word_1_610' title='bbox 3363 3918 3680 3981; x_wconf 82' lang='lat' dir='ltr'>Nicolaum,</span> <span class='ocrx_word' id='word_1_611' title='bbox 3718 3922 3771 3970; x_wconf 93' lang='lat' dir='ltr'>et</span> <span class='ocrx_word' id='word_1_612' title='bbox 3797 3916 3895 3968; x_wconf 81' lang='lat' dir='ltr'>vir-</span> 
     </span>
    </p>
   </div>
   <div class='ocr_carea' id='block_1_101' title="bbox 2224 4004 3895 4080">
    <p class='ocr_par' dir='ltr' id='par_1_101' title="bbox 2224 4004 3895 4080">
     <span class='ocr_line' id='line_1_101' title="bbox 2224 4004 3895 4080; baseline -0.004 -17"><span class='ocrx_word' id='word_1_613' title='bbox 2224 4015 2412 4063; x_wconf 88' lang='lat' dir='ltr'>tutum</span> <span class='ocrx_word' id='word_1_614' title='bbox 2445 4008 2746 4080; x_wconf 67' lang='lat' dir='ltr'>przeconiis</span> <span class='ocrx_word' id='word_1_615' title='bbox 2778 4008 3209 4072; x_wconf 86' lang='lat' dir='ltr'>celebrandum,</span> <span class='ocrx_word' id='word_1_616' title='bbox 3254 4007 3510 4059; x_wconf 65' lang='lat' dir='ltr'>Ecclesiae</span> <span class='ocrx_word' id='word_1_617' title='bbox 3549 4012 3662 4059; x_wconf 68' lang='lat' dir='ltr'>tua:</span> <span class='ocrx_word' id='word_1_618' title='bbox 3701 4004 3895 4059; x_wconf 83' lang='lat' dir='ltr'>confes-</span> 
     </span>
    </p>
   </div>
   <div class='ocr_carea' id='block_1_102' title="bbox 2225 4094 3897 4165">
    <p class='ocr_par' dir='ltr' id='par_1_102' title="bbox 2225 4094 3897 4165">
     <span class='ocr_line' id='line_1_102' title="bbox 2225 4094 3897 4165; baseline -0.005 -15"><span class='ocrx_word' id='word_1_619' title='bbox 2225 4097 2403 4151; x_wconf 92' lang='lat' dir='ltr'>sionis</span> <span class='ocrx_word' id='word_1_620' title='bbox 2453 4098 2658 4150; x_wconf 88' lang='lat' dir='ltr'>merito</span> <span class='ocrx_word' id='word_1_621' title='bbox 2709 4095 2939 4149; x_wconf 90' lang='lat' dir='ltr'>voluisti</span> <span class='ocrx_word' id='word_1_622' title='bbox 2990 4111 3234 4165; x_wconf 68' lang='lat' dir='ltr'>praeesse</span> <span class='ocrx_word' id='word_1_623' title='bbox 3280 4102 3587 4165; x_wconf 85' lang='lat' dir='ltr'>pastorem.</span> <span class='ocrx_word' id='word_1_624' title='bbox 3636 4094 3809 4157; x_wconf 88' lang='lat' dir='ltr'>Quam</span> <span class='ocrx_word' id='word_1_625' title='bbox 3851 4096 3897 4144; x_wconf 89' lang='lat' dir='ltr'>et</span> 
     </span>
    </p>
   </div>
   <div class='ocr_carea' id='block_1_103' title="bbox 2225 4184 3895 4258">
    <p class='ocr_par' dir='ltr' id='par_1_103' title="bbox 2225 4184 3895 4258">
     <span class='ocr_line' id='line_1_103' title="bbox 2225 4184 3895 4258; baseline -0.005 -19"><span class='ocrx_word' id='word_1_626' title='bbox 2225 4186 2535 4258; x_wconf 75' lang='lat' dir='ltr'>praeteritis</span> <span class='ocrx_word' id='word_1_627' title='bbox 2584 4185 2857 4238; x_wconf 90' lang='lat' dir='ltr'>virtutum</span> <span class='ocrx_word' id='word_1_628' title='bbox 2901 4184 3023 4253; x_wconf 90' lang='lat' dir='ltr'>ejus</span> <span class='ocrx_word' id='word_1_629' title='bbox 3063 4184 3338 4252; x_wconf 84' lang='lat' dir='ltr'>exemplis</span> <span class='ocrx_word' id='word_1_630' title='bbox 3380 4184 3656 4247; x_wconf 90' lang='lat' dir='ltr'>imbuere,</span> <span class='ocrx_word' id='word_1_631' title='bbox 3690 4188 3743 4235; x_wconf 90' lang='lat' dir='ltr'>et</span> <span class='ocrx_word' id='word_1_632' title='bbox 3769 4196 3895 4249; x_wconf 69' lang='lat' dir='ltr'>prae-</span> 
     </span>
    </p>
   </div>
   <div class='ocr_carea' id='block_1_104' title="bbox 2229 4268 3892 4335">
    <p class='ocr_par' dir='ltr' id='par_1_104' title="bbox 2229 4268 3892 4335">
     <span class='ocr_line' id='line_1_104' title="bbox 2229 4268 3892 4335; baseline -0.005 -6"><span class='ocrx_word' id='word_1_633' title='bbox 2229 4275 2480 4329; x_wconf 89' lang='lat' dir='ltr'>sentibus</span> <span class='ocrx_word' id='word_1_634' title='bbox 2537 4290 2651 4327; x_wconf 90' lang='lat' dir='ltr'>non</span> <span class='ocrx_word' id='word_1_635' title='bbox 2706 4272 2919 4326; x_wconf 90' lang='lat' dir='ltr'>desinis</span> <span class='ocrx_word' id='word_1_636' title='bbox 2978 4272 3266 4326; x_wconf 90' lang='lat' dir='ltr'>miraculis</span> <span class='ocrx_word' id='word_1_637' title='bbox 3324 4273 3571 4325; x_wconf 88' lang='lat' dir='ltr'>erudire.</span> <span class='ocrx_word' id='word_1_638' title='bbox 3629 4272 3689 4325; x_wconf 84' lang='lat' dir='ltr'>Et</span> <span class='ocrx_word' id='word_1_639' title='bbox 3744 4268 3892 4335; x_wconf 56' lang='lat' dir='ltr'>ideal</span> 
     </span>
    </p>
   </div>
   <div class='ocr_carea' id='block_1_105' title="bbox 2410 4393 3737 4435">
    <p class='ocr_par' dir='ltr' id='par_1_105' title="bbox 2410 4393 3737 4435">
     <span class='ocr_line' id='line_1_105' title="bbox 2410 4393 3737 4435; baseline -0.003 -1"><span class='ocrx_word' id='word_1_640' title='bbox 2410 4396 2475 4435; x_wconf 88' lang='lat' dir='ltr'>IN</span> <span class='ocrx_word' id='word_1_641' title='bbox 2521 4394 2977 4434; x_wconf 75' lang='lat' dir='ltr'>VENERATIONE</span> <span class='ocrx_word' id='word_1_642' title='bbox 3022 4394 3278 4433; x_wconf 73' lang='lat' dir='ltr'>OMNIUM</span> <span class='ocrx_word' id='word_1_643' title='bbox 3332 4393 3737 4433; x_wconf 66' lang='lat' dir='ltr'>SANCTORUI.</span> 
     </span>
    </p>
   </div>
   <div class='ocr_carea' id='block_1_106' title="bbox 2298 4464 3893 4537">
    <p class='ocr_par' dir='ltr' id='par_1_106' title="bbox 2298 4464 3893 4537">
     <span class='ocr_line' id='line_1_106' title="bbox 2298 4464 3893 4537; baseline -0.006 -14"><span class='ocrx_word' id='word_1_644' title='bbox 2298 4473 2521 4524; x_wconf 69' lang='lat' dir='ltr'>Aiterne</span> <span class='ocrx_word' id='word_1_645' title='bbox 2563 4470 2730 4522; x_wconf 91' lang='lat' dir='ltr'>Deus.</span> <span class='ocrx_word' id='word_1_646' title='bbox 2770 4469 2837 4521; x_wconf 87' lang='lat' dir='ltr'>Et</span> <span class='ocrx_word' id='word_1_647' title='bbox 2879 4468 3125 4537; x_wconf 90' lang='lat' dir='ltr'>gloriam</span> <span class='ocrx_word' id='word_1_648' title='bbox 3172 4473 3329 4520; x_wconf 90' lang='lat' dir='ltr'>tuam</span> <span class='ocrx_word' id='word_1_649' title='bbox 3372 4467 3619 4537; x_wconf 87' lang='lat' dir='ltr'>profusis</span> <span class='ocrx_word' id='word_1_650' title='bbox 3657 4464 3893 4536; x_wconf 88' lang='lat' dir='ltr'>precibus</span> 
     </span>
    </p>
   </div>
   <div class='ocr_carea' id='block_1_107' title="bbox 2226 4554 3892 4629">
    <p class='ocr_par' dir='ltr' id='par_1_107' title="bbox 2226 4554 3892 4629">
     <span class='ocr_line' id='line_1_107' title="bbox 2226 4554 3892 4629; baseline -0.005 -18"><span class='ocrx_word' id='word_1_651' title='bbox 2226 4559 2561 4629; x_wconf 89' lang='lat' dir='ltr'>suppliciter</span> <span class='ocrx_word' id='word_1_652' title='bbox 2606 4557 2922 4623; x_wconf 90' lang='lat' dir='ltr'>obsecrare,</span> <span class='ocrx_word' id='word_1_653' title='bbox 2978 4563 3040 4610; x_wconf 93' lang='lat' dir='ltr'>ut</span> <span class='ocrx_word' id='word_1_654' title='bbox 3086 4573 3214 4610; x_wconf 88' lang='lat' dir='ltr'>cum</span> <span class='ocrx_word' id='word_1_655' title='bbox 3256 4556 3675 4610; x_wconf 79' lang='lat' dir='ltr'>exsultantibus</span> <span class='ocrx_word' id='word_1_656' title='bbox 3713 4554 3892 4607; x_wconf 88' lang='lat' dir='ltr'>sanctis</span> 
     </span>
    </p>
   </div>
   <div class='ocr_carea' id='block_1_108' title="bbox 2228 4645 3892 4715">
    <p class='ocr_par' dir='ltr' id='par_1_108' title="bbox 2228 4645 3892 4715">
     <span class='ocr_line' id='line_1_108' title="bbox 2228 4645 3892 4715; baseline -0.005 -14"><span class='ocrx_word' id='word_1_657' title='bbox 2228 4647 2339 4701; x_wconf 89' lang='lat' dir='ltr'>tuis</span> <span class='ocrx_word' id='word_1_658' title='bbox 2378 4648 2437 4700; x_wconf 90' lang='lat' dir='ltr'>in</span> <span class='ocrx_word' id='word_1_659' title='bbox 2488 4646 2697 4701; x_wconf 68' lang='lat' dir='ltr'>caelesti</span> <span class='ocrx_word' id='word_1_660' title='bbox 2751 4646 2912 4715; x_wconf 87' lang='lat' dir='ltr'>regni</span> <span class='ocrx_word' id='word_1_661' title='bbox 2951 4645 3235 4699; x_wconf 87' lang='lat' dir='ltr'>cubilibus</span> <span class='ocrx_word' id='word_1_662' title='bbox 3282 4645 3494 4711; x_wconf 78' lang='lat' dir='ltr'>gaudia</span> <span class='ocrx_word' id='word_1_663' title='bbox 3550 4649 3741 4697; x_wconf 89' lang='lat' dir='ltr'>nostra</span> <span class='ocrx_word' id='word_1_664' title='bbox 3783 4656 3892 4693; x_wconf 83' lang='lat' dir='ltr'>con-</span> 
     </span>
    </p>
   </div>
   <div class='ocr_carea' id='block_1_109' title="bbox 2223 4724 3890 4807">
    <p class='ocr_par' dir='ltr' id='par_1_109' title="bbox 2223 4724 3890 4807">
     <span class='ocr_line' id='line_1_109' title="bbox 2223 4724 3890 4807; baseline -0.005 -17"><span class='ocrx_word' id='word_1_665' title='bbox 2223 4724 2452 4807; x_wconf 81' lang='lat' dir='ltr'>jungas,</span> <span class='ocrx_word' id='word_1_666' title='bbox 2488 4742 2545 4790; x_wconf 89' lang='lat' dir='ltr'>et</span> <span class='ocrx_word' id='word_1_667' title='bbox 2573 4751 2715 4806; x_wconf 89' lang='lat' dir='ltr'>quos</span> <span class='ocrx_word' id='word_1_668' title='bbox 2745 4734 2969 4787; x_wconf 90' lang='lat' dir='ltr'>virtutis</span> <span class='ocrx_word' id='word_1_669' title='bbox 3000 4734 3320 4787; x_wconf 87' lang='lat' dir='ltr'>imitatione</span> <span class='ocrx_word' id='word_1_670' title='bbox 3354 4749 3469 4786; x_wconf 93' lang='lat' dir='ltr'>non</span> <span class='ocrx_word' id='word_1_671' title='bbox 3504 4748 3794 4804; x_wconf 87' lang='lat' dir='ltr'>possumus</span> <span class='ocrx_word' id='word_1_672' title='bbox 3820 4744 3890 4780; x_wconf 83' lang='lat' dir='ltr'>se—</span> 
     </span>
    </p>
   </div>
   <div class='ocr_carea' id='block_1_110' title="bbox 2228 4819 3890 4896">
    <p class='ocr_par' dir='ltr' id='par_1_110' title="bbox 2228 4819 3890 4896">
     <span class='ocr_line' id='line_1_110' title="bbox 2228 4819 3890 4896; baseline -0.005 -19"><span class='ocrx_word' id='word_1_673' title='bbox 2228 4826 2348 4896; x_wconf 89' lang='lat' dir='ltr'>qui,</span> <span class='ocrx_word' id='word_1_674' title='bbox 2398 4825 2604 4879; x_wconf 86' lang='lat' dir='ltr'>debitae</span> <span class='ocrx_word' id='word_1_675' title='bbox 2652 4822 3033 4877; x_wconf 90' lang='lat' dir='ltr'>venerationis</span> <span class='ocrx_word' id='word_1_676' title='bbox 3080 4823 3481 4893; x_wconf 88' lang='lat' dir='ltr'>contingamus</span> <span class='ocrx_word' id='word_1_677' title='bbox 3539 4821 3754 4876; x_wconf 75' lang='lat' dir='ltr'>effectu.</span> <span class='ocrx_word' id='word_1_678' title='bbox 3804 4819 3890 4871; x_wconf 88' lang='lat' dir='ltr'>Per</span> 
     </span>
    </p>
   </div>
   <div class='ocr_carea' id='block_1_111' title="bbox 2226 4915 2537 4969">
    <p class='ocr_par' dir='ltr' id='par_1_111' title="bbox 2226 4915 2537 4969">
     <span class='ocr_line' id='line_1_111' title="bbox 2226 4915 2537 4969; baseline -0.01 -1"><span class='ocrx_word' id='word_1_679' title='bbox 2226 4915 2537 4969; x_wconf 84' lang='lat' dir='ltr'>Christum.</span> 
     </span>
    </p>
   </div>
   <div class='ocr_carea' id='block_1_112' title="bbox 2479 5031 3666 5089">
    <p class='ocr_par' dir='ltr' id='par_1_112' title="bbox 2479 5031 3666 5089">
     <span class='ocr_line' id='line_1_112' title="bbox 2479 5031 3666 5089; baseline -0.003 -16"><span class='ocrx_word' id='word_1_680' title='bbox 2479 5034 2542 5073; x_wconf 89' lang='lat' dir='ltr'>IN</span> <span class='ocrx_word' id='word_1_681' title='bbox 2590 5032 3037 5073; x_wconf 75' lang='lat' dir='ltr'>ORDINATIONE</span> <span class='ocrx_word' id='word_1_682' title='bbox 3085 5031 3666 5089; x_wconf 61' lang='lat' dir='ltr'>PRESBYTERORUM.</span> 
     </span>
    </p>
   </div>
   <div class='ocr_carea' id='block_1_113' title="bbox 2298 5101 3891 5179">
    <p class='ocr_par' dir='ltr' id='par_1_113' title="bbox 2298 5101 3891 5179">
     <span class='ocr_line' id='line_1_113' title="bbox 2298 5101 3891 5179; baseline -0.006 -17"><span class='ocrx_word' id='word_1_683' title='bbox 2298 5111 2542 5179; x_wconf 64' lang='lat' dir='ltr'>quuum</span> <span class='ocrx_word' id='word_1_684' title='bbox 2588 5112 2645 5161; x_wconf 89' lang='lat' dir='ltr'>et</span> <span class='ocrx_word' id='word_1_685' title='bbox 2686 5106 2952 5161; x_wconf 89' lang='lat' dir='ltr'>salutare.</span> <span class='ocrx_word' id='word_1_686' title='bbox 2987 5106 3094 5169; x_wconf 91' lang='lat' dir='ltr'>Qui</span> <span class='ocrx_word' id='word_1_687' title='bbox 3129 5104 3502 5159; x_wconf 89' lang='lat' dir='ltr'>dissimulatis</span> <span class='ocrx_word' id='word_1_688' title='bbox 3535 5102 3769 5176; x_wconf 86' lang='lat' dir='ltr'>peccatis</span> <span class='ocrx_word' id='word_1_689' title='bbox 3800 5101 3891 5153; x_wconf 88' lang='lat' dir='ltr'>hu-</span> 
     </span>
    </p>
   </div>
   <div class='ocr_carea' id='block_1_114' title="bbox 2226 5189 3892 5265">
    <p class='ocr_par' dir='ltr' id='par_1_114' title="bbox 2226 5189 3892 5265">
     <span class='ocr_line' id='line_1_114' title="bbox 2226 5189 3892 5265; baseline -0.007 -14"><span class='ocrx_word' id='word_1_690' title='bbox 2226 5213 2411 5251; x_wconf 79' lang='lat' dir='ltr'>manae</span> <span class='ocrx_word' id='word_1_691' title='bbox 2434 5195 2756 5265; x_wconf 88' lang='lat' dir='ltr'>fragilitatis</span> <span class='ocrx_word' id='word_1_692' title='bbox 2786 5194 2945 5247; x_wconf 89' lang='lat' dir='ltr'>nobis</span> <span class='ocrx_word' id='word_1_693' title='bbox 2976 5194 3233 5264; x_wconf 86' lang='lat' dir='ltr'>indignis</span> <span class='ocrx_word' id='word_1_694' title='bbox 3252 5194 3661 5246; x_wconf 87' lang='lat' dir='ltr'>sacerdotalem</span> <span class='ocrx_word' id='word_1_695' title='bbox 3692 5189 3892 5245; x_wconf 83' lang='lat' dir='ltr'>confers</span> 
     </span>
    </p>
   </div>
   <div class='ocr_carea' id='block_1_115' title="bbox 2226 5280 3893 5355">
    <p class='ocr_par' dir='ltr' id='par_1_115' title="bbox 2226 5280 3893 5355">
     <span class='ocr_line' id='line_1_115' title="bbox 2226 5280 3893 5355; baseline -0.007 -17"><span class='ocrx_word' id='word_1_696' title='bbox 2226 5285 2588 5355; x_wconf 85' lang='lat' dir='ltr'>dignitatem,</span> <span class='ocrx_word' id='word_1_697' title='bbox 2624 5284 2696 5337; x_wconf 91' lang='lat' dir='ltr'>da</span> <span class='ocrx_word' id='word_1_698' title='bbox 2728 5283 2917 5347; x_wconf 88' lang='lat' dir='ltr'>nobis,</span> <span class='ocrx_word' id='word_1_699' title='bbox 2961 5298 3313 5353; x_wconf 76' lang='lat' dir='ltr'>quaesumus,</span> <span class='ocrx_word' id='word_1_700' title='bbox 3347 5288 3410 5334; x_wconf 90' lang='lat' dir='ltr'>ut</span> <span class='ocrx_word' id='word_1_701' title='bbox 3447 5282 3517 5335; x_wconf 89' lang='lat' dir='ltr'>ad</span> <span class='ocrx_word' id='word_1_702' title='bbox 3562 5280 3893 5334; x_wconf 84' lang='lat' dir='ltr'>sacrosancta</span> 
     </span>
    </p>
   </div>
   <div class='ocr_carea' id='block_1_116' title="bbox 2226 5364 3893 5444">
    <p class='ocr_par' dir='ltr' id='par_1_116' title="bbox 2226 5364 3893 5444">
     <span class='ocr_line' id='line_1_116' title="bbox 2226 5364 3893 5444; baseline -0.008 -16"><span class='ocrx_word' id='word_1_703' title='bbox 2226 5373 2496 5444; x_wconf 86' lang='lat' dir='ltr'>mysteria</span> <span class='ocrx_word' id='word_1_704' title='bbox 2537 5372 2892 5425; x_wconf 90' lang='lat' dir='ltr'>immolanda</span> <span class='ocrx_word' id='word_1_705' title='bbox 2933 5387 3061 5425; x_wconf 90' lang='lat' dir='ltr'>cum</span> <span class='ocrx_word' id='word_1_706' title='bbox 3106 5370 3473 5441; x_wconf 89' lang='lat' dir='ltr'>beneplacitis</span> <span class='ocrx_word' id='word_1_707' title='bbox 3507 5370 3784 5424; x_wconf 86' lang='lat' dir='ltr'>mentibus</span> <span class='ocrx_word' id='word_1_708' title='bbox 3825 5364 3893 5417; x_wconf 83' lang='lat' dir='ltr'>fa-</span> 
     </span>
    </p>
   </div>
   <div class='ocr_carea' id='block_1_117' title="bbox 2226 5454 3889 5531">
    <p class='ocr_par' dir='ltr' id='par_1_117' title="bbox 2226 5454 3889 5531">
     <span class='ocr_line' id='line_1_117' title="bbox 2226 5454 3889 5531; baseline -0.007 -16"><span class='ocrx_word' id='word_1_709' title='bbox 2226 5462 2339 5517; x_wconf 89' lang='lat' dir='ltr'>cias</span> <span class='ocrx_word' id='word_1_710' title='bbox 2379 5460 2615 5514; x_wconf 86' lang='lat' dir='ltr'>introire</span> <span class='ocrx_word' id='word_1_711' title='bbox 2649 5477 2661 5513; x_wconf 91' lang='lat'>:</span> <span class='ocrx_word' id='word_1_712' title='bbox 2707 5460 2841 5531; x_wconf 88' lang='lat' dir='ltr'>quia</span> <span class='ocrx_word' id='word_1_713' title='bbox 2884 5466 2946 5514; x_wconf 89' lang='lat' dir='ltr'>tu</span> <span class='ocrx_word' id='word_1_714' title='bbox 2989 5460 3145 5514; x_wconf 92' lang='lat' dir='ltr'>solus</span> <span class='ocrx_word' id='word_1_715' title='bbox 3179 5461 3298 5513; x_wconf 87' lang='lat' dir='ltr'>sine</span> <span class='ocrx_word' id='word_1_716' title='bbox 3339 5459 3606 5529; x_wconf 90' lang='lat' dir='ltr'>operibus</span> <span class='ocrx_word' id='word_1_717' title='bbox 3636 5457 3773 5529; x_wconf 89' lang='lat' dir='ltr'>aptis</span> <span class='ocrx_word' id='word_1_718' title='bbox 3807 5454 3889 5523; x_wconf 86' lang='lat' dir='ltr'>ju-</span> 
     </span>
    </p>
   </div>
   <div class='ocr_carea' id='block_1_118' title="bbox 2226 5541 3892 5619">
    <p class='ocr_par' dir='ltr' id='par_1_118' title="bbox 2226 5541 3892 5619">
     <span class='ocr_line' id='line_1_118' title="bbox 2226 5541 3892 5619; baseline -0.007 -15"><span class='ocrx_word' id='word_1_719' title='bbox 2226 5549 2435 5604; x_wconf 81' lang='lat' dir='ltr'>stiﬁcas</span> <span class='ocrx_word' id='word_1_720' title='bbox 2469 5553 2825 5619; x_wconf 89' lang='lat' dir='ltr'>peccatores;</span> <span class='ocrx_word' id='word_1_721' title='bbox 2867 5553 2931 5602; x_wconf 89' lang='lat' dir='ltr'>tu</span> <span class='ocrx_word' id='word_1_722' title='bbox 2959 5548 3204 5619; x_wconf 89' lang='lat' dir='ltr'>gratiam</span> <span class='ocrx_word' id='word_1_723' title='bbox 3236 5552 3473 5619; x_wconf 64' lang='lat' dir='ltr'>praestas</span> <span class='ocrx_word' id='word_1_724' title='bbox 3515 5548 3785 5617; x_wconf 81' lang='lat' dir='ltr'>benignus</span> <span class='ocrx_word' id='word_1_725' title='bbox 3810 5541 3892 5594; x_wconf 86' lang='lat' dir='ltr'>in-</span> 
     </span>
    </p>
   </div>
  </div>
