4048 6170
203 240 291 291 921
1147 246 1341 301 LIBER
1390 248 2019 310 SACRAMENTORUM.
2045 287 2115 297 —
2143 257 2458 314 PBEFAT.
2501 260 2729 325 ANTIO.

3588 271 3690 321 9‘22

201 372 392 441 gratis.
431 374 506 427 Tu
540 390 607 428 ea
653 390 783 446 quae
837 380 987 431 retro
1028 383 1181 445 sunt,
1214 381 1445 436 oblivsci
1507 387 1788 454 concedis,
1824 392 1881 442 et
1918 393 1956 444 A
1993 391 2134 460 [eno
2160 408 3195 455 CONGREGATIONERELIGIOSORUM
3222 418 3687 462 MONACHORUM.

201 460 264 512 ad
296 460 487 531 priora
519 464 799 532 promissa
835 466 1105 535 mysteria
1129 469 1572 527 clementissima
1604 476 1887 546 guberna-

202 547 349 602 tione
377 550 656 618 perducis.
684 552 749 605 Et
774 552 924 606 ideo.

804 678 966 743 Infra
998 682 1274 735 actionem.

268 778 423 832 Hanc
453 779 628 849 igitur
656 782 1007 838 oblationem
1042 788 1161 856 spei
1189 792 1418 855 nostrae,
1453 808 1626 862 quam
1660 794 1761 847 tibi
1792 796 1876 849 of-

199 864 433 919 ferimus
464 867 521 919 in
547 868 638 921 die
669 869 961 925 hodiernae
992 875 1391 941 solemnitatis,
1426 896 1540 949 quo
1588 882 1753 935 nobis
1796 883 1881 936 in-

198 952 383 1021 dignis
441 956 852 1012 sacerdotalem
907 959 1149 1015 infulam
1200 964 1466 1031 tribuisti,
1530 984 1879 1037 quaesumus,

201 1041 455 1107 Domine,
489 1049 551 1097 ut
590 1045 845 1114 placatus
876 1048 1140 1120 accipias,
1176 1057 1231 1105 et
1261 1054 1319 1107 in
1361 1060 1460 1108 tua
1506 1058 1718 1126 pietate
1750 1076 1883 1113 con-

202 1146 358 1184 serva
384 1132 537 1201 quod
570 1150 627 1186 es
669 1141 935 1204 operatus
961 1137 1021 1191 iu
1052 1139 1237 1195 nobis.

509 1270 572 1311 ιη
617 1272 804 1312 ΜΙΞΞΑ
833 1274 1225 1319 SACERDOTIS
1264 1280 1566 1321 PROPRIA.

260 1362 487 1414 zEterne
532 1363 699 1417 Deus.
738 1365 844 1429 Qui
890 1367 1263 1447 dissimulatis
1299 1372 1568 1427 humana:
1600 1375 1879 1445 fragilita-

196 1447 264 1501 tis
291 1450 555 1518 peccatis,
590 1455 893 1508 sacerdotii
924 1455 1261 1523 dignitatem
1318 1462 1583 1515 concedis
1609 1463 1876 1532 indignis,

197 1544 387 1591 etnon
436 1539 621 1593 solum
668 1549 897 1611 peccata
948 1545 1208 1614 dimittis,
1268 1566 1466 1603 verum
1500 1553 1670 1605 etiam
1726 1555 1879 1624 ipsos

195 1633 515 1697 peccatores
554 1630 872 1699 justiﬁcare
925 1634 1198 1702 dignaris.
1239 1638 1443 1708 ,Cujus
1485 1648 1572 1695 est
1626 1646 1878 1698 muneris

196 1720 256 1768 ut
282 1731 395 1769 non
428 1716 729 1772 existentia
760 1729 991 1775 sumant
1022 1726 1271 1794 exordia,
1311 1733 1510 1781 exorta
1550 1731 1878 1786 nutrimen-

195 1807 330 1872 tum,
362 1806 581 1860 nutrita
621 1807 891 1875 fructum,
941 1811 1228 1867 fructuosa
1285 1820 1686 1885 perseverandi
1718 1822 1876 1875 auxi-

196 1890 346 1945 lium.
380 1892 491 1955 Qui
523 1910 612 1948 me
644 1912 762 1950 non
806 1897 1142 1954 existentem
1175 1904 1406 1970 creasti;
1440 1911 1692 1960 creatum
1742 1910 1876 1964 ﬁdei

196 1976 455 2034 ﬁrmitate
479 1982 706 2051 ditasti;
742 1985 988 2053 ﬁdelem,
1023 1990 1284 2059 quamvis
1315 1994 1557 2062 peccatis
1611 1998 1875 2067 squalen-

196 2071 322 2135 tem,
358 2071 663 2125 sacerdotii
694 2073 977 2144 dignitate
1006 2077 1251 2132 donasti.
1275 2081 1452 2135 Tuam
1483 2084 1659 2153 igitur
1686 2086 1874 2138 omni-

194 2157 501 2225 potentiam
538 2162 776 2232 supplex
799 2180 1041 2233 exposco
1101 2173 1165 2220 ut
1219 2185 1311 2222 me
1340 2187 1369 2222 a
1414 2173 1718 2240 praeteritis
1746 2191 1875 2244 pec—

194 2245 319 2297 catis
348 2248 657 2315 emacules,
696 2250 755 2303 in
794 2253 995 2306 mundi
1056 2255 1226 2324 hujus
1261 2274 1430 2327 cursu
1489 2259 1547 2313 in
1608 2263 1875 2331 operibus

193 2334 537 2405 corrobores,
567 2342 622 2391 et
652 2337 710 2391 in
740 2343 1181 2407 perseverantiae
1232 2345 1515 2400 soliditate
1546 2350 1869 2405 conﬁrmes.

194 2420 386 2493 Sicque
420 2441 513 2478 me
541 2426 652 2479 tuis
683 2428 954 2482 altaribus
988 2431 1160 2485 facias
1205 2433 1508 2502 deservire,
1559 2444 1619 2491 ut
1667 2440 1737 2492 ad
1778 2457 1872 2494 eo-

192 2526 308 2565 rum
330 2513 427 2582 qui
461 2513 567 2567 tibi
589 2515 949 2584 placuerunt,
993 2520 1354 2575 sacerdotum
1390 2527 1743 2581 consortium
1779 2545 1870 2582 va-

192 2599 329 2654 leam
352 2603 680 2671 pervenire.
706 2605 773 2658 Et
793 2622 895 2675 per
918 2623 1049 2661 eum
1074 2608 1177 2662 tibi
1208 2610 1283 2663 sit
1313 2614 1659 2681 acceptabile
1682 2622 1872 2671 votum

194 2704 391 2755 meum,
426 2691 531 2760 qui
563 2708 621 2745 se
650 2693 750 2747 tibi
779 2695 989 2749 obtulit
1019 2696 1079 2749 in
1112 2699 1481 2766 sacriﬁcium,
1517 2704 1615 2772 qui
1641 2711 1725 2756 est
1749 2722 1872 2759 om-

197 2778 341 2830 nium
369 2779 583 2849 opifex,
641 2787 697 2835 et
748 2784 900 2836 solus
930 2785 1049 2837 sine
1108 2789 1330 2841 macula
1383 2791 1660 2859 pontifex,
1710 2795 1870 2847 Jesus

198 2866 435 2921 Christus
468 2870 745 2924 Dominus
778 2880 991 2926 noster.
1023 2876 1128 2927 Per
1159 2892 1350 2945 quem.

944 2982 1096 3035 Alia.

252 3080 478 3134 [Eterne
522 3083 691 3136 Deus.
727 3086 834 3137 Per
880 3085 1166 3140 Christum
1224 3090 1532 3146 Dominum
1582 3102 1863 3151 nostrum.

191 3166 287 3230 Qui
320 3186 419 3239 pro
453 3187 653 3224 amore
678 3172 979 3226 hominum
1008 3175 1189 3228 factus
1210 3177 1270 3230 in
1293 3179 1733 3237 similitudinem
1753 3202 1869 3238 car-

193 3256 270 3308 nis
296 3259 536 3327 peccati,
570 3259 816 3314 formam
863 3263 1011 3315 servi
1046 3265 1324 3318 Dominus
1357 3272 1686 3339 assumpsit,
1723 3279 1776 3325 et
1808 3275 1866 3327 in

191 3347 360 3415 specie
393 3349 681 3401 vulnerati
713 3351 969 3405 medicus
1001 3353 1334 3408 ambulavit.
1373 3356 1469 3409 Hic
1489 3346 1650 3411 nobis
1688 3362 1869 3415 Domi-

191 3449 285 3487 nus
308 3440 359 3488 et
406 3436 684 3506 magister
715 3440 932 3505 salutis,
977 3441 1279 3495 advocatus
1326 3449 1383 3497 et
1426 3445 1625 3515 judex,
1661 3451 1868 3505 sacriﬁ-

190 3520 365 3575 ﬁcium
398 3530 453 3578 et
474 3527 753 3579 sacerdos.
798 3528 903 3580 Per
945 3527 1095 3582 hunc
1141 3536 1216 3595 te,
1250 3532 1490 3587 Domine
1524 3544 1732 3604 sancte,
1770 3540 1867 3592 Pa-

190 3621 265 3663 ter
291 3613 672 3681 omnipotens,
707 3616 1040 3685 suppliciter
1086 3634 1281 3687 exoro,
1339 3628 1403 3675 ut
1454 3623 1589 3677 dum
1644 3634 1864 3681 reatum

188 3700 537 3755 conscientias
563 3719 704 3756 mea:
736 3720 1105 3774 recognosco,
1160 3726 1272 3778 quo
1324 3711 1380 3763 in
1422 3716 1721 3785 praeceptis
1753 3718 1865 3771 tuis

190 3790 578 3856 praevaricator
622 3793 829 3857 exstiti,
867 3799 922 3846 et
954 3812 1055 3864 per
1083 3796 1422 3854 delictorum
1464 3802 1686 3856 facinus
1745 3822 1865 3857 cor-

190 3877 269 3928 rui
292 3876 350 3931 in
382 3880 633 3933 ruinam.
666 3882 767 3947 Tu,
800 3884 1060 3950 Domine,
1113 3887 1268 3955 erige
1302 3905 1475 3957 quem
1507 3892 1699 3961 lapsus
1734 3911 1861 3964 pec-

191 3966 286 4017 cati
316 3972 644 4036 prostravit;
704 3971 926 4025 illustra
979 3989 1074 4025 cor
1105 3976 1257 4044 quod
1288 3982 1449 4029 tetra:
1498 3988 1861 4047 peceaturum

191 4054 441 4124 caligines
494 4058 965 4126 obscuraverunt;
1033 4064 1185 4115 solve
1238 4068 1626 4136 compeditum
1688 4089 1859 4141 quem

189 4142 397 4197 vincula
428 4152 793 4215 peccatorum
825 4150 1258 4219 constringunt;
1308 4162 1515 4223 praesta
1548 4174 1650 4226 per
1697 4176 1859 4213 eum-

188 4229 304 4284 dem
334 4240 592 4288 sanctum
628 4242 684 4288 et
705 4237 1021 4303 gloriosum
1053 4245 1110 4292 et
1139 4240 1496 4296 adorandum
1548 4247 1854 4303 Dominum

189 4325 635 4377 nostrumJesum
663 4324 946 4377 Christum
980 4328 1184 4381 Filium
1209 4334 1391 4397 tuum,
1423 4347 1594 4401 quem
1620 4336 1858 4393 laudant

186 4411 382 4478 angeli,
413 4412 606 4466 throni
638 4417 693 4466 ct
725 4414 1165 4469 dominationes.
1200 4418 1342 4471 Cum
1376 4421 1607 4490 quibus,
1642 4430 1747 4478 etc.

765 4523 799 4573 1
805 4523 935 4586 n/‘ru.
968 4526 1249 4576 actionem.

250 4622 396 4676 Hanc
449 4624 627 4694 igitur
658 4626 1025 4693 oblationem,
1065 4645 1239 4697 quam
1288 4630 1410 4697 tibi,
1478 4633 1736 4702 Domine,
1780 4639 1858 4691 of-

188 4705 316 4774 fero,
365 4727 465 4781 pro
523 4714 769 4783 peccatis
804 4716 946 4769 meis
992 4715 1183 4770 nimiis
1217 4724 1390 4788 atque
1422 4721 1852 4791 offensionibus,

184 4798 525 4865 majestatem
560 4809 715 4855 tuam
751 4804 883 4856 totis
917 4803 1148 4870 viribus,
1177 4808 1324 4859 Deus
1351 4809 1628 4878 piissime,
1650 4813 1854 4868 humili

182 4897 332 4950 prece
372 4889 616 4960 deposco
668 4891 973 4961 dignanter
1023 4895 1317 4965 suscipias,
1375 4914 1616 4952 exorans
1647 4908 1709 4955 ut
1762 4919 1856 4956 re—

183 4972 357 5027 mittas
395 4978 637 5032 crimina
688 4997 815 5050 quae
861 4981 1047 5033 carnis
1103 4983 1410 5053 fragilitate
1462 4991 1633 5057 atque
1669 4996 1853 5043 tenta-

183 5058 323 5117 tione
350 5064 683 5136 iniquorum
716 5069 1023 5139 spirituum
1085 5072 1351 5141 nequiter
1390 5075 1619 5145 admisi,
1680 5079 1850 5133 etiam

185 5148 319 5204 ultra
348 5155 413 5207 ad
449 5173 541 5208 eas
572 5173 689 5210 non
750 5158 900 5211 sinas
933 5161 1163 5227 reverti,
1199 5162 1294 5215 sed
1326 5164 1601 5217 conﬁrma
1642 5183 1733 5219 me
1792 5167 1851 5221 in

177 5235 663 5303 justiﬁcationibus
688 5246 818 5312 tuis,
863 5252 919 5300 et
966 5251 1453 5318 perseverantiam
1493 5253 1634 5307 mihi
1665 5256 1851 5310 tribue

185 5323 235 5377 in
270 5327 393 5395 illis,
454 5338 508 5386 et
564 5334 650 5387 fac
705 5351 795 5388 me
836 5336 1076 5406 dignum
1134 5343 1264 5391 ante
1294 5347 1661 5411 conspectum
1686 5350 1850 5399 tuum

184 5420 373 5485 astare,
416 5423 873 5495 sacriﬁciumque
922 5425 1025 5479 tibi
1068 5427 1311 5481 Domino
1343 5435 1493 5483 casto
1524 5448 1761 5500 corpoxe
1796 5440 1851 5489 et

185 5506 382 5560 mundo
413 5511 579 5565 corde
611 5512 783 5583 digne
813 5513 1036 5569 offerre.
1073 5516 1181 5571 Per
1207 5516 1515 5573 Christum.

2070 502 2299 554 [Eterne
2332 503 2497 557 Deus.
2546 504 2827 567 Quoniam
2859 507 3219 561 clementiam
3261 513 3418 563 tuam
3469 512 3688 583 precari

1998 587 2120 640 sine
2180 592 2494 645 cessatione
2544 592 2835 659 debemus,
2896 600 2955 647 ut
3008 612 3241 665 gregem
3277 602 3459 665 tuum,
3495 592 3690 671 pastor

1996 675 2164 744 bone,
2200 694 2311 731 non
2338 679 2583 743 deseras,
2628 682 2723 734 sed
2776 699 2879 752 per
2916 685 2973 736 Β.
3022 685 3363 739 confessoris
3393 690 3476 741 tui
3512 691 3685 743 Bene-

1995 765 2132 819 dicti
2164 783 2359 835 preces
2393 770 2663 821 continua
2698 772 3050 840 protectione
3096 775 3402 842 custodias,
3440 783 3502 829 ut
3535 779 3684 832 viam

1994 853 2097 908 tibi
2127 857 2389 925 placitam
2425 858 2770 925 obedientia,
2806 860 2943 928 quia
2976 860 3124 915 idem
3161 864 3319 916 Pater
3352 864 3563 918 illaesus
3589 883 3687 920 an—

1994 943 2306 1009 tecedebat,
2334 962 2434 998 nos
2464 948 2754 1015 praeclaris
2786 950 2910 1017 ejus
2958 950 3177 1003 meritis
3220 951 3419 1022 adjuti,
3453 954 3573 1008 sine
3603 972 3685 1009 er-

1998 1046 2124 1084 rore
2152 1032 2588 1104 subsequamur.
2621 1038 2728 1089 Per
2764 1037 3097 1107 Christum.]

2498 1156 2554 1194 IN
2597 1157 2784 1195 MISSA
2818 1158 2934 1197 PRO
2975 1158 3193 1197 AMlCt).

2063 1226 2293 1280 jEterne
2328 1228 2495 1281 Deus.
2534 1229 2907 1298 [inplorantes
2939 1237 3049 1285 tua:
3097 1232 3407 1301 majestatis
3460 1234 3681 1289 miseri-

1993 1314 2265 1383 cordiam,
2293 1322 2354 1369 ut
2384 1318 2598 1370 famulo
2631 1323 2725 1371 tuo
2748 1321 2837 1388 N.,
2870 1321 3097 1374 veniam
3125 1338 3358 1375 suorum
3389 1323 3583 1393 largiri
3606 1326 3684 1378 di-

1992 1405 2183 1471 gneris
2234 1412 2625 1474 peccatorum;
2672 1415 2731 1461 ut
2764 1410 2834 1462 ab
2867 1409 3137 1462 omnibus
3167 1410 3388 1463 inimici
3444 1411 3683 1466 vinculis

1992 1490 2285 1558 liberatus,
2317 1494 2428 1546 tuis
2472 1500 2592 1547 toto
2635 1497 2801 1549 corde
2842 1499 3122 1552 mandatis
3154 1500 3472 1567 inhaereat;
3510 1507 3575 1553 ut
3630 1506 3683 1554 te

1992 1582 2172 1632 solum
2208 1598 2433 1652 semper
2464 1588 2582 1636 tota
2608 1585 2811 1638 virtute
2847 1587 3067 1657 diligat,
3097 1592 3152 1641 et
3183 1589 3252 1641 ad
3279 1595 3390 1642 tua:
3423 1590 3679 1660 quando-

1921 1663 1959 1715 B
1993 1684 2102 1738 que
2134 1669 2503 1725 beatitudinis
2536 1673 2809 1727 visionem
2869 1677 3169 1746 pervenire
3225 1683 3530 1731 mereatur.
3572 1680 3680 1733 Per

1989 1758 2298 1811 Christum.

2593 1835 2750 1899 Infra
2770 1837 3051 1890 actionem.

2062 1919 2214 1972 Hanc
2243 1918 2418 1990 igitur
2458 1920 2829 1988 oblationem,
2861 1940 3030 1993 quam
3076 1924 3181 1978 tibi
3238 1924 3530 1978 offerimus
3575 1942 3678 1996 pro

1984 2006 2201 2060 famulo
2249 2013 2348 2061 tuo
2382 2010 2470 2075 N.,
2510 2014 2573 2062 ut
2619 2026 2848 2064 omnem
2901 2018 3263 2082 peccatorum
3310 2030 3547 2066 suorum
3577 2030 3677 2067 ve—

1986 2094 2141 2149 niam
2174 2098 2447 2167 consequi
2492 2105 2797 2165 mereatur,
2856 2117 3204 2170 quaesumus,
3237 2103 3496 2169 Domine,
3548 2103 3677 2172 pla-

1984 2190 2143 2237 catus
2192 2186 2451 2256 accipias,
2486 2193 2542 2240 et
2583 2187 2950 2242 miseratione
3007 2194 3121 2243 tum
3154 2190 3435 2260 largitatis
3484 2206 3678 2244 conce-

1984 2272 2101 2340 das,
2160 2280 2219 2327 ut
2248 2276 2346 2328 ﬁat
2403 2277 2454 2329 ei
2504 2278 2573 2330 ad
2629 2278 2855 2331 veniam
2916 2279 3277 2347 delictorum,
3330 2285 3387 2333 et
3446 2285 3673 2333 actuum

1983 2363 2482 2425 emendationem:
2535 2372 2600 2419 ut
2650 2371 2706 2420 et
2763 2367 2854 2420 hic
2887 2368 3068 2421 valeat
3096 2368 3242 2421 bene
3274 2368 3483 2435 vivere,
3517 2374 3572 2421 et
3603 2368 3674 2422 ad

1983 2456 2257 2506 aeternam
2298 2453 2710 2508 beatitudinem
2744 2456 2984 2509 feliciter
3014 2458 3333 2526 pervenire.

2503 2573 2620 2612 PRO
2660 2575 3153 2615 FAMILIAHIBUS.

2050 2645 2285 2699 {Eterne
2328 2647 2492 2700 Deus.
2548 2647 2920 2701 Clementiam
2954 2654 3111 2703 tuam
3154 2650 3351 2719 pronis
3383 2650 3673 2704 mentibus

1981 2733 2363 2798 obsecrantes,
2400 2740 2461 2787 ut
2490 2735 2736 2789 famulos
2768 2742 2895 2789 tuos
2938 2742 2988 2790 et
3018 2738 3282 2801 famulas,
3336 2755 3478 2808 quos
3538 2755 3673 2792 san-

1980 2828 2082 2873 ctae
2112 2822 2432 2875 dilectionis
2490 2824 2877 2877 familiaritate
2939 2827 3106 2879 nobis
3147 2826 3513 2896 conjunxisti,
3568 2827 3671 2880 tibi

1978 2909 2151 2962 facias
2201 2915 2318 2963 toto
2349 2911 2518 2964 corde
2554 2912 2865 2980 subjectos;
2912 2920 2972 2966 ut
3002 2919 3113 2966 tum
3148 2915 3441 2967 cbaritatis
3469 2914 3671 2985 spiritu

1907 2992 1946 3046 C
1978 2998 2201 3066 repleti,
2235 3016 2268 3051 a
2295 3000 2535 3051 terrenis
2574 3001 2924 3053 mundentur
2964 3003 3396 3072 cupiditatibus,
3452 3010 3507 3056 et
3556 3021 3668 3057 cce-

1975 3086 2103 3139 lesti
2133 3087 2506 3153 beatitudine,
2566 3094 2619 3141 te
2676 3090 2924 3141 donante
2972 3091 3129 3160 digni
3180 3090 3519 3144 efﬁciantur.
3563 3094 3669 3146 Per

1978 3175 2284 3228 Christum.

2597 3249 2753 3313 Infra
2784 3252 3063 3303 actionem.

2049 3336 2204 3388 Hanc
2233 3335 2411 3405 igitur
2442 3336 2789 3390 oblationem
2824 3338 3171 3392 famulorum
3203 3338 3666 3409 famularumque

1976 3427 2201 3477 tuarum
2239 3440 2410 3493 quam
2444 3425 2547 3477 tibi
2588 3426 2902 3492 offerimus,
2945 3427 3015 3480 ob
3045 3428 3405 3481 devotionem
3457 3428 3666 3481 mentis

1975 3512 2355 3582 eorum,pius
2410 3529 2472 3565 ac
2527 3515 2806 3583 propitius
2857 3516 3123 3568 clementi
3183 3517 3340 3568 vultu
3392 3516 3662 3585 accipias;

1972 3600 2074 3653 tibi
2125 3602 2513 3671 supplicantes
2543 3603 2725 3654 libens
2769 3609 3027 3674 protege,
3072 3605 3377 3673 dignanter
3434 3604 3663 3672 exaudi,

1972 3694 2027 3741 et
2056 3694 2266 3742 aeterna
2300 3708 2397 3743 eos
2427 3692 2775 3759 protectione
2802 3709 3096 3757 conserva,
3132 3699 3192 3745 ut
3218 3710 3447 3764 semper
3478 3695 3535 3746 in
3566 3701 3667 3747 tua

1972 3777 2249 3845 religione
2301 3779 2581 3841 laetantes,
2640 3780 2919 3833 instanter
2968 3782 3026 3834 in
3110 3789 3321 3836 sanctas
3375 3782 3666 3836 Trinitatis

1972 3866 2326 3918 confessione
2357 3875 2410 3919 et
2433 3866 2543 3920 ﬁde
2582 3869 2856 3921 catholica
2887 3876 3269 3939 perseverent.

2736 3973 2891 4026 Alia.

2040 4060 2269 4113 .‘Eterue
2312 4060 2475 4113 Deus.
2512 4061 2687 4130 Cujus
2716 4062 3133 4131 omnipotentia
3166 4063 3527 4132 deprecanda
3556 4069 3660 4131 est,

1972 4146 2360 4201 misericordia
2407 4150 2715 4215 exoranda,
2768 4151 2950 4219 pietas
3008 4152 3423 4221 amplectenda.
3491 4153 3663 4223 Cujus

1972 4236 2325 4305 majestatem
2377 4239 2579 4291 humili
2617 4255 2779 4308 prece
2826 4239 3209 4310 deposcimus,
3245 4245 3309 4294 ut
3338 4241 3566 4295 famulis
3600 4247 3656 4296 et

1970 4324 2291 4378 famulabus
2325 4326 2718 4380 remissionem
2752 4334 3113 4397 peccatorum
3144 4330 3380 4396 tribuas,
3432 4346 3661 4384 eorum-

1969 4429 2081 4482 que
2114 4414 2231 4465 vias
2276 4416 2335 4467 in
2394 4420 2491 4468 tua
2523 4418 2813 4469 voluntate
2853 4418 3085 4485 dirigas,
3136 4434 3347 4489 eosque
3379 4437 3411 4473 a
3445 4420 3663 4474 cunctis

1970 4502 2135 4553 malis
2158 4503 2387 4570 eripias,
2433 4510 2716 4572 quatenus
2768 4506 2839 4559 ab
2899 4506 3167 4559 omnibus
3219 4508 3663 4561 adversitatibus

1969 4591 2135 4653 eruti,
2173 4591 2285 4643 tuis
2315 4591 2478 4644 donis
2510 4593 2835 4657 confortati,
2885 4600 2940 4646 et
2983 4596 3053 4647 ad
3092 4595 3371 4649 bonorum
3432 4597 3660 4649 deside-

1966 4677 2187 4731 riorum
2222 4686 2351 4731 vota
2398 4684 2761 4748 perveniant,
2813 4686 2868 4734 et
2899 4699 3027 4751 qua:
3078 4684 3230 4752 juste
3284 4685 3575 4753 postulant
3604 4690 3659 4739 te

1965 4766 2244 4837 largiente
2275 4768 2609 4838 percipiant.
2647 4772 2748 4823 Per
2779 4772 3086 4826 Christum.

2254 4889 2371 4928 PRO
2427 4890 2811 4938 QUACUNQUE
2855 4893 3361 4933 TRIBULATIONE.

2034 4960 2269 5014 IEterne
2304 4963 2465 5015 Deus.
2498 4963 2603 5025 Qui
2634 4964 3002 5033 fragilitatem
3037 4979 3292 5018 nostram
3318 4982 3433 5019 non
3468 4968 3656 5021 solum

1964 5049 2417 5104 misericorditer
2438 5052 2605 5105 donis
2640 5053 3050 5123 temporalibus
3093 5054 3426 5122 consolaris,
3458 5061 3521 5109 ut
3550 5072 3655 5110 nos

1964 5136 2031 5189 ad
2061 5143 2273 5191 mterna
2330 5142 2635 5209 provebas,
2688 5142 2785 5195 sed
2817 5144 2990 5196 etiam
3047 5143 3184 5213 ipsis
3219 5144 3654 5198 adversitatibus

1966 5226 2160 5278 saeculi
2194 5226 2481 5297 benignus
2514 5231 2727 5299 crudis,
2762 5237 2823 5285 ut
2847 5232 2918 5285 ad
2949 5232 3199 5285 coelestia
3230 5248 3405 5302 regna
3435 5233 3649 5303 perdu-

1962 5327 2072 5366 cas.
2109 5315 2217 5368 Per
2246 5316 2554 5371 Christum.

2428 5439 2547 5478 PRO
2585 5440 2776 5479 AMlCO
2803 5440 3184 5480 TRIBULATO.

2032 5527 2263 5582 {Eterne
2300 5529 2465 5584 Deus.
2517 5530 2714 5594 Quies
2763 5531 3051 5601 justorum
3099 5530 3284 5603 gloria
3332 5536 3388 5587 et
3436 5533 3655 5589 miseri-
