4048 6170
363 236 464 291 923

1088 235 1426 290 GRIMALDI
1466 234 1798 290 SANGALL.
1840 235 1994 288 ABB.
2043 235 2173 288 LIB.
2216 234 2850 292 SACRAM.—PREF.
2892 238 3119 302 ANTIO.

3755 241 3852 293 924-

363 367 556 422 cordia
602 373 984 439 peccatorum,
1021 368 1291 438 pietatem
1324 372 1478 422 tuam
1513 368 1717 421 humili
1760 384 1924 438 prece
1954 368 2046 421 de-
2084 372 2128 422 A
2159 384 2510 438 quaesumus,
2545 370 2802 439 placatus
2828 370 3061 425 intende
3091 388 3102 426 :
3132 387 3235 442 pro
3278 389 3394 443 quo
3427 373 3710 442 majestati
3740 379 3845 428 tuae

364 457 654 528 poscimus
685 462 764 522 ut,
799 457 1185 510 intercedente
1227 457 1393 510 beata
1427 457 1523 511 Dei
1553 457 1823 527 genitrice
1857 458 2047 520 Maria,

363 547 746 618 omnibusque
778 548 984 599 sanctis
1033 547 1166 613 tuis,
1228 546 1507 598 famulum
1561 554 1721 598 tuum
1769 546 2053 616 benignus

365 635 657 703 respicias,
692 640 744 687 et
775 634 1001 703 pietatis
1026 643 1137 687 tuae
1168 634 1486 687 custodiam
1521 634 1572 686 ei
1611 635 1929 705 impendas,
1966 640 2051 688 at-

363 739 476 792 que
505 723 575 776 ab
603 723 760 776 omni
791 723 1158 776 tribulatione
1192 728 1246 776 et
1276 723 1542 792 angustia
1583 723 1812 793 eripias,
1847 728 2052 793 quate-

363 828 472 865 nus
503 828 566 865 ex
602 818 723 865 toto
764 813 936 864 corde
989 817 1044 864 et
1087 828 1154 864 ex
1213 817 1330 863 tota
1379 817 1570 864 mente
1621 812 1723 864 tibi
1754 812 2053 866 deserviat'

363 905 419 954 et
449 900 554 953 sub
595 906 692 953 tua
725 917 952 970 semper
996 900 1350 969 protectione
1389 901 1682 966 consistat,
1726 906 1786 952 ut
1824 901 2054 971 quando

363 988 417 1041 ei
456 994 714 1041 extrema
746 988 864 1041 dies
913 987 1149 1053 venerit,
1191 987 1522 1040 societatem
1557 993 1882 1040 sanctorum
1921 1005 2050 1057 per-

363 1076 554 1146 cipiat,
587 1080 644 1129 et
694 1077 980 1146 possideat
1010 1092 1139 1128 cum
1189 1076 1270 1129 eis
1302 1076 1421 1129 sine
1470 1076 1582 1129 ﬁne
1613 1076 2052 1130 inenarrabilem

363 1165 626 1234 gloriam.
663 1167 767 1218 Per
797 1165 1101 1218 Christum.

968 1273 1130 1336 Infra
1171 1273 1451 1325 actionem.

435 1357 592 1411 Ilanc
638 1357 817 1429 igitur
868 1359 1222 1412 oblationem
1250 1376 1421 1429 quam
1461 1359 1564 1412 tibi
1598 1359 1910 1426 offerimus,
1946 1362 2054 1414 Do-

365 1446 540 1513 mine,
583 1464 684 1517 pro
739 1447 1071 1501 liberatione
1110 1453 1164 1500 et
1217 1447 1605 1501 consolatione
1638 1449 1837 1502 famuli
1872 1449 1952 1502 tui
1987 1451 2052 1503 N.

364 1551 565 1589 sereno
593 1536 748 1590 vultu
775 1543 1020 1605 accepta,
1057 1541 1117 1589 ut
1155 1553 1265 1589 non
1298 1553 1428 1590 eum
1456 1537 1608 1590 fraus
1649 1538 1900 1590 humana
1958 1538 2054 1591 de-

358 1622 544 1690 jiciat;
575 1640 690 1678 non
723 1631 820 1678 tua
865 1625 1132 1678 divinitas
1181 1642 1248 1678 ex
1272 1625 1485 1696 judicio
1519 1626 1748 1696 puniat;
1813 1643 1928 1680 non
1961 1643 2052 1679 ca-

363 1711 631 1781 stigatum
657 1713 881 1782 justitia
913 1730 1325 1784 usquequaque
1355 1715 1677 1784 demergat;
1714 1731 1827 1768 non
1849 1716 2050 1786 iniqui-

360 1804 444 1853 tas
472 1802 727 1872 propria,
763 1818 876 1855 non
912 1803 1224 1856 adversitas
1263 1809 1530 1873 aggravet
1561 1803 1764 1856 aliena.
1823 1804 1880 1857 Si
1911 1803 2048 1874 quid

359 1888 465 1942 tibi
500 1888 764 1959 deliquit,
800 1890 1058 1960 ignosce!
1097 1891 1142 1942 si
1191 1890 1328 1960 quid
1371 1891 1611 1944 otfcndit
1643 1893 1661 1912 ’
1695 1891 2047 1957 hominibus,

358 1981 415 2030 tu
450 1977 703 2044 dimitte;
738 1979 1012 2030 submove
1053 1978 1123 2031 ab
1183 1995 1249 2030 eo
1282 1979 1563 2032 cruciatus
1613 1979 1820 2033 mentis
1877 1979 2050 2033 simul

358 2070 413 2118 et
445 2065 721 2135 corporis,
759 2070 820 2118 ut
869 2070 923 2118 te
957 2072 1332 2136 compunctus
1388 2067 1662 2137 requirat,
1694 2085 1723 2119 a
1766 2074 1819 2122 te
1869 2073 2049 2121 tactus

357 2151 665 2223 diligenter
695 2153 971 2225 exquirat.

962 2275 1081 2315 PRO
1111 2275 1438 2315 lNFlllMlS.

425 2347 660 2402 IEterne
695 2349 858 2401 Deus.
895 2349 1003 2413 Qui
1032 2349 1276 2402 famulos
1325 2356 1449 2401 tuos
1491 2349 1618 2402 ideo
1670 2349 2046 2418 corporaliter

356 2435 623 2488 verberas
657 2441 720 2488 ut
749 2443 937 2490 mente
970 2437 1292 2506 proﬁciant,
1325 2442 1380 2490 et
1435 2439 1716 2507 patienter
1766 2439 2043 2506 ostendis,

356 2524 509 2592 quod
543 2523 616 2576 sit
643 2523 869 2593 pietatis
892 2531 1004 2578 tuae
1037 2527 1306 2594 praeclara
1339 2526 1596 2589 salvatio,
1631 2525 1767 2578 dum
1803 2533 2041 2595 prmstas

356 2616 423 2664 ut
451 2617 717 2680 operetur
748 2612 914 2665 nobis
945 2614 1118 2667 etiam
1169 2614 1293 2684 ipsa
1348 2615 1646 2667 inﬁrmitas
1698 2615 2044 2669 medicinam

358 2699 734 2754 Clementiam
779 2701 955 2771 igitur
1004 2708 1161 2756 tuam
1199 2703 1394 2771 pronis
1449 2703 1734 2757 mentibus
1792 2705 2048 2757 obsecra-

355 2803 505 2851 mus,
541 2794 602 2842 ut
631 2789 846 2843 famulo
878 2795 975 2843 tuo
1005 2791 1070 2844 N.
1126 2791 1370 2844 salutem
1421 2793 1631 2845 mentis
1677 2797 1732 2845 et
1761 2793 2044 2861 corporis,

356 2880 412 2930 et
440 2877 730 2930 continua:
761 2878 1156 2948 prosperitatis
1188 2887 1498 2950 augmenta
1531 2881 1724 2952 largiri
1764 2881 2040 2951 digneris.

354 2966 463 3018 Per
483 2965 792 3020 Christum.

950 3069 1066 3110 PRO
1106 3070 1453 3110 DBFUNCTO.

422 3143 657 3198 {Eterne
701 3143 869 3197 Deus.
926 3145 1032 3198 Per
1063 3143 1349 3198 Christum
1401 3145 1708 3199 Dominum
1761 3150 2048 3216 nostrum,

353 3246 456 3300 per
487 3247 658 3301 quem
683 3231 834 3284 salus
867 3231 1087 3285 mundi.
1122 3231 1230 3285 Per
1260 3247 1433 3301 quem
1479 3232 1590 3286 vita
1625 3233 1907 3300 omnium,
1942 3250 2048 3303 per

353 3336 526 3391 quem
545 3337 782 3388 resurr.,
819 3327 949 3384 etc.,
980 3325 1045 3374 ut
1062 3321 1216 3375 inter
1243 3322 1439 3375 Ambr.

956 3429 1116 3492 Infra
1148 3430 1432 3481 actionem.

426 3513 579 3566 Hanc
599 3512 779 3583 igitur
807 3514 1181 3579 oblationem,
1217 3515 1477 3582 Domine,
1514 3531 1686 3585 quam
1718 3516 1823 3570 tibi
1855 3517 2043 3570 offeri-

353 3615 482 3653 mus
511 3617 615 3670 pro
637 3601 830 3655 anima
857 3603 1058 3656 famuli
1087 3603 1170 3656 tui
1201 3604 1263 3656 N.
1301 3605 1463 3673 cujus
1479 3604 1857 3672 depositionis
1891 3605 2043 3659 diem

353 3688 725 3754 celebramus,
759 3707 872 3761 quo
905 3691 1166 3761 deposito
1211 3709 1451 3762 corpore
1497 3696 1691 3746 anima
1732 3693 1836 3747 tibi
1872 3693 2038 3747 Crea-

353 3777 465 3830 tori
489 3779 759 3847 reddidit,
789 3796 963 3850 quam
987 3781 1213 3844 dedisti,
1277 3798 1629 3851 quaesumus,
1687 3788 1750 3836 ut
1785 3783 2042 3852 placatus

352 3866 638 3932 intendas,
665 3883 767 3937 pro
790 3885 904 3938 quo
928 3870 1174 3940 petimus
1197 3871 1447 3924 divinam
1472 3871 1838 3924 clementiam
1864 3878 2040 3939 tuam,

352 3958 415 4008 ut
447 3956 642 4009 mortis
672 3957 911 4010 vinculis
951 3957 1267 4023 absolutus,
1304 3961 1609 4013 transitum
1645 3965 1936 4013 mereatur
1973 3961 2042 4015 ad

351 4043 546 4098 vitam.
582 4045 688 4098 Per
713 4045 1022 4100 Christum.

808 4166 927 4206 ι)κο
967 4167 1209 4206 ΔΒΒΑΤΕ
1248 4167 1598 4208 DEFUNCTO.

425 4238 653 4292 Eterne
709 4241 875 4292 Deus.
909 4240 1188 4302 Quoniam
1225 4241 1484 4308 quamvis
1541 4244 1793 4295 humano
1846 4243 2042 4310 generi

352 4327 558 4381 mortis
589 4327 747 4380 illata
795 4329 1044 4382 conditio
1108 4336 1338 4398 pectora
1373 4336 1566 4383 nostra
1597 4330 1917 4393 contristet,
1954 4338 2044 4384 ta-

351 4430 486 4468 men
535 4415 857 4469 clementia:
915 4417 1088 4481 dono,
1151 4433 1248 4486 spe
1305 4418 1510 4471 futuras
1593 4418 2041 4472 immortalitatis

353 4503 652 4573 erigimur,
684 4520 747 4557 ac
790 4521 1072 4558 memores
1115 4507 1312 4559 salutis
1343 4512 1589 4573 internae,
1625 4524 1741 4560 non
1773 4508 2044 4561 timemus

345 4588 496 4641 iucis
553 4588 725 4657 hujus
771 4590 1050 4644 sustinere
1100 4592 1403 4660 jacturam.
1438 4592 1713 4655 Quoniam
1767 4593 2044 4645 beneﬁcio

352 4677 552 4746 gratiae
606 4683 720 4730 tua:
761 4678 1021 4732 ﬁdelibus
1052 4681 1165 4733 vita
1215 4697 1325 4733 non
1365 4681 1604 4747 tollitur,
1638 4681 1733 4733 sed
1767 4687 2043 4746 mutatur,

351 4771 520 4836 atque
560 4765 770 4819 animae
824 4783 1098 4835 corporeo
1146 4770 1432 4839 ergastulo
1489 4769 1744 4822 liberata:
1802 4770 2043 4822 horrent

352 4854 634 4921 mortalia,
669 4855 803 4908 dum
832 4855 1180 4908 immortalia
1211 4863 1656 4926 consequuntur.
1704 4858 1862 4913 Unde
1896 4874 2047 4927 quee-

352 4959 550 4996 sumus
583 4948 644 4996 ut
667 4944 915 4997 famulus
944 4949 1092 4997 tuu—.
1128 4945 1189 4995 _\'.
1229 4945 1285 4997 in
1318 4946 1696 4999 tabernaculis
1748 4946 2044 5000 beatorum

353 5033 716 5097 constitutus,
799 5033 1036 5086 evasis5u
1103 5035 1353 5087 ικεεληείιθδ
1432 5051 1489 5087 se
1534 5035 1814 5103 glorietur
1870 5051 2048 5105 angu-

353 5120 510 5184 stias,
542 5120 812 5191 diemque
847 5122 1050 5190 judicii
1082 5140 1207 5174 tum
1252 5122 1461 5176 ﬁducia
1493 5129 1625 5176 voto
1669 5124 2036 5193 gloriﬁcatio-

353 5209 443 5262 nis
469 5215 774 5278 exspectet.
812 5211 917 5262 Per
948 5210 1256 5264 Christum.

961 5317 1122 5382 Infra
1160 5318 1438 5370 actionem.

426 5403 580 5454 Hanc
625 5402 804 5472 igitur
835 5404 1206 5467 oblationem,
1274 5405 1528 5471 Domine,
1564 5421 1737 5474 quam
1800 5404 1903 5458 tibi
1935 5422 2040 5475 pro

355 5488 714 5557 depositione
746 5492 945 5545 famuli
995 5498 1049 5545 et
1097 5493 1405 5546 sacerdotis
1456 5491 1538 5546 tui
1590 5493 1649 5546 N.
1711 5493 2044 5562 deferimus,

2163 458 2448 527 supplices
2487 459 2783 512 fundimus
2831 476 3048 528 preces,
3092 466 3156 514 ut
3197 477 3330 514 eum
3383 462 3442 514 in
3478 479 3722 516 numero
3753 463 3848 516 tibi

2161 545 2488 614 placentum
2513 548 2750 612 censeri,
2783 547 2956 600 facias
2977 549 3355 602 sacerdotum.

2503 669 2566 708 IN
2609 669 2803 710 UNIUS
2835 671 3127 711 EPISCOPI
3164 672 3506 712 TRANSITU.

2233 760 2458 812 A‘lterne
2501 760 2666 812 Deus.
2723 762 2991 814 Devotam
3043 762 3407 815 clementiam
3469 768 3625 814 tuam
3689 763 3848 814 obse-

2162 854 2408 911 crantes,
2443 854 2505 901 ut
2535 849 2788 902 animam
2843 850 3043 903 famuli
3079 851 3155 902 tui
3190 855 3244 903 et
3275 852 3527 922 episc0pi
3564 851 3647 903 tui
3700 852 3762 904 Ν.
3796 852 3851 903 in

2163 936 2472 989 electorum
2507 936 2732 990 tibimet
2762 938 3101 1008 pontiﬁcum
3135 955 3376 992 numero
3406 941 3611 1010 jubeas
3663 939 3850 990 consi-

2164 1029 2312 1077 stere
2343 1025 2686 1094 gaudenter;
2723 1032 2782 1079 ut
2809 1027 2908 1096 qui
2941 1027 3032 1080 hic
3082 1034 3181 1080 tuo
3215 1043 3321 1097 pro
3369 1028 3449 1080 eis
3481 1028 3724 1097 supplex
3756 1029 3848 1080 de-

2163 1112 2444 1166 serviebat
2470 1113 2653 1180 altari,
2710 1115 2962 1184 gloriosa
2991 1115 3108 1168 illic
3138 1132 3268 1168 cum
3300 1116 3381 1168 eis
3415 1123 3510 1169 tua
3565 1124 3850 1169 mereatur

2163 1199 2333 1253 laude
2365 1201 2799 1255 communicari.
2825 1203 2931 1255 Per
2962 1203 3269 1257 Christum.

2775 1310 2935 1373 Infra
2965 1311 3244 1363 actionem.

2237 1395 2390 1447 Hanc
2430 1393 2606 1463 igitur
2653 1395 3028 1461 oblationem,
3062 1413 3232 1467 quam
3271 1397 3374 1450 tibi
3403 1396 3702 1450 offerimus
3753 1413 3848 1466 pro

2163 1483 2709 1536 commemoratione
2759 1485 3132 1554 depositionis
3167 1487 3374 1538 animm
3409 1486 3608 1539 famuli
3644 1491 3701 1539 et
3730 1486 3846 1554 epi-

2164 1570 2317 1641 scopi
2350 1570 2428 1622 tui
2473 1572 2560 1638 N.,
2594 1589 2941 1642 quaesumus,
3011 1575 3271 1640 Domine,
3327 1580 3388 1628 ut
3416 1575 3675 1644 placatus
3705 1573 3846 1626 acci-

2094 1667 2133 1720 Β
2164 1659 2302 1729 pias,
2346 1664 2402 1712 et
2428 1675 2598 1730 quem
2640 1661 2697 1714 in
2728 1678 2964 1731 corpore
3011 1663 3386 1716 constitutum
3435 1663 3600 1716 sedes
3629 1669 3847 1733 aposto-

2159 1747 2280 1800 licae
2303 1748 2694 1816 gubernaculo
2727 1768 2970 1820 praeesse
2997 1751 3246 1819 voluisti,
3282 1752 3341 1805 in
3370 1751 3691 1805 electorum
3725 1757 3844 1803 tuo-

2159 1851 2286 1889 rum
2316 1853 2558 1891 numero
2589 1841 2889 1892 constitue.

2493 1959 2554 1998 ιιι
2602 1959 2923 2000 TRANSITU
2968 1961 3160 2001 UNIUS
3205 1961 3518 2000 MONACHI.

2227 2049 2457 2104 [Eterne
2504 2051 2671 2104 Deus.
2709 2052 2818 2116 Qui
2864 2053 3028 2106 nobis
3053 2053 3113 2106 in
3147 2054 3366 2108 Christo
3403 2054 3540 2108 Filio
3573 2058 3672 2106 tuo
3725 2052 3838 2107 uni-

2156 2136 2350 2204 genito
2414 2139 2655 2192 Domino
2710 2147 2926 2208 nostro,
2989 2157 3151 2210 spem
3199 2142 3377 2195 beatae
3410 2141 3838 2194 resurrectionis

2157 2227 2506 2294 concessisti,
2551 2234 2778 2298 praesta,
2817 2247 3165 2300 quaesumus,
3199 2236 3261 2282 ut
3302 2230 3494 2282 anima
3535 2230 3735 2282 famuli
3765 2229 3837 2282 tui

2157 2313 2246 2380 N.,
2280 2329 2383 2383 pro
2415 2332 2528 2386 qua
2554 2317 2660 2370 hoc
2693 2318 3032 2372 sacriﬁcium
3059 2319 3470 2388 redemptionis
3506 2324 3712 2370 nostra:
3737 2325 3836 2370 tua:

2157 2400 2417 2455 oti'rimus
2457 2405 2757 2473 majestati,
2811 2405 2882 2458 ab
2922 2407 3080 2459 omni
3122 2408 3334 2459 munda
3389 2406 3559 2458 sorde
3609 2405 3830 2473 peccati,

2157 2488 2223 2540 ad
2260 2489 2437 2543 beata:
2484 2493 2912 2545 resurrectionis
2945 2493 3224 2563 requiem,
3255 2499 3308 2546 te
3340 2493 3670 2556 miserante,
3718 2508 3831 2544 cum

2155 2579 2330 2630 servis
2364 2577 2476 2630 tuis
2509 2579 2806 2649 pervenire
2837 2587 3140 2632 mereatur.
3178 2582 3282 2633 Per
3311 2580 3599 2632 eumdem.

2764 2688 2920 2748 Infra
2945 2690 3224 2741 actionem.

2226 2773 2380 2826 Hanc
2427 2773 2605 2842 igitur
2635 2774 3005 2842 oblationem,
3051 2791 3223 2845 quam
3256 2775 3356 2828 tibi
3387 2791 3489 2844 pro
3524 2774 3714 2827 anima
3748 2774 3824 2826 fa-

2155 2859 2298 2911 muli
2322 2859 2401 2911 tui
2533 2861 2797 2914 monachi
2825 2861 3138 2927 offerimus,
3173 2878 3342 2932 quem
3373 2863 3442 2915 de
3474 2862 3687 2916 carnali
3713 2876 3828 2913 cor-

2086 2962 2125 3016 C
2153 2948 2422 3016 ruptione
2457 2948 2729 3015 liberasti,
2786 2964 3134 3019 quaesumus,
3172 2950 3434 3010 Domine,
3472 2956 3534 3003 ut
3587 2951 3822 3019 placatus

2160 3034 2438 3104 accipias;
2465 3041 2521 3087 et
2543 3036 2819 3106 quidquid
2844 3037 3111 3090 humana).
3131 3037 3471 3090 conditionis
3504 3036 3824 3106 obreptioue

2159 3123 2437 3176 contraxit
2467 3123 2591 3175 vitii
2631 3123 2846 3191 deleas;
2909 3129 2968 3177 ut
3019 3125 3132 3177 tuis
3196 3123 3495 3194 puriﬁcata
3557 3122 3822 3184 remediis,

2158 3211 2227 3264 ad
2259 3211 2533 3282 gaudium
2566 3212 2860 3281 perveniat
2887 3213 3324 3283 sempiternum.

2553 3337 2670 3376 PltO
2709 3338 3030 3378 PLURIBUS
3079 3339 3455 3378 DEFUNCTIS.

2225 3429 2457 3482 JEterne
2488 3427 2655 3482 Deus.
2688 3427 2794 3492 Qui
2827 3428 2992 3482 nobis
3020 3429 3078 3481 in
3113 3429 3339 3484 Christo
3365 3428 3658 3498 unigenito
3700 3428 3826 3480 Filio

2154 3520 2252 3570 tuo
2285 3515 2528 3569 Domino
2555 3522 2748 3570 nostro
2778 3532 2938 3586 spem
2962 3516 3144 3570 beaten
3178 3517 3608 3570 resurrectionis
3644 3531 3826 3569 conce-

2153 3604 2307 3674 pisti,
2345 3609 2568 3673 praesta,
2604 3620 2956 3674 quaesumus,
3001 3610 3060 3658 ut
3090 3605 3321 3671 animae,
3369 3621 3471 3675 pro
3505 3605 3706 3674 quibus
3730 3604 3826 3655 hoc

2153 3692 2494 3746 sacriﬁcium
2546 3693 2955 3762 redemptionis
2977 3698 3188 3747 nostrae
3242 3699 3356 3746 tuae.
3397 3694 3684 3748 offerimus
3718 3708 3826 3745 ma-

2149 3781 2363 3851 jestati,
2411 3781 2482 3834 ad
2527 3781 2708 3834 beata:
2763 3782 3195 3835 resurrectionis
3257 3782 3538 3852 requiem,
3573 3788 3627 3836 te
3669 3781 3824 3834 mise-

2152 3875 2333 3933 rante,
2379 3885 2507 3922 cum
2557 3870 2766 3924 sanctis
2823 3871 2933 3924 tuis
2988 3870 3289 3940 pervenire
3332 3877 3673 3925 mereantur.
3727 3871 3825 3922 Per

2155 3959 2461 4014 Christum.

2759 4049 2916 4113 Infra
2948 4050 3208 4102 actionem
3220 4089 3233 4102 .

2221 4136 2373 4189 Hanc
2398 4135 2572 4205 igitur
2611 4135 2983 4203 oblationem,
3019 4136 3280 4204 Domine,
3316 4152 3664 4206 quaesumus,
3704 4135 3820 4204 pla-

2086 4261 2128 4312 Β
2153 4231 2310 4277 catus
2338 4223 2594 4290 intende,
2631 4241 2803 4294 quam
2838 4242 2941 4294 pro
2974 4225 3272 4278 animabus
3303 4226 3563 4279 omnium
3586 4224 3822 4278 ﬁdelium

2153 4313 2550 4366 defunctorum
2586 4319 2698 4366 tuas
2727 4313 3013 4382 supplices
3039 4314 3373 4367 exhibemus
3408 4314 3623 4384 pietati,
3649 4319 3705 4366 ut
3733 4327 3823 4381 per

2153 4401 2275 4454 haec
2307 4407 2499 4453 sancta
2541 4402 2807 4471 mysteria
2849 4402 2919 4454 ab
2976 4401 3244 4454 omnibus
3303 4401 3575 4456 absolute
3606 4400 3822 4472 peccatis

2151 4495 2381 4542 aeternae
2407 4488 2779 4542 beatitudinis
2810 4489 3114 4558 participes
3139 4489 3476 4543 efﬁciamur.

2756 4610 2870 4650 PRO
2914 4610 3254 4650 PLURIBL‘S.

2226 4701 2453 4755 {Eterne
2507 4702 2674 4755 Deus.
2712 4703 2816 4755 Per
2868 4703 3155 4757 Christum
3207 4702 3519 4755 Dominum
3564 4707 3818 4765 nostrum,

2155 4789 2254 4859 qui
2286 4790 2534 4859 seipsum
2587 4806 2689 4859 pro
2737 4791 2899 4842 nobis
2951 4790 3159 4843 obtulit
3214 4790 3634 4844 immolandum
3679 4789 3822 4857 cujus

2156 4883 2342 4929 morte
2376 4877 2488 4929 vita
2535 4877 2700 4930 nobis
2731 4879 2935 4931 collata
2961 4884 3043 4930 est
3069 4878 3442 4948 sempiterna,
3478 4879 3581 4950 qui
3624 4882 3823 4932 sancta-

2155 4980 2281 5018 rum
2337 4965 2594 5019 ﬁdelium
2654 4983 2784 5033 spes
2831 4967 3178 5032 animarum,
3243 4967 3692 5037 meritorumque
3728 4966 3821 5018 bo—

2155 5069 2360 5106 norum
2395 5053 2545 5107 idem
2579 5059 2978 5107 remuneratur
3034 5056 3130 5124 qui
3161 5061 3217 5107 et
3277 5055 3625 5108 dominator.
3661 5052 3824 5116 Unde,

2155 5158 2511 5213 quaesumus,
2547 5143 2755 5196 anima:
2793 5143 3142 5196 famulorum
3189 5144 3654 5214 famularumque
3708 5149 3826 5194 tua—

2151 5247 2300 5294 rum,
2360 5231 2621 5284 omuium
2673 5231 2937 5285 ﬁdelium
2999 5231 3400 5285 defunctorum
3483 5227 3823 5286 remunerari

2152 5320 2333 5391 gloria
2373 5325 2704 5374 mereantur
2737 5326 2968 5388 aeterna,
3022 5337 3150 5374 cum
3203 5320 3354 5374 idem
3413 5321 3535 5390 ipse
3568 5319 3824 5374 Dominus

2154 5408 2527 5461 nosterJesus
2558 5407 2816 5463 Christus
2863 5407 2922 5461 in
2973 5407 3153 5478 gloria
3187 5423 3288 5461 sua
3317 5407 3541 5461 venerit
3576 5422 3698 5460 cum
3735 5419 3824 5457 an-

2153 5495 2296 5565 gelis
2325 5495 2463 5548 suis.
2498 5497 2603 5549 Per
2633 5512 2826 5566 quem.
