4078 6180
224 279 331 331 925

836 460 1000 527 Infra
1029 466 1306 517 actionem.

292 592 417 662 (Α.)
459 594 611 647 Hanc
634 593 811 664 igitur
840 595 1213 661 oblationem,
1255 613 1430 666 quam
1465 598 1566 651 tibi
1617 615 1718 667 pro
1759 615 1921 653 com-

218 683 637 736 memoratione
676 685 1000 737 animarum
1030 685 1087 738 in
1135 702 1274 755 pace
1329 687 1737 741 dormientium
1788 706 1921 759 sup-

1061 280 1228 336 MILO
1267 281 1637 340 MONACHUS
1675 283 1728 337 S.
1772 285 2037 340 ΑΜΑΝΙ).
2080 315 2146 324 —-
2188 286 2468 341 NOTITIA
2506 285 2907 342 HISTOBICA.

1959 421 2256 490 Apliciter
2336 423 2723 489 immolamus,
2801 440 3153 495 quaesumus,

3621 292 3723 343 926

3228 425 3494 493 Domine,
3566 426 3726 480 beni-

2033 526 2179 577 gnus
2226 511 2489 580 accipias,
2541 519 2595 564 et
2635 520 2730 565 tua
2771 512 2977 582 pietate
3027 515 3302 567 concedas
3351 520 3414 567 ut
3455 519 3510 568 et
3562 514 3726 569 nobis

2033 599 2291 669 proﬁciat
2318 601 2487 671 hujus
2514 602 2740 671 pietatis
2771 603 3023 667 atl‘ectus,
3066 609 3121 656 et
3146 603 3258 656 illis
3296 604 3563 672 impetret
3600 604 3727 657 bea-

2037 690 2342 743 titudinem
2384 690 2811 759 sempiternam.

983 915 1773 1021 GRIMALDI
1887 922 2077 1021 ET
2196 921 2975 1025 TATTONIS

1639 1092 1731 1143 AD
1787 1091 2300 1158 REGINBEBTUM,

1252 1210 1611 1289 Magistrum
1642 1211 1879 1271 Scitula:
1908 1214 2260 1272 monasterii
2281 1214 2474 1273 sancti
2507 1213 2699 1275 Galli.

1747 1348 2215 1421 EPISTOLA

1379 1504 1546 1567 (Apud
1579 1504 1772 1564 Baluz.,
1804 1506 2026 1569 Capitul.
2052 1510 2179 1555 tom.
2210 1507 2272 1568 II,
2307 1507 2407 1555 col.
2444 1507 2601 1568 I382).

292 1728 769 1783 Praestantissimo
820 1733 875 1782 et
916 1729 1193 1783 ineffabili
1226 1729 1528 1784 dilectione
1559 1730 1910 1783 nominando
1953 1731 1992 1783 Β
2027 1735 2200 1784 tatem
2240 1731 2560 1784 animarum
2588 1731 2825 1785 curavit.
2864 1731 2966 1785 Illa
2994 1747 3130 1799 ergo
3162 1731 3331 1784 verba
3364 1748 3491 1800 qua:
3524 1746 3724 1800 supra-

224 1818 586 1872 REGINBERTO
644 1819 985 1888 praeceptori
1044 1820 1352 1873 GRIMALDUS
1414 1821 1663 1880 TATTOQE
1727 1836 1921 1888 supre-

223 1908 301 1959 mi
333 1906 666 1960 auditorum
698 1912 1018 1961 vestrorum
1047 1908 1307 1977 discipuli
1344 1909 1703 1978 sempiternae
1739 1909 1917 1961 felici-

223 1996 359 2049 tatis
386 1996 653 2049 salutem.

296 2084 571 2137 Memoria
621 2083 944 2137 dilectionis
975 2088 1178 2138 vestrae
1232 2084 1439 2137 animis
1488 2087 1695 2139 nostris
1726 2086 1921 2139 sedulo

218 2173 515 2226 inhaerens
551 2174 915 2225 immemores
948 2173 1292 2242 petitionum
1323 2180 1641 2228 vestrarum
1676 2176 1918 2245 promis-

220 2261 573 2332 sionumque
604 2267 933 2314 nostrarum
966 2278 1085 2315 esse
1117 2278 1229 2315 non
1260 2264 1561 2332 permittit.
1600 2265 1661 2316 Et
1700 2265 1919 2317 utinam

218 2353 337 2401 tam
404 2348 772 2417 proficienter
814 2365 983 2419 quam
1016 2356 1326 2419 spontanee
1358 2352 1515 2420 piam
1565 2353 1919 2407 voluntatem

221 2442 475 2489 vestram
521 2436 761 2505 implere
804 2437 1197 2491 valuissemus.
1248 2439 1385 2492 Ecce
1429 2440 1587 2493 vobis
1640 2443 1918 2510 Regulam

218 2524 373 2579 beati
393 2524 681 2579 Benedicti
715 2525 932 2595 egregii
962 2526 1225 2591 doctoris,
1260 2543 1432 2597 quam
1464 2528 1771 2582 benevolus
1803 2529 1921 2581 ani-

219 2629 351 2667 mus
381 2619 569 2667 vester
606 2630 832 2667 summo
879 2630 1107 2684 semper
1153 2621 1444 2683 Optaverat
1487 2617 1788 2681 desiderio,
1833 2617 1919 2670 di-

219 2703 497 2765 reximus,
557 2704 817 2756 sensibus
864 2708 921 2756 et
962 2703 1212 2772 syllabis,
1250 2721 1475 2758 necnon
1506 2706 1678 2758 etiam
1712 2706 1918 2759 litteris

219 2805 253 2842 a
300 2791 633 2859 supradicto
692 2794 875 2855 Patre,
925 2793 981 2844 ni
1024 2792 1299 2859 fallimur,
1351 2793 1629 2847 ordinatis
1680 2795 1917 2848 minime

220 2883 549 2943 carentem;
599 2894 727 2948 quae
776 2881 844 2933 de
909 2880 1006 2933 illo
1057 2882 1401 2950 transcripta
1456 2887 1542 2935 est
1591 2884 1917 2950 exemplare

220 2967 377 3036 quod
409 2983 472 3021 ex
504 2967 629 3036 ipso
664 2970 1051 3038 exemplatum
1099 2974 1183 3023 est
1235 2970 1447 3031 codice.
1494 2987 1665 3039 quem
1718 2972 1916 3024 beatus

216 3056 387 3109 Pater
418 3056 595 3109 sacris
626 3056 891 3111 manibus
924 3058 1039 3110 suis
1067 3074 1300 3112 exarare
1332 3060 1403 3112 ob
1432 3062 1745 3113 multorum
1772 3060 1917 3112 sani-

2033 1818 2218 1871 dictus
2248 1820 2412 1871 Pater
2456 1820 2765 1872 secundum
2808 1825 3011 1883 artem,
3063 1822 3206 1871 sicut
3258 1820 3520 1872 nonnulli
3561 1824 3723 1871 autu-

2034 1913 2209 1972 mant,
2255 1907 2312 1959 in
2362 1911 2630 1959 contextu
2684 1908 2915 1976 Begulzr
2958 1908 3123 1976 hujus
3172 1923 3287 1960 non
3336 1907 3595 1971 inseruit,
3657 1907 3724 1959 de

2032 1997 2156 2049 aliis
2188 1997 2471 2067 Regulisa
2514 1997 2802 2049 modernis
2853 1996 3119 2049 correctis
3169 1996 3455 2065 magistris
3503 1995 3725 2048 collexi-

2033 2101 2181 2151 mus,
2218 2091 2270 2138 et
2304 2085 2362 2138 in
2396 2102 2597 2155 campo
2647 2086 2935 2156 paginulm
2967 2102 2996 2137 e
3040 2086 3272 2155 regione
3322 2100 3450 2137 cum
3499 2084 3724 2138 duobus

2029 2174 2254 2242 punctis
2293 2175 2544 2227 inserere
2578 2175 2919 2227 curavimus.
2954 2174 3079 2227 Alia
3112 2174 3283 2227 etiam
3315 2189 3443 2242 quin
3477 2190 3507 2226 a
3545 2174 3723 2226 Bene-

2031 2264 2178 2317 dicto
2222 2263 2429 2315 dictata
2480 2269 2631 2327 sunt,
2678 2267 2731 2314 et
2773 2262 2831 2315 in
2865 2262 3168 2315 neotericis
3202 2261 3437 2314 minime
3472 2262 3721 2327 inventa,

2030 2352 2196 2404 obelo
2240 2358 2291 2403 et
2330 2352 2553 2419 punctis
2584 2351 2807 2404 duobus
2837 2350 3318 2419 consignavimus.
3359 2353 3472 2405 Hoc
3502 2350 3725 2419 egimus

2030 2441 2417 2494 desiderantes
2445 2456 2541 2491 vos
2574 2445 2882 2509 utrumque
2920 2444 2975 2491 et
3013 2439 3321 2492 secundum
3357 2438 3722 2491 traditionem

2028 2530 2109 2599 pii
2169 2530 2371 2593 Patris,
2423 2529 2593 2581 etiam
2646 2529 2983 2581 modernam
3034 2528 3263 2580 habere.
3313 2528 3516 2597 Eligite
3566 2526 3724 2579 vobis

2028 2618 2180 2690 quod
2213 2618 2577 2672 desiderabili
2603 2617 2883 2685 placuerit
2903 2616 3117 2669 animo.
3143 2615 3333 2667 Valete
3367 2615 3424 2667 in
3458 2613 3721 2667 Domino.

2100 2708 2257 2759 Salve
2292 2708 2394 2758 ﬂos
2421 2706 2718 2772 juvenum,
2752 2705 2933 2757 forma
2966 2705 3255 2774 speciosus
3286 2719 3534 2767 amcena,

2028 2779 2292 2847 Optatam
2326 2777 2628 2827 retinendo
2654 2776 2799 2847 viam
2842 2776 3130 2847 vitamque
3162 2776 3470 2847 salubrem.

2030 2845 2164 2901 Ecce
2193 2848 2275 2900 tui
2310 2847 2554 2899 humiles
2580 2846 2779 2898 famuli
2813 2846 2917 2898 tibi
2948 2862 3191 2898 munera
3224 2845 3480 2908 mittunt,

2027 2920 2163 2982 Quae
2196 2918 2423 2970 animus
2454 2917 2671 2970 dudum
2705 2922 2891 2968 vester
2924 2916 3141 2984 optavit
3170 2916 3398 2968 habere.

2028 2989 2404 3058 Omnipotens
2444 2988 2689 3055 genitor,
2739 2983 3003 3058 cunctum
3056 2986 3152 3054 qui
3193 2986 3448 3037 continet
3503 2983 3719 3051 orbem,

2023 3060 2097 3112 Te
2126 3057 2287 3127 regat
2314 3066 2370 3111 et
2399 3064 2583 3111 servet
2613 3072 2839 3126 semper
2864 3057 3081 3125 ubique
3112 3071 3343 3108 sanum.

1553 3289 1723 3332 ANNO
1774 3289 1999 3332 DOMINI
2046 3288 2191 3331 DCCC
2201 3287 2399 3330 LXXII.

1696 3426 2257 3596 MILO

926 3694 1723 3803 MONACHUS
1818 3695 2329 3802 SANCTI
2420 3694 2813 3800 AMAN
2834 3692 3015 3797 D1.

1236 3966 1827 4072 NOTITIA
1904 3964 2697 4070 HISTORICA.

1085 4132 1253 4196 (Apud
1292 4133 1606 4191 Fabricium,
1644 4131 1963 4180 Bibliotheca
1997 4131 2184 4180 media:
2218 4136 2270 4180 et
2301 4130 2497 4180 inﬁmas
2532 4129 2869 4191 Latinitatis.)

292 4326 447 4387 Milo,
481 4326 783 4380 Monachus
818 4326 872 4380 S.
904 4327 1171 4391 Amandi,
1204 4326 1319 4379 sive
1340 4327 1913 4396 Amandopolitauus,
1956 4326 1996 4380 C
2090 4327 2241 4374 Festa
2266 4327 2691 4390 prOpinquabant
2723 4326 2889 4374 nostri
2914 4323 3209 4374 veneranda
3242 4321 3471 4371 Patroni.

220 4415 293 4468 ad
338 4415 582 4468 ﬂuvium
630 4417 901 4469 Elnonem
952 4417 1010 4469 in
1063 4416 1274 4485 Belgio,
1326 4416 1382 4467 in
1436 4416 1661 4469 dioecesi
1704 4416 1922 4469 Torna-

218 4503 399 4569 censi,
434 4504 557 4557 0rd.
598 4504 828 4568 Bened.,
864 4505 1097 4557 scientia
1144 4505 1465 4557 litterarum
1517 4505 1729 4556 clarum
1772 4503 1923 4556 circa

217 4610 317 4645 an.
350 4592 455 4645 840
486 4597 544 4645 et
579 4593 842 4662 deinceps
890 4609 1068 4663 usque
1099 4594 1167 4645 ad
1214 4595 1336 4658 871,
1389 4609 1501 4662 quo
1554 4592 1704 4645 diem
1756 4592 1915 4645 obiit.

218 4680 469 4750 Scripsit
493 4680 677 4733 adhuc
704 4680 927 4749 juvenis
964 4683 1140 4735 Vitam
1193 4683 1253 4736 S.
1306 4681 1567 4745 Amandi,
1603 4681 1921 4750 Trajecten-

217 4769 297 4821 sis
338 4768 611 4837 episcopi,
654 4770 907 4821 defuncti
934 4773 996 4823 A.
1034 4771 1088 4823 C.
1121 4770 1240 4835 681,
1281 4769 1538 4822 versibus
1576 4769 1919 4822 hexametris

218 4858 276 4925 (θ
306 4855 436 4908 Vita
463 4870 635 4924 quam
668 4857 920 4924 prosario
953 4872 1216 4910 sermone
1266 4857 1709 4911 Baudemundus
1759 4874 1916 4910 com-

216 4942 519 5013 posuerat)
579 4943 645 4996 ad
712 4944 1059 5009 llaiminum,
1116 4947 1459 4999 monachum
1528 4947 1916 5012 Vedastiuum,

214 5032 386 5086 libris
410 5036 679 5101 quatuor.
720 5033 910 5086 Edidit
944 5034 1329 5087 Henschenius
1361 5035 1417 5086 in
1452 5034 1600 5087 Actis
1639 5034 1916 5099 Sanctor.,

212 5124 359 5173 tom.
398 5121 418 5174 Ι
457 5120 613 5185 Feb.,
646 5137 775 5189 pag.
810 5124 1039 5176 873-888
1066 5138 1192 5176 cum
1237 5123 1418 5185 notis;
1456 5128 1512 5173 et
1560 5123 1919 5175 Mabillouius

214 5226 351 5261 saec.
390 5225 439 5261 ιι
476 5210 595 5261 Act.
640 5209 893 5263 Sanctor.
948 5210 1155 5264 Bened.
1211 5227 1340 5281 pag.
1395 5212 1498 5265 719
1548 5228 1665 5282 seq.
1715 5211 1920 5280 Incipit

212 5295 523 5366 praemissa
556 5296 739 5365 elegia
770 5312 783 5350 :

290 5436 371 5505 (a)
405 5438 481 5490 De
516 5452 631 5509 quo
658 5436 750 5490 hic
778 5439 969 5508 agitur
996 5455 1203 5506 sermo,
1237 5456 1335 5494 seu
1367 5439 1557 5509 potius
1589 5440 1918 5493 encomium

212 5508 437 5576 legitur
459 5508 562 5560 sub
581 5511 818 5562 nomine
848 5510 1067 5566 Sidonii
1106 5508 1451 5583 Apollinaris
1479 5511 1629 5565 inter
1650 5512 1917 5581 epistolas

2033 4442 2199 4495 Liber
2234 4457 2275 4496 ι.

2091 4564 2297 4613 Arbiter
2326 4565 2661 4627 omnipotens
2688 4564 2965 4612 hominum
2992 4575 3273 4625 rerumque
3302 4565 3522 4609 creator.

2101 4683 2403 4736 Sermonem
2437 4682 2501 4733 de
2532 4682 2887 4733 translatione
2912 4682 3150 4747 corporis
3180 4680 3236 4733 S.
3273 4677 3536 4743 Amandi,
3586 4673 3724 4744 ejus-

2030 4786 2130 4839 que
2157 4770 2497 4822 ordinatione
2521 4772 2571 4819 et
2597 4767 2931 4820 dedicatione
2955 4768 3140 4833 templi
3169 4766 3225 4817 in
3261 4766 3410 4818 Actis
3441 4765 3719 4828 Sanctor.,

2032 4864 2068 4911 t.
2120 4858 2139 4911 Ι
2189 4858 2371 4922 Febr.,
2430 4872 2559 4924 pag.
2613 4857 2874 4919 889-891,
2928 4862 2980 4906 et
3029 4856 3274 4906 alterum
3323 4854 3388 4906 de
3434 4854 3724 4905 elevatione

2028 4946 2265 5013 corporis
2297 4944 2355 4997 S.
2393 4944 2657 5005 Amandi,
2686 4960 2740 5011 p.
2777 4945 3035 5007 891-893,
3071 4948 3125 4994 et
3158 4943 3217 4993 in
3267 4942 3545 5010 Operibus
3586 4939 3720 4994 Phi-

2026 5034 2171 5103 lippi
2200 5033 2516 5101 Havdengi,
2553 5033 2727 5085 Paris.
2763 5037 2819 5085 et
2854 5033 3024 5086 Duaci
3058 5034 3179 5096 1621
3216 5030 3316 5083 fol.

2097 5123 2403 5174 Sermonem
2434 5121 2497 5173 de
2529 5122 2582 5174 S.
2619 5124 2918 5188 Principio,
2962 5121 3135 5173 fratre
3171 5120 3227 5171 Β.
3264 5117 3508 5187 Remigii
3563 5119 3720 5171 Bhe-

2028 5210 2258 5272 mensis,
2300 5213 2565 5279 episcopo
2598 5226 2688 5263 an.
2728 5212 2827 5263 506
2860 5210 3124 5263 defuncto
3154 5206 3571 5273 Suessionensi,
3605 5207 3721 5260 edi-

2028 5304 2152 5351 tum
2183 5314 2214 5350 a
2247 5298 2412 5351 Surio
2444 5302 2506 5351 27
2544 5297 2894 5369 Septembris
2928 5296 3025 5367 (a).

2028 5439 2305 5563 Ejusdem.
2375 5439 2513 5494 Vide
2576 5438 2911 5510 Patrologiaa
2971 5444 3111 5492 tom.
3177 5440 3357 5506 LVIII,
3426 5438 3534 5494 col.
3592 5441 3714 5494 612.

2076 5524 2178 5563 DIT.

2076 5524 2178 5563 DIT.
