4078 6180
230 278 332 329 929
1409 272 1493 324 DE
1535 273 1697 326 VITA
1734 271 1790 325 S.
1833 273 1939 327 ΑΜ,

2084 274 2129 328 Ι.
2167 305 2234 314 -
2268 274 2479 329 LIBER
2520 277 2558 330 Ι.
3626 283 3729 335 930

231 412 329 481 qui
365 425 591 463 mecum
633 412 786 475 sunt,
820 407 1108 478 quomodo
1149 406 1221 461 sit
1252 406 1641 476 navigandum
1684 408 1921 462 ostendi.
1966 412 2007 462 A
2040 410 2175 461 Pars
2206 409 2400 479 aliqua
2430 409 2659 479 aptabat
2690 409 3001 464 redolentia
3031 410 3249 465 lumina
3282 412 3445 479 ceris,

231 501 312 562 Et,
361 490 591 568 quia‘in
624 514 690 550 eo
728 513 832 549 nec
872 498 1169 565 scopulum
1204 496 1301 565 qui
1333 496 1464 547 tidei
1499 496 1704 561 obstet,
1749 496 1928 549 offen-

232 588 305 652 di,
333 604 459 653 nec,
495 587 649 656 quod
682 586 795 655 legi
828 585 1077 638 metricae
1114 585 1451 653 refragetur,
1486 585 1699 651 inveni,
1735 584 1931 638 hortor

233 678 458 729 Fratres
488 679 734 741 nostros,
773 674 871 743 qui
910 691 942 726 a
972 674 1181 726 talibus
1215 673 1415 725 studiis
1448 689 1561 725 non
1599 673 1927 738 abhorrent,

232 780 443 818 munus
480 764 583 817 hoc
617 763 861 816 libenter
890 764 1204 832 suscipere,
1257 767 1311 815 et
1360 762 1595 815 obsecro
1646 766 1707 814 ut
1757 763 1931 815 satius

231 854 407 905 velint
454 852 523 904 ad
571 852 759 903 simile
810 851 1062 904 studium
1113 850 1429 919 provocari,
1479 866 1651 920 quam
1701 850 1931 903 invidiae

231 941 449 994 facibus
482 939 853 993 concremari.
890 940 1159 992 Novimus
1191 940 1476 1008 siquidem
1522 955 1750 1008 semper
1783 939 1931 991 cives

231 1027 451 1080 civibus
502 1028 781 1089 invidere,
841 1032 897 1080 et
953 1026 1269 1081 secundum
1338 1027 1645 1081 Salvatoris
1712 1028 1929 1081 dictum

230 1117 526 1169 neminem
573 1115 936 1184 Prophetam,
973 1116 1112 1182 sive,
1151 1120 1212 1167 ut
1256 1120 1318 1167 tu
1366 1114 1564 1167 solitus
1613 1130 1671 1167 es
1720 1115 1928 1179 dicere,

230 1205 458 1258 nullum
492 1205 727 1257 Poetam
760 1208 1056 1272 acceptum
1089 1220 1208 1255 esse
1241 1204 1295 1256 in
1328 1201 1515 1271 patria
1550 1218 1649 1254 sua
1684 1203 1833 1271 (Luc.
1871 1216 1929 1265 ιι,

232 1294 345 1363 34).
390 1293 498 1347 Sed
542 1293 677 1363 quia
720 1292 1021 1362 parvulum
1066 1291 1271 1344 occidit
1305 1290 1534 1354 invidia,
1580 1288 1767 1342 minor
1812 1302 1930 1340 esse

232 1382 602 1451 cognoscitur
660 1381 760 1450 qui
818 1380 1031 1433 invidet
1085 1395 1259 1449 quam
1320 1379 1417 1431 ille
1471 1379 1561 1431 cui
1622 1376 1927 1430 invidetur.

234 1470 430 1540 Papre!
470 1471 648 1523 miror
679 1470 981 1538 opiparum
1016 1468 1257 1521 valuisse
1293 1467 1564 1520 divitibus
1605 1480 1929 1535 praeparare

231 1560 581 1625 convivium,
617 1576 786 1629 quem
818 1559 1093 1626 putabam
1129 1557 1216 1610 vix
1254 1573 1419 1626 posse
1451 1556 1801 1625 pauperibus
1834 1571 1931 1606 ex-

230 1650 427 1702 hibere
458 1650 545 1702 vel
588 1655 841 1717 gustum.
888 1647 1057 1700 Plane
1108 1645 1487 1699 amantissimi
1537 1645 1776 1699 Amandi
1823 1659 1928 1713 ego

234 1739 470 1808 quidem
506 1738 561 1790 id
597 1736 816 1790 meritis
860 1736 1104 1805 imputo,
1153 1736 1220 1787 de
1270 1734 1430 1804 cujus
1479 1734 1783 1803 praeconiis
1835 1748 1929 1785 ex—

234 1828 448 1879 sultare
502 1841 563 1878 ac
608 1825 896 1880 Christum
949 1824 1180 1876 laudare
1228 1839 1345 1875 non
1393 1839 1570 1876 cesso.
1624 1823 1715 1875 Est
1762 1821 1934 1890 igitur

235 1917 531 1987 eloquium
564 1930 734 1968 suave
764 1893 821 1967 et
850 1930 1078 1966 carmen
1109 1914 1321 1965 salibus
1368 1912 1553 1976 dulce,
1608 1911 1720 1963 leni
1770 1911 1934 1980 lapsu

236 2010 289 2058 et
338 2006 514 2073 plano
566 2019 830 2057 sermone
882 2002 1131 2055 decurrit
1178 2002 1384 2054 oratio.
1443 2000 1584 2063 Quid
1648 2000 1934 2068 amplius?

238 2095 439 2147 Dicant
473 2097 527 2145 et
563 2092 823 2162 judicent
853 2091 1073 2144 sodales
1106 2096 1169 2141 ut
1212 2089 1417 2153 velint;
1461 2105 1566 2157 ego
1611 2094 1802 2141 autem
1845 2104 1933 2140 ar-

235 2200 443 2236 canum
495 2183 681 2235 cordis
731 2182 845 2235 mei
903 2182 1206 2249 pervulga;
1263 2179 1397 2247 quia
1449 2178 1734 2247 praeconia
1792 2177 1935 2231 tanti

237 2271 438 2337 Patris,
474 2270 552 2322 mi
582 2271 805 2337 dilecte,
840 2268 974 2321 satis
1006 2268 1350 2335 abundeque
1391 2271 1488 2318 tuo
1519 2266 1771 2319 carmine
1804 2266 1935 2319 illu-

240 2360 451 2412 strasti.
504 2359 631 2412 Noli
680 2363 893 2426 tamen,
943 2357 1196 2421 obsecro,
1249 2355 1317 2408 ab
1368 2355 1593 2423 incepto
1642 2354 1931 2421 desistere,

236 2449 359 2502 noli
404 2447 639 2501 desidiae
682 2452 781 2499 aut
811 2446 983 2499 inerti
1016 2447 1132 2498 otio
1184 2444 1584 2509 succumbere;
1641 2444 1758 2496 noli
1809 2460 1934 2513 gra-

238 2536 405 2603 tiam,
449 2552 575 2606 quze
615 2536 718 2588 tibi
761 2535 998 2603 adjacet,
1038 2534 1359 2604 negligere;
1407 2533 1524 2598 sed,
1575 2533 1710 2585 dum
1756 2538 1933 2599 vacat,

238 2641 472 2695 semper
518 2630 572 2678 te
620 2624 786 2677 bonis
828 2623 1028 2677 studiis
1061 2639 1257 2676 exerce
1294 2640 1305 2676 :
1341 2628 1397 2675 et
1428 2622 1547 2674 noli
1579 2622 1727 2691 quod
1763 2621 1938 2691 gratis

238 2715 506 2785 accepisti
564 2714 691 2767 aliis
751 2714 1069 2782 denegare;
1125 2711 1243 2765 noli
1304 2712 1454 2763 solus
1516 2710 1728 2764 bonum
1784 2726 1936 2762 com-

238 2819 417 2856 mune
448 2802 741 2872 possidere
776 2803 936 2854 velle.
973 2803 1103 2855 Hinc
1130 2802 1247 2854 sola
1278 2800 1521 2870 pecunia
1552 2805 1653 2864 est,
1690 2815 1817 2869 quae.
1847 2816 1941 2851 no-

239 2893 320 2944 vit
368 2892 713 2961 expensione
764 2890 995 2960 augeri;
1046 2891 1167 2942 haec
1214 2890 1335 2942 sola
1392 2895 1495 2954 est,
1560 2904 1687 2958 quin
1746 2903 1941 2956 sparsa

2112 498 2527 567 Formabatque
2555 498 2759 551 chorus
2790 500 3006 552 cantica
3034 501 3363 554 mellifluus.

2040 587 2175 639 Pars
2201 591 2256 638 et
2286 586 2559 639 oliviferis
2594 588 2919 656 appendens
2950 606 3078 641 vasa
3106 590 3347 657 coronis,

2114 675 2407 727 Fundebat
2438 676 2622 727 lucem
2655 677 2841 743 corde,
2873 693 3044 730 manu
3074 678 3327 731 rutilam.

2041 764 2196 815 Tunc
2222 779 2313 815 me
2345 763 2673 828 sollicitum,
2703 781 2773 815 ne
2800 765 2859 816 in
2888 766 3057 817 tantis
3088 782 3321 819 munere
3348 766 3554 820 turmis

2112 853 2374 905 Parerem
2405 868 2633 919 vacuus,
2674 853 2820 905 istud
2853 868 2995 922 opus
3025 855 3234 922 rapuit,

2042 940 2325 994 Laudibus
2357 946 2487 1010 apta
2514 941 2642 1010 piis,
2676 941 2939 993 florentia
2969 947 3127 1011 gesta
3153 945 3377 996 venusti

2112 1030 2372 1082 Praisnlis
2405 1035 2463 1082 ut
2495 1035 2673 1082 metro
2701 1030 2999 1082 dulcisono
3033 1048 3314 1085 canerem.

2041 1119 2211 1171 Dulce
2245 1119 2435 1181 decus,
2471 1118 2700 1187 pietatis
2731 1134 2893 1188 opus,
2928 1119 3295 1188 compingere
3329 1135 3493 1173 versu

2113 1207 2398 1261 Pontificis
2426 1208 2593 1259 vitam
2630 1208 2809 1260 suasit
2834 1224 2993 1259 amor
3025 1206 3179 1260 ﬁdei.

2040 1297 2429 1360 QUorumdam
2466 1296 2695 1349 monitis
2726 1296 2985 1349 Fratrum
3018 1297 3368 1365 compulsus,
3403 1312 3634 1349 enorme

2113 1384 2345 1454 Suscepi
2375 1386 2597 1454 pondus
2625 1384 2835 1437 viribus
2863 1384 3101 1453 exiguis.

2042 1474 2341 1542 Antiquos,
2376 1473 2547 1542 proh!
2584 1488 2697 1525 non
2733 1473 2939 1540 puduit
2971 1473 3205 1525 reticere
3234 1477 3450 1542 poetas,

2113 1563 2249 1625 Quis
2276 1562 2537 1614 doctrina
2567 1561 2750 1613 inerat
2778 1579 2941 1627 vana,
2971 1561 3200 1625 caduca,
3238 1562 3394 1614 levis.

2044 1651 2295 1705 Fallcndi
2328 1651 2577 1703 studium
2614 1667 2759 1720 quos
2786 1655 3053 1702 cunctum
3087 1650 3222 1702 lusit
3249 1650 3304 1701 in
3341 1666 3546 1716 aevum,

2114 1739 2365 1807 Totaque
2400 1738 2513 1789 vita
2537 1737 2645 1790 fuit
2671 1738 2855 1791 dedita
2884 1737 3239 1791 criminibus.
3622 1728 3627 1733 ’

2046 1827 2308 1881 Carmine
2335 1826 2597 1879 distincto
2626 1826 2929 1879 verborum
2966 1826 3109 1879 ferre
3142 1825 3443 1891 cothurno,

2116 1919 2192 1968 Ac
2224 1930 2430 1968 nomen
2465 1915 2645 1967 laudis
2671 1930 2927 1984 quaerere
2961 1931 3059 1984 per
3093 1915 3326 1967 facinus.

2046 2004 2307 2072 Dumque
2344 2019 2444 2070 per
2470 2018 2691 2055 errores
2721 2003 2886 2055 variis
2918 2002 3261 2055 anfractibus
3292 2002 3459 2067 irent,

2116 2092 2404 2145 Perfecere
2438 2091 2589 2144 aliud
2621 2091 2721 2155 nil,
2755 2091 2863 2143 nisi
2898 2091 3095 2143 mortis
3130 2107 3292 2160 opus.

2045 2182 2085 2233 A
2122 2166 2232 2249 qua
2263 2179 2507 2248 decepti,
2541 2178 2766 2231 inferno
2800 2179 3150 2247 tumulisque
3183 2178 3417 2247 reposti,

2118 2269 2367 2322 Fletibus
2398 2268 2640 2320 assiduis
2671 2269 2805 2319 talia
2834 2267 2980 2319 facta
3010 2268 3196 2320 luunt.

2052 2361 2199 2412 Muta
2230 2356 2374 2410 mihi
2405 2363 2460 2408 et
2490 2357 2637 2408 sicco
2672 2355 2961 2425 languebit
2990 2356 3190 2425 lingua
3220 2357 3428 2426 palato,

2119 2446 2393 2515 Falsaque
2426 2445 2525 2514 qui
2556 2444 2789 2511 damno,
2818 2460 2949 2497 vera
2979 2450 3163 2497 tacere
3198 2460 3368 2513 queo.

2048 2537 2186 2589 Nam
2218 2535 2453 2587 meliore
2484 2533 2573 2585 via
2606 2532 2815 2586 Christi
2846 2532 3131 2586 celebrare
3162 2540 3373 2602 tropaea

2124 2623 2365 2678 Muneris
2399 2623 2609 2675 intuitu
2640 2638 2767 2691 spes
2800 2621 2947 2674 bene
2973 2622 3082 2674 tida
3113 2628 3323 2674 monet.

2051 2714 2194 2767 Laus
2222 2717 2282 2765 ut
2312 2727 2536 2764 summa
2572 2712 2710 2776 Deo,
2745 2710 3034 2763 veneratio
3061 2710 3253 2764 debita
3285 2710 3509 2777 Sancto,

2120 2802 2453 2871 Exemplum
2488 2800 2713 2870 populis
2747 2800 2817 2851 sit
2852 2816 3080 2869 quoque
3109 2799 3479 2853 Christicolis.

2052 2891 2116 2943 Et
2148 2889 2290 2942 mihi
2323 2892 2633 2941 succrescat
2663 2888 2955 2941 cumulato
2991 2889 3204 2941 foenore
3237 2903 3472 2952 merces,

238 2980 464 3046 crescit,
493 2986 548 3032 et
580 2984 811 3048 erogata
841 2980 1231 3031 emolumenta
1262 2977 1438 3047 capit;
1477 2979 1595 3030 haec
1625 2981 1712 3031 est
1740 2976 1936 3041 etiam,
1979 2968 2019 3023 C
2119 2976 2443 3030 Transferat
2468 2979 2523 3029 et
2550 2976 2692 3030 Justi
2725 2975 2896 3044 hujus
2926 2976 2995 3028 ad
3028 2982 3178 3029 astra
3210 2992 3397 3045 prece.

239 3085 374 3139 qua:
424 3069 825 3121 absconsorem
875 3083 1039 3119 suum
1096 3066 1278 3136 poenis
1334 3066 1565 3132 addicit,
1618 3070 1672 3118 et
1725 3066 1937 3118 bonum

239 3159 700 3227 dispensatorem
728 3156 926 3209 azterni
955 3156 1207 3209 muneris
1240 3154 1421 3224 gloria
1453 3154 1709 3224 insignit.

314 3247 489 3299 Macte
524 3263 668 3298 nova
697 3245 922 3309 virtute,
956 3245 1078 3297 vale
1110 3244 1239 3297 Milo
1276 3242 1493 3313 optime
1527 3248 1697 3308 vates,

392 3332 755 3403 [Iaiminique
783 3332 886 3398 tui,
920 3332 1029 3400 dic,
1065 3330 1334 3384 miserere
1362 3332 1531 3383 Deus.

503 3475 525 3501 ⁸
566 3465 960 3519 PROOEMIUM
1000 3462 1248 3517 OPERIS
1290 3463 1686 3526 SEQUENTIS.

246 3574 409 3629 Festa
434 3572 902 3642 propinquabant
929 3570 1106 3624 nostri
1138 3569 1461 3623 veneranda
1490 3568 1744 3637 Patroni,

319 3663 683 3728 Instabatque
714 3661 835 3715 dies
860 3659 1160 3728 terrigenis
1186 3657 1444 3713 celebris.

246 3751 272 3790 b
302 3749 555 3803 Ornabat
584 3749 750 3802 nitidi
783 3748 1053 3819 praecelsa
1078 3747 1403 3800 habitacula
1432 3747 1632 3816 templi

318 3837 588 3908 Pervigili
619 3855 753 3891 cura
785 3841 976 3890 sancta
1004 3840 1227 3890 caterva
1257 3836 1469 3907 gregis.

250 3927 570 3981 Candentes
601 3926 820 3979 tunicas
846 3930 1016 3996 atque
1048 3930 1384 3977 ornamenta
1415 3940 1518 3993 per
1547 3940 1672 3977 aras

321 4015 620 4068 Ponebant
650 4019 799 4068 texta
831 4015 1075 4067 stamine
1106 4030 1420 4083 purpureo.

254 4105 403 4159 More
429 4104 783 4174 parabantur
814 4104 981 4156 solito
1013 4102 1343 4172 pavimenta
1374 4102 1644 4156 decenter

322 4194 601 4247 Marmore
632 4190 953 4246 commixtis
989 4191 1285 4245 ordinibus
1311 4192 1499 4245 variis.

320 4365 345 4390 ³
376 4358 508 4409 Haec
536 4356 1023 4426 praeponebantur
1066 4371 1080 4408 :

254 4569 456 4621 libellos
489 4585 562 4631 1v,
600 4568 747 4620 edita
770 4584 804 4618 α
832 4568 1027 4622 Milone
1055 4570 1308 4620 monacho
1339 4567 1560 4620 camobii
1588 4569 1782 4635 ipsius.

1130 4358 1191 4409 In
1236 4358 1446 4409 nomine
1494 4355 1705 4407 Domini
1750 4355 1945 4422 incipit

259 4430 385 4481 Vita
415 4430 471 4481 S.
506 4427 748 4480 Amandi
776 4429 1107 4493 Confessoris
1140 4428 1358 4491 Christi,
1397 4426 1462 4477 de
1493 4439 1655 4492 prosa
1704 4427 1945 4478 oratione

253 4502 310 4550 in
360 4501 634 4551 heroicum
681 4514 891 4551 carnem
942 4500 1158 4549 metrico
1205 4498 1343 4562 stylo
1393 4498 1696 4559 transfusa.
1746 4496 1942 4549 habens

2052 3068 2332 3119 Intentata
2363 3069 2554 3118 tamen
2583 3064 2741 3133 prius
2774 3064 2882 3116 isto
2914 3064 3202 3117 schemate
3234 3080 3325 3116 res
3355 3068 3460 3127 est,

2122 3156 2185 3206 Et
2216 3170 2340 3223 qua:
2372 3169 2486 3206 non
2520 3152 2713 3220 didici,
2743 3168 2922 3205 conor
2951 3152 3195 3206 amando
3230 3152 3410 3222 loqui.

2052 3246 2195 3314 Ergo
2229 3241 2327 3296 Dei
2358 3242 2541 3296 ﬁdens
2571 3242 2825 3295 bonitate
2856 3247 2913 3295 et
2945 3257 3184 3295 munere
3215 3242 3391 3294 sancti

2122 3332 2392 3386 Flaminis
2425 3330 2727 3401 aggredior
2753 3330 2965 3383 inscius
2994 3330 3147 3384 istud
3182 3331 3306 3384 iter.

2049 3424 2316 3495 Quisquis
2344 3424 2474 3491 erit,
2507 3428 2768 3477 nostrum
2804 3422 2903 3493 qui
2934 3438 3159 3475 carmen
3199 3421 3400 3475 rodere
3431 3420 3670 3485 mavult,

2122 3514 2323 3566 Verme
2350 3512 2470 3566 fero
2499 3512 2667 3581 justae
2699 3511 2921 3565 roditur
2951 3511 3198 3575 invidiae,

2054 3604 2119 3655 Et
2149 3603 2247 3673 qui
2279 3606 2393 3655 tam
2425 3603 2575 3671 justo
2607 3603 2766 3671 cupit
2797 3601 3123 3671 aggaudere
3154 3599 3358 3664 labori,

2126 3694 2288 3745 Patre
2322 3692 2438 3743 Deo
2466 3690 2709 3759 genitus,
2740 3691 2919 3759 patris
2950 3694 3173 3743 amator
3203 3688 3293 3742 hic
3323 3692 3426 3741 est.

2054 3782 2198 3849 Ergo
2227 3779 2618 3848 evangelicum
2650 3779 2837 3849 primo
2872 3794 3205 3848 percurrere
3237 3782 3474 3839 textum,

2126 3867 2280 3921 Illius
2307 3871 2364 3920 et
2388 3872 2607 3936 septem
2643 3883 2799 3919 sacra
2826 3867 3012 3936 sigilla
3035 3868 3212 3934 juvat.

2052 3958 2208 4010 Tunc
2240 3956 2448 4009 melius
2474 3956 2661 4010 Sancti
2696 3961 2896 4024 potero
2929 3970 3235 4024 properare
3267 3969 3369 4023 per
3398 3956 3576 4020 actus,

2128 4044 2478 4115 Principium
2508 4046 2620 4098 tale
2653 4045 2696 4096 si
2730 4045 2824 4114 pia
2854 4043 3111 4098 membra
3137 4043 3386 4096 habeant
3414 4050 3451 4094 ο.

2124 4356 2149 4396 b
2200 4355 2276 4408 En
2323 4360 2560 4409 ornatus
2606 4355 2673 4408 ad
2725 4355 3064 4408 celebranda
3116 4360 3442 4408 sanctorum
3492 4354 3634 4409 festa
3675 4356 3747 4410 ab

2054 4425 2219 4477 annis
2251 4426 2590 4494 octingentis
2618 4430 2672 4477 et
2696 4426 2941 4494 amplius
2970 4426 3228 4478 adhiberi
3258 4425 3481 4479 solitus.

2126 4505 2146 4528 ε
2176 4498 2304 4549 Hinc
2341 4498 2524 4564 capita
2560 4496 2803 4565 margini
2836 4497 3228 4563 adscribimus,
3265 4514 3329 4549 ac
3364 4514 3522 4552 more
3554 4502 3747 4552 nostro

2058 4566 2465 4636 distinguimus
2502 4583 2513 4619 :
2550 4568 2644 4619 illa
2672 4567 2762 4619 hic
2788 4567 3066 4619 indicasse
3092 4568 3320 4621 sufticit.

1590 4844 1908 4916 LIBER
1991 4843 2401 4916 PRIMUS

1464 5111 1718 5179 Capitula
1747 5110 1877 5164 libri
1906 5127 1922 5163 ι
1956 5111 2024 5165 ab
2055 5115 2269 5164 auctore
2297 5112 2550 5179 przﬁma.

264 5233 307 5280 1.
341 5234 583 5281 Humana
616 5232 805 5297 Christi
836 5234 1102 5291 nativitas,
1133 5237 1184 5282 et
1208 5233 1522 5297 quodhunc
1551 5234 1729 5281 omnia
1758 5234 2017 5297 elementa
2048 5234 2331 5297 Dominum
2362 5234 2472 5282 fore
2504 5234 2847 5297 cognoverint
2880 5235 3180 5297 exponitur.
3212 5261 3272 5270 —
3302 5238 3347 5284 2.
3380 5234 3753 5297 Apostolorum

321 5296 524 5349 electio.
566 5295 738 5357 passio
775 5309 834 5343 ac
867 5296 1179 5344 resurrectio
1216 5296 1371 5357 etiad
1406 5297 1567 5343 caelos
1607 5296 1796 5344 Christi
1837 5297 2091 5349 ascensio,
2133 5296 2356 5357 Spiritus
2394 5295 2604 5357 quoque
2642 5297 2807 5343 sancti
2847 5295 3059 5344 emissio
3100 5297 3331 5345 breviter
3366 5295 3645 5346 indicatur.
3696 5325 3755 5333 —

322 5359 365 5404 3.
388 5356 591 5413 Quibus
609 5357 663 5403 in
681 5357 809 5419 locis
825 5358 1057 5418 Apostoli
1080 5356 1411 5419 evangelium
1435 5358 1852 5419 prasdieaverint.
1872 5385 1930 5393 —
1947 5360 1991 5405 4.
2012 5356 2447 5405 Commemoratis
2470 5356 2837 5419 Apostolorum
2856 5358 3247 5406 successoribus
3268 5360 3321 5406 Β.
3343 5360 3614 5408 Amandus
3636 5362 3758 5409 sub-

324 5419 567 5466 nectitur.
604 5445 661 5452 —
697 5421 742 5465 5.
774 5418 1151 5485 Εάίιοῐρορεξῄε
1166 5418 1449 5485 Acontitens’
1472 5420 1825 5485 inscientiam,
1858 5421 2026 5468 sancti
2056 5419 2280 5485 Spiritus
2311 5418 2543 5485 postulat
2575 5420 2813 5485 gratiam.
2847 5444 2905 5452 —
2936 5422 2982 5467 6.
3018 5421 3187 5485 Patria
3226 5426 3572 5485 parentesque
3612 5424 3755 5471 Beati

323 5484 816 5528 commemorantur.
856 5506 916 5514 —
945 5482 993 5529 Ἰ.
1035 5481 1129 5528 Ubi
1162 5481 1386 5530 Sanctus
1426 5487 1678 5543 cognatos
1716 5481 2037 5537 relinruens,
2071 5482 2254 5541 Ogiam
2290 5482 2454 5543 petiit.
2493 5507 2551 5515 —
2590 5482 2681 5529 Ubi
2715 5485 3010 5543 serpentem
3045 5481 3278 5530 validum
3312 5497 3465 5545 prece
3488 5481 3544 5533 ἐἰ
3585 5485 3757 5534 crucis

323 5543 512 5590 vexillo
543 5542 759 5593 fugavit.
791 5568 851 5577 —
876 5543 1165 5593 Resnonsio
1192 5544 1256 5592 ad
1287 5549 1505 5593 patrem.
1542 5572 1599 5578 ——
1630 5545 1703 5593 10.
1735 5496 1885 5593 Quod
1906 5544 1971 5592 ad
1998 5543 2299 5593 sepulcrum
2333 5543 2385 5591 S.
2419 5543 2627 5593 Martini
2655 5557 2813 5592 orans
2844 5548 3001 5593 caput
3030 5544 3127 5593 sibi
3158 5546 3406 5593 totondit.
3447 5573 3494 5582 —-
3520 5548 3596 5593 11.
3627 5548 3757 5593 Oua-

322 5543 512 5590 vexillo
543 5542 759 5604 fugavit.
791 5568 851 5577 —
876 5543 1165 5605 Responsio
1192 5544 1256 5592 ad
1286 5542 1512 5607 patrem.
1542 5572 1599 5578 ——
1630 5545 1703 5593 10.
1735 5545 1847 5601 Quo

1906 5544 1971 5592 ad
1998 5543 2299 5605 sepulcrum
2333 5543 2385 5591 S.
2419 5543 2627 5593 Martini
2655 5557 2813 5592 orans
2844 5548 3001 5606 caput
3030 5544 3127 5593 sibi
3158 5543 3406 5594 totondit.
3447 5573 3494 5582 —-
3520 5548 3596 5595 11.
3627 5548 3762 5605 Qua-
