  <div class='ocr_page' id='page_1' title='image "/cluster/home/n/w/nwhite01/storage/ocr_20150623/121/hvd.32044054759832/471.png"; bbox 0 0 4078 6180; ppageno 0'>
   <div class='ocr_carea' id='block_1_1' title="bbox 392 280 3837 338">
    <p class='ocr_par' dir='ltr' id='par_1_1' title="bbox 392 280 3837 338">
     <span class='ocr_line' id='line_1_1' title="bbox 392 280 3837 338; baseline 0.002 -7"><span class='ocrx_word' id='word_1_1' title='bbox 392 283 483 335; x_wconf 76' lang='grc'>931</span> <span class='ocrx_word' id='word_1_2' title='bbox 1613 280 1884 336; x_wconf 80' lang='lat' dir='ltr'>MILONIS</span> <span class='ocrx_word' id='word_1_3' title='bbox 1925 281 2233 336; x_wconf 82' lang='lat' dir='ltr'>MONACHI</span> <span class='ocrx_word' id='word_1_4' title='bbox 2272 280 2334 337; x_wconf 88' lang='lat' dir='ltr'>S.</span> <span class='ocrx_word' id='word_1_5' title='bbox 2380 282 2654 336; x_wconf 63' lang='lat' dir='ltr'>AMANDI</span> <span class='ocrx_word' id='word_1_6' title='bbox 3752 287 3837 338; x_wconf 74' lang='lat'>93‘).</span> 
     </span>
    </p>
   </div>
   <div class='ocr_carea' id='block_1_2' title="bbox 453 388 3838 479">
    <p class='ocr_par' dir='ltr' id='par_1_2' title="bbox 453 388 3838 479">
     <span class='ocr_line' id='line_1_2' title="bbox 453 388 3838 479; baseline 0 -14"><span class='ocrx_word' id='word_1_7' title='bbox 453 417 574 466; x_wconf 88' lang='lat' dir='ltr'>liter</span> <span class='ocrx_word' id='word_1_8' title='bbox 603 417 859 465; x_wconf 88' lang='lat' dir='ltr'>Bituricas</span> <span class='ocrx_word' id='word_1_9' title='bbox 884 416 1039 479; x_wconf 83' lang='lat' dir='ltr'>adiit,</span> <span class='ocrx_word' id='word_1_10' title='bbox 1057 418 1108 464; x_wconf 89' lang='lat' dir='ltr'>et</span> <span class='ocrx_word' id='word_1_11' title='bbox 1137 414 1212 479; x_wconf 13' lang='lat' dir='ltr'>de,</span> <span class='ocrx_word' id='word_1_12' title='bbox 1226 415 1547 479; x_wconf 83' lang='lat' dir='ltr'>abstinentia</span> <span class='ocrx_word' id='word_1_13' title='bbox 1578 421 1627 463; x_wconf 88' lang='lat' dir='ltr'>et</span> <span class='ocrx_word' id='word_1_14' title='bbox 1656 416 2057 477; x_wconf 81' lang='lat' dir='ltr'>conversatione</span> <span class='ocrx_word' id='word_1_15' title='bbox 2088 417 2268 479; x_wconf 82' lang='lat' dir='ltr'>ipsius.</span> <span class='ocrx_word' id='word_1_16' title='bbox 2303 443 2361 453; x_wconf 90' lang='lat'><strong>—</strong></span> <span class='ocrx_word' id='word_1_17' title='bbox 2394 418 2468 465; x_wconf 81' lang='grc'><strong>12.</strong></span> <span class='ocrx_word' id='word_1_18' title='bbox 2496 417 2593 465; x_wconf 86' lang='lat' dir='ltr'>Ubi</span> <span class='ocrx_word' id='word_1_19' title='bbox 2627 418 2844 466; x_wconf 82' lang='lat' dir='ltr'>Romam</span> <span class='ocrx_word' id='word_1_20' title='bbox 2876 388 2995 465; x_wconf 80' lang='lat' dir='ltr'>tidei</span> <span class='ocrx_word' id='word_1_21' title='bbox 3016 417 3201 465; x_wconf 91' lang='lat' dir='ltr'>ardore</span> <span class='ocrx_word' id='word_1_22' title='bbox 3222 416 3579 479; x_wconf 81' lang='lat' dir='ltr'>proﬁciscitur.</span> <span class='ocrx_word' id='word_1_23' title='bbox 3600 418 3737 465; x_wconf 86' lang='lat' dir='ltr'>—t3.</span> <span class='ocrx_word' id='word_1_24' title='bbox 3758 420 3838 467; x_wconf 80' lang='lat' dir='ltr'>t&#39;bi</span> 
     </span>
    </p>
   </div>
   <div class='ocr_carea' id='block_1_3' title="bbox 454 476 3838 542">
    <p class='ocr_par' dir='ltr' id='par_1_3' title="bbox 454 476 3838 542">
     <span class='ocr_line' id='line_1_3' title="bbox 454 476 3838 542; baseline 0 -14"><span class='ocrx_word' id='word_1_25' title='bbox 454 493 484 527; x_wconf 86' lang='lat' dir='ltr'>a</span> <span class='ocrx_word' id='word_1_26' title='bbox 513 480 728 528; x_wconf 81' lang='lat' dir='ltr'>custode</span> <span class='ocrx_word' id='word_1_27' title='bbox 748 479 824 542; x_wconf 15' lang='lat' dir='ltr'>Vde</span> <span class='ocrx_word' id='word_1_28' title='bbox 859 478 1079 526; x_wconf 73' lang='lat' dir='ltr'>ecclesia</span> <span class='ocrx_word' id='word_1_29' title='bbox 1115 476 1343 542; x_wconf 52' lang='lat' dir='ltr'>pellitur:</span> <span class='ocrx_word' id='word_1_30' title='bbox 1382 504 1440 542; x_wconf 53' lang='grc' dir='ltr'>έ</span> <span class='ocrx_word' id='word_1_31' title='bbox 1480 481 1551 525; x_wconf 57' lang='lat' dir='ltr'>tt.</span> <span class='ocrx_word' id='word_1_32' title='bbox 1584 479 1879 542; x_wconf 83' lang='lat' dir='ltr'>Apparente</span> <span class='ocrx_word' id='word_1_33' title='bbox 1902 476 2074 527; x_wconf 78' lang='lat' dir='ltr'>Petro</span> <span class='ocrx_word' id='word_1_34' title='bbox 2108 476 2423 528; x_wconf 80' lang='lat' dir='ltr'>admonetur</span> <span class='ocrx_word' id='word_1_35' title='bbox 2453 480 2517 528; x_wconf 92' lang='lat' dir='ltr'>ad</span> <span class='ocrx_word' id='word_1_36' title='bbox 2549 480 2739 527; x_wconf 84' lang='lat' dir='ltr'>Gallias</span> <span class='ocrx_word' id='word_1_37' title='bbox 2772 479 2957 528; x_wconf 88' lang='lat' dir='ltr'>redire.</span> <span class='ocrx_word' id='word_1_38' title='bbox 2989 506 3049 514; x_wconf 97' lang='lat'><strong>—</strong></span> <span class='ocrx_word' id='word_1_39' title='bbox 3082 483 3155 528; x_wconf 83' lang='grc'>15.</span> <span class='ocrx_word' id='word_1_40' title='bbox 3187 476 3401 528; x_wconf 62' lang='grc' dir='ltr'><strong>Ιζέᾶὶιιιει</strong></span> <span class='ocrx_word' id='word_1_41' title='bbox 3431 480 3602 528; x_wconf 84' lang='lat' dir='ltr'>Sancti</span> <span class='ocrx_word' id='word_1_42' title='bbox 3631 480 3838 541; x_wconf 75' lang='lat' dir='ltr'>refertur,</span> 
     </span>
    </p>
   </div>
   <div class='ocr_carea' id='block_1_4' title="bbox 455 540 1513 605">
    <p class='ocr_par' dir='ltr' id='par_1_4' title="bbox 455 540 1513 605">
     <span class='ocr_line' id='line_1_4' title="bbox 455 540 1513 605; baseline -0.002 -16"><span class='ocrx_word' id='word_1_43' title='bbox 455 542 716 605; x_wconf 86' lang='lat' dir='ltr'>simulque</span> <span class='ocrx_word' id='word_1_44' title='bbox 747 541 955 589; x_wconf 84' lang='lat' dir='ltr'>libellus</span> <span class='ocrx_word' id='word_1_45' title='bbox 985 553 1106 587; x_wconf 88' lang='lat' dir='ltr'>cum</span> <span class='ocrx_word' id='word_1_46' title='bbox 1136 552 1288 601; x_wconf 81' lang='lat' dir='ltr'>prece</span> <span class='ocrx_word' id='word_1_47' title='bbox 1316 540 1513 587; x_wconf 85' lang='lat' dir='ltr'>ﬁnitur.</span> 
     </span>
    </p>
   </div>
   <div class='ocr_carea' id='block_1_5' title="bbox 956 733 3418 805">
    <p class='ocr_par' dir='ltr' id='par_1_5' title="bbox 956 733 3418 805">
     <span class='ocr_line' id='line_1_5' title="bbox 956 733 3418 805; baseline 0 -18"><span class='ocrx_word' id='word_1_48' title='bbox 956 734 1180 788; x_wconf 87' lang='lat' dir='ltr'><strong>CAPUT</strong></span> <span class='ocrx_word' id='word_1_49' title='bbox 1221 733 1507 787; x_wconf 80' lang='lat' dir='ltr'>PRIMUM.</span> <span class='ocrx_word' id='word_1_50' title='bbox 2116 739 2159 788; x_wconf 90' lang='lat' dir='ltr'>A</span> <span class='ocrx_word' id='word_1_51' title='bbox 2192 735 2431 788; x_wconf 87' lang='lat' dir='ltr'>Partitas</span> <span class='ocrx_word' id='word_1_52' title='bbox 2461 736 2568 789; x_wconf 89' lang='lat' dir='ltr'>sibi</span> <span class='ocrx_word' id='word_1_53' title='bbox 2600 739 2883 789; x_wconf 88' lang='lat' dir='ltr'>terrarum</span> <span class='ocrx_word' id='word_1_54' title='bbox 2910 739 3101 805; x_wconf 89' lang='lat' dir='ltr'>partes</span> <span class='ocrx_word' id='word_1_55' title='bbox 3131 736 3418 801; x_wconf 87' lang='lat' dir='ltr'>adierunt,</span> 
     </span>
    </p>
   </div>
   <div class='ocr_carea' id='block_1_6' title="bbox 540 824 3562 927">
    <p class='ocr_par' dir='ltr' id='par_1_6' title="bbox 540 824 3562 927">
     <span class='ocr_line' id='line_1_6' title="bbox 540 824 3562 927; baseline -0.001 -13"><span class='ocrx_word' id='word_1_56' title='bbox 540 858 873 915; x_wconf 77' lang='lat' dir='ltr'>Introductio</span> <span class='ocrx_word' id='word_1_57' title='bbox 903 860 1130 927; x_wconf 76' lang='lat' dir='ltr'>poetica,</span> <span class='ocrx_word' id='word_1_58' title='bbox 1165 874 1198 909; x_wconf 90' lang='lat' dir='ltr'>a</span> <span class='ocrx_word' id='word_1_59' title='bbox 1229 858 1439 913; x_wconf 78' lang='lat' dir='ltr'>Christo</span> <span class='ocrx_word' id='word_1_60' title='bbox 1468 863 1516 910; x_wconf 81' lang='lat' dir='ltr'>et</span> <span class='ocrx_word' id='word_1_61' title='bbox 1551 858 1826 925; x_wconf 77' lang='lat' dir='ltr'>Apostolis</span> <span class='ocrx_word' id='word_1_62' title='bbox 1854 858 1928 911; x_wconf 86' lang='lat' dir='ltr'>ad</span> <span class='ocrx_word' id='word_1_63' title='bbox 2190 824 2765 927; x_wconf 37' lang='grc' dir='ltr'>,ίζυωίίξθέξθδρίωθ</span> <span class='ocrx_word' id='word_1_64' title='bbox 2781 824 3097 927; x_wconf 55' lang='lat' dir='ltr'>,{W&#39;amﬁs</span> <span class='ocrx_word' id='word_1_65' title='bbox 3129 840 3284 927; x_wconf 44' lang='lat' dir='ltr'>“fore</span> <span class='ocrx_word' id='word_1_66' title='bbox 3318 824 3562 921; x_wconf 33' lang='lat' dir='ltr'>lucerna:</span> 
     </span>
    </p>
   </div>
   <div class='ocr_carea' id='block_1_7' title="bbox 826 912 1985 996">
    <p class='ocr_par' dir='ltr' id='par_1_7' title="bbox 826 912 1652 996">
     <span class='ocr_line' id='line_1_7' title="bbox 826 912 1652 996; baseline -0.004 -12"><span class='ocrx_word' id='word_1_67' title='bbox 826 932 880 984; x_wconf 92' lang='lat' dir='ltr'>S.</span> <span class='ocrx_word' id='word_1_68' title='bbox 903 912 1245 982; x_wconf 46' lang='lat' dir='ltr'>‘Amandum.</span> <span class='ocrx_word' id='word_1_69' title='bbox 1281 928 1457 996; x_wconf 84' lang='lat' dir='ltr'>Hujus</span> <span class='ocrx_word' id='word_1_70' title='bbox 1487 912 1652 981; x_wconf 68' lang='lat' dir='ltr'>ortus.</span> 
     </span>
    </p>
   </div>
   <div class='ocr_carea' id='block_1_8' title="bbox 2170 912 3598 996">
    <p class='ocr_par' dir='ltr' id='par_1_8' title="bbox 2188 912 3598 982">
     <span class='ocr_line' id='line_1_8' title="bbox 2188 912 3598 982; baseline 0.001 -19"><span class='ocrx_word' id='word_1_71' title='bbox 2188 912 2447 963; x_wconf 62' lang='lat' dir='ltr'>Prwcelsi</span> <span class='ocrx_word' id='word_1_72' title='bbox 2485 913 2750 965; x_wconf 86' lang='lat' dir='ltr'>Proceres</span> <span class='ocrx_word' id='word_1_73' title='bbox 2779 913 2997 978; x_wconf 90' lang='lat' dir='ltr'>Petrus,</span> <span class='ocrx_word' id='word_1_74' title='bbox 3032 913 3356 982; x_wconf 85' lang='lat' dir='ltr'>Paulusque</span> <span class='ocrx_word' id='word_1_75' title='bbox 3386 912 3598 982; x_wconf 88' lang='lat' dir='ltr'>priores</span> 
     </span>
    </p>
   </div>
   <div class='ocr_carea' id='block_1_9' title="bbox 2185 1000 3627 1070">
    <p class='ocr_par' dir='ltr' id='par_1_9' title="bbox 2185 1000 3627 1070">
     <span class='ocr_line' id='line_1_9' title="bbox 2185 1000 3627 1070; baseline 0.001 -19"><span class='ocrx_word' id='word_1_76' title='bbox 2185 1000 2378 1052; x_wconf 81' lang='lat' dir='ltr'>Ardua</span> <span class='ocrx_word' id='word_1_77' title='bbox 2409 1001 2701 1053; x_wconf 68' lang='lat' dir='ltr'>Romulam</span> <span class='ocrx_word' id='word_1_78' title='bbox 2730 1006 3042 1070; x_wconf 86' lang='lat' dir='ltr'>properant</span> <span class='ocrx_word' id='word_1_79' title='bbox 3073 1001 3138 1055; x_wconf 90' lang='lat' dir='ltr'>ad</span> <span class='ocrx_word' id='word_1_80' title='bbox 3174 1001 3384 1055; x_wconf 69' lang='lat' dir='ltr'>moenia</span> <span class='ocrx_word' id='word_1_81' title='bbox 3417 1002 3627 1065; x_wconf 58' lang='lat' dir='ltr'>Roma,</span> 
     </span>
    </p>
   </div>
   <div class='ocr_carea' id='block_1_10' title="bbox 2189 1088 3716 1159">
    <p class='ocr_par' dir='ltr' id='par_1_10' title="bbox 2189 1088 3716 1159">
     <span class='ocr_line' id='line_1_10' title="bbox 2189 1088 3716 1159; baseline -0.001 -18"><span class='ocrx_word' id='word_1_82' title='bbox 2189 1088 2590 1157; x_wconf 86' lang='lat' dir='ltr'>Romanosque</span> <span class='ocrx_word' id='word_1_83' title='bbox 2623 1091 2811 1142; x_wconf 84' lang='lat' dir='ltr'>lavant</span> <span class='ocrx_word' id='word_1_84' title='bbox 2844 1090 3046 1142; x_wconf 88' lang='lat' dir='ltr'>melius</span> <span class='ocrx_word' id='word_1_85' title='bbox 3076 1106 3249 1159; x_wconf 91' lang='lat' dir='ltr'>quam</span> <span class='ocrx_word' id='word_1_86' title='bbox 3281 1090 3509 1159; x_wconf 81' lang='lat' dir='ltr'>gurgite</span> <span class='ocrx_word' id='word_1_87' title='bbox 3540 1088 3716 1141; x_wconf 84' lang='lat' dir='ltr'>Tibris</span> 
     </span>
    </p>
   </div>
   <div class='ocr_carea' id='block_1_11' title="bbox 2188 1177 3697 1248">
    <p class='ocr_par' dir='ltr' id='par_1_11' title="bbox 2188 1177 3697 1248">
     <span class='ocr_line' id='line_1_11' title="bbox 2188 1177 3697 1248; baseline 0 -19"><span class='ocrx_word' id='word_1_88' title='bbox 2188 1180 2371 1246; x_wconf 83' lang='lat' dir='ltr'>Atque</span> <span class='ocrx_word' id='word_1_89' title='bbox 2406 1177 2481 1229; x_wconf 86' lang='lat' dir='ltr'>ibi</span> <span class='ocrx_word' id='word_1_90' title='bbox 2511 1178 2867 1231; x_wconf 89' lang='lat' dir='ltr'>constituunt</span> <span class='ocrx_word' id='word_1_91' title='bbox 2896 1179 3069 1248; x_wconf 85' lang='lat' dir='ltr'>primi</span> <span class='ocrx_word' id='word_1_92' title='bbox 3101 1178 3413 1232; x_wconf 88' lang='lat' dir='ltr'>fundameu</span> <span class='ocrx_word' id='word_1_93' title='bbox 3446 1177 3697 1231; x_wconf 87' lang='lat' dir='ltr'>honoris.</span> 
     </span>
    </p>
   </div>
   <div class='ocr_carea' id='block_1_12' title="bbox 2188 1264 3681 1337">
    <p class='ocr_par' dir='ltr' id='par_1_12' title="bbox 2188 1264 3681 1337">
     <span class='ocr_line' id='line_1_12' title="bbox 2188 1264 3681 1337; baseline 0.001 -20"><span class='ocrx_word' id='word_1_94' title='bbox 2188 1264 2328 1317; x_wconf 89' lang='lat' dir='ltr'>Hinc</span> <span class='ocrx_word' id='word_1_95' title='bbox 2360 1266 2501 1334; x_wconf 89' lang='lat' dir='ltr'>petit</span> <span class='ocrx_word' id='word_1_96' title='bbox 2528 1266 2781 1319; x_wconf 83' lang='lat' dir='ltr'>Andreas</span> <span class='ocrx_word' id='word_1_97' title='bbox 2812 1269 3173 1337; x_wconf 88' lang='lat' dir='ltr'>properando</span> <span class='ocrx_word' id='word_1_98' title='bbox 3207 1267 3387 1319; x_wconf 85' lang='lat' dir='ltr'>virilis</span> <span class='ocrx_word' id='word_1_99' title='bbox 3416 1265 3681 1321; x_wconf 85' lang='lat' dir='ltr'>Achaiam</span> 
     </span>
    </p>
   </div>
   <div class='ocr_carea' id='block_1_13' title="bbox 2187 1354 3659 1425">
    <p class='ocr_par' dir='ltr' id='par_1_13' title="bbox 2187 1354 3659 1425">
     <span class='ocr_line' id='line_1_13' title="bbox 2187 1354 3659 1425; baseline 0.001 -20"><span class='ocrx_word' id='word_1_100' title='bbox 2187 1354 2263 1406; x_wconf 86' lang='lat' dir='ltr'>Ac</span> <span class='ocrx_word' id='word_1_101' title='bbox 2291 1369 2499 1406; x_wconf 85' lang='lat' dir='ltr'>nomen</span> <span class='ocrx_word' id='word_1_102' title='bbox 2532 1356 2832 1423; x_wconf 90' lang='lat' dir='ltr'>proprium</span> <span class='ocrx_word' id='word_1_103' title='bbox 2865 1355 3141 1424; x_wconf 90' lang='lat' dir='ltr'>patrando</span> <span class='ocrx_word' id='word_1_104' title='bbox 3173 1355 3415 1408; x_wconf 85' lang='lat' dir='ltr'>viriliter</span> <span class='ocrx_word' id='word_1_105' title='bbox 3442 1354 3659 1425; x_wconf 85' lang='lat' dir='ltr'>implet.</span> 
     </span>
    </p>
   </div>
   <div class='ocr_carea' id='block_1_14' title="bbox 2190 1443 3623 1513">
    <p class='ocr_par' dir='ltr' id='par_1_14' title="bbox 2190 1443 3623 1513">
     <span class='ocr_line' id='line_1_14' title="bbox 2190 1443 3623 1513; baseline 0.001 -18"><span class='ocrx_word' id='word_1_106' title='bbox 2190 1443 2329 1495; x_wconf 84' lang='lat' dir='ltr'>Hinc</span> <span class='ocrx_word' id='word_1_107' title='bbox 2358 1443 2548 1495; x_wconf 86' lang='lat' dir='ltr'>Jacobi</span> <span class='ocrx_word' id='word_1_108' title='bbox 2581 1444 2825 1512; x_wconf 79' lang='lat' dir='ltr'>geminis</span> <span class='ocrx_word' id='word_1_109' title='bbox 2855 1445 3109 1498; x_wconf 71' lang='lat' dir='ltr'>Judaeam</span> <span class='ocrx_word' id='word_1_110' title='bbox 3145 1446 3368 1513; x_wconf 82' lang='lat' dir='ltr'>legibus</span> <span class='ocrx_word' id='word_1_111' title='bbox 3398 1449 3623 1497; x_wconf 89' lang='lat' dir='ltr'>ornant.</span> 
     </span>
    </p>
   </div>
   <div class='ocr_carea' id='block_1_15' title="bbox 2189 1531 3641 1586">
    <p class='ocr_par' dir='ltr' id='par_1_15' title="bbox 2189 1531 3641 1586">
     <span class='ocr_line' id='line_1_15' title="bbox 2189 1531 3641 1586; baseline 0 -3"><span class='ocrx_word' id='word_1_112' title='bbox 2189 1531 2379 1583; x_wconf 87' lang='lat' dir='ltr'>Prisca</span> <span class='ocrx_word' id='word_1_113' title='bbox 2410 1532 2616 1583; x_wconf 90' lang='lat' dir='ltr'>docent</span> <span class='ocrx_word' id='word_1_114' title='bbox 2647 1532 2819 1584; x_wconf 88' lang='lat' dir='ltr'>simili</span> <span class='ocrx_word' id='word_1_115' title='bbox 2855 1548 3118 1585; x_wconf 84' lang='lat' dir='ltr'>resonare</span> <span class='ocrx_word' id='word_1_116' title='bbox 3154 1539 3350 1586; x_wconf 88' lang='lat' dir='ltr'>tenore</span> <span class='ocrx_word' id='word_1_117' title='bbox 3382 1532 3641 1585; x_wconf 86' lang='lat' dir='ltr'>novellis.</span> 
     </span>
    </p>
   </div>
   <div class='ocr_carea' id='block_1_16' title="bbox 2190 1619 3574 1687">
    <p class='ocr_par' dir='ltr' id='par_1_16' title="bbox 2190 1619 3574 1687">
     <span class='ocr_line' id='line_1_16' title="bbox 2190 1619 3574 1687; baseline 0.001 -17"><span class='ocrx_word' id='word_1_118' title='bbox 2190 1619 2325 1671; x_wconf 90' lang='lat' dir='ltr'>Inde</span> <span class='ocrx_word' id='word_1_119' title='bbox 2357 1619 2488 1672; x_wconf 87' lang='lat' dir='ltr'>Asia</span> <span class='ocrx_word' id='word_1_120' title='bbox 2516 1620 2730 1672; x_wconf 89' lang='lat' dir='ltr'>accedit</span> <span class='ocrx_word' id='word_1_121' title='bbox 2761 1621 2991 1673; x_wconf 88' lang='lat' dir='ltr'>monitis</span> <span class='ocrx_word' id='word_1_122' title='bbox 3020 1637 3288 1673; x_wconf 88' lang='lat' dir='ltr'>conversa</span> <span class='ocrx_word' id='word_1_123' title='bbox 3319 1620 3574 1687; x_wconf 86' lang='lat' dir='ltr'>Joannis,</span> 
     </span>
    </p>
   </div>
   <div class='ocr_carea' id='block_1_17' title="bbox 2190 1708 3543 1778">
    <p class='ocr_par' dir='ltr' id='par_1_17' title="bbox 2190 1708 3543 1778">
     <span class='ocr_line' id='line_1_17' title="bbox 2190 1708 3543 1778; baseline 0.001 -19"><span class='ocrx_word' id='word_1_124' title='bbox 2190 1708 2369 1770; x_wconf 89' lang='lat' dir='ltr'>Quam</span> <span class='ocrx_word' id='word_1_125' title='bbox 2406 1708 2761 1776; x_wconf 87' lang='lat' dir='ltr'>paradisiaco</span> <span class='ocrx_word' id='word_1_126' title='bbox 2793 1709 3084 1762; x_wconf 81' lang='lat' dir='ltr'>sitientem</span> <span class='ocrx_word' id='word_1_127' title='bbox 3115 1709 3353 1763; x_wconf 88' lang='lat' dir='ltr'>ﬂumine</span> <span class='ocrx_word' id='word_1_128' title='bbox 3380 1713 3543 1778; x_wconf 89' lang='lat' dir='ltr'>potat</span> 
     </span>
    </p>
   </div>
   <div class='ocr_carea' id='block_1_18' title="bbox 2192 1797 3701 1867">
    <p class='ocr_par' dir='ltr' id='par_1_18' title="bbox 2192 1797 3701 1867">
     <span class='ocr_line' id='line_1_18' title="bbox 2192 1797 3701 1867; baseline 0.001 -19"><span class='ocrx_word' id='word_1_129' title='bbox 2192 1797 2493 1864; x_wconf 85' lang='lat' dir='ltr'>Lampadis</span> <span class='ocrx_word' id='word_1_130' title='bbox 2520 1801 2575 1849; x_wconf 91' lang='lat' dir='ltr'>et</span> <span class='ocrx_word' id='word_1_131' title='bbox 2601 1797 2842 1866; x_wconf 69' lang='lat' dir='ltr'>Scythiae</span> <span class='ocrx_word' id='word_1_132' title='bbox 2875 1799 3229 1867; x_wconf 78' lang='lat' dir='ltr'>reSplenduit</span> <span class='ocrx_word' id='word_1_133' title='bbox 3260 1814 3355 1851; x_wconf 90' lang='lat' dir='ltr'>ore</span> <span class='ocrx_word' id='word_1_134' title='bbox 3384 1798 3701 1867; x_wconf 83' lang='lat' dir='ltr'>Philippus,</span> 
     </span>
    </p>
   </div>
   <div class='ocr_carea' id='block_1_19' title="bbox 2188 1884 3803 1956">
    <p class='ocr_par' dir='ltr' id='par_1_19' title="bbox 2188 1884 3803 1956">
     <span class='ocr_line' id='line_1_19' title="bbox 2188 1884 3803 1956; baseline 0.001 -20"><span class='ocrx_word' id='word_1_135' title='bbox 2188 1888 2372 1954; x_wconf 82' lang='lat' dir='ltr'>Atque</span> <span class='ocrx_word' id='word_1_136' title='bbox 2405 1884 2483 1938; x_wconf 89' lang='lat' dir='ltr'>ibi</span> <span class='ocrx_word' id='word_1_137' title='bbox 2515 1886 2821 1955; x_wconf 85' lang='lat' dir='ltr'>complevit</span> <span class='ocrx_word' id='word_1_138' title='bbox 2852 1887 3085 1956; x_wconf 86' lang='lat' dir='ltr'>prOprio</span> <span class='ocrx_word' id='word_1_139' title='bbox 3118 1886 3269 1956; x_wconf 91' lang='lat' dir='ltr'>quod</span> <span class='ocrx_word' id='word_1_140' title='bbox 3299 1888 3325 1928; x_wconf 69' lang='grc' dir='ltr'><strong>ιι</strong></span> <span class='ocrx_word' id='word_1_141' title='bbox 3351 1885 3587 1939; x_wconf 90' lang='lat' dir='ltr'>nomine</span> <span class='ocrx_word' id='word_1_142' title='bbox 3613 1886 3803 1956; x_wconf 80' lang='lat' dir='ltr'>signat.</span> 
     </span>
    </p>
   </div>
   <div class='ocr_carea' id='block_1_20' title="bbox 2121 1974 3650 2067">
    <p class='ocr_par' dir='ltr' id='par_1_20' title="bbox 2121 1974 3650 2067">
     <span class='ocr_line' id='line_1_20' title="bbox 2121 1974 3650 2067; baseline 0.001 -42"><span class='ocrx_word' id='word_1_143' title='bbox 2121 2014 2160 2067; x_wconf 76' lang='grc' dir='ltr'><strong>Β</strong></span> <span class='ocrx_word' id='word_1_144' title='bbox 2193 1974 2485 2025; x_wconf 73' lang='lat' dir='ltr'>Matthmus</span> <span class='ocrx_word' id='word_1_145' title='bbox 2516 1974 2815 2044; x_wconf 56' lang='lat' dir='ltr'>[Ethiopas</span> <span class='ocrx_word' id='word_1_146' title='bbox 2852 1977 3104 2028; x_wconf 86' lang='lat' dir='ltr'>torrente</span> <span class='ocrx_word' id='word_1_147' title='bbox 3139 1976 3338 2028; x_wconf 87' lang='lat' dir='ltr'>ardore</span> <span class='ocrx_word' id='word_1_148' title='bbox 3368 1980 3650 2029; x_wconf 90' lang='lat' dir='ltr'>crematos</span> 
     </span>
    </p>
   </div>
   <div class='ocr_carea' id='block_1_21' title="bbox 2195 2062 3440 2129">
    <p class='ocr_par' dir='ltr' id='par_1_21' title="bbox 2195 2062 3440 2129">
     <span class='ocr_line' id='line_1_21' title="bbox 2195 2062 3440 2129; baseline 0.002 -15"><span class='ocrx_word' id='word_1_149' title='bbox 2195 2062 2263 2115; x_wconf 88' lang='lat' dir='ltr'>Ut</span> <span class='ocrx_word' id='word_1_150' title='bbox 2287 2070 2305 2094; x_wconf 75' lang='grc' dir='ltr'><em>ε</em></span> <span class='ocrx_word' id='word_1_151' title='bbox 2336 2062 2489 2115; x_wconf 90' lang='lat' dir='ltr'>Geon</span> <span class='ocrx_word' id='word_1_152' title='bbox 2521 2062 2764 2115; x_wconf 82' lang='lat' dir='ltr'>eximius</span> <span class='ocrx_word' id='word_1_153' title='bbox 2797 2070 3014 2116; x_wconf 89' lang='lat' dir='ltr'>sacrato</span> <span class='ocrx_word' id='word_1_154' title='bbox 3051 2064 3219 2117; x_wconf 88' lang='lat' dir='ltr'>diluit</span> <span class='ocrx_word' id='word_1_155' title='bbox 3251 2079 3440 2129; x_wconf 88' lang='lat' dir='ltr'>amne,</span> 
     </span>
    </p>
   </div>
   <div class='ocr_carea' id='block_1_22' title="bbox 2193 2149 3525 2219">
    <p class='ocr_par' dir='ltr' id='par_1_22' title="bbox 2193 2149 3525 2219">
     <span class='ocr_line' id='line_1_22' title="bbox 2193 2149 3525 2219; baseline 0.002 -18"><span class='ocrx_word' id='word_1_156' title='bbox 2193 2149 2256 2201; x_wconf 85' lang='lat' dir='ltr'>Et</span> <span class='ocrx_word' id='word_1_157' title='bbox 2279 2149 2411 2201; x_wconf 82' lang='lat' dir='ltr'>facit</span> <span class='ocrx_word' id='word_1_158' title='bbox 2442 2150 2501 2202; x_wconf 90' lang='lat' dir='ltr'>in</span> <span class='ocrx_word' id='word_1_159' title='bbox 2534 2150 2779 2219; x_wconf 84' lang='lat' dir='ltr'>speciem</span> <span class='ocrx_word' id='word_1_160' title='bbox 2812 2152 2957 2205; x_wconf 89' lang='lat' dir='ltr'>lotos</span> <span class='ocrx_word' id='word_1_161' title='bbox 2986 2152 3227 2205; x_wconf 88' lang='lat' dir='ltr'>candere</span> <span class='ocrx_word' id='word_1_162' title='bbox 3260 2151 3525 2205; x_wconf 87' lang='lat' dir='ltr'>nivalem.</span> 
     </span>
    </p>
   </div>
   <div class='ocr_carea' id='block_1_23' title="bbox 2191 2236 3548 2307">
    <p class='ocr_par' dir='ltr' id='par_1_23' title="bbox 2191 2236 3548 2307">
     <span class='ocr_line' id='line_1_23' title="bbox 2191 2236 3548 2307; baseline 0.003 -19"><span class='ocrx_word' id='word_1_163' title='bbox 2191 2236 2463 2289; x_wconf 88' lang='lat' dir='ltr'>Indorum</span> <span class='ocrx_word' id='word_1_164' title='bbox 2497 2238 2761 2291; x_wconf 87' lang='lat' dir='ltr'>tenebras</span> <span class='ocrx_word' id='word_1_165' title='bbox 2784 2238 3047 2292; x_wconf 87' lang='lat' dir='ltr'>discussit</span> <span class='ocrx_word' id='word_1_166' title='bbox 3077 2240 3548 2307; x_wconf 69' lang='lat' dir='ltr'>Bartholomaaus,</span> 
     </span>
    </p>
   </div>
   <div class='ocr_carea' id='block_1_24' title="bbox 2193 2325 3495 2396">
    <p class='ocr_par' dir='ltr' id='par_1_24' title="bbox 2193 2325 3495 2396">
     <span class='ocr_line' id='line_1_24' title="bbox 2193 2325 3495 2396; baseline 0.003 -19"><span class='ocrx_word' id='word_1_167' title='bbox 2193 2325 2345 2377; x_wconf 84' lang='lat' dir='ltr'>Fecit</span> <span class='ocrx_word' id='word_1_168' title='bbox 2373 2332 2428 2379; x_wconf 92' lang='lat' dir='ltr'>et</span> <span class='ocrx_word' id='word_1_169' title='bbox 2458 2327 2687 2396; x_wconf 85' lang='lat' dir='ltr'>egregia</span> <span class='ocrx_word' id='word_1_170' title='bbox 2713 2328 3031 2396; x_wconf 86' lang='lat' dir='ltr'>splendoris</span> <span class='ocrx_word' id='word_1_171' title='bbox 3061 2329 3184 2382; x_wconf 91' lang='lat' dir='ltr'>luce</span> <span class='ocrx_word' id='word_1_172' title='bbox 3216 2344 3495 2382; x_wconf 87' lang='lat' dir='ltr'>coruscos.</span> 
     </span>
    </p>
   </div>
   <div class='ocr_carea' id='block_1_25' title="bbox 2193 2413 3414 2484">
    <p class='ocr_par' dir='ltr' id='par_1_25' title="bbox 2193 2413 3414 2484">
     <span class='ocr_line' id='line_1_25' title="bbox 2193 2413 3414 2484; baseline 0.005 -21"><span class='ocrx_word' id='word_1_173' title='bbox 2193 2413 2427 2465; x_wconf 83' lang='lat' dir='ltr'>Parthos</span> <span class='ocrx_word' id='word_1_174' title='bbox 2459 2414 2734 2467; x_wconf 87' lang='lat' dir='ltr'>sollicitus</span> <span class='ocrx_word' id='word_1_175' title='bbox 2765 2420 3008 2484; x_wconf 90' lang='lat' dir='ltr'>cognato</span> <span class='ocrx_word' id='word_1_176' title='bbox 3045 2432 3203 2468; x_wconf 92' lang='lat' dir='ltr'>more</span> <span class='ocrx_word' id='word_1_177' title='bbox 3235 2416 3414 2469; x_wconf 87' lang='lat' dir='ltr'>beatis</span> 
     </span>
    </p>
   </div>
   <div class='ocr_carea' id='block_1_26' title="bbox 2190 2499 3552 2572">
    <p class='ocr_par' dir='ltr' id='par_1_26' title="bbox 2190 2499 3552 2572">
     <span class='ocr_line' id='line_1_26' title="bbox 2190 2499 3552 2572; baseline 0.004 -21"><span class='ocrx_word' id='word_1_178' title='bbox 2190 2499 2457 2569; x_wconf 87' lang='lat' dir='ltr'>Explorat</span> <span class='ocrx_word' id='word_1_179' title='bbox 2484 2502 2730 2555; x_wconf 88' lang='lat' dir='ltr'>Thomas</span> <span class='ocrx_word' id='word_1_180' title='bbox 2757 2502 2969 2572; x_wconf 78' lang='lat' dir='ltr'>digitis,</span> <span class='ocrx_word' id='word_1_181' title='bbox 3004 2510 3061 2556; x_wconf 93' lang='lat' dir='ltr'>et</span> <span class='ocrx_word' id='word_1_182' title='bbox 3089 2505 3321 2557; x_wconf 87' lang='lat' dir='ltr'>vulnera</span> <span class='ocrx_word' id='word_1_183' title='bbox 3355 2508 3552 2557; x_wconf 88' lang='lat' dir='ltr'>narrat</span> 
     </span>
    </p>
   </div>
   <div class='ocr_carea' id='block_1_27' title="bbox 2190 2586 3692 2663">
    <p class='ocr_par' dir='ltr' id='par_1_27' title="bbox 2190 2586 3692 2663">
     <span class='ocr_line' id='line_1_27' title="bbox 2190 2586 3692 2663; baseline 0.005 -23"><span class='ocrx_word' id='word_1_184' title='bbox 2190 2586 2324 2650; x_wconf 72' lang='lat' dir='ltr'>Quae</span> <span class='ocrx_word' id='word_1_185' title='bbox 2359 2590 2583 2643; x_wconf 86' lang='lat' dir='ltr'>Domini</span> <span class='ocrx_word' id='word_1_186' title='bbox 2614 2590 2753 2644; x_wconf 68' lang='lat' dir='ltr'>\idit</span> <span class='ocrx_word' id='word_1_187' title='bbox 2782 2596 2912 2660; x_wconf 89' lang='lat' dir='ltr'>post</span> <span class='ocrx_word' id='word_1_188' title='bbox 2940 2597 3182 2645; x_wconf 89' lang='lat' dir='ltr'>mortem</span> <span class='ocrx_word' id='word_1_189' title='bbox 3214 2592 3273 2645; x_wconf 90' lang='lat' dir='ltr'>in</span> <span class='ocrx_word' id='word_1_190' title='bbox 3299 2609 3539 2663; x_wconf 87' lang='lat' dir='ltr'>corpore</span> <span class='ocrx_word' id='word_1_191' title='bbox 3566 2592 3692 2647; x_wconf 87' lang='lat' dir='ltr'>vivi.</span> 
     </span>
    </p>
   </div>
   <div class='ocr_carea' id='block_1_28' title="bbox 2190 2675 3405 2746">
    <p class='ocr_par' dir='ltr' id='par_1_28' title="bbox 2190 2675 3405 2746">
     <span class='ocr_line' id='line_1_28' title="bbox 2190 2675 3405 2746; baseline 0.003 -17"><span class='ocrx_word' id='word_1_192' title='bbox 2190 2675 2387 2729; x_wconf 90' lang='lat' dir='ltr'>Simon</span> <span class='ocrx_word' id='word_1_193' title='bbox 2416 2679 2704 2732; x_wconf 88' lang='lat' dir='ltr'>Persidem</span> <span class='ocrx_word' id='word_1_194' title='bbox 2737 2680 2889 2734; x_wconf 89' lang='lat' dir='ltr'>dulci</span> <span class='ocrx_word' id='word_1_195' title='bbox 2916 2680 3214 2734; x_wconf 85' lang='lat' dir='ltr'>comitatus</span> <span class='ocrx_word' id='word_1_196' title='bbox 3246 2682 3405 2746; x_wconf 90' lang='lat' dir='ltr'>Iuda,</span> 
     </span>
    </p>
   </div>
   <div class='ocr_carea' id='block_1_29' title="bbox 2191 2766 3563 2839">
    <p class='ocr_par' dir='ltr' id='par_1_29' title="bbox 2191 2766 3563 2839">
     <span class='ocr_line' id='line_1_29' title="bbox 2191 2766 3563 2839; baseline 0.004 -22"><span class='ocrx_word' id='word_1_197' title='bbox 2191 2766 2400 2818; x_wconf 85' lang='lat' dir='ltr'>Bellica</span> <span class='ocrx_word' id='word_1_198' title='bbox 2428 2783 2555 2836; x_wconf 64' lang='lat' dir='ltr'>qum</span> <span class='ocrx_word' id='word_1_199' title='bbox 2587 2767 2792 2832; x_wconf 88' lang='lat' dir='ltr'>fuerat,</span> <span class='ocrx_word' id='word_1_200' title='bbox 2826 2769 2980 2822; x_wconf 89' lang='lat' dir='ltr'>verbi</span> <span class='ocrx_word' id='word_1_201' title='bbox 3015 2785 3283 2822; x_wconf 89' lang='lat' dir='ltr'>mucrone</span> <span class='ocrx_word' id='word_1_202' title='bbox 3315 2771 3563 2839; x_wconf 84' lang='lat' dir='ltr'>subegit.</span> 
     </span>
    </p>
   </div>
   <div class='ocr_carea' id='block_1_30' title="bbox 2187 2854 3727 2924">
    <p class='ocr_par' dir='ltr' id='par_1_30' title="bbox 2187 2854 3727 2924">
     <span class='ocr_line' id='line_1_30' title="bbox 2187 2854 3727 2924; baseline 0.003 -18"><span class='ocrx_word' id='word_1_203' title='bbox 2187 2854 2488 2924; x_wconf 66' lang='lat' dir='ltr'>Egyptum</span> <span class='ocrx_word' id='word_1_204' title='bbox 2522 2861 2755 2921; x_wconf 87' lang='lat' dir='ltr'>terram,</span> <span class='ocrx_word' id='word_1_205' title='bbox 2792 2857 2993 2909; x_wconf 89' lang='lat' dir='ltr'>melius</span> <span class='ocrx_word' id='word_1_206' title='bbox 3024 2874 3193 2921; x_wconf 87' lang='lat' dir='ltr'>quam</span> <span class='ocrx_word' id='word_1_207' title='bbox 3230 2858 3389 2911; x_wconf 83' lang='lat' dir='ltr'>Nilus</span> <span class='ocrx_word' id='word_1_208' title='bbox 3418 2858 3727 2919; x_wconf 86' lang='lat' dir='ltr'>inundans,</span> 
     </span>
    </p>
   </div>
   <div class='ocr_carea' id='block_1_31' title="bbox 2190 2943 3718 3016">
    <p class='ocr_par' dir='ltr' id='par_1_31' title="bbox 2190 2943 3718 3016">
     <span class='ocr_line' id='line_1_31' title="bbox 2190 2943 3718 3016; baseline 0.003 -22"><span class='ocrx_word' id='word_1_209' title='bbox 2190 2943 2373 3012; x_wconf 79' lang='lat' dir='ltr'>Fruge</span> <span class='ocrx_word' id='word_1_210' title='bbox 2411 2945 2699 3014; x_wconf 82' lang='lat' dir='ltr'>Evangelii</span> <span class='ocrx_word' id='word_1_211' title='bbox 2730 2946 2981 3014; x_wconf 85' lang='lat' dir='ltr'>complet</span> <span class='ocrx_word' id='word_1_212' title='bbox 3004 2963 3233 3016; x_wconf 90' lang='lat' dir='ltr'>quoque</span> <span class='ocrx_word' id='word_1_213' title='bbox 3264 2948 3477 3000; x_wconf 86' lang='lat' dir='ltr'>Marcus</span> <span class='ocrx_word' id='word_1_214' title='bbox 3507 2948 3718 3016; x_wconf 75' lang='lat' dir='ltr'>Opima,</span> 
     </span>
    </p>
   </div>
   <div class='ocr_carea' id='block_1_32' title="bbox 2188 3030 3715 3105">
    <p class='ocr_par' dir='ltr' id='par_1_32' title="bbox 2188 3030 3715 3105">
     <span class='ocr_line' id='line_1_32' title="bbox 2188 3030 3715 3105; baseline 0.003 -21"><span class='ocrx_word' id='word_1_215' title='bbox 2188 3030 2416 3084; x_wconf 89' lang='lat' dir='ltr'>Semina</span> <span class='ocrx_word' id='word_1_216' title='bbox 2447 3040 2643 3085; x_wconf 87' lang='lat' dir='ltr'>sancta</span> <span class='ocrx_word' id='word_1_217' title='bbox 2672 3034 2879 3087; x_wconf 88' lang='lat' dir='ltr'>ferens.</span> <span class='ocrx_word' id='word_1_218' title='bbox 2908 3035 3146 3089; x_wconf 85' lang='lat' dir='ltr'>Sanctus</span> <span class='ocrx_word' id='word_1_219' title='bbox 3176 3052 3434 3088; x_wconf 89' lang='lat' dir='ltr'>sermone</span> <span class='ocrx_word' id='word_1_220' title='bbox 3467 3052 3715 3105; x_wconf 84' lang='lat' dir='ltr'>superno</span> 
     </span>
    </p>
   </div>
   <div class='ocr_carea' id='block_1_33' title="bbox 2190 3120 3564 3193">
    <p class='ocr_par' dir='ltr' id='par_1_33' title="bbox 2190 3120 3564 3193">
     <span class='ocr_line' id='line_1_33' title="bbox 2190 3120 3564 3193; baseline 0.006 -23"><span class='ocrx_word' id='word_1_221' title='bbox 2190 3120 2419 3173; x_wconf 84' lang='lat' dir='ltr'>Vivitico</span> <span class='ocrx_word' id='word_1_222' title='bbox 2453 3123 2690 3175; x_wconf 90' lang='lat' dir='ltr'>mundat</span> <span class='ocrx_word' id='word_1_223' title='bbox 2717 3126 2961 3192; x_wconf 90' lang='lat' dir='ltr'>populos</span> <span class='ocrx_word' id='word_1_224' title='bbox 2991 3124 3330 3193; x_wconf 87' lang='lat' dir='ltr'>baptismate</span> <span class='ocrx_word' id='word_1_225' title='bbox 3367 3126 3564 3190; x_wconf 87' lang='lat' dir='ltr'>Lucas,</span> 
     </span>
    </p>
   </div>
   <div class='ocr_carea' id='block_1_34' title="bbox 2191 3209 3689 3284">
    <p class='ocr_par' dir='ltr' id='par_1_34' title="bbox 2191 3209 3689 3284">
     <span class='ocr_line' id='line_1_34' title="bbox 2191 3209 3689 3284; baseline 0.004 -24"><span class='ocrx_word' id='word_1_226' title='bbox 2191 3209 2297 3261; x_wconf 90' lang='lat' dir='ltr'>Hos</span> <span class='ocrx_word' id='word_1_227' title='bbox 2324 3226 2551 3280; x_wconf 89' lang='lat' dir='ltr'>quoque</span> <span class='ocrx_word' id='word_1_228' title='bbox 2582 3217 2715 3279; x_wconf 91' lang='lat' dir='ltr'>post</span> <span class='ocrx_word' id='word_1_229' title='bbox 2745 3212 2904 3264; x_wconf 87' lang='lat' dir='ltr'>missi</span> <span class='ocrx_word' id='word_1_230' title='bbox 2937 3213 3199 3265; x_wconf 85' lang='lat' dir='ltr'>doctores</span> <span class='ocrx_word' id='word_1_231' title='bbox 3230 3214 3333 3266; x_wconf 90' lang='lat' dir='ltr'>rite</span> <span class='ocrx_word' id='word_1_232' title='bbox 3361 3218 3689 3284; x_wconf 86' lang='lat' dir='ltr'>sequentes,</span> 
     </span>
    </p>
   </div>
   <div class='ocr_carea' id='block_1_35' title="bbox 2119 3298 3689 3370">
    <p class='ocr_par' dir='ltr' id='par_1_35' title="bbox 2119 3298 3689 3370">
     <span class='ocr_line' id='line_1_35' title="bbox 2119 3298 3689 3370; baseline 0.004 -22"><span class='ocrx_word' id='word_1_233' title='bbox 2119 3310 2158 3363; x_wconf 70' lang='grc' dir='ltr'><strong>ρ</strong></span> <span class='ocrx_word' id='word_1_234' title='bbox 2189 3298 2295 3349; x_wconf 90' lang='lat' dir='ltr'>Per</span> <span class='ocrx_word' id='word_1_235' title='bbox 2328 3299 2605 3351; x_wconf 90' lang='lat' dir='ltr'>mundum</span> <span class='ocrx_word' id='word_1_236' title='bbox 2638 3301 2819 3369; x_wconf 88' lang='lat' dir='ltr'>sparsi</span> <span class='ocrx_word' id='word_1_237' title='bbox 2855 3306 3184 3368; x_wconf 89' lang='lat' dir='ltr'>sparserunt</span> <span class='ocrx_word' id='word_1_238' title='bbox 3211 3303 3382 3355; x_wconf 78' lang='lat' dir='ltr'>verba</span> <span class='ocrx_word' id='word_1_239' title='bbox 3408 3304 3636 3370; x_wconf 89' lang='lat' dir='ltr'>salutis;</span> <span class='ocrx_word' id='word_1_240' title='bbox 3686 3358 3689 3361; x_wconf 57' lang='grc'>,</span> 
     </span>
    </p>
   </div>
   <div class='ocr_carea' id='block_1_36' title="bbox 2187 3386 3450 3456">
    <p class='ocr_par' dir='ltr' id='par_1_36' title="bbox 2187 3386 3450 3456">
     <span class='ocr_line' id='line_1_36' title="bbox 2187 3386 3450 3456; baseline 0.002 -18"><span class='ocrx_word' id='word_1_241' title='bbox 2187 3388 2357 3439; x_wconf 84' lang='lat' dir='ltr'>Actus</span> <span class='ocrx_word' id='word_1_242' title='bbox 2388 3386 2645 3455; x_wconf 87' lang='lat' dir='ltr'>prosaico</span> <span class='ocrx_word' id='word_1_243' title='bbox 2676 3402 2922 3456; x_wconf 89' lang='lat' dir='ltr'>quorum</span> <span class='ocrx_word' id='word_1_244' title='bbox 2959 3404 3219 3441; x_wconf 85' lang='lat' dir='ltr'>sermone</span> <span class='ocrx_word' id='word_1_245' title='bbox 3250 3390 3450 3451; x_wconf 83' lang='lat' dir='ltr'>notati,</span> 
     </span>
    </p>
   </div>
   <div class='ocr_carea' id='block_1_37' title="bbox 2188 3475 3856 3543">
    <p class='ocr_par' dir='ltr' id='par_1_37' title="bbox 2188 3475 3856 3543">
     <span class='ocr_line' id='line_1_37' title="bbox 2188 3475 3856 3543; baseline 0.001 -16"><span class='ocrx_word' id='word_1_246' title='bbox 2188 3475 2253 3527; x_wconf 89' lang='lat' dir='ltr'>Et</span> <span class='ocrx_word' id='word_1_247' title='bbox 2280 3490 2431 3526; x_wconf 91' lang='lat' dir='ltr'>nunc</span> <span class='ocrx_word' id='word_1_248' title='bbox 2464 3491 2642 3543; x_wconf 84' lang='lat' dir='ltr'>usque</span> <span class='ocrx_word' id='word_1_249' title='bbox 2674 3480 2930 3539; x_wconf 80' lang='lat' dir='ltr'>manent,</span> <span class='ocrx_word' id='word_1_250' title='bbox 2966 3482 3021 3527; x_wconf 92' lang='lat' dir='ltr'>et</span> <span class='ocrx_word' id='word_1_251' title='bbox 3050 3476 3109 3528; x_wconf 89' lang='lat' dir='ltr'>in</span> <span class='ocrx_word' id='word_1_252' title='bbox 3141 3476 3334 3529; x_wconf 88' lang='lat' dir='ltr'>omnia</span> <span class='ocrx_word' id='word_1_253' title='bbox 3360 3478 3523 3530; x_wconf 64' lang='lat' dir='ltr'>saecla</span> <span class='ocrx_word' id='word_1_254' title='bbox 3547 3477 3856 3539; x_wconf 86' lang='lat' dir='ltr'>manebunt,</span> 
     </span>
    </p>
   </div>
   <div class='ocr_carea' id='block_1_38' title="bbox 2189 3562 3737 3633">
    <p class='ocr_par' dir='ltr' id='par_1_38' title="bbox 2189 3562 3737 3633">
     <span class='ocr_line' id='line_1_38' title="bbox 2189 3562 3737 3633; baseline 0.001 -17"><span class='ocrx_word' id='word_1_255' title='bbox 2189 3562 2451 3616; x_wconf 88' lang='lat' dir='ltr'>Carmine</span> <span class='ocrx_word' id='word_1_256' title='bbox 2485 3563 2799 3631; x_wconf 89' lang='lat' dir='ltr'>quinetiam</span> <span class='ocrx_word' id='word_1_257' title='bbox 2836 3564 3217 3633; x_wconf 88' lang='lat' dir='ltr'>quorumdam</span> <span class='ocrx_word' id='word_1_258' title='bbox 3250 3564 3393 3617; x_wconf 86' lang='lat' dir='ltr'>facta</span> <span class='ocrx_word' id='word_1_259' title='bbox 3424 3571 3737 3631; x_wconf 88' lang='lat' dir='ltr'>canuntur;</span> 
     </span>
    </p>
   </div>
   <div class='ocr_carea' id='block_1_39' title="bbox 454 3648 3791 3723">
    <p class='ocr_par' dir='ltr' id='par_1_39' title="bbox 454 3648 3791 3723">
     <span class='ocr_line' id='line_1_39' title="bbox 454 3648 3791 3723; baseline 0.001 -20"><span class='ocrx_word' id='word_1_260' title='bbox 454 3654 506 3703; x_wconf 80' lang='lat'>2.</span> <span class='ocrx_word' id='word_1_261' title='bbox 544 3650 651 3704; x_wconf 89' lang='lat' dir='ltr'>Sed</span> <span class='ocrx_word' id='word_1_262' title='bbox 687 3650 820 3719; x_wconf 83' lang='lat' dir='ltr'>quia</span> <span class='ocrx_word' id='word_1_263' title='bbox 852 3649 1148 3717; x_wconf 70' lang='lat' dir='ltr'>terrigenae</span> <span class='ocrx_word' id='word_1_264' title='bbox 1183 3648 1393 3717; x_wconf 88' lang='lat' dir='ltr'>Regem</span> <span class='ocrx_word' id='word_1_265' title='bbox 1428 3664 1599 3717; x_wconf 85' lang='lat' dir='ltr'>super</span> <span class='ocrx_word' id='word_1_266' title='bbox 1621 3648 1812 3701; x_wconf 89' lang='lat' dir='ltr'>omnia</span> <span class='ocrx_word' id='word_1_267' title='bbox 1834 3650 2077 3702; x_wconf 90' lang='lat' dir='ltr'>necdum</span> <span class='ocrx_word' id='word_1_268' title='bbox 2185 3649 2453 3702; x_wconf 83' lang='lat' dir='ltr'>Versibus</span> <span class='ocrx_word' id='word_1_269' title='bbox 2481 3656 2537 3702; x_wconf 89' lang='lat' dir='ltr'>et</span> <span class='ocrx_word' id='word_1_270' title='bbox 2567 3650 2837 3704; x_wconf 89' lang='lat' dir='ltr'>brevibus</span> <span class='ocrx_word' id='word_1_271' title='bbox 2864 3668 3161 3721; x_wconf 84' lang='lat' dir='ltr'>nunquam</span> <span class='ocrx_word' id='word_1_272' title='bbox 3189 3652 3500 3705; x_wconf 89' lang='lat' dir='ltr'>brevianda</span> <span class='ocrx_word' id='word_1_273' title='bbox 3525 3654 3791 3723; x_wconf 86' lang='lat' dir='ltr'>ligantur.</span> 
     </span>
    </p>
   </div>
   <div class='ocr_carea' id='block_1_40' title="bbox 463 1052 2079 1121">
    <p class='ocr_par' dir='ltr' id='par_1_40' title="bbox 463 1052 2079 1121">
     <span class='ocr_line' id='line_1_40' title="bbox 463 1052 2079 1121; baseline -0.001 -13"><span class='ocrx_word' id='word_1_274' title='bbox 463 1058 511 1108; x_wconf 92' lang='grc'>1.</span> <span class='ocrx_word' id='word_1_275' title='bbox 545 1054 773 1108; x_wconf 89' lang='lat' dir='ltr'>Arbiter</span> <span class='ocrx_word' id='word_1_276' title='bbox 805 1053 1192 1121; x_wconf 87' lang='lat' dir='ltr'>omnipotens,</span> <span class='ocrx_word' id='word_1_277' title='bbox 1225 1052 1525 1104; x_wconf 88' lang='lat' dir='ltr'>hominum</span> <span class='ocrx_word' id='word_1_278' title='bbox 1560 1067 1870 1121; x_wconf 90' lang='lat' dir='ltr'>rerumque</span> <span class='ocrx_word' id='word_1_279' title='bbox 1904 1054 2079 1106; x_wconf 88' lang='lat' dir='ltr'>Crea-</span> 
     </span>
    </p>
   </div>
   <div class='ocr_carea' id='block_1_41' title="bbox 389 1141 2076 1213">
    <p class='ocr_par' dir='ltr' id='par_1_41' title="bbox 389 1141 2076 1213">
     <span class='ocr_line' id='line_1_41' title="bbox 389 1141 2076 1213; baseline -0.001 -17"><span class='ocrx_word' id='word_1_280' title='bbox 389 1144 659 1197; x_wconf 90' lang='lat' dir='ltr'>Errorum</span> <span class='ocrx_word' id='word_1_281' title='bbox 691 1141 940 1195; x_wconf 86' lang='lat' dir='ltr'>tenebris</span> <span class='ocrx_word' id='word_1_282' title='bbox 969 1141 1181 1193; x_wconf 88' lang='lat' dir='ltr'>mundo</span> <span class='ocrx_word' id='word_1_283' title='bbox 1213 1145 1506 1209; x_wconf 81' lang='lat' dir='ltr'>pereunte,</span> <span class='ocrx_word' id='word_1_284' title='bbox 1542 1141 1825 1205; x_wconf 89' lang='lat' dir='ltr'>misertus,</span> <span class='ocrx_word' id='word_1_285' title='bbox 1942 1141 2076 1213; x_wconf 86' lang='lat' dir='ltr'>[tor,</span> 
     </span>
    </p>
   </div>
   <div class='ocr_carea' id='block_1_42' title="bbox 389 1229 1939 1299">
    <p class='ocr_par' dir='ltr' id='par_1_42' title="bbox 389 1229 1939 1299">
     <span class='ocr_line' id='line_1_42' title="bbox 389 1229 1939 1299; baseline 0 -16"><span class='ocrx_word' id='word_1_286' title='bbox 389 1232 637 1299; x_wconf 80' lang='lat' dir='ltr'>Virginis</span> <span class='ocrx_word' id='word_1_287' title='bbox 664 1230 895 1283; x_wconf 84' lang='lat' dir='ltr'>intravit</span> <span class='ocrx_word' id='word_1_288' title='bbox 922 1230 1259 1288; x_wconf 86' lang='lat' dir='ltr'>thalamum,</span> <span class='ocrx_word' id='word_1_289' title='bbox 1292 1229 1686 1298; x_wconf 81' lang='lat' dir='ltr'>intactumque</span> <span class='ocrx_word' id='word_1_290' title='bbox 1720 1230 1939 1297; x_wconf 86' lang='lat' dir='ltr'>paravit</span> 
     </span>
    </p>
   </div>
   <div class='ocr_carea' id='block_1_43' title="bbox 391 1318 1831 1389">
    <p class='ocr_par' dir='ltr' id='par_1_43' title="bbox 391 1318 1831 1389">
     <span class='ocr_line' id='line_1_43' title="bbox 391 1318 1831 1389; baseline -0.002 -16"><span class='ocrx_word' id='word_1_291' title='bbox 391 1320 707 1389; x_wconf 83' lang='lat' dir='ltr'>Hospitium</span> <span class='ocrx_word' id='word_1_292' title='bbox 737 1319 986 1377; x_wconf 79' lang='lat' dir='ltr'>sibimet,</span> <span class='ocrx_word' id='word_1_293' title='bbox 1013 1319 1215 1370; x_wconf 55' lang='lat' dir='ltr'>clausa),</span> <span class='ocrx_word' id='word_1_294' title='bbox 1248 1333 1361 1385; x_wconf 83' lang='lat' dir='ltr'>quo</span> <span class='ocrx_word' id='word_1_295' title='bbox 1390 1318 1622 1369; x_wconf 88' lang='lat' dir='ltr'>nomine</span> <span class='ocrx_word' id='word_1_296' title='bbox 1650 1322 1831 1385; x_wconf 72' lang='lat' dir='ltr'>portze</span> 
     </span>
    </p>
   </div>
   <div class='ocr_carea' id='block_1_44' title="bbox 390 1405 1898 1475">
    <p class='ocr_par' dir='ltr' id='par_1_44' title="bbox 390 1405 1898 1475">
     <span class='ocr_line' id='line_1_44' title="bbox 390 1405 1898 1475; baseline -0.002 -14"><span class='ocrx_word' id='word_1_297' title='bbox 390 1408 684 1461; x_wconf 80' lang='lat' dir='ltr'>Hezechiel</span> <span class='ocrx_word' id='word_1_298' title='bbox 717 1407 901 1475; x_wconf 78' lang='lat' dir='ltr'>signat</span> <span class='ocrx_word' id='word_1_299' title='bbox 930 1422 1099 1475; x_wconf 89' lang='lat' dir='ltr'>quam</span> <span class='ocrx_word' id='word_1_300' title='bbox 1138 1406 1326 1457; x_wconf 91' lang='lat' dir='ltr'>nullus</span> <span class='ocrx_word' id='word_1_301' title='bbox 1359 1405 1621 1457; x_wconf 85' lang='lat' dir='ltr'>conditus</span> <span class='ocrx_word' id='word_1_302' title='bbox 1659 1407 1829 1458; x_wconf 82' lang='lat' dir='ltr'>intrat</span> <span class='ocrx_word' id='word_1_303' title='bbox 1857 1417 1898 1473; x_wconf 71' lang='grc'>³,</span> 
     </span>
    </p>
   </div>
   <div class='ocr_carea' id='block_1_45' title="bbox 394 1492 1919 1562">
    <p class='ocr_par' dir='ltr' id='par_1_45' title="bbox 394 1492 1919 1562">
     <span class='ocr_line' id='line_1_45' title="bbox 394 1492 1919 1562; baseline -0.002 -15"><span class='ocrx_word' id='word_1_304' title='bbox 394 1496 458 1547; x_wconf 81' lang='lat' dir='ltr'>i\&#39;i</span> <span class='ocrx_word' id='word_1_305' title='bbox 489 1496 663 1558; x_wconf 86' lang='lat' dir='ltr'>solus,</span> <span class='ocrx_word' id='word_1_306' title='bbox 697 1495 785 1547; x_wconf 88' lang='lat' dir='ltr'>cui</span> <span class='ocrx_word' id='word_1_307' title='bbox 818 1496 1004 1545; x_wconf 84' lang='lat' dir='ltr'>clausa</span> <span class='ocrx_word' id='word_1_308' title='bbox 1038 1498 1235 1562; x_wconf 82' lang='lat' dir='ltr'>patent</span> <span class='ocrx_word' id='word_1_309' title='bbox 1266 1492 1610 1557; x_wconf 85' lang='lat' dir='ltr'>habitacula,</span> <span class='ocrx_word' id='word_1_310' title='bbox 1645 1493 1919 1561; x_wconf 80' lang='lat' dir='ltr'>Christus,</span> 
     </span>
    </p>
   </div>
   <div class='ocr_carea' id='block_1_46' title="bbox 392 1581 1952 1653">
    <p class='ocr_par' dir='ltr' id='par_1_46' title="bbox 392 1581 1952 1653">
     <span class='ocr_line' id='line_1_46' title="bbox 392 1581 1952 1653; baseline -0.001 -17"><span class='ocrx_word' id='word_1_311' title='bbox 392 1584 572 1653; x_wconf 84' lang='lat' dir='ltr'>thue</span> <span class='ocrx_word' id='word_1_312' title='bbox 602 1583 782 1651; x_wconf 86' lang='lat' dir='ltr'>magis</span> <span class='ocrx_word' id='word_1_313' title='bbox 810 1588 1037 1650; x_wconf 83' lang='lat' dir='ltr'>stupeas</span> <span class='ocrx_word' id='word_1_314' title='bbox 1072 1581 1338 1651; x_wconf 87' lang='lat' dir='ltr'>quodque</span> <span class='ocrx_word' id='word_1_315' title='bbox 1368 1586 1452 1633; x_wconf 89' lang='lat' dir='ltr'>est</span> <span class='ocrx_word' id='word_1_316' title='bbox 1484 1582 1743 1634; x_wconf 87' lang='lat' dir='ltr'>mirabile</span> <span class='ocrx_word' id='word_1_317' title='bbox 1778 1584 1952 1649; x_wconf 89' lang='lat' dir='ltr'>dictu,</span> 
     </span>
    </p>
   </div>
   <div class='ocr_carea' id='block_1_47' title="bbox 390 1672 1757 1740">
    <p class='ocr_par' dir='ltr' id='par_1_47' title="bbox 390 1672 1757 1740">
     <span class='ocr_line' id='line_1_47' title="bbox 390 1672 1757 1740; baseline -0.003 -14"><span class='ocrx_word' id='word_1_318' title='bbox 390 1672 638 1726; x_wconf 74' lang='lat' dir='ltr'>C(Blestis</span> <span class='ocrx_word' id='word_1_319' title='bbox 668 1672 915 1724; x_wconf 83' lang='lat' dir='ltr'>clausam</span> <span class='ocrx_word' id='word_1_320' title='bbox 949 1672 1265 1740; x_wconf 88' lang='lat' dir='ltr'>penetravit</span> <span class='ocrx_word' id='word_1_321' title='bbox 1292 1672 1471 1738; x_wconf 83' lang='lat' dir='ltr'>janua</span> <span class='ocrx_word' id='word_1_322' title='bbox 1501 1677 1757 1739; x_wconf 87' lang='lat' dir='ltr'>portam;</span> 
     </span>
    </p>
   </div>
   <div class='ocr_carea' id='block_1_48' title="bbox 391 1756 1677 1827">
    <p class='ocr_par' dir='ltr' id='par_1_48' title="bbox 391 1756 1677 1827">
     <span class='ocr_line' id='line_1_48' title="bbox 391 1756 1677 1827; baseline -0.002 -16"><span class='ocrx_word' id='word_1_323' title='bbox 391 1760 549 1812; x_wconf 92' lang='lat' dir='ltr'>Unde</span> <span class='ocrx_word' id='word_1_324' title='bbox 583 1758 753 1811; x_wconf 81' lang='lat' dir='ltr'>Maria</span> <span class='ocrx_word' id='word_1_325' title='bbox 783 1758 867 1810; x_wconf 89' lang='lat' dir='ltr'>sui</span> <span class='ocrx_word' id='word_1_326' title='bbox 900 1757 1141 1827; x_wconf 82' lang='lat' dir='ltr'>genitrix</span> <span class='ocrx_word' id='word_1_327' title='bbox 1175 1757 1371 1809; x_wconf 74' lang='lat' dir='ltr'>effecta</span> <span class='ocrx_word' id='word_1_328' title='bbox 1405 1756 1677 1825; x_wconf 86' lang='lat' dir='ltr'>parentis,</span> 
     </span>
    </p>
   </div>
   <div class='ocr_carea' id='block_1_49' title="bbox 389 1844 1615 1917">
    <p class='ocr_par' dir='ltr' id='par_1_49' title="bbox 389 1844 1615 1917">
     <span class='ocr_line' id='line_1_49' title="bbox 389 1844 1615 1917; baseline -0.001 -19"><span class='ocrx_word' id='word_1_329' title='bbox 389 1846 635 1917; x_wconf 87' lang='lat' dir='ltr'>Virginis</span> <span class='ocrx_word' id='word_1_330' title='bbox 667 1846 915 1915; x_wconf 67' lang='lat' dir='ltr'>antiquae</span> <span class='ocrx_word' id='word_1_331' title='bbox 951 1845 1221 1898; x_wconf 88' lang='lat' dir='ltr'>delictum</span> <span class='ocrx_word' id='word_1_332' title='bbox 1256 1844 1435 1897; x_wconf 87' lang='lat' dir='ltr'>deluit</span> <span class='ocrx_word' id='word_1_333' title='bbox 1468 1845 1615 1908; x_wconf 64' lang='lat' dir='ltr'>Eva&#39;,</span> 
     </span>
    </p>
   </div>
   <div class='ocr_carea' id='block_1_50' title="bbox 388 1933 1899 1989">
    <p class='ocr_par' dir='ltr' id='par_1_50' title="bbox 388 1933 1899 1989">
     <span class='ocr_line' id='line_1_50' title="bbox 388 1933 1899 1989; baseline -0.002 0"><span class='ocrx_word' id='word_1_334' title='bbox 388 1936 631 1989; x_wconf 87' lang='lat' dir='ltr'>Protulit</span> <span class='ocrx_word' id='word_1_335' title='bbox 662 1940 714 1987; x_wconf 91' lang='lat' dir='ltr'>et</span> <span class='ocrx_word' id='word_1_336' title='bbox 747 1934 963 1986; x_wconf 79' lang='lat' dir='ltr'>mundo</span> <span class='ocrx_word' id='word_1_337' title='bbox 999 1950 1198 1985; x_wconf 74' lang='lat' dir='ltr'>verum</span> <span class='ocrx_word' id='word_1_338' title='bbox 1231 1933 1350 1985; x_wconf 90' lang='lat' dir='ltr'>sine</span> <span class='ocrx_word' id='word_1_339' title='bbox 1386 1933 1602 1985; x_wconf 83' lang='lat' dir='ltr'>semine</span> <span class='ocrx_word' id='word_1_340' title='bbox 1636 1933 1899 1987; x_wconf 85' lang='lat' dir='ltr'>fructum.</span> 
     </span>
    </p>
   </div>
   <div class='ocr_carea' id='block_1_51' title="bbox 390 2022 1951 2094">
    <p class='ocr_par' dir='ltr' id='par_1_51' title="bbox 390 2022 1951 2094">
     <span class='ocr_line' id='line_1_51' title="bbox 390 2022 1951 2094; baseline -0.001 -17"><span class='ocrx_word' id='word_1_341' title='bbox 390 2026 535 2094; x_wconf 88' lang='lat' dir='ltr'>Ergo</span> <span class='ocrx_word' id='word_1_342' title='bbox 566 2024 660 2076; x_wconf 91' lang='lat' dir='ltr'>ubi</span> <span class='ocrx_word' id='word_1_343' title='bbox 694 2022 998 2092; x_wconf 87' lang='lat' dir='ltr'>conspicuo</span> <span class='ocrx_word' id='word_1_344' title='bbox 1028 2022 1301 2091; x_wconf 84' lang='lat' dir='ltr'>processit</span> <span class='ocrx_word' id='word_1_345' title='bbox 1334 2022 1551 2075; x_wconf 88' lang='lat' dir='ltr'>honore</span> <span class='ocrx_word' id='word_1_346' title='bbox 1584 2022 1951 2092; x_wconf 85' lang='lat' dir='ltr'>Redemptor.</span> 
     </span>
    </p>
   </div>
   <div class='ocr_carea' id='block_1_52' title="bbox 389 2110 1735 2179">
    <p class='ocr_par' dir='ltr' id='par_1_52' title="bbox 389 2110 1735 2179">
     <span class='ocr_line' id='line_1_52' title="bbox 389 2110 1735 2179; baseline -0.003 -13"><span class='ocrx_word' id='word_1_347' title='bbox 389 2114 455 2167; x_wconf 85' lang='lat' dir='ltr'>Et</span> <span class='ocrx_word' id='word_1_348' title='bbox 486 2112 697 2165; x_wconf 89' lang='lat' dir='ltr'>mundo</span> <span class='ocrx_word' id='word_1_349' title='bbox 733 2111 943 2164; x_wconf 66' lang='lat' dir='ltr'>eil’ulsit</span> <span class='ocrx_word' id='word_1_350' title='bbox 978 2110 1185 2163; x_wconf 84' lang='lat' dir='ltr'>Phwa</span> <span class='ocrx_word' id='word_1_351' title='bbox 1218 2110 1548 2161; x_wconf 89' lang='lat' dir='ltr'>rutilantior</span> <span class='ocrx_word' id='word_1_352' title='bbox 1580 2110 1735 2179; x_wconf 87' lang='lat' dir='ltr'>ipso;</span> 
     </span>
    </p>
   </div>
   <div class='ocr_carea' id='block_1_53' title="bbox 388 2199 1758 2270">
    <p class='ocr_par' dir='ltr' id='par_1_53' title="bbox 388 2199 1758 2270">
     <span class='ocr_line' id='line_1_53' title="bbox 388 2199 1758 2270; baseline -0.004 -14"><span class='ocrx_word' id='word_1_353' title='bbox 388 2204 644 2256; x_wconf 89' lang='lat' dir='ltr'>Pastores</span> <span class='ocrx_word' id='word_1_354' title='bbox 676 2216 945 2270; x_wconf 85' lang='lat' dir='ltr'>pecorum</span> <span class='ocrx_word' id='word_1_355' title='bbox 980 2199 1173 2267; x_wconf 88' lang='lat' dir='ltr'>primi,</span> <span class='ocrx_word' id='word_1_356' title='bbox 1209 2199 1501 2268; x_wconf 80' lang='lat' dir='ltr'>pressique</span> <span class='ocrx_word' id='word_1_357' title='bbox 1531 2215 1758 2267; x_wconf 88' lang='lat' dir='ltr'>pavore,</span> 
     </span>
    </p>
   </div>
   <div class='ocr_carea' id='block_1_54' title="bbox 390 2287 1716 2360">
    <p class='ocr_par' dir='ltr' id='par_1_54' title="bbox 390 2287 1716 2360">
     <span class='ocr_line' id='line_1_54' title="bbox 390 2287 1716 2360; baseline -0.004 -16"><span class='ocrx_word' id='word_1_358' title='bbox 390 2289 729 2360; x_wconf 81' lang='lat' dir='ltr'>Conspicuus</span> <span class='ocrx_word' id='word_1_359' title='bbox 758 2290 903 2341; x_wconf 78' lang='lat' dir='ltr'>civ-es</span> <span class='ocrx_word' id='word_1_360' title='bbox 934 2304 1163 2340; x_wconf 89' lang='lat' dir='ltr'>carmen</span> <span class='ocrx_word' id='word_1_361' title='bbox 1195 2287 1419 2339; x_wconf 80' lang='lat' dir='ltr'>caeleste</span> <span class='ocrx_word' id='word_1_362' title='bbox 1447 2292 1716 2339; x_wconf 88' lang='lat' dir='ltr'>canentes</span> 
     </span>
    </p>
   </div>
   <div class='ocr_carea' id='block_1_55' title="bbox 387 2375 1675 2432">
    <p class='ocr_par' dir='ltr' id='par_1_55' title="bbox 387 2375 1675 2432">
     <span class='ocr_line' id='line_1_55' title="bbox 387 2375 1675 2432; baseline -0.004 0"><span class='ocrx_word' id='word_1_363' title='bbox 387 2378 669 2432; x_wconf 86' lang='lat' dir='ltr'>Audivere</span> <span class='ocrx_word' id='word_1_364' title='bbox 693 2376 857 2429; x_wconf 87' lang='lat' dir='ltr'>astris</span> <span class='ocrx_word' id='word_1_365' title='bbox 884 2376 1115 2428; x_wconf 89' lang='lat' dir='ltr'>arrectis</span> <span class='ocrx_word' id='word_1_366' title='bbox 1150 2375 1380 2427; x_wconf 86' lang='lat' dir='ltr'>auribus</span> <span class='ocrx_word' id='word_1_367' title='bbox 1413 2391 1423 2426; x_wconf 92' lang='lat'><strong>:</strong></span> <span class='ocrx_word' id='word_1_368' title='bbox 1461 2378 1675 2427; x_wconf 81' lang='lat' dir='ltr'>Auctor</span> 
     </span>
    </p>
   </div>
   <div class='ocr_carea' id='block_1_56' title="bbox 387 2464 1795 2534">
    <p class='ocr_par' dir='ltr' id='par_1_56' title="bbox 387 2464 1795 2534">
     <span class='ocr_line' id='line_1_56' title="bbox 387 2464 1795 2534; baseline -0.004 -15"><span class='ocrx_word' id='word_1_369' title='bbox 387 2466 470 2519; x_wconf 87' lang='lat' dir='ltr'>Ad</span> <span class='ocrx_word' id='word_1_370' title='bbox 502 2471 682 2518; x_wconf 89' lang='lat' dir='ltr'>terras</span> <span class='ocrx_word' id='word_1_371' title='bbox 714 2481 906 2517; x_wconf 90' lang='lat' dir='ltr'>rerum</span> <span class='ocrx_word' id='word_1_372' title='bbox 940 2464 1090 2534; x_wconf 90' lang='lat' dir='ltr'>quod</span> <span class='ocrx_word' id='word_1_373' title='bbox 1124 2464 1345 2515; x_wconf 88' lang='lat' dir='ltr'>venerit</span> <span class='ocrx_word' id='word_1_374' title='bbox 1371 2470 1425 2516; x_wconf 90' lang='lat' dir='ltr'>et</span> <span class='ocrx_word' id='word_1_375' title='bbox 1457 2464 1795 2532; x_wconf 85' lang='lat' dir='ltr'>Reparator,</span> 
     </span>
    </p>
   </div>
   <div class='ocr_carea' id='block_1_57' title="bbox 389 2552 1547 2623">
    <p class='ocr_par' dir='ltr' id='par_1_57' title="bbox 389 2552 1547 2623">
     <span class='ocr_line' id='line_1_57' title="bbox 389 2552 1547 2623; baseline -0.003 -17"><span class='ocrx_word' id='word_1_376' title='bbox 389 2553 563 2623; x_wconf 88' lang='lat' dir='ltr'>Cujus</span> <span class='ocrx_word' id='word_1_377' title='bbox 595 2554 651 2605; x_wconf 92' lang='lat' dir='ltr'>in</span> <span class='ocrx_word' id='word_1_378' title='bbox 686 2558 881 2605; x_wconf 77' lang='lat' dir='ltr'>exortu</span> <span class='ocrx_word' id='word_1_379' title='bbox 913 2552 1127 2605; x_wconf 74' lang='lat' dir='ltr'>cceIesti</span> <span class='ocrx_word' id='word_1_380' title='bbox 1160 2552 1344 2621; x_wconf 89' lang='lat' dir='ltr'>gloria</span> <span class='ocrx_word' id='word_1_381' title='bbox 1371 2566 1547 2619; x_wconf 87' lang='lat' dir='ltr'>regno</span> 
     </span>
    </p>
   </div>
   <div class='ocr_carea' id='block_1_58' title="bbox 388 2638 1807 2708">
    <p class='ocr_par' dir='ltr' id='par_1_58' title="bbox 388 2638 1807 2708">
     <span class='ocr_line' id='line_1_58' title="bbox 388 2638 1807 2708; baseline -0.004 -13"><span class='ocrx_word' id='word_1_382' title='bbox 388 2643 454 2697; x_wconf 92' lang='lat' dir='ltr'>1n</span> <span class='ocrx_word' id='word_1_383' title='bbox 480 2641 760 2703; x_wconf 86' lang='lat' dir='ltr'>terrisque</span> <span class='ocrx_word' id='word_1_384' title='bbox 793 2640 937 2693; x_wconf 86' lang='lat' dir='ltr'>foret</span> <span class='ocrx_word' id='word_1_385' title='bbox 968 2640 1187 2692; x_wconf 88' lang='lat' dir='ltr'>homini</span> <span class='ocrx_word' id='word_1_386' title='bbox 1220 2656 1325 2708; x_wconf 81' lang='lat' dir='ltr'>pax</span> <span class='ocrx_word' id='word_1_387' title='bbox 1359 2644 1550 2691; x_wconf 86' lang='lat' dir='ltr'>sancta</span> <span class='ocrx_word' id='word_1_388' title='bbox 1581 2638 1807 2691; x_wconf 85' lang='lat' dir='ltr'>volenti.</span> 
     </span>
    </p>
   </div>
   <div class='ocr_carea' id='block_1_59' title="bbox 386 2727 1793 2799">
    <p class='ocr_par' dir='ltr' id='par_1_59' title="bbox 386 2727 1793 2799">
     <span class='ocr_line' id='line_1_59' title="bbox 386 2727 1793 2799; baseline -0.004 -15"><span class='ocrx_word' id='word_1_389' title='bbox 386 2732 550 2784; x_wconf 86' lang='lat' dir='ltr'>Astra</span> <span class='ocrx_word' id='word_1_390' title='bbox 580 2730 696 2799; x_wconf 92' lang='lat' dir='ltr'>poli</span> <span class='ocrx_word' id='word_1_391' title='bbox 728 2744 954 2781; x_wconf 86' lang='lat' dir='ltr'>censere</span> <span class='ocrx_word' id='word_1_392' title='bbox 988 2744 1121 2779; x_wconf 90' lang='lat' dir='ltr'>suns</span> <span class='ocrx_word' id='word_1_393' title='bbox 1151 2727 1300 2795; x_wconf 91' lang='lat' dir='ltr'>quod</span> <span class='ocrx_word' id='word_1_394' title='bbox 1334 2727 1596 2780; x_wconf 88' lang='lat' dir='ltr'>conditor</span> <span class='ocrx_word' id='word_1_395' title='bbox 1627 2732 1793 2795; x_wconf 85' lang='lat' dir='ltr'>esset,</span> 
     </span>
    </p>
   </div>
   <div class='ocr_carea' id='block_1_60' title="bbox 386 2816 1702 2887">
    <p class='ocr_par' dir='ltr' id='par_1_60' title="bbox 386 2816 1702 2887">
     <span class='ocr_line' id='line_1_60' title="bbox 386 2816 1702 2887; baseline -0.002 -17"><span class='ocrx_word' id='word_1_396' title='bbox 386 2818 471 2870; x_wconf 90' lang='lat' dir='ltr'>Ad</span> <span class='ocrx_word' id='word_1_397' title='bbox 504 2818 664 2887; x_wconf 89' lang='lat' dir='ltr'>cujus</span> <span class='ocrx_word' id='word_1_398' title='bbox 694 2832 869 2869; x_wconf 88' lang='lat' dir='ltr'>cunas</span> <span class='ocrx_word' id='word_1_399' title='bbox 900 2818 1119 2868; x_wconf 89' lang='lat' dir='ltr'>stellam</span> <span class='ocrx_word' id='word_1_400' title='bbox 1152 2816 1357 2868; x_wconf 81' lang='lat' dir='ltr'>misere</span> <span class='ocrx_word' id='word_1_401' title='bbox 1390 2832 1702 2882; x_wconf 84' lang='lat' dir='ltr'>coruscam,</span> 
     </span>
    </p>
   </div>
   <div class='ocr_carea' id='block_1_61' title="bbox 390 2906 2022 2976">
    <p class='ocr_par' dir='ltr' id='par_1_61' title="bbox 390 2906 2022 2976">
     <span class='ocr_line' id='line_1_61' title="bbox 390 2906 2022 2976; baseline -0.001 -16"><span class='ocrx_word' id='word_1_402' title='bbox 390 2907 664 2976; x_wconf 85' lang='lat' dir='ltr'>Huncque</span> <span class='ocrx_word' id='word_1_403' title='bbox 696 2922 863 2958; x_wconf 88' lang='lat' dir='ltr'>suum</span> <span class='ocrx_word' id='word_1_404' title='bbox 899 2907 1205 2959; x_wconf 88' lang='lat' dir='ltr'>Dominum</span> <span class='ocrx_word' id='word_1_405' title='bbox 1240 2906 1475 2974; x_wconf 81' lang='lat' dir='ltr'>pelagus</span> <span class='ocrx_word' id='word_1_406' title='bbox 1507 2910 1851 2973; x_wconf 81' lang='lat' dir='ltr'>cognoverat</span> <span class='ocrx_word' id='word_1_407' title='bbox 1881 2922 2022 2973; x_wconf 90' lang='lat' dir='ltr'>esse,</span> 
     </span>
    </p>
   </div>
   <div class='ocr_carea' id='block_1_62' title="bbox 386 2994 1704 3064">
    <p class='ocr_par' dir='ltr' id='par_1_62' title="bbox 386 2994 1704 3064">
     <span class='ocr_line' id='line_1_62' title="bbox 386 2994 1704 3064; baseline -0.002 -16"><span class='ocrx_word' id='word_1_408' title='bbox 386 2994 454 3048; x_wconf 90' lang='lat' dir='ltr'>Se</span> <span class='ocrx_word' id='word_1_409' title='bbox 488 2995 694 3064; x_wconf 90' lang='lat' dir='ltr'>plantis</span> <span class='ocrx_word' id='word_1_410' title='bbox 723 2996 881 3063; x_wconf 87' lang='lat' dir='ltr'>cujus</span> <span class='ocrx_word' id='word_1_411' title='bbox 912 2994 1178 3046; x_wconf 88' lang='lat' dir='ltr'>calcabile</span> <span class='ocrx_word' id='word_1_412' title='bbox 1210 2994 1472 3063; x_wconf 63' lang='lat' dir='ltr'>praebuit.</span> <span class='ocrx_word' id='word_1_413' title='bbox 1509 2994 1704 3045; x_wconf 88' lang='lat' dir='ltr'>Almus</span> 
     </span>
    </p>
   </div>
   <div class='ocr_carea' id='block_1_63' title="bbox 386 3082 1849 3154">
    <p class='ocr_par' dir='ltr' id='par_1_63' title="bbox 386 3082 1849 3154">
     <span class='ocr_line' id='line_1_63' title="bbox 386 3082 1849 3154; baseline -0.003 -16"><span class='ocrx_word' id='word_1_414' title='bbox 386 3083 477 3138; x_wconf 91' lang='lat' dir='ltr'>Sol</span> <span class='ocrx_word' id='word_1_415' title='bbox 510 3100 735 3154; x_wconf 86' lang='lat' dir='ltr'>quoque</span> <span class='ocrx_word' id='word_1_416' title='bbox 763 3083 1073 3148; x_wconf 85' lang='lat' dir='ltr'>condoluit,</span> <span class='ocrx_word' id='word_1_417' title='bbox 1111 3099 1239 3135; x_wconf 88' lang='lat' dir='ltr'>cum</span> <span class='ocrx_word' id='word_1_418' title='bbox 1273 3084 1449 3135; x_wconf 83' lang='lat' dir='ltr'>iixum</span> <span class='ocrx_word' id='word_1_419' title='bbox 1482 3082 1675 3151; x_wconf 85' lang='lat' dir='ltr'>stipite</span> <span class='ocrx_word' id='word_1_420' title='bbox 1708 3082 1849 3134; x_wconf 90' lang='lat' dir='ltr'>vidit</span> 
     </span>
    </p>
   </div>
   <div class='ocr_carea' id='block_1_64' title="bbox 386 3170 1860 3225">
    <p class='ocr_par' dir='ltr' id='par_1_64' title="bbox 386 3170 1860 3225">
     <span class='ocr_line' id='line_1_64' title="bbox 386 3170 1860 3225; baseline -0.001 0"><span class='ocrx_word' id='word_1_421' title='bbox 386 3174 549 3225; x_wconf 85' lang='lat' dir='ltr'>Flens</span> <span class='ocrx_word' id='word_1_422' title='bbox 578 3173 826 3225; x_wconf 87' lang='lat' dir='ltr'>famulus</span> <span class='ocrx_word' id='word_1_423' title='bbox 856 3172 1158 3223; x_wconf 78' lang='lat' dir='ltr'>Dominum</span> <span class='ocrx_word' id='word_1_424' title='bbox 1188 3172 1349 3223; x_wconf 83' lang='lat' dir='ltr'>furvo</span> <span class='ocrx_word' id='word_1_425' title='bbox 1381 3172 1597 3223; x_wconf 92' lang='lat' dir='ltr'>velatus</span> <span class='ocrx_word' id='word_1_426' title='bbox 1630 3170 1860 3223; x_wconf 87' lang='lat' dir='ltr'>amictu.</span> 
     </span>
    </p>
   </div>
   <div class='ocr_carea' id='block_1_65' title="bbox 384 3261 1942 3331">
    <p class='ocr_par' dir='ltr' id='par_1_65' title="bbox 384 3261 1942 3331">
     <span class='ocr_line' id='line_1_65' title="bbox 384 3261 1942 3331; baseline -0.001 -17"><span class='ocrx_word' id='word_1_427' title='bbox 384 3262 671 3331; x_wconf 88' lang='lat' dir='ltr'>Terraque</span> <span class='ocrx_word' id='word_1_428' title='bbox 703 3261 986 3329; x_wconf 80' lang='lat' dir='ltr'>cognovit,</span> <span class='ocrx_word' id='word_1_429' title='bbox 1022 3261 1249 3330; x_wconf 83' lang='lat' dir='ltr'>quando</span> <span class='ocrx_word' id='word_1_430' title='bbox 1286 3267 1368 3311; x_wconf 90' lang='lat' dir='ltr'>est</span> <span class='ocrx_word' id='word_1_431' title='bbox 1392 3275 1661 3311; x_wconf 88' lang='lat' dir='ltr'>concussa</span> <span class='ocrx_word' id='word_1_432' title='bbox 1694 3263 1942 3312; x_wconf 85' lang='lat' dir='ltr'>tremore</span> 
     </span>
    </p>
   </div>
   <div class='ocr_carea' id='block_1_66' title="bbox 387 3348 1712 3416">
    <p class='ocr_par' dir='ltr' id='par_1_66' title="bbox 387 3348 1712 3416">
     <span class='ocr_line' id='line_1_66' title="bbox 387 3348 1712 3416; baseline -0.004 -12"><span class='ocrx_word' id='word_1_433' title='bbox 387 3349 652 3405; x_wconf 87' lang='lat' dir='ltr'>Horribili</span> <span class='ocrx_word' id='word_1_434' title='bbox 687 3350 876 3403; x_wconf 84' lang='lat' dir='ltr'>fractis</span> <span class='ocrx_word' id='word_1_435' title='bbox 907 3350 1241 3401; x_wconf 89' lang='lat' dir='ltr'>Sanctorum</span> <span class='ocrx_word' id='word_1_436' title='bbox 1277 3348 1380 3399; x_wconf 87' lang='lat' dir='ltr'>rite.</span> <span class='ocrx_word' id='word_1_437' title='bbox 1416 3348 1712 3416; x_wconf 88' lang='lat' dir='ltr'>sepulcris.</span> 
     </span>
    </p>
   </div>
   <div class='ocr_carea' id='block_1_67' title="bbox 383 3436 1973 3508">
    <p class='ocr_par' dir='ltr' id='par_1_67' title="bbox 383 3436 1973 3508">
     <span class='ocr_line' id='line_1_67' title="bbox 383 3436 1973 3508; baseline -0.003 -15"><span class='ocrx_word' id='word_1_438' title='bbox 383 3440 757 3508; x_wconf 67' lang='lat' dir='ltr'>Infernusque</span> <span class='ocrx_word' id='word_1_439' title='bbox 792 3453 1003 3506; x_wconf 84' lang='lat' dir='ltr'>pavens</span> <span class='ocrx_word' id='word_1_440' title='bbox 1033 3438 1282 3499; x_wconf 87' lang='lat' dir='ltr'>tremuit,</span> <span class='ocrx_word' id='word_1_441' title='bbox 1318 3452 1445 3487; x_wconf 89' lang='lat' dir='ltr'>cum</span> <span class='ocrx_word' id='word_1_442' title='bbox 1476 3437 1721 3488; x_wconf 90' lang='lat' dir='ltr'>claustra</span> <span class='ocrx_word' id='word_1_443' title='bbox 1752 3436 1973 3490; x_wconf 88' lang='lat' dir='ltr'>revulsa</span> 
     </span>
    </p>
   </div>
   <div class='ocr_carea' id='block_1_68' title="bbox 384 3523 1691 3594">
    <p class='ocr_par' dir='ltr' id='par_1_68' title="bbox 384 3523 1691 3594">
     <span class='ocr_line' id='line_1_68' title="bbox 384 3523 1691 3594; baseline -0.002 -16"><span class='ocrx_word' id='word_1_444' title='bbox 384 3527 556 3591; x_wconf 81' lang='lat' dir='ltr'>Vidit,</span> <span class='ocrx_word' id='word_1_445' title='bbox 588 3528 897 3594; x_wconf 88' lang='lat' dir='ltr'>conspicuo</span> <span class='ocrx_word' id='word_1_446' title='bbox 925 3524 1226 3576; x_wconf 82' lang='lat' dir='ltr'>contractis</span> <span class='ocrx_word' id='word_1_447' title='bbox 1259 3523 1471 3575; x_wconf 88' lang='lat' dir='ltr'>lumine</span> <span class='ocrx_word' id='word_1_448' title='bbox 1497 3524 1691 3576; x_wconf 87' lang='lat' dir='ltr'>valvis.</span> 
     </span>
    </p>
   </div>
   <div class='ocr_carea' id='block_1_69' title="bbox 384 3737 3816 3834">
    <p class='ocr_par' dir='ltr' id='par_1_69' title="bbox 384 3737 3816 3834">
     <span class='ocr_line' id='line_1_69' title="bbox 384 3737 3816 3834; baseline -0.001 -42"><span class='ocrx_word' id='word_1_449' title='bbox 384 3740 543 3792; x_wconf 88' lang='lat' dir='ltr'>Hunc</span> <span class='ocrx_word' id='word_1_450' title='bbox 576 3739 692 3791; x_wconf 85' lang='lat' dir='ltr'>fore</span> <span class='ocrx_word' id='word_1_451' title='bbox 724 3738 1048 3803; x_wconf 82' lang='lat' dir='ltr'>credebant,</span> <span class='ocrx_word' id='word_1_452' title='bbox 1077 3737 1380 3790; x_wconf 87' lang='lat' dir='ltr'>simulacra</span> <span class='ocrx_word' id='word_1_453' title='bbox 1413 3737 1659 3789; x_wconf 87' lang='lat' dir='ltr'>nefanda</span> <span class='ocrx_word' id='word_1_454' title='bbox 1691 3743 1974 3806; x_wconf 86' lang='lat' dir='ltr'>putantes,</span> <span class='ocrx_word' id='word_1_455' title='bbox 2256 3765 2309 3817; x_wconf 45' lang='lat'>4.</span> <span class='ocrx_word' id='word_1_456' title='bbox 2350 3766 2426 3817; x_wconf 67' lang='lat' dir='ltr'><strong>De</strong></span> <span class='ocrx_word' id='word_1_457' title='bbox 2459 3781 2704 3834; x_wconf 68' lang='lat' dir='ltr'>quorum</span> <span class='ocrx_word' id='word_1_458' title='bbox 2738 3782 2978 3819; x_wconf 60' lang='lat' dir='ltr'>numero</span> <span class='ocrx_word' id='word_1_459' title='bbox 3011 3767 3308 3820; x_wconf 65' lang='lat' dir='ltr'>confessor</span> <span class='ocrx_word' id='word_1_460' title='bbox 3334 3767 3490 3820; x_wconf 65' lang='lat' dir='ltr'>fulsit</span> <span class='ocrx_word' id='word_1_461' title='bbox 3515 3768 3816 3831; x_wconf 50' lang='lat' dir='ltr'>Amandus,</span> 
     </span>
    </p>
   </div>
   <div class='ocr_carea' id='block_1_70' title="bbox 385 3825 3860 3926">
    <p class='ocr_par' dir='ltr' id='par_1_70' title="bbox 385 3825 3860 3926">
     <span class='ocr_line' id='line_1_70' title="bbox 385 3825 3860 3926; baseline 0.001 -23"><span class='ocrx_word' id='word_1_462' title='bbox 385 3829 491 3881; x_wconf 72' lang='grc' dir='ltr'>ΡΓο</span> <span class='ocrx_word' id='word_1_463' title='bbox 521 3826 709 3881; x_wconf 59' lang='lat' dir='ltr'>dom“!</span> <span class='ocrx_word' id='word_1_464' title='bbox 743 3844 861 3879; x_wconf 69' lang='lat' dir='ltr'>esse</span> <span class='ocrx_word' id='word_1_465' title='bbox 895 3828 1066 3891; x_wconf 62' lang='lat' dir='ltr'>D905;</span> <span class='ocrx_word' id='word_1_466' title='bbox 1097 3843 1207 3879; x_wconf 75' lang='lat'>&quot;0&quot;</span> <span class='ocrx_word' id='word_1_467' title='bbox 1240 3825 1489 3926; x_wconf 50' lang='lat' dir='ltr'>ampli&quot;?</span> <span class='ocrx_word' id='word_1_468' title='bbox 1519 3826 1626 3879; x_wconf 52' lang='grc' dir='ltr'>ἰδία</span> <span class='ocrx_word' id='word_1_469' title='bbox 1654 3842 1885 3923; x_wconf 42' lang='lat' dir='ltr'>Tum“</span> <span class='ocrx_word' id='word_1_470' title='bbox 2185 3852 2268 3905; x_wconf 90' lang='lat' dir='ltr'>Ad</span> <span class='ocrx_word' id='word_1_471' title='bbox 2299 3825 2664 3921; x_wconf 43' lang='lat' dir='ltr'>cujus.modo</span> <span class='ocrx_word' id='word_1_472' title='bbox 2698 3860 2856 3922; x_wconf 81' lang='lat' dir='ltr'>gesta</span> <span class='ocrx_word' id='word_1_473' title='bbox 2888 3871 3121 3908; x_wconf 89' lang='lat' dir='ltr'>manum</span> <span class='ocrx_word' id='word_1_474' title='bbox 3153 3856 3556 3926; x_wconf 82' lang='lat' dir='ltr'>calamumque</span> <span class='ocrx_word' id='word_1_475' title='bbox 3592 3825 3860 3910; x_wconf 79' lang='lat' dir='ltr'>novellum</span> 
     </span>
    </p>
   </div>
   <div class='ocr_carea' id='block_1_71' title="bbox 383 3914 1985 4014">
    <p class='ocr_par' dir='ltr' id='par_1_71' title="bbox 383 3914 1808 3987">
     <span class='ocr_line' id='line_1_71' title="bbox 383 3914 1808 3987; baseline -0.001 -17"><span class='ocrx_word' id='word_1_476' title='bbox 383 3917 608 3985; x_wconf 88' lang='lat' dir='ltr'>Passus,</span> <span class='ocrx_word' id='word_1_477' title='bbox 644 3922 699 3968; x_wconf 90' lang='lat' dir='ltr'>et</span> <span class='ocrx_word' id='word_1_478' title='bbox 730 3916 982 3987; x_wconf 69' lang='lat' dir='ltr'>antiquae</span> <span class='ocrx_word' id='word_1_479' title='bbox 1014 3932 1115 3967; x_wconf 91' lang='lat' dir='ltr'>nec</span> <span class='ocrx_word' id='word_1_480' title='bbox 1148 3916 1357 3967; x_wconf 81' lang='lat' dir='ltr'>damna</span> <span class='ocrx_word' id='word_1_481' title='bbox 1387 3914 1577 3967; x_wconf 86' lang='lat' dir='ltr'>videre</span> <span class='ocrx_word' id='word_1_482' title='bbox 1606 3915 1808 3983; x_wconf 68' lang='lat' dir='ltr'>ruinze,</span> 
     </span>
    </p>
   </div>
   <div class='ocr_carea' id='block_1_72' title="bbox 2170 3914 3650 4014">
    <p class='ocr_par' dir='ltr' id='par_1_72' title="bbox 2185 3941 3650 4014">
     <span class='ocr_line' id='line_1_72' title="bbox 2185 3941 3650 4014; baseline 0.002 -19"><span class='ocrx_word' id='word_1_483' title='bbox 2185 3941 2478 4005; x_wconf 85' lang='lat' dir='ltr'>Mittimus,</span> <span class='ocrx_word' id='word_1_484' title='bbox 2512 3948 2568 3994; x_wconf 91' lang='lat' dir='ltr'>et</span> <span class='ocrx_word' id='word_1_485' title='bbox 2594 3943 2723 3995; x_wconf 90' lang='lat' dir='ltr'>nisu</span> <span class='ocrx_word' id='word_1_486' title='bbox 2751 3944 3117 4013; x_wconf 65' lang='lat' dir='ltr'>praegrandia</span> <span class='ocrx_word' id='word_1_487' title='bbox 3149 3945 3439 4014; x_wconf 88' lang='lat' dir='ltr'>tangimus</span> <span class='ocrx_word' id='word_1_488' title='bbox 3470 3950 3650 4011; x_wconf 87' lang='lat' dir='ltr'>arcto,</span> 
     </span>
    </p>
   </div>
   <div class='ocr_carea' id='block_1_73' title="bbox 381 4003 1985 4102">
    <p class='ocr_par' dir='ltr' id='par_1_73' title="bbox 381 4003 1672 4075">
     <span class='ocr_line' id='line_1_73' title="bbox 381 4003 1672 4075; baseline -0.002 -18"><span class='ocrx_word' id='word_1_489' title='bbox 381 4005 566 4074; x_wconf 89' lang='lat' dir='ltr'>Elegit</span> <span class='ocrx_word' id='word_1_490' title='bbox 597 4005 897 4075; x_wconf 87' lang='lat' dir='ltr'>quosdam,</span> <span class='ocrx_word' id='word_1_491' title='bbox 932 4020 1073 4073; x_wconf 88' lang='lat' dir='ltr'>quos</span> <span class='ocrx_word' id='word_1_492' title='bbox 1104 4003 1284 4072; x_wconf 87' lang='lat' dir='ltr'>gratia</span> <span class='ocrx_word' id='word_1_493' title='bbox 1312 4004 1429 4054; x_wconf 87' lang='lat' dir='ltr'>sola</span> <span class='ocrx_word' id='word_1_494' title='bbox 1461 4003 1672 4069; x_wconf 90' lang='lat' dir='ltr'>beavit,</span> 
     </span>
    </p>
   </div>
   <div class='ocr_carea' id='block_1_74' title="bbox 2170 4003 3661 4102">
    <p class='ocr_par' dir='ltr' id='par_1_74' title="bbox 2188 4030 3661 4102">
     <span class='ocr_line' id='line_1_74' title="bbox 2188 4030 3661 4102; baseline 0.003 -20"><span class='ocrx_word' id='word_1_495' title='bbox 2188 4030 2507 4099; x_wconf 86' lang='lat' dir='ltr'>Inspirante</span> <span class='ocrx_word' id='word_1_496' title='bbox 2540 4032 2684 4098; x_wconf 86' lang='lat' dir='ltr'>Deo;</span> <span class='ocrx_word' id='word_1_497' title='bbox 2720 4032 2855 4101; x_wconf 87' lang='lat' dir='ltr'>quia</span> <span class='ocrx_word' id='word_1_498' title='bbox 2887 4048 3093 4101; x_wconf 87' lang='lat' dir='ltr'>magna</span> <span class='ocrx_word' id='word_1_499' title='bbox 3120 4037 3205 4085; x_wconf 88' lang='lat' dir='ltr'>est</span> <span class='ocrx_word' id='word_1_500' title='bbox 3236 4034 3418 4102; x_wconf 91' lang='lat' dir='ltr'>portio</span> <span class='ocrx_word' id='word_1_501' title='bbox 3453 4034 3661 4094; x_wconf 88' lang='lat' dir='ltr'>laudis,</span> 
     </span>
    </p>
   </div>
   <div class='ocr_carea' id='block_1_75' title="bbox 380 4090 3379 4190">
    <p class='ocr_par' dir='ltr' id='par_1_75' title="bbox 380 4090 3379 4190">
     <span class='ocr_line' id='line_1_75' title="bbox 380 4090 3379 4190; baseline 0.002 -45"><span class='ocrx_word' id='word_1_502' title='bbox 380 4094 487 4146; x_wconf 90' lang='lat' dir='ltr'>Per</span> <span class='ocrx_word' id='word_1_503' title='bbox 519 4110 661 4163; x_wconf 91' lang='lat' dir='ltr'>quos</span> <span class='ocrx_word' id='word_1_504' title='bbox 692 4091 1012 4162; x_wconf 86' lang='lat' dir='ltr'>quadrifido</span> <span class='ocrx_word' id='word_1_505' title='bbox 1044 4090 1239 4143; x_wconf 89' lang='lat' dir='ltr'>mundi</span> <span class='ocrx_word' id='word_1_506' title='bbox 1272 4090 1376 4186; x_wconf 84' lang='lat' dir='ltr'>sub</span> <span class='ocrx_word' id='word_1_507' title='bbox 1406 4090 1635 4190; x_wconf 75' lang='lat' dir='ltr'>cardine</span> <span class='ocrx_word' id='word_1_508' title='bbox 1666 4094 1863 4158; x_wconf 88' lang='lat' dir='ltr'>gentes</span> <span class='ocrx_word' id='word_1_509' title='bbox 2186 4090 2341 4170; x_wconf 64' lang='grc' dir='ltr'>Πηίιδ</span> <span class='ocrx_word' id='word_1_510' title='bbox 2372 4116 2590 4171; x_wconf 57' lang='lat' dir='ltr'>calamo</span> <span class='ocrx_word' id='word_1_511' title='bbox 2625 4090 2805 4172; x_wconf 41' lang='lat' dir='ltr'>véri‘os</span> <span class='ocrx_word' id='word_1_512' title='bbox 2834 4090 3109 4190; x_wconf 49' lang='lat' dir='ltr'>remigare</span> <span class='ocrx_word' id='word_1_513' title='bbox 3141 4090 3379 4175; x_wconf 42' lang='lat' dir='ltr'>lab‘ores.</span> 
     </span>
    </p>
   </div>
   <div class='ocr_carea' id='block_1_76' title="bbox 382 4177 1755 4250">
    <p class='ocr_par' dir='ltr' id='par_1_76' title="bbox 382 4177 1755 4250">
     <span class='ocr_line' id='line_1_76' title="bbox 382 4177 1755 4250; baseline -0.004 -15"><span class='ocrx_word' id='word_1_514' title='bbox 382 4181 659 4247; x_wconf 79' lang='lat' dir='ltr'>Salvaret;</span> <span class='ocrx_word' id='word_1_515' title='bbox 695 4181 903 4250; x_wconf 88' lang='lat' dir='ltr'>quibus</span> <span class='ocrx_word' id='word_1_516' title='bbox 935 4179 1187 4231; x_wconf 88' lang='lat' dir='ltr'>ostendit</span> <span class='ocrx_word' id='word_1_517' title='bbox 1219 4177 1494 4230; x_wconf 89' lang='lat' dir='ltr'>miracula</span> <span class='ocrx_word' id='word_1_518' title='bbox 1525 4193 1755 4247; x_wconf 90' lang='lat' dir='ltr'>magna,</span> 
     </span>
    </p>
   </div>
   <div class='ocr_carea' id='block_1_77' title="bbox 382 4264 1825 4330">
    <p class='ocr_par' dir='ltr' id='par_1_77' title="bbox 382 4264 1825 4330">
     <span class='ocr_line' id='line_1_77' title="bbox 382 4264 1825 4330; baseline -0.003 -9"><span class='ocrx_word' id='word_1_519' title='bbox 382 4268 671 4321; x_wconf 85' lang='lat' dir='ltr'>Defunctis</span> <span class='ocrx_word' id='word_1_520' title='bbox 710 4268 877 4320; x_wconf 88' lang='lat' dir='ltr'>vitam</span> <span class='ocrx_word' id='word_1_521' title='bbox 910 4266 1185 4330; x_wconf 83' lang='lat' dir='ltr'>tribuens,</span> <span class='ocrx_word' id='word_1_522' title='bbox 1222 4265 1361 4317; x_wconf 87' lang='lat' dir='ltr'>dans</span> <span class='ocrx_word' id='word_1_523' title='bbox 1394 4264 1611 4317; x_wconf 86' lang='lat' dir='ltr'>lumina</span> <span class='ocrx_word' id='word_1_524' title='bbox 1644 4266 1825 4317; x_wconf 70' lang='lat' dir='ltr'>caecis.</span> 
     </span>
    </p>
   </div>
   <div class='ocr_carea' id='block_1_78' title="bbox 381 4353 1870 4425">
    <p class='ocr_par' dir='ltr' id='par_1_78' title="bbox 381 4353 1870 4425">
     <span class='ocr_line' id='line_1_78' title="bbox 381 4353 1870 4425; baseline 0 -19"><span class='ocrx_word' id='word_1_525' title='bbox 381 4356 625 4409; x_wconf 87' lang='lat' dir='ltr'>Venerat</span> <span class='ocrx_word' id='word_1_526' title='bbox 651 4361 705 4408; x_wconf 91' lang='lat' dir='ltr'>et</span> <span class='ocrx_word' id='word_1_527' title='bbox 737 4355 1008 4425; x_wconf 89' lang='lat' dir='ltr'>quoniam</span> <span class='ocrx_word' id='word_1_528' title='bbox 1037 4370 1207 4423; x_wconf 88' lang='lat' dir='ltr'>supra</span> <span class='ocrx_word' id='word_1_529' title='bbox 1240 4353 1307 4405; x_wconf 90' lang='lat' dir='ltr'>de</span> <span class='ocrx_word' id='word_1_530' title='bbox 1340 4353 1470 4405; x_wconf 87' lang='lat' dir='ltr'>sede</span> <span class='ocrx_word' id='word_1_531' title='bbox 1504 4354 1870 4424; x_wconf 78' lang='lat' dir='ltr'>Redemptor,</span> 
     </span>
    </p>
   </div>
   <div class='ocr_carea' id='block_1_79' title="bbox 383 4441 1839 4514">
    <p class='ocr_par' dir='ltr' id='par_1_79' title="bbox 383 4441 1839 4514">
     <span class='ocr_line' id='line_1_79' title="bbox 383 4441 1839 4514; baseline -0.001 -16"><span class='ocrx_word' id='word_1_532' title='bbox 383 4446 454 4499; x_wconf 90' lang='lat' dir='ltr'>Ut</span> <span class='ocrx_word' id='word_1_533' title='bbox 484 4445 720 4514; x_wconf 89' lang='lat' dir='ltr'>proprio</span> <span class='ocrx_word' id='word_1_534' title='bbox 747 4449 932 4497; x_wconf 90' lang='lat' dir='ltr'>totum</span> <span class='ocrx_word' id='word_1_535' title='bbox 958 4444 1198 4495; x_wconf 89' lang='lat' dir='ltr'>salvaret</span> <span class='ocrx_word' id='word_1_536' title='bbox 1230 4441 1505 4511; x_wconf 90' lang='lat' dir='ltr'>sanguine</span> <span class='ocrx_word' id='word_1_537' title='bbox 1536 4444 1839 4510; x_wconf 89' lang='lat' dir='ltr'>mundum,</span> 
     </span>
    </p>
   </div>
   <div class='ocr_carea' id='block_1_80' title="bbox 2185 4208 3627 4279">
    <p class='ocr_par' dir='ltr' id='par_1_80' title="bbox 2185 4208 3627 4279">
     <span class='ocr_line' id='line_1_80' title="bbox 2185 4208 3627 4279; baseline 0.003 -20"><span class='ocrx_word' id='word_1_538' title='bbox 2185 4209 2263 4259; x_wconf 90' lang='lat' dir='ltr'>Ac</span> <span class='ocrx_word' id='word_1_539' title='bbox 2294 4223 2472 4276; x_wconf 89' lang='lat' dir='ltr'>genus</span> <span class='ocrx_word' id='word_1_540' title='bbox 2503 4213 2558 4259; x_wconf 89' lang='lat' dir='ltr'>et</span> <span class='ocrx_word' id='word_1_541' title='bbox 2587 4208 2831 4276; x_wconf 89' lang='lat' dir='ltr'>patriam</span> <span class='ocrx_word' id='word_1_542' title='bbox 2862 4225 2961 4262; x_wconf 89' lang='lat' dir='ltr'>seu</span> <span class='ocrx_word' id='word_1_543' title='bbox 2996 4209 3164 4263; x_wconf 83' lang='lat' dir='ltr'>fortia</span> <span class='ocrx_word' id='word_1_544' title='bbox 3189 4210 3437 4263; x_wconf 90' lang='lat' dir='ltr'>scribere</span> <span class='ocrx_word' id='word_1_545' title='bbox 3465 4216 3627 4279; x_wconf 89' lang='lat' dir='ltr'>gesta</span> 
     </span>
    </p>
   </div>
   <div class='ocr_carea' id='block_1_81' title="bbox 2186 4295 3654 4370">
    <p class='ocr_par' dir='ltr' id='par_1_81' title="bbox 2186 4295 3654 4370">
     <span class='ocr_line' id='line_1_81' title="bbox 2186 4295 3654 4370; baseline 0.003 -21"><span class='ocrx_word' id='word_1_546' title='bbox 2186 4295 2267 4349; x_wconf 84' lang='lat' dir='ltr'>Ad</span> <span class='ocrx_word' id='word_1_547' title='bbox 2301 4295 2524 4348; x_wconf 87' lang='lat' dir='ltr'>laudem</span> <span class='ocrx_word' id='word_1_548' title='bbox 2560 4296 2803 4364; x_wconf 90' lang='lat' dir='ltr'>Domini,</span> <span class='ocrx_word' id='word_1_549' title='bbox 2833 4295 2956 4350; x_wconf 66' lang='lat' dir='ltr'>hazc</span> <span class='ocrx_word' id='word_1_550' title='bbox 2982 4300 3144 4367; x_wconf 87' lang='lat' dir='ltr'>cujus</span> <span class='ocrx_word' id='word_1_551' title='bbox 3169 4299 3377 4352; x_wconf 88' lang='lat' dir='ltr'>virtute</span> <span class='ocrx_word' id='word_1_552' title='bbox 3410 4300 3654 4370; x_wconf 87' lang='lat' dir='ltr'>peregit,</span> 
     </span>
    </p>
   </div>
   <div class='ocr_carea' id='block_1_82' title="bbox 2189 4383 3857 4453">
    <p class='ocr_par' dir='ltr' id='par_1_82' title="bbox 2189 4383 3857 4453">
     <span class='ocr_line' id='line_1_82' title="bbox 2189 4383 3857 4453; baseline 0.002 -17"><span class='ocrx_word' id='word_1_553' title='bbox 2189 4383 2477 4453; x_wconf 86' lang='lat' dir='ltr'>Quidquid</span> <span class='ocrx_word' id='word_1_554' title='bbox 2512 4386 2666 4437; x_wconf 90' lang='lat' dir='ltr'>enim</span> <span class='ocrx_word' id='word_1_555' title='bbox 2697 4386 2956 4439; x_wconf 88' lang='lat' dir='ltr'>canimus</span> <span class='ocrx_word' id='word_1_556' title='bbox 2988 4403 3280 4440; x_wconf 83' lang='lat' dir='ltr'>servorum</span> <span class='ocrx_word' id='word_1_557' title='bbox 3304 4387 3361 4440; x_wconf 93' lang='lat' dir='ltr'>in</span> <span class='ocrx_word' id='word_1_558' title='bbox 3388 4388 3553 4442; x_wconf 89' lang='lat' dir='ltr'>laude</span> <span class='ocrx_word' id='word_1_559' title='bbox 3578 4388 3857 4452; x_wconf 88' lang='lat' dir='ltr'>bonorum,</span> 
     </span>
    </p>
   </div>
   <div class='ocr_carea' id='block_1_83' title="bbox 2186 4472 3773 4544">
    <p class='ocr_par' dir='ltr' id='par_1_83' title="bbox 2186 4472 3773 4544">
     <span class='ocr_line' id='line_1_83' title="bbox 2186 4472 3773 4544; baseline 0.001 -18"><span class='ocrx_word' id='word_1_560' title='bbox 2186 4472 2434 4542; x_wconf 86' lang='lat' dir='ltr'>Respicit</span> <span class='ocrx_word' id='word_1_561' title='bbox 2468 4474 2536 4526; x_wconf 89' lang='lat' dir='ltr'>ad</span> <span class='ocrx_word' id='word_1_562' title='bbox 2573 4474 2908 4539; x_wconf 90' lang='lat' dir='ltr'>Dominum;</span> <span class='ocrx_word' id='word_1_563' title='bbox 2941 4475 3103 4544; x_wconf 90' lang='lat' dir='ltr'>cujus</span> <span class='ocrx_word' id='word_1_564' title='bbox 3133 4475 3241 4528; x_wconf 88' lang='lat' dir='ltr'>hoc</span> <span class='ocrx_word' id='word_1_565' title='bbox 3270 4490 3511 4528; x_wconf 88' lang='lat' dir='ltr'>munere</span> <span class='ocrx_word' id='word_1_566' title='bbox 3542 4478 3773 4529; x_wconf 88' lang='lat' dir='ltr'>sumunt</span> 
     </span>
    </p>
   </div>
   <div class='ocr_carea' id='block_1_84' title="bbox 382 4530 1985 4655">
    <p class='ocr_par' dir='ltr' id='par_1_84' title="bbox 382 4530 1651 4655">
     <span class='ocr_line' id='line_1_84' title="bbox 382 4530 1581 4600; baseline -0.002 -14"><span class='ocrx_word' id='word_1_567' title='bbox 382 4534 609 4600; x_wconf 91' lang='lat' dir='ltr'>lllusus,</span> <span class='ocrx_word' id='word_1_568' title='bbox 644 4549 841 4597; x_wconf 62' lang='lat' dir='ltr'>cassus,</span> <span class='ocrx_word' id='word_1_569' title='bbox 874 4532 1195 4597; x_wconf 87' lang='lat' dir='ltr'>damnatus,</span> <span class='ocrx_word' id='word_1_570' title='bbox 1223 4530 1581 4599; x_wconf 88' lang='lat' dir='ltr'>dispoliatus,</span> 
     </span>
     <span class='ocr_line' id='line_1_85' title="bbox 387 4619 1651 4655; baseline 0 0"><span class='ocrx_word' id='word_1_571' title='bbox 387 4622 597 4655; x_wconf 72' lang='grc' dir='ltr'>ι..,ι;η;η</span> <span class='ocrx_word' id='word_1_572' title='bbox 631 4622 840 4655; x_wconf 44' lang='lat' dir='ltr'>unum.</span> <span class='ocrx_word' id='word_1_573' title='bbox 880 4622 1046 4655; x_wconf 68' lang='grc' dir='ltr'>ιητιον</span> <span class='ocrx_word' id='word_1_574' title='bbox 1081 4619 1425 4655; x_wconf 46' lang='lat' dir='ltr'>inuisam.”</span> <span class='ocrx_word' id='word_1_575' title='bbox 1483 4620 1651 4655; x_wconf 63' lang='grc' dir='ltr'>ςητιον</span> 
     </span>
    </p>
   </div>
   <div class='ocr_carea' id='block_1_85' title="bbox 2170 4530 3771 4655">
    <p class='ocr_par' dir='ltr' id='par_1_85' title="bbox 2186 4530 3771 4632">
     <span class='ocr_line' id='line_1_86' title="bbox 2186 4530 3771 4632; baseline 0 -18"><span class='ocrx_word' id='word_1_576' title='bbox 2186 4530 2325 4614; x_wconf 79' lang='lat' dir='ltr'>Cum</span> <span class='ocrx_word' id='word_1_577' title='bbox 2362 4562 2505 4614; x_wconf 89' lang='lat' dir='ltr'>bene</span> <span class='ocrx_word' id='word_1_578' title='bbox 2540 4562 2639 4631; x_wconf 89' lang='lat' dir='ltr'>qui</span> <span class='ocrx_word' id='word_1_579' title='bbox 2669 4530 2918 4632; x_wconf 74' lang='lat' dir='ltr'>produnt</span> <span class='ocrx_word' id='word_1_580' title='bbox 2943 4530 3161 4631; x_wconf 70' lang='lat' dir='ltr'>justum</span> <span class='ocrx_word' id='word_1_581' title='bbox 3193 4567 3247 4615; x_wconf 86' lang='lat' dir='ltr'>et</span> <span class='ocrx_word' id='word_1_582' title='bbox 3276 4562 3564 4617; x_wconf 89' lang='lat' dir='ltr'>laudabile</span> <span class='ocrx_word' id='word_1_583' title='bbox 3597 4562 3771 4617; x_wconf 89' lang='lat' dir='ltr'>sancti</span> 
     </span>
    </p>
   </div>
   <div class='ocr_carea' id='block_1_86' title="bbox 378 4620 3856 4722">
    <p class='ocr_par' dir='ltr' id='par_1_86' title="bbox 378 4620 3856 4722">
     <span class='ocr_line' id='line_1_87' title="bbox 378 4620 3856 4722; baseline 0 -22"><span class='ocrx_word' id='word_1_584' title='bbox 378 4622 597 4722; x_wconf 38' lang='lat' dir='ltr'>{udlﬂo</span> <span class='ocrx_word' id='word_1_585' title='bbox 631 4632 841 4722; x_wconf 38' lang='lat'>&quot;1395“)</span> <span class='ocrx_word' id='word_1_586' title='bbox 871 4622 1048 4674; x_wconf 50' lang='lat' dir='ltr'>Iudex</span> <span class='ocrx_word' id='word_1_587' title='bbox 1074 4627 1449 4722; x_wconf 35' lang='lat' dir='ltr'>Jlf‘SUSS‘m-mf”</span> <span class='ocrx_word' id='word_1_588' title='bbox 1483 4620 1653 4722; x_wconf 42' lang='lat' dir='ltr'>1.&quot;ng</span> <span class='ocrx_word' id='word_1_589' title='bbox 1716 4710 1750 4722; x_wconf 42' lang='grc' dir='ltr'>Η</span> <span class='ocrx_word' id='word_1_590' title='bbox 2113 4620 2156 4655; x_wconf 73' lang='grc' dir='ltr'><em>υ</em></span> <span class='ocrx_word' id='word_1_591' title='bbox 2183 4648 2366 4701; x_wconf 85' lang='lat' dir='ltr'>Mente</span> <span class='ocrx_word' id='word_1_592' title='bbox 2392 4664 2563 4701; x_wconf 89' lang='lat' dir='ltr'>manu</span> <span class='ocrx_word' id='word_1_593' title='bbox 2603 4648 2820 4718; x_wconf 89' lang='lat' dir='ltr'>lingua,</span> <span class='ocrx_word' id='word_1_594' title='bbox 2859 4649 3204 4710; x_wconf 87' lang='lat' dir='ltr'>meditando,</span> <span class='ocrx_word' id='word_1_595' title='bbox 3227 4650 3540 4720; x_wconf 86' lang='lat' dir='ltr'>operando,</span> <span class='ocrx_word' id='word_1_596' title='bbox 3569 4648 3856 4720; x_wconf 88' lang='lat' dir='ltr'>loquendo,</span> 
     </span>
    </p>
   </div>
   <div class='ocr_carea' id='block_1_87' title="bbox 378 4710 3854 4807">
    <p class='ocr_par' dir='ltr' id='par_1_87' title="bbox 378 4710 3854 4807">
     <span class='ocr_line' id='line_1_88' title="bbox 378 4710 3854 4807; baseline -0.001 -19"><span class='ocrx_word' id='word_1_597' title='bbox 378 4711 930 4807; x_wconf 33' lang='lat' dir='ltr'>{Psflj‘maexuemo</span> <span class='ocrx_word' id='word_1_598' title='bbox 962 4710 1283 4807; x_wconf 46' lang='lat' dir='ltr'>cruc&#39;ﬁXPS’</span> <span class='ocrx_word' id='word_1_599' title='bbox 1320 4714 1375 4761; x_wconf 58' lang='lat' dir='ltr'>et</span> <span class='ocrx_word' id='word_1_600' title='bbox 1408 4711 1539 4807; x_wconf 46' lang='lat' dir='ltr'>{nde</span> <span class='ocrx_word' id='word_1_601' title='bbox 1570 4710 1846 4807; x_wconf 27' lang='lat' dir='ltr'>“familias,</span> <span class='ocrx_word' id='word_1_602' title='bbox 2184 4736 2305 4800; x_wconf 89' lang='lat' dir='ltr'>Quo</span> <span class='ocrx_word' id='word_1_603' title='bbox 2340 4736 2463 4789; x_wconf 86' lang='lat' dir='ltr'>sine</span> <span class='ocrx_word' id='word_1_604' title='bbox 2494 4737 2678 4806; x_wconf 84' lang='lat' dir='ltr'>pulvis</span> <span class='ocrx_word' id='word_1_605' title='bbox 2700 4738 2871 4790; x_wconf 85' lang='lat' dir='ltr'>homo</span> <span class='ocrx_word' id='word_1_606' title='bbox 2896 4744 3006 4805; x_wconf 87' lang='lat' dir='ltr'>est;</span> <span class='ocrx_word' id='word_1_607' title='bbox 3034 4754 3146 4807; x_wconf 82' lang='lat' dir='ltr'>quo</span> <span class='ocrx_word' id='word_1_608' title='bbox 3169 4754 3299 4791; x_wconf 89' lang='lat' dir='ltr'>cum</span> <span class='ocrx_word' id='word_1_609' title='bbox 3322 4736 3402 4790; x_wconf 91' lang='lat' dir='ltr'>nil</span> <span class='ocrx_word' id='word_1_610' title='bbox 3426 4738 3655 4791; x_wconf 89' lang='lat' dir='ltr'>charius</span> <span class='ocrx_word' id='word_1_611' title='bbox 3675 4740 3854 4792; x_wconf 84' lang='lat' dir='ltr'>exstat.</span> 
     </span>
    </p>
   </div>
   <div class='ocr_carea' id='block_1_88' title="bbox 381 4797 1937 4868">
    <p class='ocr_par' dir='ltr' id='par_1_88' title="bbox 381 4797 1937 4868">
     <span class='ocr_line' id='line_1_89' title="bbox 381 4797 1937 4868; baseline -0.001 -16"><span class='ocrx_word' id='word_1_612' title='bbox 381 4798 775 4852; x_wconf 82' lang='lat' dir='ltr'>Multimodum</span> <span class='ocrx_word' id='word_1_613' title='bbox 810 4815 1044 4867; x_wconf 87' lang='lat' dir='ltr'>superas</span> <span class='ocrx_word' id='word_1_614' title='bbox 1074 4797 1322 4868; x_wconf 89' lang='lat' dir='ltr'>spolium</span> <span class='ocrx_word' id='word_1_615' title='bbox 1350 4798 1620 4850; x_wconf 82' lang='lat' dir='ltr'>relevavit</span> <span class='ocrx_word' id='word_1_616' title='bbox 1650 4798 1718 4850; x_wconf 88' lang='lat' dir='ltr'>ad</span> <span class='ocrx_word' id='word_1_617' title='bbox 1751 4814 1937 4851; x_wconf 88' lang='lat' dir='ltr'>auras.</span> 
     </span>
    </p>
   </div>
   <div class='ocr_carea' id='block_1_89' title="bbox 381 4886 1881 4957">
    <p class='ocr_par' dir='ltr' id='par_1_89' title="bbox 381 4886 1881 4957">
     <span class='ocr_line' id='line_1_90' title="bbox 381 4886 1881 4957; baseline -0.001 -16"><span class='ocrx_word' id='word_1_618' title='bbox 381 4888 517 4942; x_wconf 90' lang='lat' dir='ltr'>Inde</span> <span class='ocrx_word' id='word_1_619' title='bbox 550 4888 746 4957; x_wconf 91' lang='lat' dir='ltr'>polum</span> <span class='ocrx_word' id='word_1_620' title='bbox 778 4894 1101 4957; x_wconf 85' lang='lat' dir='ltr'>penetrans,</span> <span class='ocrx_word' id='word_1_621' title='bbox 1132 4888 1252 4956; x_wconf 88' lang='lat' dir='ltr'>jam</span> <span class='ocrx_word' id='word_1_622' title='bbox 1285 4886 1448 4938; x_wconf 87' lang='lat' dir='ltr'>dictis</span> <span class='ocrx_word' id='word_1_623' title='bbox 1478 4887 1629 4939; x_wconf 90' lang='lat' dir='ltr'>dona</span> <span class='ocrx_word' id='word_1_624' title='bbox 1660 4886 1881 4941; x_wconf 86' lang='lat' dir='ltr'>remisit</span> 
     </span>
    </p>
   </div>
   <div class='ocr_carea' id='block_1_90' title="bbox 381 4974 1768 5046">
    <p class='ocr_par' dir='ltr' id='par_1_90' title="bbox 381 4974 1768 5046">
     <span class='ocr_line' id='line_1_91' title="bbox 381 4974 1768 5046; baseline -0.001 -17"><span class='ocrx_word' id='word_1_625' title='bbox 381 4975 684 5046; x_wconf 89' lang='lat' dir='ltr'>Discipulis</span> <span class='ocrx_word' id='word_1_626' title='bbox 711 4975 989 5046; x_wconf 88' lang='lat' dir='ltr'>promissa</span> <span class='ocrx_word' id='word_1_627' title='bbox 1018 4974 1153 5039; x_wconf 84' lang='lat' dir='ltr'>suis,</span> <span class='ocrx_word' id='word_1_628' title='bbox 1186 4974 1312 5042; x_wconf 90' lang='lat' dir='ltr'>quis</span> <span class='ocrx_word' id='word_1_629' title='bbox 1342 4974 1588 5043; x_wconf 86' lang='lat' dir='ltr'>Spiritus</span> <span class='ocrx_word' id='word_1_630' title='bbox 1619 4975 1768 5045; x_wconf 91' lang='lat' dir='ltr'>ignis</span> 
     </span>
    </p>
   </div>
   <div class='ocr_carea' id='block_1_91' title="bbox 380 5062 1805 5133">
    <p class='ocr_par' dir='ltr' id='par_1_91' title="bbox 380 5062 1805 5133">
     <span class='ocr_line' id='line_1_92' title="bbox 380 5062 1805 5133; baseline -0.001 -16"><span class='ocrx_word' id='word_1_631' title='bbox 380 5064 557 5117; x_wconf 80' lang='lat' dir='ltr'>Affuit</span> <span class='ocrx_word' id='word_1_632' title='bbox 586 5065 644 5117; x_wconf 90' lang='lat' dir='ltr'>in</span> <span class='ocrx_word' id='word_1_633' title='bbox 674 5063 859 5133; x_wconf 86' lang='lat' dir='ltr'>specie</span> <span class='ocrx_word' id='word_1_634' title='bbox 892 5068 1140 5128; x_wconf 89' lang='lat' dir='ltr'>sanctus,</span> <span class='ocrx_word' id='word_1_635' title='bbox 1177 5063 1317 5115; x_wconf 88' lang='lat' dir='ltr'>dans</span> <span class='ocrx_word' id='word_1_636' title='bbox 1348 5062 1543 5115; x_wconf 93' lang='lat' dir='ltr'>munia</span> <span class='ocrx_word' id='word_1_637' title='bbox 1568 5063 1805 5133; x_wconf 63' lang='lat' dir='ltr'>linguas,</span> 
     </span>
    </p>
   </div>
   <div class='ocr_carea' id='block_1_92' title="bbox 383 5149 1733 5222">
    <p class='ocr_par' dir='ltr' id='par_1_92' title="bbox 383 5149 1733 5222">
     <span class='ocr_line' id='line_1_93' title="bbox 383 5149 1733 5222; baseline -0.001 -17"><span class='ocrx_word' id='word_1_638' title='bbox 383 5150 505 5214; x_wconf 86' lang='lat' dir='ltr'>Qua</span> <span class='ocrx_word' id='word_1_639' title='bbox 530 5156 765 5222; x_wconf 91' lang='lat' dir='ltr'>possent</span> <span class='ocrx_word' id='word_1_640' title='bbox 794 5150 1010 5203; x_wconf 89' lang='lat' dir='ltr'>mundo</span> <span class='ocrx_word' id='word_1_641' title='bbox 1045 5149 1330 5218; x_wconf 86' lang='lat' dir='ltr'>magnalia</span> <span class='ocrx_word' id='word_1_642' title='bbox 1358 5149 1473 5201; x_wconf 91' lang='lat' dir='ltr'>visa</span> <span class='ocrx_word' id='word_1_643' title='bbox 1500 5150 1733 5203; x_wconf 85' lang='lat' dir='ltr'>referre.</span> 
     </span>
    </p>
   </div>
   <div class='ocr_carea' id='block_1_93' title="bbox 2257 4834 3767 4905">
    <p class='ocr_par' dir='ltr' id='par_1_93' title="bbox 2257 4834 3767 4905">
     <span class='ocr_line' id='line_1_94' title="bbox 2257 4834 3767 4905; baseline -0.002 -18"><span class='ocrx_word' id='word_1_644' title='bbox 2257 4836 2306 4887; x_wconf 84' lang='lat'>5.</span> <span class='ocrx_word' id='word_1_645' title='bbox 2342 4834 2482 4887; x_wconf 87' lang='lat' dir='ltr'>Nam</span> <span class='ocrx_word' id='word_1_646' title='bbox 2515 4840 2761 4903; x_wconf 88' lang='lat' dir='ltr'>quantus</span> <span class='ocrx_word' id='word_1_647' title='bbox 2791 4835 2984 4899; x_wconf 87' lang='lat' dir='ltr'>fuerit,</span> <span class='ocrx_word' id='word_1_648' title='bbox 3021 4835 3182 4905; x_wconf 87' lang='lat' dir='ltr'>cujus</span> <span class='ocrx_word' id='word_1_649' title='bbox 3214 4834 3556 4889; x_wconf 87' lang='lat' dir='ltr'>describitur</span> <span class='ocrx_word' id='word_1_650' title='bbox 3585 4841 3767 4899; x_wconf 81' lang='lat' dir='ltr'>actus;</span> 
     </span>
    </p>
   </div>
   <div class='ocr_carea' id='block_1_94' title="bbox 2184 4921 3567 4993">
    <p class='ocr_par' dir='ltr' id='par_1_94' title="bbox 2184 4921 3567 4993">
     <span class='ocr_line' id='line_1_95' title="bbox 2184 4921 3567 4993; baseline 0.002 -20"><span class='ocrx_word' id='word_1_651' title='bbox 2184 4921 2379 4985; x_wconf 83' lang='lat' dir='ltr'>Qualis</span> <span class='ocrx_word' id='word_1_652' title='bbox 2411 4923 2469 4974; x_wconf 93' lang='lat' dir='ltr'>in</span> <span class='ocrx_word' id='word_1_653' title='bbox 2500 4922 2606 4974; x_wconf 90' lang='lat' dir='ltr'>hoc</span> <span class='ocrx_word' id='word_1_654' title='bbox 2630 4922 2834 4989; x_wconf 86' lang='lat' dir='ltr'>virtus,</span> <span class='ocrx_word' id='word_1_655' title='bbox 2869 4922 3070 4993; x_wconf 90' lang='lat' dir='ltr'>pietas,</span> <span class='ocrx_word' id='word_1_656' title='bbox 3102 4923 3328 4977; x_wconf 89' lang='lat' dir='ltr'>devotio</span> <span class='ocrx_word' id='word_1_657' title='bbox 3358 4924 3567 4993; x_wconf 90' lang='lat' dir='ltr'>qualis,</span> 
     </span>
    </p>
   </div>
   <div class='ocr_carea' id='block_1_95' title="bbox 2186 5010 3540 5081">
    <p class='ocr_par' dir='ltr' id='par_1_95' title="bbox 2186 5010 3540 5081">
     <span class='ocr_line' id='line_1_96' title="bbox 2186 5010 3540 5081; baseline 0.001 -18"><span class='ocrx_word' id='word_1_658' title='bbox 2186 5010 2450 5063; x_wconf 90' lang='lat' dir='ltr'>Centenis</span> <span class='ocrx_word' id='word_1_659' title='bbox 2477 5010 2669 5063; x_wconf 89' lang='lat' dir='ltr'>nullus</span> <span class='ocrx_word' id='word_1_660' title='bbox 2696 5011 2906 5081; x_wconf 91' lang='lat' dir='ltr'>poterit</span> <span class='ocrx_word' id='word_1_661' title='bbox 2934 5011 3271 5080; x_wconf 88' lang='lat' dir='ltr'>depromere</span> <span class='ocrx_word' id='word_1_662' title='bbox 3303 5012 3540 5081; x_wconf 90' lang='lat' dir='ltr'>linguis,</span> 
     </span>
    </p>
   </div>
   <div class='ocr_carea' id='block_1_96' title="bbox 2185 5098 3547 5153">
    <p class='ocr_par' dir='ltr' id='par_1_96' title="bbox 2185 5098 3547 5153">
     <span class='ocr_line' id='line_1_97' title="bbox 2185 5098 3547 5153; baseline 0.001 -2"><span class='ocrx_word' id='word_1_663' title='bbox 2185 5098 2421 5151; x_wconf 88' lang='lat' dir='ltr'>Gutture</span> <span class='ocrx_word' id='word_1_664' title='bbox 2455 5098 2755 5152; x_wconf 89' lang='lat' dir='ltr'>millesono</span> <span class='ocrx_word' id='word_1_665' title='bbox 2782 5099 3029 5153; x_wconf 89' lang='lat' dir='ltr'>tonitrus</span> <span class='ocrx_word' id='word_1_666' title='bbox 3056 5099 3103 5152; x_wconf 91' lang='lat' dir='ltr'>si</span> <span class='ocrx_word' id='word_1_667' title='bbox 3134 5116 3291 5153; x_wconf 89' lang='lat' dir='ltr'>more</span> <span class='ocrx_word' id='word_1_668' title='bbox 3322 5100 3507 5153; x_wconf 87' lang='lat' dir='ltr'>boarit</span> <span class='ocrx_word' id='word_1_669' title='bbox 3536 5115 3547 5153; x_wconf 92' lang='lat'><strong>:</strong></span> 
     </span>
    </p>
   </div>
   <div class='ocr_carea' id='block_1_97' title="bbox 2186 5186 3708 5258">
    <p class='ocr_par' dir='ltr' id='par_1_97' title="bbox 2186 5186 3708 5258">
     <span class='ocr_line' id='line_1_98' title="bbox 2186 5186 3708 5258; baseline 0.001 -19"><span class='ocrx_word' id='word_1_670' title='bbox 2186 5186 2336 5250; x_wconf 87' lang='lat' dir='ltr'>Quin</span> <span class='ocrx_word' id='word_1_671' title='bbox 2360 5188 2550 5241; x_wconf 91' lang='lat' dir='ltr'>minus</span> <span class='ocrx_word' id='word_1_672' title='bbox 2581 5188 2701 5241; x_wconf 71' lang='lat' dir='ltr'>haec</span> <span class='ocrx_word' id='word_1_673' title='bbox 2730 5189 2931 5258; x_wconf 86' lang='lat' dir='ltr'>gracili</span> <span class='ocrx_word' id='word_1_674' title='bbox 2957 5205 3219 5242; x_wconf 87' lang='lat' dir='ltr'>sermone</span> <span class='ocrx_word' id='word_1_675' title='bbox 3242 5190 3455 5242; x_wconf 85' lang='lat' dir='ltr'>referre</span> <span class='ocrx_word' id='word_1_676' title='bbox 3485 5188 3708 5253; x_wconf 90' lang='lat' dir='ltr'>valebo,</span> 
     </span>
    </p>
   </div>
   <div class='ocr_carea' id='block_1_98' title="bbox 452 5272 3690 5347">
    <p class='ocr_par' dir='ltr' id='par_1_98' title="bbox 452 5272 3690 5347">
     <span class='ocr_line' id='line_1_99' title="bbox 452 5272 3690 5347; baseline -0.001 -16"><span class='ocrx_word' id='word_1_677' title='bbox 452 5278 502 5330; x_wconf 87' lang='lat'>3.</span> <span class='ocrx_word' id='word_1_678' title='bbox 541 5274 609 5331; x_wconf 85' lang='lat' dir='ltr'>Hi</span> <span class='ocrx_word' id='word_1_679' title='bbox 636 5290 867 5345; x_wconf 88' lang='lat' dir='ltr'>quoque</span> <span class='ocrx_word' id='word_1_680' title='bbox 898 5272 1164 5343; x_wconf 88' lang='lat' dir='ltr'>pervigili</span> <span class='ocrx_word' id='word_1_681' title='bbox 1188 5273 1541 5343; x_wconf 88' lang='lat' dir='ltr'>complentes</span> <span class='ocrx_word' id='word_1_682' title='bbox 1563 5272 1722 5342; x_wconf 88' lang='lat' dir='ltr'>jussa</span> <span class='ocrx_word' id='word_1_683' title='bbox 1753 5273 1965 5340; x_wconf 88' lang='lat' dir='ltr'>labore,</span> <span class='ocrx_word' id='word_1_684' title='bbox 2183 5274 2291 5338; x_wconf 89' lang='lat' dir='ltr'>Qui</span> <span class='ocrx_word' id='word_1_685' title='bbox 2326 5276 2482 5329; x_wconf 90' lang='lat' dir='ltr'>rudis</span> <span class='ocrx_word' id='word_1_686' title='bbox 2514 5275 2779 5341; x_wconf 84' lang='lat' dir='ltr'>existens,</span> <span class='ocrx_word' id='word_1_687' title='bbox 2812 5276 3038 5347; x_wconf 90' lang='lat' dir='ltr'>apicum</span> <span class='ocrx_word' id='word_1_688' title='bbox 3069 5276 3385 5346; x_wconf 89' lang='lat' dir='ltr'>primordia</span> <span class='ocrx_word' id='word_1_689' title='bbox 3416 5276 3507 5329; x_wconf 76' lang='lat' dir='ltr'>vix</span> <span class='ocrx_word' id='word_1_690' title='bbox 3538 5290 3690 5329; x_wconf 92' lang='lat' dir='ltr'>nunc</span> 
     </span>
    </p>
   </div>
   <div class='ocr_carea' id='block_1_99' title="bbox 452 5430 3859 5507">
    <p class='ocr_par' dir='ltr' id='par_1_99' title="bbox 452 5430 3859 5507">
     <span class='ocr_line' id='line_1_100' title="bbox 452 5430 3859 5507; baseline -0.002 -18"><span class='ocrx_word' id='word_1_691' title='bbox 452 5444 477 5467; x_wconf 78' lang='grc' dir='ltr'>ι</span> <span class='ocrx_word' id='word_1_692' title='bbox 505 5436 696 5507; x_wconf 56' lang='lat' dir='ltr'>Esech.</span> <span class='ocrx_word' id='word_1_693' title='bbox 731 5451 872 5500; x_wconf 79' lang='lat' dir='ltr'>XLIV,</span> <span class='ocrx_word' id='word_1_694' title='bbox 902 5438 976 5507; x_wconf 15' lang='lat'>2.7</span> <span class='ocrx_word' id='word_1_695' title='bbox 1904 5505 1917 5507; x_wconf 96' lang='lat'>_</span> <span class='ocrx_word' id='word_1_696' title='bbox 2028 5505 2034 5507; x_wconf 18' lang='grc' dir='ltr'><strong>Α</strong></span> <span class='ocrx_word' id='word_1_697' title='bbox 2255 5445 2275 5469; x_wconf 71' lang='grc' dir='ltr'><strong><em>ο</em></strong></span> <span class='ocrx_word' id='word_1_698' title='bbox 2305 5436 2503 5498; x_wconf 86' lang='lat' dir='ltr'>Gehon,</span> <span class='ocrx_word' id='word_1_699' title='bbox 2535 5438 2844 5492; x_wconf 89' lang='lat' dir='ltr'>secundam</span> <span class='ocrx_word' id='word_1_700' title='bbox 2876 5436 3027 5491; x_wconf 91' lang='lat' dir='ltr'>inter</span> <span class='ocrx_word' id='word_1_701' title='bbox 3051 5442 3320 5507; x_wconf 90' lang='lat' dir='ltr'>quatuor,</span> <span class='ocrx_word' id='word_1_702' title='bbox 3343 5436 3587 5491; x_wconf 85' lang='lat' dir='ltr'>ﬂumina</span> <span class='ocrx_word' id='word_1_703' title='bbox 3607 5430 3859 5507; x_wconf 10' lang='lat' dir='ltr'>Paradiﬁsi,</span> 
     </span>
    </p>
   </div>
   <div class='ocr_carea' id='block_1_100' title="bbox 451 5504 3856 5576">
    <p class='ocr_par' dir='ltr' id='par_1_100' title="bbox 451 5504 3856 5576">
     <span class='ocr_line' id='line_1_101' title="bbox 451 5504 3856 5576; baseline 0.002 -22"><span class='ocrx_word' id='word_1_704' title='bbox 451 5504 755 5565; x_wconf 46' lang='lat' dir='ltr'>maxime;</span> <span class='ocrx_word' id='word_1_705' title='bbox 796 5506 1079 5576; x_wconf 74' lang='lat' dir='ltr'>signiticet</span> <span class='ocrx_word' id='word_1_706' title='bbox 1113 5508 1746 5576; x_wconf 88' lang='lat' dir='ltr'>amantemequorum,</span> <span class='ocrx_word' id='word_1_707' title='bbox 1800 5521 1863 5559; x_wconf 87' lang='lat' dir='ltr'>ac</span> <span class='ocrx_word' id='word_1_708' title='bbox 1903 5505 2075 5560; x_wconf 86' lang='lat' dir='ltr'>belli-</span> <span class='ocrx_word' id='word_1_709' title='bbox 2183 5509 2384 5563; x_wconf 87' lang='lat' dir='ltr'>Genes.</span> <span class='ocrx_word' id='word_1_710' title='bbox 2445 5524 2501 5571; x_wconf 84' lang='grc' dir='ltr'><strong>ιι,</strong></span> <span class='ocrx_word' id='word_1_711' title='bbox 2562 5512 2647 5574; x_wconf 88' lang='grc'>13,</span> <span class='ocrx_word' id='word_1_712' title='bbox 2706 5511 2955 5563; x_wconf 75' lang='lat' dir='ltr'>circumit</span> <span class='ocrx_word' id='word_1_713' title='bbox 3018 5504 3225 5563; x_wconf 67' lang='lat' dir='ltr'>omnem</span> <span class='ocrx_word' id='word_1_714' title='bbox 3287 5515 3488 5562; x_wconf 79' lang='lat' dir='ltr'>terram</span> <span class='ocrx_word' id='word_1_715' title='bbox 3556 5506 3856 5572; x_wconf 60' lang='grc' dir='ltr'>[Ειὴίορω.</span> 
     </span>
    </p>
   </div>
   <div class='ocr_carea' id='block_1_101' title="bbox 383 5575 1556 5645">
    <p class='ocr_par' dir='ltr' id='par_1_101' title="bbox 383 5575 1556 5645">
     <span class='ocr_line' id='line_1_102' title="bbox 383 5575 1556 5645; baseline -0.003 -15"><span class='ocrx_word' id='word_1_716' title='bbox 383 5590 602 5639; x_wconf 90' lang='lat' dir='ltr'>cosum,</span> <span class='ocrx_word' id='word_1_717' title='bbox 634 5592 697 5628; x_wconf 88' lang='lat' dir='ltr'>ac</span> <span class='ocrx_word' id='word_1_718' title='bbox 727 5575 1072 5645; x_wconf 85' lang='lat' dir='ltr'>generosum</span> <span class='ocrx_word' id='word_1_719' title='bbox 1104 5577 1371 5644; x_wconf 85' lang='lat' dir='ltr'>intelligit</span> <span class='ocrx_word' id='word_1_720' title='bbox 1402 5575 1556 5627; x_wconf 85' lang='lat' dir='ltr'>Milo.</span> 
     </span>
    </p>
   </div>
  </div>
