4078 6180
180 303 283 355 933
1391 300 1477 352 DE
1520 301 1675 354 VITA
1713 300 1768 353 S.

1995 298 2098 352 lDl.
2134 330 2193 338 —
2223 300 2350 353 LIB.
2400 303 2440 355 I.
3578 306 3682 356 934

178 432 464 493 Αᾶάἰᾱὶοί,
501 431 760 486 doctrina
791 436 846 484 et
885 430 1038 485 verbi
1072 430 1309 484 ﬂumine
1339 432 1538 497 siccus,
1916 436 1961 486 Α
1992 431 2390 501 Cognatosque
2423 448 2553 484 suos
2588 431 2848 500 linquens
2880 432 3178 501 p-‘s-t-grina
3210 432 3430 503 petivit.

180 521 327 585 Quid
362 520 612 574 faciam?
646 522 846 589 loquar
875 536 947 572 an
979 526 1194 572 taceam
1227 520 1320 589 pia
1352 526 1507 589 gesta
1542 520 1811 573 Patroni?
1990 522 2085 572 Est
2122 521 2275 572 locus
2306 520 2513 573 Oceani
2546 520 2761 572 distans
2793 537 2823 571 a
2854 522 3043 573 liuore
3080 524 3293 588 magni,

182 612 312 664 Haec
343 610 480 679 quia
511 624 627 662 non
656 625 883 678 possum
917 608 1286 678 compingere
1325 608 1577 661 carmine
1611 609 1808 678 digno,
1991 609 2205 676 Nempe
2237 614 2438 678 quater
2470 608 2654 673 denis,
2694 614 2752 660 ut
2787 609 2982 673 fertur,
3022 610 3275 663 millibus
3307 627 3500 681 mque;

180 698 293 752 Sed
326 697 619 767 trepidum
653 712 780 766 spes
811 697 906 749 illa
932 696 1113 764 juvat,
1150 696 1354 749 fiducia
1382 696 1594 762 ﬁrmat,
1989 698 2178 749 Insula
2212 713 2324 766 quo
2368 696 2584 766 prtebet
2617 698 2976 749 venientibus
3006 698 3145 766 Ogia
3177 704 3427 766 portum,

177 786 341 850 Quod
376 792 602 839 sanctus
637 785 903 837 mihimet
936 786 1143 853 poterit
1174 785 1429 853 praebere
1462 783 1737 853 loquendi
1991 785 2111 847 Quo
2141 784 2373 837 veniens
2403 800 2585 853 agnus
2618 784 2759 837 lanis
2793 786 3165 838 candentibus
3197 786 3380 852 albus,

176 875 361 937 Vires,
392 875 489 944 qui
521 874 701 927 valuit
733 873 903 926 mutis
931 874 1189 925 conferre
1216 872 1524 942 loquelam.
1996 876 2282 943 Excipitur
2314 874 2479 926 niveo
2509 889 2682 943 grege
2707 874 3098 943 congaudente
3130 875 3414 943 benigne;

177 961 433 1016 Sacratis
462 963 745 1031 precibus,
781 978 911 1014 cum
944 978 1070 1031 spes
1104 962 1249 1014 hanc
1282 962 1444 1014 firma
1476 964 1728 1028 rogaret,
1993 962 2351 1032 Emicuitque
2378 962 2533 1015 brevi
2570 963 2785 1014 meritis
2820 962 2880 1014 in
2912 966 3171 1031 tempore
3206 963 3465 1015 summis.

177 1051 355 1121 Cujus
387 1056 442 1104 et
472 1052 531 1104 iu
566 1052 831 1104 manibus
862 1050 1133 1120 speciosis
1165 1058 1189 1082 α
1218 1050 1406 1118 regius
1434 1048 1622 1102 infans
1992 1053 2058 1105 Et
2090 1051 2223 1120 quia
2249 1052 2559 1119 scripturas
2584 1051 2799 1103 curavit
2830 1052 3045 1103 discere
3078 1067 3283 1116 sacras,

174 1140 519 1194 Sermonem
551 1140 765 1203 didicit,
803 1155 975 1208 quem
1008 1153 1307 1208 nunquam
1339 1139 1595 1206 corporis
1622 1153 1732 1189 usu
1992 1138 2128 1202 Quis
2158 1138 2317 1190 labor
2350 1144 2429 1190 est
2457 1138 2665 1207 primo,
2699 1139 2793 1191 sed
2830 1143 2953 1207 post
2985 1139 3233 1206 pretiosa
3264 1138 3473 1191 laboris

178 1228 518 1298 Respondit,
554 1228 955 1296 modicumque
987 1226 1093 1279 fuit
1121 1226 1373 1294 proferre
1410 1226 1583 1277 latina
1992 1228 2255 1291 Praemia,
2290 1228 2589 1295 multiplici
2620 1228 2893 1279 virtutum
2922 1227 3085 1296 fruge
3113 1227 3414 1295 replenda;

180 1318 384 1383 Verba,
416 1317 512 1369 sed
546 1317 839 1369 liebraicze
870 1316 1227 1384 deprompsit
1258 1315 1467 1367 famine
1503 1315 1715 1382 linguas
1992 1316 2245 1385 Quzeque
2275 1316 2466 1368 cibant
2495 1316 2715 1368 animas
2747 1318 2971 1368 mortali
2995 1332 3163 1368 carne
3191 1321 3471 1385 gravatas,

172 1410 365 1461 Amen
401 1406 586 1470 dulce,
618 1406 723 1457 viri
753 1405 1048 1474 complens
1082 1404 1175 1472 pia
1205 1409 1334 1455 vota
1363 1403 1665 1471 peccantis.
1992 1404 2377 1469 Sanctificant,
2412 1410 2632 1467 curant,
2668 1405 2904 1464 salvant,
2934 1410 3313 1474 vegetantque
3346 1406 3683 1474 perornant;

174 1496 351 1563 Ergo,
387 1501 450 1547 ut
480 1495 586 1546 rite
618 1510 827 1562 queam
862 1492 1055 1544 laudes
1089 1507 1153 1543 ac
1184 1497 1340 1559 gesta
1367 1497 1564 1542 notare
1995 1494 2116 1546 Non
2150 1499 2340 1545 sancto
2374 1492 2656 1545 desiderio
2686 1493 2965 1561 protectio
3000 1492 3203 1546 Christi

174 1582 471 1636 Pontiﬁcis
499 1584 715 1651 magni,
750 1581 930 1633 divini
960 1581 1185 1648 postulo
1221 1580 1457 1647 supplex
1997 1581 2216 1644 Defuit;
2249 1582 2317 1634 ad
2349 1597 2637 1633 summum
2672 1581 2767 1633 sed
2804 1581 2946 1633 vexit
2976 1582 3202 1633 culmen
3233 1582 3520 1633 honorum

176 1671 455 1725 Flaminis
499 1670 793 1734 auxilium,
840 1668 993 1736 quod
1038 1669 1295 1720 continet
1334 1666 1546 1733 omnia,
1590 1668 1884 1736 complens
1926 1732 1958 1739 _
1993 1672 2147 1723 Talia
2179 1676 2553 1739 quaerentem,
2587 1670 2893 1733 sitientem,
2930 1674 2983 1721 et
3015 1675 3300 1722 amantem
3340 1670 3685 1722 Amandum.

172 1762 362 1825 Astra,
399 1759 615 1827 polum,
646 1759 908 1828 pelagus,
943 1764 1161 1821 terras;
1195 1773 1307 1826 quo
1338 1762 1539 1808 cuncta
1570 1762 1881 1825 reguntur;
1926 1732 1962 1783 Β
2064 1760 2115 1811 8.
2151 1759 2290 1811 Hinc
2338 1758 2555 1826 majora
2601 1774 2844 1827 sequens
2885 1774 3122 1825 operum
3157 1756 3452 1822 miracula,
3502 1758 3686 1811 dicam

176 1848 325 1902 Cum
372 1863 487 1917 quo
527 1848 725 1917 lingua
764 1846 939 1910 valet;
975 1846 1094 1898 sine
1144 1861 1257 1914 qua
1302 1844 1565 1897 facundia
1593 1850 1749 1897 muta
1778 1848 1879 1898 est.
1991 1845 2189 1908 Qualia
2219 1846 2500 1915 principio
2536 1845 2765 1897 Domini
2796 1844 3032 1898 devotus
3064 1850 3287 1897 amator

174 1935 232 1989 Si
266 1942 365 1987 tua
395 1939 529 1987 sunt
560 1950 688 2004 quas
721 1950 914 1995 narro,
954 1934 1116 1997 Deus,
1154 1948 1302 1984 nunc
1336 1948 1436 1984 oro
1470 1932 1725 1999 precanti
1991 1935 2194 1988 Prselia
2227 1934 2559 2003 praetulerit,
2591 1939 2645 1987 et
2678 1938 2919 2003 quantos
2952 1932 3080 1987 inde
3110 1932 3435 2001 triumphos

176 2023 415 2092 Eliugui
447 2023 713 2076 mihimet
743 2023 813 2076 da
847 2024 1059 2091 linguae
1093 2037 1303 2074 munus
1335 2022 1615 2074 honestae.
1992 2024 2256 2093 Corporis
2288 2039 2350 2076 ac
2382 2024 2589 2075 mentis
2622 2028 2887 2091 superato
2920 2022 3150 2074 sustulit
3181 2021 3362 2073 hoste.

1995 2113 2158 2165 Forte
2191 2112 2312 2164 dies
2344 2111 2540 2163 aderat
2570 2110 2854 2179 quaedam,
2887 2126 3000 2178 qua
3029 2109 3275 2162 instabat
3305 2107 3524 2177 agenda

1993 2200 2173 2254 Causa
2205 2198 2533 2252 monasterii
2558 2200 2676 2267 jam
2711 2199 2868 2266 dicti,
2897 2214 3123 2273 quaque
3157 2198 3475 2266 benignum

1995 2288 2194 2342 Eximii
2218 2288 2439 2341 Fratres
2470 2302 2713 2356 puerum
2746 2288 3033 2355 complere
3062 2287 3312 2357 volentes

1994 2378 2310 2446 lnjuuguut
2343 2392 2538 2429 causas
2569 2375 2791 2445 operis;
2827 2375 2977 2443 quod
3003 2379 3275 2443 protenus
3305 2373 3401 2426 ille

1995 2464 2245 2533 Impiger
2272 2464 2622 2533 exsequitur,
2658 2463 2875 2515 cunctis
2906 2462 3116 2515 servire
3150 2468 3401 2530 paratus,

1992 2553 2263 2607 Subditus
2294 2551 2571 2621 obsequio
2604 2551 2853 2604 famulus
2884 2551 3199 2603 celeranter
3228 2549 3289 2601 in
3330 2548 3507 2601 omni.

1990 2642 2099 2697 Sed
2133 2642 2269 2695 dum
2300 2640 2448 2693 forte
2482 2639 2670 2693 minus
2702 2640 2821 2692 loca
2852 2644 3079 2691 sanctus
3110 2637 3335 2706 cognita
3370 2637 3589 2700 lustrat,

1992 2732 2191 2785 Obviat
2225 2731 2535 2782 immanem
2572 2728 2842 2781 horrendi
2874 2728 3130 2798 corporis
3165 2742 3410 2796 anguem

1991 2819 2238 2887 Saevum,
2270 2818 2721 2888 squamigerum,
2754 2817 2965 2883 dirum,
2996 2821 3239 2881 vastum,
3270 2816 3684 2881 truculentum,

1993 2909 2175 2972 Quem
2216 2923 2359 2977 puer
2393 2906 2692 2975 aspiciens,
2742 2905 3068 2975 pariterque
3109 2906 3344 2957 horrore
3386 2920 3687 2973 pavescens

1924 3024 1965 3079 Ο
1993 2995 2286 3059 Terretur;
2316 3000 2524 3062 stupet,
2560 2994 2897 3057 admiratur,
2930 2998 2985 3045 et
3017 2992 3219 3045 anxius
3248 2992 3447 3057 haeret,

1996 3081 2395 3150 Attonitusque
2440 3079 2654 3145 tremit,
2697 3095 2810 3149 quo
2861 3094 3118 3147 gressum
3153 3083 3413 3143 verteret,
3445 3086 3465 3110 ⁶
3493 3076 3679 3146 angit.

1997 3170 2203 3222 Caelica
2232 3170 2327 3221 sel
2366 3168 2587 3221 Domini
2618 3184 2747 3220 mox
2778 3167 2931 3220 hunc
2962 3172 3025 3219 ut
3055 3166 3235 3237 gratia
3269 3167 3446 3233 fulsit,

1996 3257 2221 3311 Corruit
2251 3258 2310 3310 in
2342 3257 2567 3321 faciem,
2598 3260 2813 3309 terram
2845 3271 3072 3326 quoque
3098 3271 3337 3324 corpore
3370 3254 3596 3324 pressit,

1995 3346 2341 3417 Suppliciter
2372 3351 2599 3412 stratus,
2633 3345 2728 3399 sed
2759 3350 2950 3398 mente
2979 3345 3046 3397 ad
3080 3345 3263 3398 sidera
3296 3350 3507 3397 vectus.

2000 3436 2137 3489 Hinc
2169 3450 2398 3505 quoque
2430 3434 2722 3499 vexillum,
2752 3440 2960 3486 nostrae
2994 3450 3105 3503 quo
3137 3448 3361 3486 summa
3387 3431 3583 3485 salutis

1996 3524 2287 3589 Consistit,
2326 3524 2511 3577 valida
2540 3522 2811 3592 opposuit
2837 3522 3043 3575 virtute
3078 3523 3367 3591 chelydro.

1992 3614 2167 3667 Jussit
2197 3617 2251 3666 et
2282 3613 2349 3666 ad
2385 3617 2545 3665 notas
2588 3612 2752 3665 illum
2786 3627 3037 3664 remeare
3070 3611 3333 3663 latebras.

1996 3702 2202 3755 Letifer
2235 3706 2320 3755 ast
2351 3702 2565 3770 hydrus
2594 3700 2744 3769 signi
2778 3699 2986 3752 virtute
3014 3699 3295 3767 repulsus,

1996 3790 2284 3859 Etfugiens
2316 3789 2505 3855 rediit,
2538 3795 2858 3857 notumque
2892 3788 3146 3855 relapsus
3174 3787 3242 3838 ad
3274 3790 3526 3851 antrum,

1998 3879 2247 3933 Ulterius
2279 3878 2583 3931 hominum
2615 3892 2897 3945 nusquam
2930 3875 3252 3945 comparuit
3282 3874 3407 3939 ulli,

1995 3968 2355 4037 Ereptusque
2385 3968 2539 4019 locus
2574 3971 2732 4017 tanto
2762 3967 2879 4033 jam
2910 3964 3092 4016 dictus
3124 3965 3194 4015 ab
3227 3963 3387 4014 hoste
3419 3966 3523 4015 est.

1996 4058 2169 4109 Fama
2201 4061 2285 4109 est
2316 4060 2609 4124 serpentes
2634 4050 2660 4088 ἀ
2695 4054 2901 4105 Marsos
2928 4051 3158 4103 turbare
3188 4057 3378 4103 suetos

1996 4144 2212 4214 Exigua
2244 4144 2473 4197 sibimet
2502 4144 2712 4195 vallum
2746 4142 2947 4193 tellure
2978 4154 3198 4208 parare,

1993 4234 2156 4297 Quod
2200 4239 2447 4301 nequeat
2487 4230 2727 4284 transire
2772 4230 2976 4282 cohors
3018 4243 3323 4280 numerosa
3353 4230 3684 4280 nocentum.

1925 4309 1968 4362 D
1996 4320 2101 4374 Sed
2135 4321 2372 4374 meliore
2403 4302 2491 4372 via
2526 4320 2769 4371 multum
2804 4317 3168 4386 praestantius
3201 4315 3304 4369 iste

868 4412 1093 4467 CAPUT
1134 4412 1198 4465 ΙΙ.
1998 4409 2269 4478 Reppulit
2300 4408 2511 4474 ignitus
2539 4408 2730 4461 divino
2762 4406 2973 4459 famine
3002 4406 3177 4458 rictus

1995 4496 2308 4565 Serpentis,
2342 4502 2565 4549 sanctus
2596 4501 2911 4564 prostratus
2946 4495 3003 4547 in
3029 4509 3237 4563 aggere
3273 4498 3439 4546 terra:

1996 4586 2103 4638 Per
2130 4585 2330 4637 vexilla
2357 4584 2557 4648 crucis,
2590 4584 2780 4653 digitis
2812 4599 2940 4652 qua)
2971 4582 3156 4651 pinxit
3186 4583 3240 4634 in
3277 4581 3445 4647 arvis,

1999 4675 2113 4726 Hoc
2142 4672 2394 4742 primum
2422 4672 2667 4741 patravit
2698 4687 2870 4740 opus;
2900 4671 3051 4739 quod
3086 4670 3191 4723 rite
3225 4676 3485 4724 notatum

253 2150 307 2201 6.
343 2146 449 2200 Sed
497 2144 657 2216 prius
698 2162 823 2198 arce
866 2161 1047 2214 genus
1090 2143 1263 2197 rutila
1294 2144 1634 2198 celebrabile
1667 2150 1883 2199 cretum

178 2240 204 2279 ι)
238 2238 497 2305 Pangere
525 2234 693 2304 gestit
719 2250 901 2300 amor,
936 2233 1265 2303 cursimque
1297 2239 1495 2287 notare
1529 2233 1753 2287 beatam

176 2324 527 2391 Progeniem
566 2322 731 2390 Justi,
762 2322 1069 2392 primoque
1102 2322 1309 2375 referre
1352 2322 1564 2392 priora,

175 2413 478 2477 Quatenus
509 2411 738 2464 infixam
777 2407 1023 2464 radicem
1058 2411 1266 2480 pagina
1300 2426 1532 2463 servans

176 2501 418 2555 Arboris
450 2500 693 2564 eximias,
730 2500 963 2553 demum
994 2500 1266 2568 prmcelsa
1296 2516 1557 2569 propago

176 2591 500 2644 Remorum
532 2592 587 2640 et
619 2589 831 2641 celsum
864 2590 1095 2641 tollatur
1127 2588 1195 2641 ad
1228 2595 1378 2640 astra
1407 2604 1704 2641 cacumen.

175 2678 277 2730 Est
310 2678 473 2746 regio
506 2676 757 2746 antiquis
788 2676 1094 2746 Aquitania
1126 2676 1271 2729 dicta
1304 2676 1543 2739 colonis,

179 2766 557 2834 Bellipotens,
591 2771 647 2817 et
676 2766 1009 2834 frugiferax,
1043 2766 1441 2835 populosaque
1476 2766 1663 2829 tellus,

177 2854 447 2909 Fertilior
480 2860 673 2907 tamen
704 2860 761 2906 et
788 2855 1035 2906 multum
1071 2854 1371 2907 fecundior
1402 2854 1534 2905 hinc
1565 2859 1667 2918 est,

178 2944 345 3008 Quod
377 2944 548 2997 talem
587 2944 833 2996 fructum
864 2944 1189 2995 venerando
1220 2943 1459 3012 protulit
1491 2947 1642 2995 ortu.

180 3033 316 3085 Haec
344 3032 470 3091 tibi,
505 3031 608 3083 rite
636 3031 773 3083 colis
802 3046 972 3101 quem
1001 3031 1195 3091 Gallia,
1236 3029 1388 3082 misit
1418 3029 1763 3095 Amandum,

179 3120 403 3173 Nobilis
432 3121 564 3171 huic
598 3119 825 3187 genitor
856 3119 1059 3185 fuerat,
1095 3120 1192 3189 qui
1219 3119 1348 3187 jure
1376 3118 1622 3172 Serenus

180 3210 276 3262 Est
308 3209 511 3273 dictus,
547 3208 818 3277 quoniam
854 3208 1066 3260 meruit
1095 3222 1373 3277 generare
1407 3222 1699 3259 serenum.

180 3297 428 3367 Egregia
454 3303 511 3349 et
541 3296 783 3364 genitrix
811 3301 895 3347 est
926 3297 1088 3365 cujus
1120 3295 1383 3348 Amantia
1418 3296 1588 3349 dicta.

178 3387 327 3439 Rem
363 3385 625 3453 stupidus
653 3384 829 3436 miror
860 3384 1052 3437 divino
1090 3400 1327 3436 munere
1362 3388 1602 3450 gestam,

181 3474 352 3537 Quod
386 3473 495 3525 sibi
524 3472 869 3526 conveniunt
897 3474 1144 3542 genitor,
1178 3472 1438 3542 genitrix,
1475 3471 1814 3542 genitusque

180 3562 529 3618 Nominibus
559 3561 746 3629 dignis
776 3562 1059 3615 donorum
1094 3578 1335 3614 munera
1364 3562 1562 3614 fantes.

180 3653 450 3721 Namque
480 3651 728 3704 Serenus
761 3666 957 3718 ovans,
990 3650 1235 3719 genitrix
1263 3656 1318 3703 et
1350 3650 1614 3703 Amantia
1644 3650 1883 3718 pollens,

180 3742 310 3794 Non
348 3740 561 3792 mirum
589 3744 669 3791 est
704 3744 979 3808 generant
1008 3740 1053 3791 si
1082 3740 1253 3792 talem
1283 3739 1411 3808 jure
1440 3739 1719 3807 puellum,

182 3830 436 3883 Nomine
466 3828 561 3898 qui
596 3829 769 3880 sancti
810 3834 1165 3881 memoratur
1195 3828 1403 3880 amoris
1433 3828 1748 3882 Amandus.

178 3920 221 3971 Ο
253 3918 391 3971 felix
431 3918 605 3986 regio,
652 3933 779 3986 quae
813 3917 982 3969 talem
1021 3917 1388 3985 promeruisti

180 4008 461 4073 Cernere,
493 4007 639 4059 ferre
673 4006 882 4071 virum,
915 4005 1163 4058 nutrice!
1200 4004 1351 4056 hunc
1390 4003 1435 4055 si
1466 4003 1744 4057 tenuisses

181 4096 309 4148 Non
346 4098 520 4146 tantae
551 4099 853 4164 quaterent
882 4098 935 4146 te
968 4109 1117 4146 nunc
1151 4093 1280 4145 hinc
1310 4093 1439 4145 inde
1472 4092 1758 4161 procellae.

183 4184 336 4253 Ergo
372 4184 583 4237 Serene
615 4188 777 4251 pater
806 4182 902 4235 tali
936 4198 1040 4251 pro
1073 4182 1315 4251 pignore
1348 4182 1526 4245 salve;

182 4272 407 4342 Inclyta
434 4276 615 4325 mater
640 4288 756 4334 ave,
796 4288 923 4341 qum
954 4271 1105 4324 claro
1140 4270 1400 4340 germine
1430 4270 1622 4323 flores.

187 4550 321 4603 Vita
360 4545 400 4601 S
424 4585 437 4598 .
480 4543 727 4597 Amandi
772 4546 1073 4597 monastica
1120 4546 1178 4596 in
1216 4545 1397 4597 insula
1439 4546 1611 4610 Ogia.
1655 4546 1885 4615 Serpens

459 4617 706 4681 fugatus.
752 4616 1028 4668 Promissa
1062 4617 1244 4683 patris
1284 4621 1605 4683 contempta.

247 4752 304 4801 '7.
342 4746 456 4811 Qui
489 4762 629 4815 puer
657 4762 688 4798 a
718 4748 879 4799 cuuis
912 4746 1226 4817 primordia
1252 4746 1398 4801 forte
1432 4748 1657 4803 minora

1998 4762 2356 4830 Linquimus,
2391 4761 2497 4812 hoc
2527 4759 2651 4811 aliis
2680 4764 2804 4828 post
2834 4763 3027 4811 narret
3054 4759 3260 4812 scheda
3291 4760 3519 4813 futuris.

176 4835 427 4891 Sumere
463 4836 801 4896 detrectans,
836 4836 1064 4904 signum
1094 4837 1250 4890 dedit
1281 4837 1681 4907 imperfectum
1998 4850 2143 4919 Ergo
2170 4848 2374 4901 humili
2404 4852 2533 4900 voto
2565 4852 2639 4911 te,
2670 4849 2863 4900 Pastor
2898 4847 3173 4910 Amande,
3203 4862 3527 4917 precamur,

175 4924 244 4977 Se
278 4924 366 4977 nil
401 4924 544 4976 velle
574 4924 767 4993 sequi;
802 4941 1084 4978 summam
1117 4926 1379 4979 subvexit
1404 4927 1475 4979 ad
1504 4943 1692 4981 arcem

1995 4938 2309 5007 Antiquam
2340 4942 2401 4990 ut
2435 4938 2607 5007 pellas
2641 4952 2910 5005 anguem,
2941 4936 3039 5006 qui
3074 4951 3313 5004 corpora
3345 4939 3539 4987 nostra

174 5010 429 5065 Iustitiae
460 5026 740 5079 gressum,
769 5028 1025 5065 crescens
1054 5017 1218 5065 astate
1255 5013 1478 5065 Beatus.

2001 5027 2123 5080 Non
2154 5042 2357 5079 curans
2387 5027 2621 5090 laniare,
2657 5024 2862 5077 animis
2891 5024 3069 5093 magis
3102 5027 3258 5093 optat
3289 5023 3491 5075 acerba

179 5098 505 5153 lmmodico
537 5099 761 5152 fervens
791 5116 920 5152 cum
955 5100 1157 5153 Christi
1188 5101 1416 5153 arderet
1441 5116 1659 5169 amore,
1998 5115 2275 5168 vulniﬁco
2306 5114 2511 5167 nostris
2544 5113 2840 5167 infundere
2868 5113 3036 5165 dente
3064 5127 3305 5176 venena,

180 5188 451 5241 Πθδθτυίῖ
478 5190 741 5257 Patriam.
774 5189 915 5243 δίουί
946 5190 1289 5243 Venerabilis
1320 5191 1553 5256 Abram,
2002 5203 2443 5257 Flammivomus
2470 5203 2729 5255 flammas
2760 5208 2815 5255 et
2845 5201 3067 5271 spirans
3097 5202 3300 5270 igneus
3330 5199 3512 5269 ignes.

251 5343 764 5423 fSLSi‘gebertps,
812 5350 869 5399 ut
913 5362 1084 5417 supra
1125 5350 1181 5401 et
1224 5350 1270 5401 1.
1306 5347 1601 5402 Februarii
1636 5346 1880 5403 dictum.
2000 5344 2216 5423 ferunt)
2254 5345 2591 5423 viminesse
2632 5350 2827 5397 contra
2867 5346 3162 5423 serpentes
3206 5341 3525 5423 naturalem
3552 5339 3692 5423 olim

250 5418 276 5457 b
302 5412 621 5468 Aliud’ms.
659 5419 917 5481 Tangere.
986 5412 1001 5417 ’
2000 5416 2304 5469 creditum.
2356 5417 2501 5470 Plin.
2537 5417 2631 5469 lib.
2672 5432 2767 5480 vn,
2803 5432 2924 5485 cap.
2958 5417 3010 5468 2.
3047 5414 3147 5468 Hic
3181 5430 3284 5483 pro
3318 5412 3695 5467 incantatori-

249 5512 272 5538 c
305 5488 487 5553 Angit
522 5488 861 5540 neutraliter
886 5487 1137 5557 positum
1170 5505 1273 5558 pro
1303 5491 1548 5557 angitur.
2000 5487 2107 5540 bus
2138 5487 2314 5557 accipi
2345 5503 2378 5540 a
2406 5488 2609 5541 Milone
2642 5486 2923 5540 videntur.

249 5558 277 5598 ά
310 5558 517 5610 Marsis
558 5558 733 5611 Italiae
780 5560 1007 5628 populis
1058 5560 1219 5630 (quos
1259 5576 1292 5613 a
1339 5561 1525 5614 Circes
1563 5559 1680 5613 ﬁlio
1738 5565 1894 5614 ortos
