4078 6180
424 274 529 329 935
1332 328 1339 335 ν
1670 262 1944 317 MILONIS
1977 261 2291 318 MONACHI
2334 264 2389 315 S.
2431 262 2698 317 AMANDI
3801 269 3886 319 936

425 411 534 476 Qui
567 411 692 475 tibi,
724 412 913 462 sancte
935 407 1119 469 Pater,
1144 402 1439 473 proprium
1469 400 1788 454 transmisit
1816 401 2116 463 alumnum
2153 401 2199 453 Λ
2229 402 2302 453 Ac
2337 398 2609 452 Dominus
2640 402 2855 466 noster,
2886 398 2985 470 qui
3015 403 3194 453 totam
3228 398 3481 453 condidit
3509 398 3724 466 orbem,

428 502 669 570 Serpens
699 500 1020 565 serpentem
1054 507 1265 545 saevum
1300 491 1417 556 (sed
1450 506 1599 542 sazva
1626 490 1867 543 serendo
2227 489 2349 540 Non
2383 488 2552 541 habet
2583 487 2852 557 exiguum
2881 492 3113 553 tectum,
3147 504 3260 558 quo
3292 487 3549 541 membra
3577 489 3825 559 reclinet;

428 589 636 642 Saevior
665 582 914 649 advenit,
950 583 1109 649 cujus
1141 579 1248 632 fuit
1282 579 1378 632 ille
1410 578 1691 646 minister)
2226 578 2290 630 Et
2321 577 2460 630 mihi
2495 593 2702 646 magna
2731 576 2935 629 domus
2966 576 3122 629 vario
3156 576 3444 646 pingenda
3473 576 3663 630 colore
3692 578 3800 631 est?

428 677 493 730 In
524 672 1069 728 Centumcellensem
1104 669 1332 731 urbem;
1368 667 1521 737 quod
1554 673 1688 719 tunc
1719 666 1859 720 duce
1896 665 2116 719 Christo
2227 668 2483 735 Namque
2518 666 2701 719 bonus
2734 682 2845 719 non
2876 665 3036 719 miles
3070 666 3161 718 hic
3190 671 3291 729 est,
3328 665 3427 735 qui
3451 665 3583 734 jure
3612 666 3885 721 colendum

429 763 636 818 Ordine
669 762 774 814 rite
807 777 931 824 suo,
962 774 1090 811 cum
1125 758 1262 810 illuc
1298 772 1633 825 pervenero,
1669 770 1936 824 pangam.
2234 757 2447 808 Deserit
2472 756 2625 808 aerio
2657 755 2841 807 solum
2874 755 2979 807 sub
3012 754 3266 823 tegmine
3296 754 3528 823 Regem,

430 854 589 906 Nunc
636 851 743 903 iter
792 849 1083 915 inceptum
1130 846 1383 915 gradior,
1427 844 1787 913 hydrumque
1829 843 2113 912 relinquo,
2231 844 2294 896 Et
2322 844 2464 912 petit
2496 844 2615 912 ipse
2648 844 2819 913 fugax
2854 842 3123 896 umbrosa
3153 842 3451 895 cacumina
3478 843 3611 895 tecti
3644 859 3657 895 :

427 940 623 993 Cresce
654 952 799 1007 puer
829 937 1033 988 virtute
1067 922 1231 996 neva,
1264 932 1338 985 sic
1370 932 1477 984 ibis
1508 932 1575 984 ad
1613 936 1781 985 astra.
2228 933 2474 986 Urbibus
2500 933 2595 986 ille
2630 934 2825 985 decem
2854 932 3114 1001 praeferri
3143 947 3349 1000 nempe
3385 930 3667 1001 nequibit,

498 1048 548 1097 9_
584 1045 645 1097 ιη
680 1042 913 1112 puerilis
944 1041 1127 1093 adhuc
1159 1038 1343 1091 mimis
1374 1038 1513 1090 ίιυτρ
1543 1038 1740 1090 beatus
2226 1023 2422 1075 Palma
2447 1026 2503 1074 et
2532 1038 2662 1091 qua:
2694 1021 2867 1074 fuerit
2897 1022 3099 1090 capulo
3136 1020 3258 1073 sine
3290 1021 3479 1090 palma
3506 1019 3767 1087 neganda
3801 1024 3888 1074 est.

426 1134 818 1193 Succrescens,
854 1130 1056 1182 studiis
1086 1128 1359 1180 virtutum
1392 1127 1644 1179 intentus
1676 1125 1948 1189 honestis,
2229 1111 2343 1164 Rex
2387 1126 2550 1163 men-‘5
2592 1115 2677 1163 est
2722 1110 2994 1176 Christus»
3034 1124 3395 1178 regnumque
3427 1108 3580 1161 illius
3611 1109 3885 1177 Olympus;

428 1224 676 1291 Corpore
709 1224 830 1273 erat
853 1218 1099 1287 juvenis,
1134 1217 1327 1269 senior
1354 1216 1450 1268 sed
1479 1231 1652 1267 canus
1678 1214 1735 1266 in
1768 1218 1915 1267 actu.
2227 1202 2325 1291 Αὲῐ
2356 1215 2459 1291 (ξεί)
2491 1214 2617 1291 εαξη
2649 1198 2811 1251 miles
2838 1213 3134 1267 nunquam
3161 1196 3470 1291 νίξιοθῐιάιιε
3495 1194 3803 1291 ᾼξηδηάῐιεν

426 1282 605 1374 Quem
640 1282 871 1378 genitor
898 1306 1080 1358 verbis
1112 1304 1463 1373 compellans
1492 1303 1751 1371 pluribus
1779 1302 1975 1368 ambit,
2231 1285 2487 1378 William
2513 1284 2566 1378 ,εί
2598 1300 2758 1337 θεῖ’νο
2793 1300 3008 1378 meam}
3041 1283 3393 1377 complecmf‘
3416 1287 3473 1335 ίιί
3502 1282 3686 1378 illum:

428 1368 757 1459 Rmmohet,
793 1397 1073 1457 hortatur,
1108 1368 1421 1457 blanditur,
1456 1368 1727 1459 postulat,
1757 1394 1881 1443 orat
2229 1371 2395 1423 “lum
2426 1376 2480 1422 θί
2505 1370 2631 1439 iure
2662 1386 2888 1440 Sequor,
2921 1370 3079 1439 cuius
3109 1368 3453 1459 cognomine
3486 1368 3664 1459 dicor-

428 1488 597 1539 Sacra
628 1484 957 1537 monasterii
990 1499 1101 1551 quo
1128 1482 1391 1549 linquens
1424 1481 1563 1532 atria
1602 1479 1799 1543 sancti,

2233 1459 2488 1511 Invideas
2523 1459 2663 1511 mihi
2694 1474 2764 1511 ne
2794 1464 3004 1524 tantos,
3040 1464 3223 1527 pater,
3257 1458 3489 1510 obsecro
3521 1458 3784 1521 honores,

433 1576 622 1627 Vertat
653 1574 761 1626 iter
789 1577 960 1634 retro,
994 1576 1049 1623 et
1080 1570 1373 1623 mundana
1406 1568 1634 1637 negotia
1668 1573 1846 1621 curet.
2234 1549 2323 1600 Εδῖ
2355 1548 2494 1599 mihi
2527 1547 2782 1600 Chrisms
2813 1563 2992 1612 amor:
3023 1547 3211 1612 "estisa
3246 1546 3551 1615 Ροδδθδείο,
3582 1546 3775 1611 “Cius,

429 1663 563 1726 Quis
610 1663 765 1715 labor
801 1661 986 1713 omnis
1018 1660 1184 1725 inest,
1220 1675 1333 1727 quo
1371 1658 1482 1709 sint
1523 1656 1643 1709 sine
1675 1661 1875 1709 cuncta
1907 1654 2039 1724 qnie

2280 1642 2298 1689 t
2332 1636 2557 1701 domus,
2602 1640 2656 1689 et
2697 1636 2900 1704 patria,
2940 1640 2995 1689 et
3037 1636 3214 1699 locus,
3266 1640 3323 1687 et
3367 1634 3705 1699 substantia,
3738 1640 3789 1686 et
3813 1648 3890 1685 au-

2281 1726 2448 1750 2..-..L2
2482 1726 2617 1750 MILI
2652 1726 2757 1750 ..ειη
2791 1730 2869 1750 Ant
2923 1741 2982 1750 ..Α
3013 1725 3230 1750 ιι“Α“ιισικ
3266 1723 3561 1750 ΜΛ-α;Λαιι;ο
3748 1721 3874 1750 rm...

431 1753 625 1813 Fraus,
658 1750 835 1812 furor,
872 1748 1119 1807 invidia),
1166 1746 1455 1809 violentia,
1490 1761 1643 1811 cura,
1680 1745 1977 1808 tumultus,
2164 1721 2201 1750 ο
2232 1726 2451 1779 Viventi
2482 1726 2623 1778 mihi
2652 1726 2760 1777 Vita
2788 1730 2892 1790 θεῖ»
2920 1741 2983 1777 δε
3013 1725 3232 1777 merum
3266 1723 3562 1813 Ψοτίθυίίὲ
3748 1721 3892 1813 [ulm-

432 1842 491 1893 In
528 1839 709 1891 varios
741 1855 901 1890 casus
928 1837 1228 1889 hominum
1265 1834 1581 1903 mergentia
1616 1838 1855 1886 mentes.

2283 1831 2351 1866 no
2388 1814 2504 1866 sine
2550 1814 2625 1865 nil
2666 1813 2851 1882 cupio,
2895 1817 2951 1865 et
2997 1828 3243 1881 quocum
3291 1812 3437 1865 bona
3467 1816 3670 1864 cuncta
3698 1810 3892 1864 tenebo.

432 1929 609 1981 Verba
642 1928 818 1997 patris
849 1926 1107 1986 Sani-tus,
1140 1941 1238 1977 ceu
1278 1923 1492 1992 spicula
1534 1922 1731 1987 toxica,
1773 1928 2042 1986 temnens1

1968 1938 2051 1986 ns,
2236 1904 2361 1955 Haec
2393 1900 2539 1970 patri
2583 1902 2822 1954 attonito
2857 1900 3139 1953 rescrebat
3170 1901 3339 1952 verba
3372 1900 3569 1953 beatus

432 2016 655 2086 Rejicit,
691 2015 953 2085 opposito
984 2013 1115 2066 tidei
1148 2012 1467 2064 munimine
1499 2011 1694 2064 fretus.
2234 1994 2382 2086 litore
2413 1990 2536 2059 3Pis
2569 2005 2875 2086 “culleus
2902 1988 3209 2086 SC‘Zi'Ptl‘lr‘B
3241 1988 3499 2084 εθνξηίηθ
3528 1988 3714 2084 ξῙοτθδο

429 2075 653 2159 Αη”χίυε’
675 2075 989 2172 aggerum,
1020 2120 1173 2155 casso
1205 2101 1507 2154 conamine
1540 2099 1663 2153 fusa
2234 2080 2484 2132 Plurima
2514 2078 2848 2148 praeteriens
2880 2076 3066 2129 studio
3100 2076 3395 2129 brevitatis
3430 2075 3654 2149 omitto,

432 2194 682 2247 Cernens
715 2193 903 2257 verba,
940 2190 1112 2243 minis
1147 2191 1319 2242 homo
1360 2189 1584 2241 vincere
1616 2187 1825 2240 talibus
1857 2186 2042 2239 instan

1989 2202 2074 2239 ms
2109 2202 2121 2239 ε
2231 2164 2431 2233 Adque
2456 2179 2522 2215 ea
2553 2178 2678 2232 quae
2712 2166 2927 2215 restant
2959 2160 3135 2213 veloci
3168 2160 3381 2213 famine
3411 2174 3599 2212 curro.

434 2283 502 2335 Ni
531 2286 778 2351 emptum
812 2284 1051 2333 testatur
1079 2287 1102 2311 τι
1134 2294 1297 2347 opus,
1336 2276 1713 2366 lialiituqu‘w
1746 2274 2051 2345 Γθιίηιῖυθλν
2900 2311 3124 2366 CAPUT
3164 2310 3255 2363 III.
3306 2334 3311 2339 υ

432 2372 863 2437 Mundanosque
895 2368 1039 2421 citus
1072 2383 1191 2419 sese
1222 2370 1516 2419 convertat
1545 2364 1612 2417 od
1645 2369 1819 2429 actus,

430 2460 552 2513 Jam
584 2458 801 2511 cunctis
831 2457 1019 2517 rebus,
1060 2455 1290 2507 fuerant
1319 2470 1445 2523 quae
1485 2470 1641 2505 more
1678 2458 1915 2521 paterno

2434 2438 2489 2492 S.
2533 2435 2777 2523 Amandi
2813 2436 3293 2523 clericatus.nVita
3330 2433 3722 2488 anachoretica.

434 2547 781 2605 Praebendze,
814 2544 1099 2597 hatredem
1135 2544 1345 2595 faceret
1375 2544 1735 2609 contemptus
1766 2540 1993 2593 inanem
2020 2556 2032 2603 ;

1834 2554 2032 2603 gnem;
2710 2509 2817 2561 lter
2849 2509 3089 2575 primum
3127 2509 3444 2560 Romanum.

434 2635 540 2689 Sed
574 2650 730 2687 sacer
757 2634 862 2686 ista
892 2648 1035 2702 puer
1067 2631 1369 2684 verborum
1400 2630 1635 2682 verbera
1666 2644 1961 2697 spernens,
2312 2636 2389 2688 10,
2424 2634 2563 2686 Hinc
2593 2631 2876 2685 desiderio
2910 2647 3023 2701 quo
3052 2635 3299 2700 cmperat
3330 2630 3576 2700 amplius
3610 2636 3785 2696 aucto,

435 2723 702 2778 Doctrina
736 2722 940 2791 plenus
971 2720 1147 2772 divini
1178 2718 1447 2783 ﬂaminis,
1480 2717 1667 2786 inquit
1702 2733 1713 2768 :
2232 2721 2469 2775 Sani-tus
2513 2720 2806 2773 Amandus
2850 2719 2968 2772 adit
3018 2720 3294 2783 Turones,
3341 2735 3682 2789 sacrumque
3727 2720 3893 2789 sepul-

435 2814 543 2877 Nil,
577 2816 758 2881 pater,
785 2826 903 2863 esse
936 2808 1075 2861 mihi
1108 2807 1408 2877 proprium
1435 2814 1571 2871 tam,
1596 2806 1786 2869 cliare,
1816 2809 2126 2869 memento,
2238 2810 2461 2863 Martini
2488 2810 2653 2878 petit,
2690 2826 2721 2862 a
2749 2808 2921 2861 sacris
2953 2812 3272 2877 prostratus
3304 2807 3361 2859 in
3394 2809 3560 2869 arvis,
3740 2808 3893 2877 [crum

434 2903 614 2966 Quam
644 2916 867 2954 sommo
894 2898 1103 2951 servire
1138 2898 1249 2949 Deo
1281 2896 1417 2949 dum
1454 2895 1672 2958 vixero;
1712 2893 1927 2963 quique
1994 2942 2005 2949 .
2236 2900 2448 2953 Alfectu
2481 2899 2666 2952 cordis
2699 2899 3035 2967 lacrymans,
3071 2902 3127 2950 et
3158 2902 3353 2966 pectus
3384 2898 3684 2951 honestum

435 2991 569 3043 Pars
604 3005 729 3042 mea
761 3003 891 3041 cum
921 2985 1111 3048 fuerit.
1147 3001 1277 3054 Pars
1308 2984 1458 3036 illius
1492 2999 1611 3035 0550
1645 2982 1930 3045 merebor.
2167 2999 2207 3053 ρ
2236 2988 2576 3041 Verberibus
2606 2987 2876 3054 tundens,
2905 2985 3147 3055 suspiria
3179 2987 3348 3051 longa
3376 2986 3673 3051 trahendo,

435 3076 601 3131 Sacra
632 3074 942 3143 evangelici
972 3077 1325 3126 memoratur
1356 3088 1489 3123 voce
1520 3070 1693 3123 libelli
1732 3073 1773 3135 ἶ),
2238 3079 2346 3131 Has
2376 3092 2543 3129 orans
2578 3076 2692 3128 imo
2729 3074 3000 3128 fundebat
3030 3079 3258 3143 pectore
3295 3090 3453 3126 voces
3486 3090 3498 3127 :

434 3164 761 3218 Promisisse
799 3166 971 3217 Deum
1008 3160 1289 3233 quaerenti
1321 3161 1452 3213 talia
1486 3161 1653 3213 Petro
1687 3176 1699 3212 :
2237 3164 2280 3218 Ο
2312 3164 2545 3217 Martine
2577 3179 2752 3227 sacer,
2781 3178 2951 3233 quem
2984 3163 3178 3216 cmlica
3210 3178 3385 3232 regna
3416 3167 3719 3229 retentant,

434 3254 711 3306 Omnibus
744 3252 979 3322 abjectis
1012 3268 1132 3317 vos,
1165 3250 1263 3319 qui
1299 3265 1425 3301 mea
1448 3249 1604 3317 jussa
1633 3250 1957 3317 sequentes,
2237 3252 2480 3306 Obsecro
2512 3257 2573 3305 ut
2604 3252 2862 3305 obtineas
2891 3251 3039 3320 apud
3072 3252 3256 3317 illum,
3291 3250 3453 3321 cujus
3487 3252 3722 3316 baberis,

436 3342 647 3394 Cuncta
677 3341 1021 3393 caducorum
1052 3337 1313 3407 sprevisti
1342 3335 1592 3389 culmina
1622 3334 1922 3393 honorum,
2236 3341 2408 3410 Cujus
2442 3345 2496 3394 et
2525 3340 2815 3409 obsequiis
2842 3339 3067 3409 jugitur
3092 3340 3394 3408 copulatus
3426 3340 3699 3407 adhmres,

435 3430 575 3484 Cum
607 3431 749 3483 Deus
777 3429 1090 3481 mthereum
1128 3425 1329 3478 mundi
1363 3424 1466 3476 sub
1498 3424 1612 3476 line
1646 3422 1893 3476 tribunal
2240 3431 2317 3483 Ne
2352 3434 2606 3500 repetam
2636 3430 2820 3482 natale
2852 3428 3055 3495 solum,
3088 3434 3371 3498 notosque
3405 3428 3632 3483 relictos

434 3517 672 3581 Sederit,
705 3522 759 3593 et
790 3515 1019 3585 rapidus
1046 3519 1313 3566 cunctum
1348 3511 1691 3565 subverterit
1714 3510 1934 3573 orbem,
2238 3518 2456 3589 Dirigat
2484 3522 2659 3588 utque
2695 3534 2850 3570 meos
2881 3533 3106 3587 gressus
3139 3517 3199 3570 in
3229 3517 3367 3570 calle
3396 3518 3630 3583 salubri,

436 3607 689 3659 ΕΧυΓθιΙδ
722 3604 839 3673 igni
873 3610 1074 3667 ῑθῐτειετ
1117 3608 1497 3671 pontumque,
1530 3600 1865 3669 polumque,
2236 3608 2307 3661 Ut
2337 3612 2589 3677 coeptum
2622 3622 2894 3677 peragam
2926 3622 3155 3659 cursum
3189 3607 3525 3676 peregrinus
3555 3611 3612 3660 et
3640 3605 3799 3669 exsul,

435 3696 593 3748 Tunc
626 3710 724 3747 VOS
750 3693 963 3747 bisseni
994 3691 1240 3745 I‘GSidel‘e
1269 3690 1325 3741 in
1358 3690 1606 3753 58dibus.
1639 3693 1809 3759 atque
2238 3696 2544 3749 Finetenus
2575 3695 2759 3749 carnis
2787 3695 2969 3749 donec
3000 3695 3069 3748 de
3098 3710 3319 3747 carcere
3351 3695 3554 3749 solvar.

433 3783 655 3839 Judicio
689 3783 855 3837 faciet
885 3787 1036 3835 recto
1064 3780 1380 3850 disquirere
1413 3779 1717 3832 mundum.
2239 3786 2366 3838 limo
2397 3789 2624 3838 sanctus
2652 3784 2874 3837 tumulo
2906 3784 3112 3837 sacrati
3150 3783 3402 3852 corporis
3435 3784 3675 3847 haerens,

437 3874 635 3928 Omnis
662 3872 837 3935 enim.
875 3870 1221 3941 quicumque
1253 3885 1380 3921 meo
1411 3868 1725 3921 conductus
1757 3881 1952 3919 amore
2239 3872 2542 3926 Promebat
2572 3871 2768 3925 multis
2794 3871 2950 3925 vario
2978 3876 3034 3925 et
3066 3887 3327 3925 sermone
3362 3872 3625 3942 querelis,

438 3961 735 4031 Postponit
761 3960 1066 4024 mundum,
1100 3975 1200 4011 seu
1229 3959 1465 4011 nomina
1499 3972 1627 4010 cara
1660 3959 1985 4025 parentum,
2242 3961 2315 4014 Ex
2345 3960 2522 4013 oculis
2551 3960 2830 4029 lacrymas
2860 3958 3127 4023 fundens,
3160 3974 3226 4011 ex
3260 3975 3356 4012 ore
3384 3960 3657 4029 loquelas.

437 4049 828 4117 Centuplicata
856 4062 1063 4116 gerens
1095 4046 1299 4115 capiet,
1334 4045 1625 4114 vitamque
1656 4058 1989 4113 perennem.
2238 4048 2371 4103 Inde
2397 4064 2622 4101 comam
2654 4048 2856 4118 capitis
2886 4048 3035 4101 ferro
3064 4047 3274 4101 decidit
3303 4047 3539 4113 ibidem,

437 4139 591 4205 Inde,
631 4139 839 4192 Serene
865 4140 1049 4205 pater,
1082 4151 1197 4187 non
1229 4133 1462 4186 auribus
1490 4133 1659 4185 audio
1693 4132 1897 4198 surdis,
2240 4138 2587 4207 Mmavitque
2620 4137 2881 4190 habitum
2912 4137 3047 4190 cieri
3085 4136 3316 4189 sortitus
3346 4136 3644 4191 honorem.

438 4227 666 4297 Egregii
697 4228 980 4278 memorat
1011 4239 1138 4292 qua!
1165 4221 1376 4290 pagina
1408 4225 1601 4273 sancta
1630 4219 1826 4283 libelli,
2238 4229 2424 4295 Atque
2454 4226 2609 4279 velut
2638 4225 2802 4278 miles
2832 4225 3047 4279 terreni
3074 4224 3244 4295 Regis
3269 4225 3325 4277 in
3359 4227 3487 4278 aula

439 4314 778 4367 Psalmicani
808 4312 1035 4365 tibimet
1063 4310 1312 4363 breviter
1338 4324 1565 4378 quoque
1597 4308 1747 4360 dicta
1775 4307 2026 4360 citantur
2173 4302 2215 4355 Ι)
2243 4313 2483 4383 Cingula
2514 4314 2847 4381 suscipiens,
2885 4313 3105 4382 pondus
3136 4312 3386 4381 perferre
3419 4312 3625 4367 laboris

441 4403 560 4469 Illa,
595 4402 805 4471 quibus
837 4400 1039 4453 recinit
1070 4415 1081 4452 :
1117 4397 1391 4451 Dominus
1425 4413 1551 4449 mea
1581 4396 1768 4467 portio
1799 4396 1953 4449 solus
1984 4404 2022 4461 ο,
2245 4403 2475 4455 Ferrata
2504 4402 2608 4454 sub
2636 4405 2785 4454 veste
2816 4402 2977 4465 solet,
3008 4400 3087 4453 sic
3118 4400 3359 4469 belliger
3391 4402 3495 4454 iste

442 4490 552 4544 Lex
579 4489 847 4558 inscripta
876 4487 1036 4558 jubet
1062 4487 1272 4540 tabulis
1306 4486 1375 4538 de
1410 4502 1551 4554 rupe
1585 4483 1777 4538 recisis
2115 4477 2123 4488 ’
2242 4490 2541 4559 lngrueret
2571 4489 2974 4559 quodcumque
3006 4489 3221 4542 malum
3252 4491 3470 4542 laturus
3500 4489 3559 4542 in
3593 4489 3723 4543 orbe

440 4578 657 4633 Levitas
690 4578 837 4631 inter
866 4578 1065 4630 fratres
1094 4592 1206 4629 non
1234 4576 1431 4629 tollere
1462 4579 1687 4644 partem
1714 4574 1757 4628 ἀ.
2240 4576 2479 4631 Sustulit
2502 4592 2661 4629 arma
2691 4577 2881 4631 Crucis
2913 4575 3165 4629 victricia
3195 4576 3434 4645 signifer
3464 4579 3648 4630 almus
3675 4593 3687 4630 :

444 4667 619 4731 Unde,
656 4672 837 4737 pater,
869 4682 1006 4719 curo
1038 4664 1337 4735 proprium
1368 4663 1471 4729 nil,
1503 4663 1699 4733 nilque
1734 4661 1961 4732 requiro
2243 4665 2509 4735 Corporis
2540 4669 2596 4718 et
2626 4664 2834 4717 mentis
2864 4670 3057 4717 contra
3086 4664 3278 4717 hostes
3303 4665 3467 4717 fortis
3493 4666 3749 4735 utrinque

441 4758 777 4823 Terrenum,
811 4755 1054 4809 candens
1086 4770 1148 4807 ac
1182 4754 1401 4806 fulvum
1432 4768 1641 4823 sperno
1674 4751 1987 4805 metallum.
2243 4753 2605 4808 Multimodos
2629 4753 2903 4806 revehens
2932 4752 3063 4806 hinc
3092 4756 3261 4822 atque
3294 4752 3427 4805 hinc
3458 4754 3565 4807 rite
3598 4750 3882 4821 triumphos.

442 4844 769 4915 Terrigenae
800 4847 991 4897 teneat
1019 4847 1199 4895 terras
1229 4842 1434 4894 tellure
1462 4839 1718 4893 tenendi.
2241 4842 2427 4910 Atque
2456 4845 2517 4893 ut
2545 4856 2680 4909 apes
2713 4840 2965 4910 prudens
2998 4839 3304 4894 intendens
3337 4838 3575 4894 ﬂoribus
3602 4840 3756 4893 almis

442 4933 585 4998 Quid
617 4932 759 4986 mihi
799 4948 928 4986 cum
974 4930 1210 4994 mundo,
1253 4928 1496 4999 genitor,
1531 4928 1622 4981 cui
1651 4932 1915 4981 mortuus
1954 4929 2131 4980 exsto.
2247 4927 2502 4997 Exquirit
2533 4928 2764 4996 violam,
2798 4944 2925 4998 qua:
2958 4933 3126 4981 terras
3156 4927 3418 4998 proxima
3448 4929 3649 4997 surgit.

442 5023 607 5076 Alma
635 5021 805 5075 Maria
836 5022 1015 5074 Deum
1048 5019 1297 5071 velatum
1332 5017 1585 5087 tegmine
1618 5016 1824 5084 carnis,
2245 5016 2353 5070 Sed
2390 5019 2585 5069 tamen
2616 5016 2913 5086 egregium
2943 5016 3163 5086 praebet
3192 5017 3469 5086 tingendo
3499 5017 3756 5079 colorem,

445 5112 506 5165 In
540 5110 702 5164 cunis
728 5109 868 5163 texit
896 5108 1022 5162 vilis
1049 5106 1329 5160 velamine
1356 5106 1563 5175 panni;
2246 5106 2683 5174 Purpureosque
2708 5104 2840 5158 facit
2870 5122 3052 5176 reges,
3085 5106 3430 5176 populisque
3462 5103 3787 5158 tremendos.

445 5201 511 5254 Et
538 5200 710 5253 vestis
744 5198 1008 5251 mihimet
1036 5197 1190 5250 fulvo
1219 5194 1459 5249 texenda
1486 5194 1714 5247 metallo
1746 5193 1868 5247 est?
2246 5194 2335 5247 Sic
2364 5193 2641 5247 humilem
2665 5193 2851 5247 tenuit
2881 5199 3154 5259 mentem,
3180 5209 3307 5264 qua
3342 5194 3601 5263 proxima
3629 5198 3779 5246 terra:
3803 5188 3884 5245 est»

445 5288 723 5358 Vulpibns
755 5293 839 5339 est
867 5286 1059 5353 fovea;
1088 5284 1331 5353 coelique
1361 5282 1684 5335 volucribus
1718 5283 1920 5337 umbra
1947 5301 1965 5351 ς
2245 5281 2350 5335 Sed
2375 5286 2569 5335 tamen
2594 5281 2928 5351 Angelicum
2959 5285 3194 5351 praestat
3231 5288 3451 5335 servata
3483 5282 3734 5361 decorem
3763 5272 3779 5328 εί

516 5457 540 5481 ⁸
574 5452 842 5515 Testatur,
875 5463 979 5518 pro
1008 5445 1329 5499 detestatur.
2318 5448 2342 5518 ἦ
2368 5441 2598 5518 Ιξξιιῐῃετ.
2628 5441 2904 5518 “111,30.

516 5521 542 5561 Ι)
573 5520 758 5573 Matth.
789 5512 902 5583 xii,
941 5521 1009 5571 ‘27
1040 5523 1097 5570 et
1126 5518 1212 5569 28.
2318 5512 2344 5553 d
2374 5512 2518 5565 Psal.
2553 5527 2739 5579 cxvm,
2772 5512 2858 5564 57.
