4078 6180
174 293 277 343 937
1386 295 1473 349 DE
1516 296 1675 349 VITA
1718 295 1773 349 S.
1817 296 2097 351 AMANDI.
2130 329 2195 335 —
2232 296 2359 354 LIB.
2402 300 2445 351 Ι.

172 422 358 478 Comit
389 427 447 475 et
472 421 744 475 eximium
768 422 984 475 caelesti
1020 422 1076 475 in
1108 423 1238 476 sede
1269 430 1552 489 senatum,

171 512 293 574 Qua
322 527 482 563 sacer
513 511 603 563 hic
637 510 821 563 cordis
853 512 1168 579 penetralia
1201 512 1495 580 pulchrius
1526 529 1755 580 ornans,

174 599 316 652 Lilia
345 600 626 652 lustrabat
656 600 807 665 hinc,
844 600 975 652 inde
1008 602 1224 653 rosaria
1254 602 1466 663 adibat,

170 688 421 740 Alternis
452 687 664 740 vicibus
698 704 798 756 per
828 688 1053 755 singula
1085 694 1267 741 castra
1296 704 1623 755 recurrens;

171 775 467 845 Quidquid
499 776 806 844 conspicuo
840 777 1115 830 virtutum
1146 776 1285 830 ﬂore
1318 778 1509 847 vigere

176 864 353 928 Vidit,
386 865 493 917 hoc
524 864 787 934 proprios
814 864 1100 919 sitientem
1134 866 1304 919 traxit
1335 868 1403 920 ad
1438 872 1614 921 actus.

246 1009 332 1060 tl.
374 1007 634 1077 Dumque
693 1006 803 1059 iter
826 1006 1125 1075 inceptum
1175 1007 1323 1061 felici
1376 1008 1604 1061 tramite
1662 1008 1863 1071 adiret,

175 1096 340 1149 Urbis
377 1096 638 1148 Biturica:
672 1111 785 1165 quo
818 1096 1037 1165 pollent
1064 1097 1277 1149 moenia
1308 1097 1493 1163 venit;

170 1185 233 1236 In
265 1200 383 1252 qua
411 1183 715 1253 conspicuo
746 1183 1019 1237 vernabat
1049 1184 1383 1253 pontiﬁcatu

169 1273 410 1325 Sanctus
442 1273 795 1325 sanctificans
834 1272 1056 1341 plebem
1090 1272 1483 1341 Austrigisilus
1511 1272 1690 1339 illam,

169 1361 505 1431 Magniﬁcus
535 1361 764 1430 praesul,
798 1362 1080 1430 rebusque
1105 1361 1345 1431 insignis
1378 1362 1634 1414 honestis

168 1450 345 1518 Cujus
379 1452 434 1502 et
466 1449 754 1518 obsequiis
785 1450 1027 1502 sociatus
1060 1450 1114 1501 in
1150 1450 1269 1501 (ede
1303 1450 1531 1519 vigebat

166 1538 473 1607 Sulpitius,
509 1538 607 1607 qui
644 1542 779 1590 tunc
809 1543 932 1590 erat
962 1537 1420 1605 archidiaconus,
1454 1542 1508 1590 et
1534 1543 1660 1608 post

171 1627 398 1680 Exstitit
437 1626 672 1679 illustris
701 1626 915 1678 meritis
948 1631 1118 1695 atque
1147 1626 1346 1679 ordine
1378 1628 1607 1695 praesul,

169 1725 191 1748 ³
223 1716 475 1768 Noverat
504 1715 594 1767 hic
633 1715 828 1783 digitis
862 1714 1019 1783 ignes
1052 1715 1275 1783 placare
1308 1715 1580 1782 furentes,

171 1806 558 1873 Ingentesque
590 1803 771 1856 crucis
804 1802 965 1871 signo
996 1819 1352 1873 compescere
1381 1804 1658 1857 ﬂammas.

170 1893 278 1956 Qui
312 1892 503 1945 Sancti
532 1891 747 1961 pariter
769 1893 1037 1946 Sanctum
1069 1893 1378 1945 clementer
1405 1892 1725 1945 Amandum

170 1982 504 2049 Snscepere,
534 1980 626 2050 pie
659 1980 885 2049 pietatis
916 1996 1108 2033 amore
1142 1982 1392 2033 colentes
1426 1998 1437 2033 :

172 2068 340 2121 Urbis
373 2073 430 2121 et
460 2068 518 2119 in
551 2083 714 2119 muro
749 2068 950 2120 cellam
981 2072 1237 2120 struxere
1270 2067 1539 2135 benigne,

170 2158 234 2209 In
273 2173 391 2226 qua
421 2157 505 2208 vir
536 2156 763 2208 Domini
799 2157 1101 2208 conclusus
1130 2160 1363 2225 propter
1390 2172 1667 2221 amorem,

170 2246 475 2314 Perpetuaa
507 2245 634 2297 vita:
662 2245 904 2314 degebat
935 2244 1003 2298 ad
1036 2245 1214 2297 ardua
1245 2244 1503 2309 tendens,

169 2334 370 2387 Cilicio
404 2338 603 2396 tectus,
629 2333 835 2385 cineris
864 2349 1205 2401 conspersus
1234 2349 1454 2385 acervo.

171 2422 385 2484 Quales
417 2427 551 2475 tunc
581 2426 807 2491 poteras
838 2421 973 2473 urbs
1004 2421 1310 2474 formidare
1345 2422 1537 2474 ruinas

166 2512 302 2563 Tam
340 2510 543 2564 validis
574 2510 761 2562 fueras
792 2525 918 2579 quia
955 2513 1268 2561 sustentata
1299 2509 1617 2563 columnis?

168 2598 372 2660 Qualia
404 2598 724 2651 bellantum
758 2600 963 2667 quibus
994 2602 1126 2650 tunc
1161 2596 1272 2650 tela
1310 2614 1535 2667 pavere,

169 2688 303 2749 Qum
338 2686 720 2755 praefulgebas
751 2686 925 2739 tantis
955 2686 1183 2739 defensa
1218 2685 1513 2754 patronis?

168 2773 314 2837 Quid
352 2774 533 2827 fecere
556 2774 652 2826 alii
683 2779 741 2827 tu
766 2774 871 2826 scis
904 2790 916 2826 :
952 2789 1084 2826 nam
1118 2774 1358 2842 belliger
1389 2774 1493 2826 iste

174 2863 358 2915 Fortis
390 2862 447 2914 in
483 2878 605 2915 arce
637 2867 732 2915 tua
764 2863 1068 2932 quindenis
1100 2862 1354 2915 constitit
1384 2861 1578 2927 annis;

173 2951 565 3019 Firmavitque
596 2956 724 3003 tuos
756 2952 878 3019 ejus
910 2952 1227 3004 constantia
1258 2967 1471 3003 muros.

168 3040 238 3091 At
272 3038 321 3089 si
354 3037 673 3106 conspicuis
708 3038 916 3090 renites
948 3038 1160 3090 conlisa
1192 3037 1480 3106 magistris

168 3127 295 3178 Non
325 3142 427 3178 nos
448 3126 756 3195 praecellis;
792 3125 967 3178 micat
998 3126 1087 3178 hic
1118 3126 1407 3194 speciosus
1431 3123 1725 3178 Amandus

168 3213 486 3268 Candidior
519 3212 749 3275 Phcebo,
784 3218 987 3266 cuncto
1020 3213 1346 3267 rutilantior
1378 3229 1540 3278 auro,

166 3300 279 3364 Qui
306 3300 362 3353 in
398 3306 453 3353 te
479 3301 779 3353 conclusus
802 3300 1025 3369 pepulit
1050 3300 1168 3352 vini
1200 3316 1297 3352 ore
1326 3299 1635 3369 liquorem,

169 3391 294 3443 Non
328 3405 530 3442 somno
563 3393 718 3441 satur
750 3394 806 3442 et
842 3405 955 3441 non
990 3388 1118 3441 ullis
1145 3390 1274 3441 vitae
1306 3387 1608 3453 alimentis,

166 3479 397 3532 Hordea
431 3478 530 3547 qui
559 3493 743 3530 seram
776 3477 1036 3529 sumebat
1066 3476 1273 3546 pabula
1301 3476 1357 3529 in
1392 3492 1597 3543 escam,

162 3568 297 3620 Post
324 3566 520 3619 sitiens
552 3566 742 3619 tenuis
777 3566 1041 3618 hauribat
1070 3565 1274 3633 pocula
1308 3566 1576 3635 lymphas,

166 3656 584 3725 Ccelestemque
606 3655 726 3707 solo
767 3654 941 3706 vitam
977 3658 1298 3706 constanter
1322 3653 1559 3722 agebat;

169 3744 234 3796 Et
263 3759 477 3812 corpus
503 3744 781 3807 crucians,
815 3742 1066 3795 animam
1100 3742 1365 3811 pascebat
1394 3740 1649 3793 honestis

166 3832 461 3884 Virtutum
490 3831 753 3900 dapibus,
787 3830 996 3884 Christi
1036 3834 1322 3899 prazcepta
1343 3833 1596 3894 secutus;

166 3920 277 3972 Pro
314 3936 429 3988 quo
463 3919 809 3987 multiplices
843 3923 995 3970 terra
1024 3918 1343 3987 pelagoque
1375 3916 1596 3969 labores

166 4009 410 4067 Anxius,
450 4007 710 4073 afflictus,
746 4011 1127 4075 contemptus,
1162 4022 1395 4075 egenus,
1433 4005 1690 4073 angelus,

168 4096 520 4166 Suppliciter
549 4094 771 4148 Christo
802 4096 1034 4148 laudum
1059 4093 1345 4163 praconia
1376 4093 1641 4159 reddens,

166 4184 434 4248 Pertulit,
461 4189 631 4252 atque
664 4183 792 4236 ideo
824 4183 1034 4235 fruitur
1066 4182 1236 4234 modo
1264 4183 1386 4234 luce
1422 4182 1692 4250 perenni;

166 4272 277 4337 Qui
304 4288 458 4341 szepe
490 4271 712 4335 esuriit,
749 4271 917 4324 modo
950 4270 1076 4323 ασεΙὶ
1109 4286 1253 4339 pane
1284 4270 1537 4336 cibatur;

167 4360 443 4415 Crebrius
476 4364 531 4411 et
562 4358 774 4422 sitiens,
811 4362 1044 4426 potatur
1074 4357 1231 4410 fonte
1264 4372 1536 4425 superno,

165 4452 244 4502 Ac
274 4448 569 4518 quondam
601 4447 806 4513 nudus,
842 4462 995 4499 nunc
1026 4446 1159 4515 agni
1192 4449 1278 4499 est
1309 4446 1519 4498 vellere
1544 4449 1752 4511 tectus;

166 4538 279 4600 Qui
308 4536 448 4589 olim
477 4552 696 4605 pauper
723 4539 861 4601 erat,
890 4534 1058 4587 modo
1090 4533 1254 4603 regni
1285 4549 1523 4586 munere
1553 4533 1731 4600 dives,

168 4624 281 4690 Qui
309 4640 536 4678 memor
564 4629 623 4675 ut
652 4622 833 4676 nostri
861 4623 944 4678 sit.
976 4638 1236 4691 corpore,
1273 4622 1440 4675 corde
1471 4637 1793 4690 precamur.

250 4754 335 4804 l2.
372 4752 436 4804 Et
459 4749 594 4820 quia
614 4751 838 4801 sanctus
869 4764 1032 4801 amor
1062 4762 1288 4817 semper
1312 4762 1661 4800 succrescere
1690 4744 1866 4807 novit,

168 4839 629 4908 Multiplicesque
665 4854 767 4891 suo
803 4837 1097 4890 cumulare
1122 4836 1311 4888 labore
1342 4834 1660 4905 maniplos;

174 4929 272 4980 Vir
308 4926 539 4980 Domini
570 4942 796 4995 semper
821 4940 1027 4993 magno
1070 4924 1345 4993 ﬂagrabat
1371 4940 1585 4990 amore,

172 5016 429 5084 Corpore
463 5015 721 5079 lassatus,
753 5013 850 5067 sed
882 5012 1089 5065 mentis
1114 5011 1319 5064 robore
1343 5010 1508 5063 fortis
1546 5027 1557 5062 :

172 5105 474 5168 Quatenus
506 5104 571 5155 ad
608 5103 769 5155 celsae
802 5106 1139 5172 properaret
1169 5100 1377 5153 moenia
1407 5100 1621 5164 Romae,

174 5194 303 5257 Quo
334 5194 532 5245 Petrus
562 5192 882 5261 Paulusque
915 5190 1032 5242 solo
1065 5189 1322 5258 cmloque
1353 5186 1576 5240 venusti

176 5283 343 5336 Celsa
378 5281 637 5349 sepulcra
667 5284 879 5343 tenent,
916 5277 1130 5331 mundo
1161 5276 1523 5346 splendentia
1554 5278 1695 5338 toto,

178 5369 447 5423 Ecclesia:
488 5368 757 5422 Proceres
785 5368 1069 5437 fulgentes
1095 5381 1255 5419 more
1290 5365 1565 5429 lucernae;

254 5540 281 5564 ⁸
315 5530 450 5584 Htec
479 5527 661 5581 fusius
692 5527 1000 5595 explanata
1029 5524 1091 5578 in
1122 5525 1245 5595 ejus
1276 5523 1422 5589 Vita,
1459 5525 1521 5575 l7
1551 5522 1765 5576 Januar
1798 5478 1843 5574 cI.
1878 5524 1925 5574 5.

510 5622 803 5681 PATROL.
849 5619 1075 5680 CXXI.

3563 310 3667 362 938

1898 436 1943 486 Α
1973 427 2227 489 Quorum
2262 430 2458 497 lingua
2488 430 2635 483 valet
2665 446 2914 484 reserare
2947 436 3001 485 et
3030 434 3294 487 claudere
3321 437 3546 489 coelum.

1980 517 2124 585 Ergo
2156 517 2265 570 iter
2298 533 2620 587 aggressus,
2653 520 2899 587 quodam
2931 522 3238 575 comitante
3272 523 3556 592 ministro,

1976 604 2245 674 Squalida
2274 607 2644 674 perlustrans,
2680 614 2733 659 et
2762 608 2922 661 devia
2953 626 3196 679 quaeque
3230 627 3557 682 peragrans,

1978 695 2217 747 Romam
2252 695 2508 763 pervenit
2543 696 2685 747 miro
2717 696 3038 749 flammatus
3074 715 3285 753 amore.

1974 781 2178 850 Aspice
2208 797 2356 834 nunc
2384 783 2579 851 quales
2610 783 2791 835 socios
2822 786 3039 837 curavit
3062 785 3309 853 habere;

1978 870 2228 935 Petrum,
2257 869 2493 923 sidereas
2526 875 2608 923 est
2640 871 2731 923 cui
2762 872 2933 925 clavis
2963 874 3171 927 tradita
3202 879 3406 944 portae.

1976 961 2051 1010 Ac
2082 959 2319 1011 Paulum
2350 959 2549 1011 mundi
2573 960 2870 1028 egregium
2900 976 3002 1030 per
3029 963 3194 1015 szecla
3228 966 3588 1035 magistrum.

1978 1046 2019 1099 0
2053 1047 2096 1098 si
2125 1047 2369 1099 describi
2400 1054 2631 1115 possent
2662 1049 2924 1102 incendia
2954 1051 3188 1117 amoris,

1982 1134 2190 1188 Littera
2224 1137 2309 1188 vel
2342 1137 2509 1189 sciret
2538 1137 2726 1190 cordis
2756 1138 3002 1207 suspiria
3031 1138 3166 1191 fari!

1982 1224 2176 1276 Dicere
2203 1240 2440 1277 conarer
2472 1230 2753 1293 quantum
2787 1226 3051 1280 dilexerit
3076 1226 3228 1292 illos,

1980 1309 2239 1362 Postibus
2269 1310 2328 1363 in
2363 1327 2606 1380 quorum
2646 1313 2876 1365 sacratis
2914 1315 3107 1367 oscula
3141 1314 3283 1368 ﬁxit.

1980 1397 2121 1460 Quid
2151 1398 2346 1451 credas
2377 1400 2605 1466 faceret,
2637 1402 2683 1452 si
2711 1401 2838 1453 illos
2868 1401 2927 1453 in
2958 1418 3128 1456 carne
3160 1403 3378 1457 videret
3405 1420 3418 1455 :

1982 1485 2260 1539 Omnibus
2285 1487 2504 1540 interea
2537 1504 2638 1557 per
2668 1489 2893 1557 singula
2922 1492 3135 1559 templa
3164 1491 3364 1544 diebus

1983 1573 2277 1639 Currebat,
2304 1576 2498 1644 plures
2529 1577 2748 1629 socians
2780 1577 2889 1629 sibi
2921 1579 3138 1631 honore
3171 1579 3415 1633 sodales.

1984 1663 2262 1732 Principis
2294 1669 2347 1716 et
2377 1664 2528 1717 Petri
2562 1666 2658 1717 sed
2690 1665 2748 1717 in
2779 1667 2957 1719 aedem
2992 1667 3237 1720 intrabat
3266 1669 3526 1733 anhelus,

1980 1750 2121 1803 Cum
2155 1751 2237 1803 sol
2278 1751 2534 1804 lucitluos
2565 1753 2766 1821 pelago
2800 1753 3055 1822 tingebat
3086 1754 3345 1807 amictus.

2058 1867 2137 1918 l3.
2176 1865 2267 1916 llis
2306 1864 2384 1917 ita
2414 1865 2685 1926 decursis,
2720 1871 2951 1936 superat
2982 1884 3108 1937 qua}
3157 1872 3315 1937 gesta
3346 1885 3615 1923 canamus
3655 1886 3666 1923 :

1977 1954 2059 2007 Ad
2089 1954 2263 2006 ﬁnem
2286 1953 2470 2006 tendit
2499 1954 2634 2023 quia
2660 1955 2777 2023 jam
2810 1971 2940 2023 pars
2970 1940 3154 2023 prima
3184 1956 3381 2010 libelli.

1978 2043 2219 2095 Fervens
2251 2058 2387 2111 ergo
2410 2042 2520 2095 ﬁde
2553 2043 2691 2095 dum
2723 2058 2907 2096 sacras
2938 2044 3141 2097 circuit
3173 2045 3345 2111 aedes,

1978 2130 2212 2183 Intravit
2243 2130 2393 2183 Petri
2425 2131 2822 2200 perpulchram
2851 2147 3094 2185 cernuus
3125 2132 3312 2185 aulam
3351 2148 3363 2184 :

1976 2219 2071 2271 Sol
2093 2234 2323 2288 quoque
2343 2218 2760 2273 ﬂammicomus
2776 2220 2890 2288 jam
2913 2236 3183 2290 magnum
3208 2222 3407 2273 innare
3432 2221 3669 2291 parabat

1978 2308 2291 2372 Oceanum,
2328 2312 2383 2360 et
2414 2309 2585 2360 rutilo
2612 2308 2863 2377 fulgebat
2896 2310 3176 2377 Hesperus
3209 2314 3357 2361 ortu.

1982 2397 2203 2448 Interea
2242 2395 2443 2464 templi
2469 2395 2767 2447 custodum
2801 2411 2935 2448 cura
2962 2394 3187 2464 repellit

1986 2483 2349 2536 Commistam
2384 2483 2629 2552 plebem,
2664 2482 2996 2553 foribusque
3029 2484 3282 2553 patentia
3313 2484 3554 2549 claudit;

1975 2569 2410 2640 Subsistensque
2444 2585 2648 2639 parum
2680 2569 2766 2622 vir
2796 2575 3022 2622 sanctus
3054 2570 3111 2623 in
3145 2570 3265 2623 mde
3297 2571 3595 2639 remansit,

1976 2660 2037 2711 In
2066 2659 2327 2728 precibus
2362 2664 2585 2711 noctem
2616 2657 2851 2728 cupiens
2884 2659 3163 2712 deducere
3196 2664 3402 2713 totam:

1974 2746 2081 2799 Sed
2106 2752 2293 2799 custos
2319 2747 2519 2816 templi
2547 2748 2681 2800 dum
2712 2763 2868 2800 sacra
2900 2748 3101 2800 altaria
3131 2748 3348 2813 lustrat,

1974 2834 2311 2903 Pervigilem
2343 2835 2556 2888 invenit
2580 2835 2813 2905 psalmis
2836 2836 3212 2905 precibusque
3241 2837 3471 2889 beatum
3507 2852 3519 2889 :

1979 2922 2126 2974 Felle
2157 2922 2335 2990 igitur
2366 2928 2556 2975 motus
2588 2924 2787 2976 mitem
2814 2924 3122 2977 violentius
3160 2940 3372 2993 urgens

1905 3003 1944 3057 C
1976 3009 2235 3063 Caedibus
2267 3010 2503 3074 insanis,
2534 3011 2818 3080 patienter
2848 3016 3048 3065 cuncta
3078 3012 3359 3065 ferentem

1975 3098 2216 3167 Expulit,
2247 3103 2417 3168 atque
2450 3099 2635 3167 ipsum
2667 3098 2848 3169 portis
2871 3098 3062 3152 emisit
3090 3098 3321 3168 apertis.

1976 3188 2088 3240 Nec
2114 3188 2291 3240 valuit
2320 3186 2552 3239 turbare
2584 3187 2769 3240 virum
2796 3187 3094 3240 dulcedine
3125 3187 3363 3255 plenum

1972 3276 2062 3329 Ira
2101 3280 2328 3329 tumens
2366 3275 2636 3337 hominis,
2680 3274 2810 3328 tulit
2841 3275 2961 3328 hmc
3002 3274 3138 3344 quia
3168 3278 3369 3327 cuncta
3399 3273 3660 3327 libenter.

2047 3392 2129 3444 14.
2167 3391 2387 3445 Interea
2412 3396 2542 3444 ante
2574 3390 2721 3444 fores
2753 3390 2955 3459 templi
2981 3389 3270 3443 residente
3299 3389 3469 3443 Beato

1974 3479 2174 3534 Mentis
2212 3480 2273 3532 in
2313 3494 2566 3544 excessu,
2614 3484 2668 3532 et
2697 3479 2906 3532 solium
2940 3484 3278 3549 penetrante
3318 3494 3660 3549 supernum;

1970 3568 2187 3621 Janitor
2212 3568 2476 3620 aetherem
2508 3584 2637 3620 mox
2668 3568 2867 3621 Petrus
2889 3567 3190 3636 Apostolus
3218 3566 3363 3620 animi

1975 3656 2136 3707 Veste
2166 3654 2388 3719 alacris,
2431 3656 2589 3706 vultu
2617 3654 2818 3719 dulcis,
2856 3671 3119 3707 sermone
3152 3655 3357 3722 suavis,

1970 3746 2286 3812 Apparens,
2321 3742 2544 3794 blandis
2571 3743 2789 3796 solatur
2818 3743 3050 3795 vocibus
3076 3743 3271 3807 illum;

1974 3832 2359 3898 Hortaturque
2383 3845 2550 3881 suum
2583 3829 2765 3883 verbis
2794 3830 3020 3899 pietatis
3049 3830 3321 3889 amicum.

1974 3918 2043 3970 Ut
2069 3918 2370 3987 repedaret
2400 3917 2527 3979 iter,
2564 3934 2677 3987 quo
2705 3923 2939 3970 venerat
2967 3918 3097 3970 inde
3132 3922 3436 3983 revertens,

1974 4006 2262 4059 Gallorum
2299 4010 2353 4057 et
2381 4005 2607 4074 populis
2639 4011 2865 4058 aeternae
2896 4006 3117 4058 semina
3143 4005 3273 4058 vita:

1974 4094 2190 4147 Divinis
2220 4099 2435 4146 sereret
2465 4094 2667 4159 verbis,
2701 4094 3025 4163 coleretque
3058 4093 3290 4162 rigaret,

1977 4183 2404 4251 Conversosque
2429 4182 2570 4234 sacri
2604 4182 2960 4252 baptismatis
2992 4197 3158 4233 amne
3185 4182 3421 4234 lavaret.

1905 4296 1948 4349 D
1978 4272 2268 4335 Quatenus
2298 4271 2366 4323 ad
2404 4271 2705 4323 Dominum
2739 4270 2879 4323 tanti
2913 4270 3172 4323 mercede
3202 4268 3411 4322 laboris

1976 4359 2233 4429 Frugifer
2265 4358 2556 4422 accedens,
2593 4358 2791 4411 messis
2812 4357 3092 4428 portando
3123 4356 3407 4426 maniplos

1973 4447 2235 4501 Sumeret
2267 4446 2499 4500 uberius
2528 4446 2767 4501 caelestis
2796 4446 3037 4516 przemia
3066 4444 3249 4515 regni.

2048 4573 2132 4624 15.
2166 4570 2403 4623 Sanctus
2435 4569 2757 4637 Apostolico
2784 4568 3016 4621 tandem
3048 4583 3311 4620 sermone
3342 4567 3580 4636 potitus,

1976 4657 2266 4725 Insignem
2301 4658 2539 4709 Romam
2575 4658 2845 4725 prmcelso
2872 4655 3120 4708 culmine
3147 4654 3461 4724 linquens,‘

1980 4746 2261 4810 Deseruit,
2294 4746 2595 4813 Gallosque
2623 4744 2762 4797 adiit
2794 4743 3081 4796 medicina
3112 4743 3371 4796 salubris.

1978 4836 2113 4898 Qua:
2139 4850 2284 4903 spes,
2310 4850 2430 4899 oro,
2464 4832 2571 4885 fuit
2601 4832 2822 4885 diverso
2849 4831 3033 4885 limite
3064 4833 3283 4885 clausas

1979 4926 2181 4977 Gentes
2216 4926 2330 4975 tam
2366 4937 2540 4974 szevas
2572 4937 2751 4973 unum
2785 4920 3178 4973 indubitanter
3208 4919 3383 4985 adire,

1982 5011 2265 5079 Vaccejos,
2300 5009 2507 5072 Gallos,
2538 5008 2761 5061 Sclavos
2794 5011 3091 5077 penetrare
3124 5005 3381 5059 feroces?

1981 5098 2047 5151 In
2076 5101 2232 5149 tanta
2257 5096 2385 5149 fecit
2417 5095 2552 5165 quid
2584 5112 2763 5147 messe
2796 5094 3093 5165 operarius
3116 5109 3282 5157 unus,

1982 5186 2258 5254 Apparet;
2293 5184 2523 5237 veniens
2554 5183 2764 5236 etenim
2800 5200 2901 5250 per
2931 5182 3113 5235 multa
3142 5180 3401 5233 laborum

1985 5275 2357 5343 Argumenta,
2394 5274 2607 5325 malum
2641 5271 2789 5335 tulit,
2824 5269 3000 5339 impia
3030 5284 3273 5338 quaeque
3308 5267 3605 5321 revellens.

1987 5362 2074 5417 Sic
2105 5363 2346 5431 populos
2380 5361 2736 5431 evangelicos
2764 5358 2979 5428 aptavit
3010 5358 3079 5411 ad
3107 5374 3261 5423 usus,

3271 5612 3349 5669 3O
