4048 6170
402 260 504 313 939

400 396 695 465 Verbaque
727 396 917 447 sancta
948 391 1135 445 ferens
1167 390 1226 443 in
1257 388 1426 443 caelos
1452 388 1609 442 lucra
1643 387 1893 453 revexit;

402 484 524 547 Quo
558 482 765 536 fruitur
796 479 1012 532 meritis
1043 482 1255 531 aeterna
1283 476 1341 529 in
1373 476 1580 528 saecula
1620 475 1803 528 donis.

404 573 577 641 Cujus
604 575 761 641 gesta
783 584 992 622 canens
1024 582 1353 637 quanquam
1392 580 1655 617 sermone
1690 579 1893 632 poema

403 658 715 712 Conﬁciam
746 656 1038 721 stolidum,
1072 654 1225 713 volui
1256 653 1361 706 hoc
1382 653 1670 720 complere
1693 651 1909 716 libello,

401 746 537 809 Quae
560 744 829 814 juvenilis
860 743 1045 796 adhuc
1076 742 1171 795 sed
1203 757 1318 793 non
1344 739 1675 809 juveniliter
1715 739 1846 808 egit.

400 838 610 903 Aptum
642 849 785 902 opus
820 837 884 885 ut
912 846 935 873 ει
975 830 1205 901 juvenis
1229 829 1499 898 juvenem
1556 827 1789 880 laudare
1821 840 2095 890 mererer,

400 920 669 975 Criminis
701 920 972 973 immensi
1003 919 1047 971 si
1080 933 1291 986 magna
1318 916 1467 969 mole
1497 931 1773 975 carerem,

402 1011 525 1074 Qua
558 1014 748 1062 tamen
777 1025 807 1061 a
835 1006 1080 1061 Domino
1113 1022 1202 1058 me
1234 1005 1414 1057 ﬁdens
1442 1020 1611 1073 posse
1640 1003 1812 1065 levari

402 1096 698 1152 Pontiﬁcis
727 1096 898 1165 hujus
927 1094 1213 1165 precibus,
1246 1092 1582 1162 meritisque
1608 1090 1811 1155 beatis,

404 1185 514 1250 Qui
545 1184 651 1238 sibi
682 1200 799 1237 non
826 1184 1032 1246 solum,
1070 1181 1167 1234 sed
1198 1185 1400 1233 cuncto
1443 1179 1659 1249 profuit
1687 1178 1831 1244 orbi,

403 1273 671 1337 Obsecro,
702 1287 895 1341 posco,
920 1285 1143 1340 precor,
1167 1269 1523 1339 jugibusque
1552 1267 1851 1337 expostulo
1881 1263 2028 1318 votis

405 1360 751 1431 Suppliciter
803 1359 1041 1429 supplex
1091 1356 1397 1411 minimum
1456 1360 1519 1409 ut
1568 1355 1871 1408 miseratus
1910 1354 2095 1406 alum-

1915 1439 2096 1511 [num,

413 1598 437 1624 α
470 1590 568 1643 Hic
598 1592 831 1643 aetatem
857 1605 971 1659 qua
1001 1588 1123 1641 haec
1154 1585 1377 1656 scripsit
1406 1585 1537 1640 Milo
1567 1584 1799 1639 indicat.

1608 253 1893 309 MILONIS
1930 250 2235 309 MONACHI
2277 252 2330 305 S.
2374 250 2643 304 AMANDI

3794 248 3890 301 940

2131 389 2179 440 Α
2210 384 2555 451 lgnoscendo
2588 398 2727 435 mezc
2755 381 3074 450 disrumpat
3104 381 3329 434 vincula
3359 381 3543 450 culpas

2208 472 2461 526 Christus
2493 470 2887 538 cunctipotens
2914 469 3212 521 hominum
3238 470 3561 537 Reparator
3582 471 3637 519 et
3665 470 3886 533 Auctor,

2206 563 2411 625 Aurea,
2444 577 2614 629 posco
2649 562 2828 627 prius,
2866 558 3117 626 propria:
3150 573 3321 626 quam
3352 556 3526 609 taenia
3556 556 3687 609 vitae

2207 643 2432 713 Efﬁuat,
2468 650 2524 699 et
2550 645 2703 697 funis
2735 642 3007 712 fugiendo
3029 649 3335 711 argenteus
3368 658 3572 694 urnam

2208 734 2542 803 Confringat
2569 731 2776 789 carnis,
2808 734 3077 782 cunctum
3118 729 3488 798 eﬁundatque
3519 728 3825 797 liquorem.

2204 823 2488 877 Justitiam
2524 825 2746 884 metuo;
2780 818 2848 871 ad
2884 818 3156 886 pietatem
3186 833 3354 869 curro
3389 816 3724 885 benignam.

2206 908 2289 962 Sit
2317 909 2465 977 pius,
2491 923 2612 973 oro,
2650 906 2813 970 mihi,
2848 912 2901 958 et
2923 906 3092 974 justis
3116 903 3472 973 justissimus
3504 906 3706 955 exstet.

2207 998 2353 1066 Ergo
2382 995 2518 1048 boni
2550 994 2813 1047 meritam
2844 998 3076 1046 teneant
3099 992 3157 1045 in
3190 983 3439 1044 munere
3470 989 3745 1059 palmam.

2208 1088 2276 1139 At
2304 1084 2568 1137 mihimet
2600 1084 2858 1135 ﬂammas
2889 1081 3023 1134 satis
3055 1085 3139 1133 est
3170 1078 3438 1132 transisse
3471 1078 3771 1147 gehennae,

2209 1180 2274 1231 Et
2305 1177 2527 1230 veniam
2560 1176 2741 1229 multo
2771 1190 2873 1243 pro
2895 1173 3135 1227 crimine
3168 1170 3576 1242 promeruisse.

2207 1264 2380 1333 Nigra
2406 1279 2508 1333 per
2536 1263 2791 1316 albentes
2816 1261 3142 1315 diffundens
3175 1258 3397 1312 semina
3429 1273 3690 1327 campos,

2210 1352 2409 1405 Lassus
2438 1352 2584 1405 fasce
2612 1352 2771 1421 gravi
2799 1350 3085 1419 completa
3116 1350 3239 1402 luce
3270 1347 3385 1401 diei

2210 1440 2487 1510 Spargere
2512 1440 2632 1509 jam
2665 1456 2841 1504 cesso,
2876 1438 3138 1508 factoque
3170 1437 3260 1490 hic
3290 1436 3413 1489 sine
3444 1448 3713 1505 repauso.
3752 1434 3776 1475 b

2275 1584 2301 1623 Ι)
2340 1580 2669 1635 Addebatur
2702 1596 2714 1632 :
2768 1581 2909 1633 Finit
2949 1579 3083 1631 liber
3114 1593 3171 1645 ιι,
3224 1578 3383 1631 habet
3420 1591 3609 1631 versus
3664 1575 3792 1639 450,
3845 1589 3901 1625 ac

2208 1652 2600 1722 sequebantur
2631 1651 2819 1720 capita
2849 1650 2968 1703 haec
2992 1649 3123 1702 libri
3148 1666 3209 1702 ιι.

1748 1946 2029 2018 LIBER
2088 1944 2610 2017 SECUNDUS.

1908 2258 2165 2327 Capitula
2191 2257 2324 2311 libri
2353 2272 2411 2311 ιι.

406 2393 451 2438 1.
483 2389 693 2437 Viribus
713 2387 822 2435 suis
851 2386 1075 2448 scriptor
1090 2383 1420 2448 posthabitis,
1438 2396 1533 2445 pro
1559 2380 2231 2448 com‘muni‘utilitatedicit
2252 2393 2305 2448 se
2327 2394 2460 2448 _snos
2491 2379 2731 2428 divisisse
2756 2380 2986 2448 libellos.
3011 2386 3062 2429 et
3088 2382 3289 2448 manias
3314 2386 3592 2445 poetarum
3621 2383 3890 2431 abomina~

466 2455 574 2516 tus_,
594 2450 762 2516 libelli
788 2449 870 2516 sui
901 2443 1117 2516 cursum
1136 2451 1188 2516 et
1222 2443 1639 2516 Spiritussaucti
1668 2444 1853 2516 humili
1886 2457 2035 2516 prece
2066 2443 2301 2512 deposcit
2324 2443 2640 2513 ingressum.
2669 2469 2724 2476 —
2744 2445 2798 2512 .2.
2834 2443 2925 2491 Ubi
2958 2448 3172 2490 sanctus
3204 2443 3491 2515 Episcopus
3521 2444 3817 2493 ordinatur.
3847 2471 3897 2481 —-

467 2514 511 2559 3.
538 2505 718 2558 Editor
752 2510 910 2571 hujus
940 2505 1368 2571 operisdGalliam
1406 2506 1711 2571 alloquitur.
1743 2533 1801 2571 _—
1829 2509 1871 2552 4.
1913 2506 1982 2552 De
2011 2505 2406 2571 puerisemptis
2436 2508 2487 2551 et
2514 2505 2861 2571 instructione
2892 2519 3093 2571 eorum.
3124 2531 3187 2571 ⁷-
3219 2509 3261 2571 5.
3297 2505 3529 2567 Scriptis?
3560 2506 3722 2571 hujus
3751 2510 3893 2571 metri

469 2573 720 2621 Sanctum
751 2565 870 2619 cum
899 2565 1054 2617 lau'dc
1080 2569 1286 2617 affatur.
1319 2593 1384 2630 -ν
1407 2570 1451 2615 6.
1489 2565 1712 2630 Puerum
1739 2566 2023 2630 Sanctusa
2046 2566 2255 2613 diabolo
2286 2566 2337 2612 in
2372 2565 2743 2630 Centumcellis
2768 2566 3007 2630 s;ilvn_vit.
3036 2593 3095 2601 —
3115 2570 3161 2615 7.
3204 2568 3399 2615 Auctor
3414 2565 3604 2630 _Operis
3628 2565 3787 2615 istius
3816 2570 3892 2615 in-

469 2637 679 2699 crepato
699 2633 855 2699 _hoste
886 2632 961 2699 _ad
987 2634 1133 2699 gesta
1162 2629 1440 2699 narranda.
1470 2629 1763 2676 revertitur.
1798 2653 1855 2699 τ
1886 2630 1932 2675 8.
1979 2628 2051 2699 De
2079 2632 2402 2699 tempestate
2435 2628 2488 2699 in
2526 2628 2711 2689 pelago
2755 2633 2867 2674 orta
2894 2628 3090 2699 Sancto
3122 2630 3419 2699 navigante.
3546 2632 3594 2699 9ἐ
3621 2630 3897 2699 Apostolus

476 2689 662 2744 Petrus
697 2695 749 2741 in
778 2693 898 2741 navi
924 2689 1041 2740 eum
1066 2692 1339 2752 alloquens
1361 2690 1577 2752 pelagus
1608 2694 1929 2737 commotum
1949 2689 2112 2752 sedat.
2144 2715 2206 2752 τ
2236 2689 2645 2752 1οηοιιυι1ωξιιω
2670 2703 2859 2750 pagum
2893 2690 3115 2737 Sanctus

3146 2692 3328 2754 pergit.
3363 2719 3434 2754 -Α
3455 2695 3469 2738 l
3488 2692 3776 2754 l._Devicto
3812 2706 3895 2754 per

468 2757 640 2824 ipsein
678 2755 877 2824 erroris
914 2751 1456 2824 _prin‘cipe,’_pOpulus
1496 2752 1792 2824 'creflitzn—
1852 2754 1926 2824 ll.
1959 2751 2152 2824 Mentio
2184 2751 2325 2824 Beati
2358 2751 2581 2798 Bavonis
2612 2751 2857 2824 discipuli
2892 2752 3035 2799 illius
3061 2751 3255 2801 debita
3278 2767 3396 2801 cum
3426 2752 3583 2801 laude
3614 2751 3893 2814 agiturf—

469 2812 545 2867 1'3.
579 2817 814 2880 Scriptor
834 2812 994 2879 hujus
1018 2812 1138 2864 libri
1166 2812 1369 2877 plebem
1398 2814 1629 2875 regionis
1660 2812 1803 2860 illius
1821 2812 2127 2871 exhortans,
2155 2826 2210 2860 se
2240 2812 2398 2860 etiam
2424 2812 2777 2860 commendat.
3632 2848 3635 2849 ,

964 2927 1189 2982 CAPUT
1241 2925 1530 2979 PRIMUM.

407 3073 550 3130 Ordo
590 3072 909 3143 episcopalis
947 3070 1004 3125 S.
1047 3067 1311 3143 Amando
1334 3068 1581 3143 collatus.
1631 3065 1717 3120 Ab
1748 3081 1805 3120 eo
1837 3065 2105 3135 redempti

936 3141 1162 3209 captivi,
1204 3144 1253 3192 et
1292 3140 1569 3192 instructi.

481 3289 529 3339 ί.
566 3283 793 3337 Viribus
825 3281 1045 3351 exiguis
1076 3295 1339 3333 canerem
1390 3294 1541 3344 cum,
1591 3278 1790 3345 lector,
1850 3278 2096 3331 Amandi

408 3373 624 3443 Inclyta
655 3375 814 3441 gesta
845 3370 948 3438 pii,
982 3367 1276 3421 communi
1306 3366 1440 3419 hinc
1470 3366 1601 3419 inde
1629 3366 1808 3419 labori

408 3460 769 3530 Prospiciens
794 3458 1012 3528 pariter
1040 3455 1356 3517 scribentis,
1386 3455 1504 3507 sive
1536 3454 1802 3524 legentis,

409 3551 669 3614 Quatuor
701 3548 762 3599 in
790 3544 982 3615 parvis
1012 3543 1212 3613 partiri
1242 3542 1348 3595 rite
1388 3542 1597 3595 libellis

407 3639 537 3690 Haec
559 3635 759 3689 eadem
784 3632 961 3699 volui,
1003 3630 1193 3701 capias
1224 3647 1337 3701 quo
1370 3629 1483 3684 ﬁne
1515 3630 1802 3695 levamen,

407 3727 478 3779 Et
505 3723 725 3779 brevies
754 3726 977 3775 tantum
1008 3719 1217 3789 partito
1245 3719 1391 3772 fasce
1421 3718 1693 3773 laborem.

408 3813 606 3867 Lector
635 3810 790 3864 enim
820 3808 1094 3878 prudens,
1126 3806 1342 3877 poteris
1367 3820 1730 3875 cognoscere,
1762 3804 1808 3858 si
1840 3804 1943 3871 vis,

406 3900 568 3966 Quod
590 3915 705 3953 non
734 3895 1105 3967 grammatica
1132 3894 1381 3948 decurrit
1411 3894 1533 3963 lege
1565 3893 1812 3963 loquela,

407 3989 637 4044 Rustica
666 3986 761 4040 sed
796 3984 1016 4039 stolidis
1046 3987 1317 4036 texuntur
1345 3980 1601 4035 carmina
1628 3980 1835 4034 verbis.

407 4078 530 4130 Non
561 4089 703 4145 opus
742 4072 851 4126 hoc
880 4070 1032 4124 orbis
1060 4068 1415 4122 recitandum
1445 4068 1609 4120 mitto
1633 4065 1951 4136 magistris;

406 4164 660 4226 Quorum
684 4174 870 4211 sermo
898 4158 1025 4209 fluit
1053 4155 1320 4208 torrentis
1350 4154 1593 4223 gurgitis
1626 4153 1822 4219 instar,

408 4248 655 4303 Grandia
685 4246 785 4315 qui
813 4243 1023 4297 oritoni
1052 4246 1342 4295 ructantes
1373 4242 1544 4294 verba
1568 4240 1811 4293 Maronis

406 4335 570 4389 Vocis
599 4332 835 4387 olorinae
864 4334 1203 4383 concentum
1236 4333 1465 4399 gutture
1495 4334 1792 4399 promunt;

407 4423 627 4492 Quique
659 4435 825 4472 suum
859 4433 1089 4471 carmen
1143 4417 1279 4471 dum
1311 4416 1490 4471 musis
1544 4416 1813 4470 suavibus
1844 4418 2094 4486 aequant,

409 4510 726 4567 Ostendunt
754 4523 985 4573 vanum,
1019 4506 1307 4576 nullisque
1334 4505 1582 4576 aptabile
1606 4505 1797 4559 lucris.

410 4600 534 4652 Non
566 4597 654 4651 his
679 4612 815 4666 ergo
847 4610 1001 4648 meos
1024 4610 1215 4647 versus
1245 4592 1570 4648 transmitto
1601 4593 1879 4660 citandos,

407 4687 513 4742 Sed
544 4686 857 4750 monachis,
892 4701 1135 4755 quorum
1170 4684 1471 4754 requiescit
1504 4684 1557 4735 in
1590 4700 1685 4736 ore
1714 4682 1957 4736 salubris

406 4778 725 4832 Thesaurus
750 4774 955 4843 psalmi
982 4778 1037 4826 et
1065 4773 1285 4842 hymni,
1317 4789 1417 4826 seu
1447 4772 1685 4837 cantica,
1722 4772 1942 4825 Christo

406 4868 544 4930 Qua:
582 4880 687 4934 per
722 4862 940 4931 templa
979 4866 1191 4913 canunt
1230 4862 1473 4913 tonitrus
1507 4860 1663 4913 velut
1701 4876 1799 4913 ore
1835 4860 2092 4924 boantes,

408 4958 609 5008 Petrus
638 4951 884 5022 piscator
913 4949 1156 5017 populos
1186 4948 1455 5017 piscando
1486 4949 1670 5017 poctis

405 5041 713 5095 Praefertur
739 5036 977 5101 cunctis,
1010 5035 1107 5105 qui
1136 5040 1327 5087 sancto
1356 5035 1586 5087 ﬂamine
1617 5036 1842 5105 plenus,

404 5126 587 5182 Vertit
615 5123 959 5193 multiplices
994 5138 1107 5175 uno
1138 5137 1399 5174 sermone
1428 5126 1710 5189 catervas;

406 5220 528 5283 Quo
557 5216 704 5270 facto
727 5212 939 5278 docuit,
974 5212 1123 5283 quod
1146 5227 1263 5264 non
1297 5226 1559 5263 sermone
1590 5216 1823 5279 paretur

407 5306 693 5374 Regnum,
726 5302 819 5355 sed
854 5299 1082 5353 Domini
1112 5298 1360 5351 solidum
1391 5298 1596 5350 virtute
1629 5298 1865 5351 levetur.

408 5392 429 5443 Ι
461 5392 622 5455 liber,
652 5391 667 5441 i
696 5404 946 5443 carmen.
979 5388 1061 5440 Tu
1088 5386 1334 5457 Spiritus
1357 5386 1524 5449 alme,
1557 5384 1771 5449 venito,

408 5473 659 5526 Pectoris
687 5479 743 5528 et
771 5474 951 5528 nostri
979 5473 1292 5544 penetralia
1320 5471 1564 5543 pleniter
1593 5471 1759 5537 intra,

2134 2927 2173 2978 Β
2206 2925 2387 2994 Digno
2419 2942 2531 2996 quo
2563 2926 2804 2993 valeam,
2834 2942 2963 2997 qua:
2987 2931 3121 2980 sunt
3151 2929 3472 2997 pangenda,
3506 2930 3691 2983 relatu

2210 3012 2465 3066 Scribere
2498 3017 2653 3083 gesta
2687 3013 2811 3080 viri,
2852 3014 3136 3067 mundum
3168 3015 3486 3085 spargenda
3511 3032 3615 3085 per
3647 3032 3890 3070 omnem.

2278 3104 2331 3155 2.
2366 3102 2623 3155 Romana
2657 3102 2876 3156 interea
2916 3102 3004 3155 vir
3033 3103 3271 3157 Sanctus
3304 3104 3375 3156 ab
3407 3103 3546 3157 urbe
3588 3110 3889 3169 revertens,

2212 3189 2503 3242 Gallorum
2536 3189 2605 3242 ad
2640 3192 2884 3259 populos
2917 3191 3167 3245 directus
3192 3192 3418 3245 caelitus
3450 3192 3573 3247 ivit.

2210 3277 2277 3328 Et
2308 3292 2411 3329 ceu
2446 3275 2549 3329 sub
2576 3277 2767 3329 modio
2791 3277 3034 3330 rutilans
3057 3283 3313 3331 contecta
3341 3279 3577 3332 lucerna

2212 3363 2486 3416 Humanis
2521 3364 2743 3417 nullum
2781 3362 3101 3433 profectum
3135 3364 3349 3417 visibus
3379 3364 3581 3432 infert;

2209 3453 2269 3505 In
2296 3451 2428 3505 base
2452 3450 2550 3505 sed
2580 3452 2766 3521 posita
2796 3452 3114 3521 splendoris
3140 3454 3263 3506 luce
3292 3453 3559 3507 tenebras

2210 3538 2449 3605 Decutit,
2486 3539 2841 3609 intrantique
2870 3539 3105 3593 domum
3138 3556 3240 3593 sua
3270 3556 3512 3594 munera
3541 3542 3767 3611 pandit;

2207 3626 2297 3680 Sic
2327 3626 2409 3679 sic
2438 3626 2528 3679 his
2556 3626 2766 3680 Christi
2796 3627 3167 3696 resplendens
3194 3627 3413 3681 lumine
3434 3630 3743 3697 Amandus,

2208 3714 2365 3767 Illius
2394 3720 2457 3768 ut
2476 3715 2695 3769 cunctis
2725 3715 2970 3784 fulgeret
3003 3715 3058 3767 in
3097 3716 3217 3769 aede
3245 3716 3542 3782 ministris,

2206 3802 2563 3873 Exueretque
2594 3802 2857 3856 homines
2886 3808 3035 3856 tetra
3064 3804 3308 3873 caligine
3344 3805 3574 3867 multos.

2208 3890 2486 3960 Principis
2515 3890 2773 3959 imperiis
2801 3891 3155 3959 compulsus,
3181 3892 3636 3962 Pontiﬁcumque

2209 3978 2468 4031 Devictus
2497 3979 2752 4042 monitis,
2787 3984 2871 4031 est
2900 3979 3079 4032 factus
3116 3980 3454 4050 Episcopus;
3481 3985 3538 4034 et
3569 3980 3718 4051 quod

2204 4067 2326 4119 Jam
2354 4066 2575 4135 pridem
2610 4063 2829 4119 meritis
2857 4066 3062 4132 fuerat,
3095 4071 3231 4120 tunc
3258 4068 3459 4121 ordinc
3487 4068 3737 4139 sumpsit.

2205 4154 2315 4207 Nec
2344 4154 2535 4207 sedem
2566 4154 2856 4223 propriam
2898 4154 3143 4224 suscepit
3172 4156 3575 4225 pontiﬁcalem,

2134 4216 2174 4269 δ
2204 4242 2313 4295 Sed
2339 4242 2513 4294 veluti
2544 4216 2753 4295 Paulus
2776 4242 3022 4312 populos
3051 4216 3353 4312 aggressus
3384 4244 3546 4309 Eoos,

2208 4329 2299 4383 Sic
2325 4330 2427 4383 iste
2458 4330 2732 4384 Occiduas
2762 4336 2953 4400 partes
2983 4332 3351 4385 transmissus
3379 4332 3571 4395 adivit.

2206 4418 2480 4474 Gentibus
2512 4424 2566 4471 et
2595 4419 2805 4488 sparsis
2839 4419 3050 4489 sparsit
3073 4420 3169 4489 pia
3199 4420 3371 4473 verba
3394 4421 3608 4474 salutis.

2276 4509 2326 4559 3.
2360 4506 2552 4567 Gallia,
2576 4506 2761 4576 gaude
2782 4506 3003 4567 alacris,
3028 4507 3333 4576 praeclarus
3354 4508 3651 4577 Apostolus
3676 4507 3775 4560 iste
3800 4510 3875 4559 est

2208 4595 2461 4648 Donatus
2489 4595 2721 4648 tibimet.
2758 4594 3033 4648 Dominus
3065 4609 3193 4647 cum
3229 4594 3482 4647 mitteret
3515 4595 3636 4647 orbi

2206 4682 2446 4735 Lumina
2480 4683 2807 4748 Doctorum,
2842 4697 2945 4735 ceu
2976 4682 3166 4734 stellas
3198 4683 3323 4735 luce
3357 4682 3631 4745 nitentes;

2202 4770 2356 4823 Tunc
2384 4769 2488 4822 tibi
2513 4774 2663 4822 sorte
2696 4770 2789 4838 pia
2821 4773 3079 4822 nostrum
3103 4770 3345 4822 servavit
3376 4772 3726 4831 Amandum;

2204 4858 2326 4921 Quo
2358 4858 2579 4911 radiata
2608 4858 2703 4927 pio
2726 4862 2998 4911 virtutum
3025 4858 3240 4911 lumine
3268 4858 3415 4911 facta
3446 4876 3524 4925 es,

2203 4947 2509 5015 Splendida
2540 4946 2844 5015 terrigenis
2874 4947 3090 5016 quadro
3130 4946 3233 4999 sub
3260 4948 3491 5001 climate
3512 4947 3725 5001 clausis.

2204 5038 2309 5089 Per
2336 5051 2505 5105 quem
2540 5034 2884 5087 celsithrono
2917 5036 3151 5088 credens
3182 5035 3241 5087 in
3274 5037 3480 5089 saecula
3512 5037 3651 5105 regi,

2201 5123 2437 5191 Semper
2453 5122 2564 5174 eris
2594 5128 2872 5188 sanctum,
2903 5123 3243 5191 speciosum,
3279 5128 3333 5176 et
3375 5125 3567 5177 nobile
3610 5134 3862 5191 regnum:

2202 5210 2309 5274 Qui
2341 5216 2413 5275 te,
2439 5210 2779 5280 conspicuus
2810 5226 2937 5262 cum
2970 5210 3149 5264 Judex
3178 5211 3397 5264 venerit
3428 5210 3600 5273 orbis,

2204 5298 2464 5368 Undique
2491 5298 2807 5363 collectam,
2839 5314 2940 5351 ceu
2974 5302 3167 5367 pastor
3195 5298 3383 5363 ovilia,
3421 5298 3587 5353 ducet

2199 5385 2282 5437 Ad
2313 5385 2521 5438 Christi
2552 5386 2755 5438 solium
2782 5402 2794 5451 ;
2820 5386 3055 5438 veniens
3081 5402 3217 5456 quo,
3243 5401 3483 5439 munera
3515 5385 3696 5455 magni

2200 5473 2489 5541 Principes
2522 5473 2768 5537 Domini,
2794 5478 2950 5527 tanto
2977 5478 3271 5543 prieeunte
3302 5476 3566 5528 Patrono.
