4078 6180
199 295 291 347 941
1388 296 1478 350 DE
1520 296 1675 350 VITA
1716 296 1770 349 S.

2010 298 2108 353 'DI.
2138 327 2205 335 —
2233 298 2362 352 LIB.
2402 298 2468 351 ll.

196 422 406 477 Audiet
435 428 493 477 et
522 422 734 477 summi
762 438 959 477 vocem
993 424 1240 477 Pastoris
1268 426 1585 478 Amandus.

201 512 378 580 Euge,
413 528 569 565 serve
600 512 769 577 bone,
803 512 1032 567 aeternis
1066 514 1257 566 lmtare
1293 515 1556 583 tropaeis;

200 601 263 652 Et
291 600 433 652 mihi
460 600 558 670 qui
589 601 881 670 quondam
906 602 1095 654 fueras
1124 602 1183 653 in
1211 618 1392 670 pauca
1422 602 1624 666 iidelis,

201 688 379 741 Multa
410 704 582 758 super
612 695 855 742 statuam
887 694 964 754 te,
998 690 1064 743 ad
1098 690 1307 755 gaudia
1337 695 1532 743 nostra
1561 689 1838 759 periutra.

197 776 356 829 Tunc
387 776 495 829 tibi
522 792 651 829 caro
685 778 899 847 populo
935 777 1048 830 Rex
1080 778 1215 830 talia
1247 778 1423 843 dicet;

198 865 340 918 Grex
374 865 692 930 benedicta,
726 865 873 931 veni,
906 880 1147 934 regnum
1178 866 1295 935 jam
1328 882 1491 920 sume
1516 872 1808 936 paratum,

197 952 519 1015 Quaesitum
554 952 725 1005 sacris
756 952 978 1006 meritis
1004 954 1075 1006 ab
1110 954 1330 1023 origine
1362 955 1583 1008 mundi.

198 1041 380 1093 Gallia
411 1045 572 1095 tanta
596 1040 681 1094 tui
707 1057 896 1094 sumes
926 1046 1062 1095 tunc
1092 1058 1333 1095 munera
1368 1042 1557 1111 Regis,

197 1133 373 1182 Actus
407 1129 699 1199 magniﬁci
724 1130 771 1182 si
804 1145 953 1182 nunc
984 1129 1226 1183 imiteris
1251 1131 1526 1196 Amaudi;

199 1218 307 1281 Qui
340 1218 532 1271 docuit
562 1218 945 1288 quodcunque
978 1235 1080 1271 suo
1110 1219 1415 1288 complevit
1445 1223 1501 1272 et
1532 1223 1683 1284 actu,

199 1306 312 1370 Qui
342 1307 556 1377 jugiter
584 1322 808 1360 sacrum
839 1323 1067 1360 servans
1099 1306 1326 1376 pietatis
1357 1323 1634 1374 amorem,

201 1395 266 1447 Et
298 1410 414 1464 qua
446 1395 647 1464 plenus
679 1398 799 1447 erat
829 1395 1046 1447 vultum
1078 1395 1333 1448 bonitate
1364 1411 1657 1463 screnans,

200 1481 343 1535 Visu
377 1482 673 1552 prodebat,
701 1498 829 1552 quae
860 1483 1104 1552 pectoris
1133 1498 1262 1535 arca
1292 1487 1531 1537 teneret.

199 1570 435 1625 Sobrius
464 1574 518 1624 et
549 1586 737 1635 sensu,
767 1571 1051 1624 renitebat
1076 1575 1304 1640 pectore
1334 1576 1541 1639 castus,

200 1660 501 1729 Largaque
529 1659 879 1728 pauperibus
904 1658 1196 1728 praebebat
1227 1660 1377 1713 dona
1407 1660 1689 1730 benignus
1720 1678 1733 1714 :

200 1748 345 1801 Hine
376 1752 547 1818 atque
582 1748 714 1800 hinc
746 1747 999 1801 medium
1028 1747 1164 1800 dum
1188 1764 1246 1800 se
1269 1749 1589 1802 conformat
1608 1750 1676 1803 ad
1701 1766 1900 1804 omnes

202 1834 489 1887 Divitibus
518 1834 696 1898 dives,
728 1850 947 1903 pauper
977 1835 1222 1888 sociatur
1247 1835 1471 1904 egenis;

201 1923 311 1987 Qui
343 1924 477 1991 vigil
505 1927 562 1976 et
592 1923 836 1992 vigilans
867 1924 1066 1976 orandi
1098 1924 1321 1977 deditus
1354 1923 1512 1977 omni

198 2013 503 2081 Tempore,
536 2027 740 2082 parcus
770 2017 890 2066 erat
918 2027 1203 2077 sermone,
1237 2013 1546 2082 animoque
1574 2012 1779 2065 suavis.

272 2133 327 2183 4.
361 2130 469 2194 Qui
501 2130 1071 2185 Sanctus'hominum
1105 2131 1418 2185 dissolvens
1448 2130 1553 2184 rite
1581 2136 1825 2197 catenas,

198 2220 258 2275 Si
289 2235 498 2289 pueros
529 2220 751 2289 aliquos
784 2218 1035 2288 captivos
1066 2219 1211 2272 forte
1244 2219 1480 2286 videret,

198 2311 314 2361 Aut
341 2323 500 2360 mare
531 2311 881 2359 transvectos
912 2307 1140 2359 venales
1172 2322 1406 2361 cernere
1435 2307 1642 2377 quiret,

198 2397 321 2449 Mox
355 2396 544 2465 pretio
576 2395 819 2465 cupidus
846 2395 1169 2448 redimebat
1200 2395 1463 2450 mercifer
1495 2395 1710 2464 amplo,

202 2484 533 2537 Vinctorum
565 2483 735 2536 duras
760 2498 1035 2551 rumpens
1066 2482 1390 2536 miserando
1418 2487 1665 2536 catenas.

203 2573 321 2626 Nec
353 2577 546 2625 tamen
577 2570 668 2624 hic
701 2571 893 2624 studio
921 2575 1220 2641 cceptoque
1250 2571 1445 2624 labore
1474 2570 1731 2637 carebat;

201 2661 309 2715 Sed
341 2676 589 2731 quorum
621 2660 823 2713 vinclis
849 2659 1099 2712 solvebat
1129 2675 1391 2729 corpora,
1425 2658 1643 2713 cunctis

203 2752 466 2803 Internas
498 2749 685 2803 cordis
715 2748 979 2802 tenebras
1012 2748 1289 2801 radiando
1321 2747 1580 2817 fugabat,

202 2838 575 2908 Pellebatque
608 2852 807 2889 omnes
839 2851 997 2889 sacro
1028 2835 1370 2905 baptismate
1398 2836 1613 2889 sordes.

199 2930 281 2979 Ac
310 2926 459 2979 vasis
492 2925 688 2978 nitidis
719 2927 979 2978 sanctum
1010 2923 1365 2977 infundendo
1396 2924 1702 2993 liquorem,

202 3015 407 3068 Dulcia
436 3013 707 3084 rorigeris
732 3012 967 3066 indebat
992 3012 1161 3065 mella
1192 3012 1471 3079 canistris,

202 3101 561 3155 Perfundens
593 3105 759 3153 natos
788 3100 1062 3154 doctrinas
1092 3100 1247 3153 fonte
1274 3099 1559 3164 novellos;

201 3188 437 3259 Hosque
464 3205 567 3258 per
596 3188 869 3242 Ecclesias
898 3188 1193 3257 linquebat
1224 3188 1457 3241 Sanctus
1490 3187 1719 3254 amicas,

203 3277 489 3330 Libertate
520 3282 712 3330 tamen
738 3276 1013 3345 permissa
1041 3292 1201 3328 more
1232 3275 1475 3341 salubri;

203 3366 281 3419 Ex
312 3365 522 3435 quibus
553 3366 789 3418 eximias
816 3364 1010 3433 plures
1040 3368 1274 3417 tenuere
1303 3364 1600 3417 cathedras

202 3453 530 3517 Pontiﬁces,
564 3458 873 3522 sanctoque
905 3453 1056 3505 viros
1082 3461 1233 3519 actu,
1261 3468 1357 3506 ore
1387 3456 1676 3519 venustos,

199 3541 567 3610 Abbatesque
600 3542 781 3593 almos
804 3540 1124 3593 audivimus
1153 3541 1384 3593 auribus
1414 3544 1629 3594 auctos.

200 3630 363 3683 Talia
396 3630 548 3683 dona
578 3645 809 3682 omnem
842 3629 1147 3698 spargebat
1178 3630 1416 3683 Sanctus
1445 3629 1506 3683 in
1537 3630 1757 3683 orbem.

366 3754 410 3808 Ο
435 3753 809 3806 memorande
845 3754 1031 3820 Pater,
1055 3769 1168 3823 qua
1188 3757 1241 3806 te
1262 3768 1413 3805 nunc
1435 3752 1599 3806 laude
1622 3752 1901 3807 celebrem

202 3843 428 3909 Nescio,
462 3847 753 3896 tantarum
786 3842 1001 3895 mirans
1032 3841 1282 3912 insignia
1313 3858 1527 3896 rerum.

203 3932 457 4001 Largiris
482 3930 754 4001 pretium,
789 3935 1087 4000 captorum
1114 3929 1337 3982 vincula
1364 3929 1550 3994 solvis,

200 4022 286 4075 Ad
318 4022 641 4090 caelumque
667 4020 772 4073 hac
804 4024 923 4072 arte
953 4019 1092 4072 facis
1120 4018 1501 4071 conscendere
1533 4032 1770 4084 numos;

202 4111 271 4164 Et
300 4109 553 4179 pretium
585 4114 641 4161 et
671 4111 862 4177 captos
891 4106 1077 4176 pretio
1109 4122 1282 4176 super
1313 4110 1465 4158 astra
1496 4104 1747 4175 reponis.

204 4201 271 4253 Et
302 4213 507 4251 vacuas
542 4211 786 4260 saccum,
821 4196 959 4249 dum
990 4195 1241 4262 comples
1266 4210 1506 4247 munere
1532 4195 1756 4259 coelum,

202 4289 273 4341 Et
303 4286 443 4356 quia
472 4290 751 4338 mercator
781 4284 990 4349 fueras,
1019 4284 1192 4337 talem
1225 4298 1344 4337 esse
1376 4283 1630 4337 decebat.

200 4377 350 4430 Nam
384 4374 492 4427 tibi
518 4374 662 4427 dona
693 4372 796 4425 viri
823 4372 868 4425 si
895 4371 1130 4425 mittunt
1159 4370 1437 4440 religiosi,

203 4465 333 4517 Non
361 4462 576 4530 majora
600 4478 765 4531 paras
794 4460 1085 4514 servandis
1115 4460 1362 4513 claustra
1387 4458 1701 4523 crumenis;

204 4553 322 4606 Nec
353 4557 426 4617 te,
456 4555 645 4604 sancte
674 4552 857 4616 Pater,
892 4550 1075 4603 solum
1110 4549 1320 4601 servire
1355 4547 1617 4616 supernis

204 4639 514 4710 Obsequiis
540 4640 676 4691 satis
703 4642 800 4702 est,
829 4642 1140 4707 gentesque
1171 4636 1302 4689 hinc
1328 4636 1463 4690 inde
1492 4639 1717 4689 vocatas

203 4728 541 4798 Collegisse,
574 4744 730 4780 sacro
761 4726 999 4795 vivoque
1032 4730 1089 4779 et
1117 4725 1272 4779 fonte
1306 4740 1574 4792 novasse;

203 4819 326 4871 Nec
350 4815 607 4887 speciosa
632 4821 794 4869 tuum
824 4815 943 4883 jam
977 4814 1210 4867 Francia
1238 4814 1488 4881 complet
1520 4828 1795 4878 amorem,

200 4908 469 4974 Angusta
495 4908 552 4957 et
576 4903 679 4957 tibi
710 4908 997 4957 terrarum
1027 4901 1253 4955 venatio
1281 4900 1428 4955 facta
1460 4905 1562 4955 est.

281 5076 305 5103 α
342 5061 405 5113 1d
437 5064 521 5113 est
555 5060 888 5113 Cantatores
919 5072 931 5111 :
967 5057 1044 5108 sic
1074 5055 1355 5111 Ausonius
1387 5054 1447 5108 in
1482 5054 1905 5109 Professoribus

202 5130 728 5201 Burdegalensibus
758 5145 931 5183 carm.
970 5130 1053 5190 16,
1084 5128 1151 5180 ad
1180 5127 1565 5197 Nepotianum
1594 5141 1607 5178 :

398 5237 468 5285 Te
489 5235 815 5284 fabulantem
846 5248 954 5283 non
985 5234 1195 5297 Ulysses
1218 5233 1502 5297 linqueret,

463 5299 639 5361 Liquit
666 5300 914 5347 canentes
943 5297 1034 5359 qui
1052 5294 1294 5344 melodas
1320 5294 1578 5356 Virgines,

202 5400 271 5454 id
306 5401 413 5461 est,
448 5396 675 5451 Sirenes
715 5396 1069 5450 cantatrices.
1114 5395 1198 5447 Ita
1227 5392 1492 5447 Sidonius
1533 5392 1572 5447 1.
1614 5406 1689 5456 1x,
1738 5389 1905 5459 epist.

206 5473 280 5523 15
315 5484 328 5522 :
365 5468 588 5522 Melodis
627 5471 877 5522 insonare
914 5465 1179 5535 pulsibus.
1215 5462 1556 5517 Prudentius
1591 5462 1809 5531 hymno
1854 5462 1904 5513 9.

206 5538 663 5594 Cathemerinon
698 5554 710 5590 :

3590 309 3693 363 942

1930 429 1978 479 Α
2002 427 2148 491 Quin
2184 428 2384 498 pelago
2413 430 2610 483 allatos
2637 447 2699 484 ac
2728 436 2885 486 vasta
2913 449 3015 503 per
3044 449 3276 505 aequora
3302 441 3489 491 vectos

2006 517 2255 586 Colligis,
2289 524 2342 570 et
2375 519 2543 587 pretii
2575 520 2815 589 cupidus
2850 538 2965 575 non
2996 523 3184 577 tardat
3214 540 3417 579 avarus

2002 604 2098 671 Te,
2128 604 2681 671 celebrande-Pater,
2716 624 2901 677 neque
2932 626 3095 662 carus
3120 612 3380 666 venditor
3411 614 3581 669 ullus.

2004 691 2101 744 Ille
2135 692 2287 761 capit
2314 694 2485 763 Regis
2513 694 2794 763 signatam
2822 699 3057 751 nomine
3088 699 3415 770 dragmam;

2003 779 2309 849 Dragmam
2344 785 2516 851 tuque
2548 782 2743 847 refers,
2776 800 2948 853 quam
2979 784 3186 839 Christi
3218 789 3448 843 nomine
3478 790 3689 861 signes.

2002 868 2275 921 Venditor
2298 869 2394 923 ille
2421 886 2581 923 suam
2618 871 2773 923 lucra
2800 873 2865 925 ad
2897 876 3125 927 terrena
3154 882 3446 946 reportat;

2005 956 2237 1025 Emptor
2265 962 2442 1027 tuque
2474 964 2631 1011 tuam
2664 960 2822 1013 lucra
2855 960 2927 1013 ad
2956 962 3206 1017 ccelestia
3235 981 3441 1020 servas.

2002 1044 2101 1097 Ille
2130 1061 2292 1099 suam
2322 1046 2529 1115 perdit,
2565 1048 2652 1101 vel
2685 1048 2889 1101 clausis
2917 1049 3075 1103 abdit
3104 1050 3161 1103 in
3191 1054 3355 1120 arcis,

2001 1130 2197 1201 Tuque
2224 1135 2380 1186 tuam
2414 1133 2554 1203 Regi
2584 1135 2805 1188 Christo
2840 1138 3117 1191 servando
3143 1154 3412 1194 coronam

2006 1220 2302 1289 Egregiam
2334 1220 2597 1282 fabricas.
2630 1223 2896 1293 celsoque
2926 1224 2987 1276 in
3016 1225 3227 1279 vertice
3258 1227 3445 1295 ponis.

2005 1306 2392 1378 Crudelesque
2419 1310 2587 1379 lupos
2617 1311 2783 1364 mites
2811 1313 3092 1366 convertis
3121 1314 3181 1367 in
3211 1331 3410 1385 agnos,

2004 1396 2067 1447 In
2099 1395 2390 1466 caulisque
2412 1396 2578 1466 jubes
2609 1398 2779 1451 sacris
2806 1405 2991 1453 astare
3022 1410 3047 1434 α
3081 1402 3358 1469 melodos,

2008 1484 2426 1555 Prmdonesque
2452 1486 2620 1549 ferus,
2656 1486 2863 1556 quibus
2894 1488 3030 1541 olim
3064 1490 3177 1542 vita
3208 1491 3425 1561 rapinae

2009 1573 2070 1624 In
2103 1572 2290 1625 studio
2322 1573 2526 1639 fuerat,
2561 1574 2752 1627 dulces
2784 1575 2906 1628 sine
2936 1576 3068 1630 felle
3099 1577 3393 1632 columbas

2014 1659 2220 1728 Efﬁcis,
2255 1664 2313 1713 ut
2336 1661 2571 1731 propria
2602 1662 2926 1730 expendunt
2956 1664 3054 1733 qui
3086 1665 3271 1718 aliena
3299 1666 3591 1721 vorabant.

2692 1820 2914 1875 CAPUT
2952 1822 3017 1875 Il.

2007 1962 2033 2003 ιι
2072 1961 2127 2014 S.
2172 1960 2416 2014 Amandi
2454 1962 2559 2013 iter
2603 1964 2683 2014 Η.
2730 1964 3045 2016 Romanum.
3095 1966 3234 2017 Puer
3272 1981 3306 2019 a
3341 1966 3701 2020 submersione

2423 2032 2706 2085 liberatus.
2745 2035 3049 2101 Tempestas
3081 2034 3289 2089 sedata.

2080 2174 2131 2224 6.
2184 2172 2258 2224 Te
2303 2186 2490 2241 neque
2538 2176 2837 2241 praetereo,
2882 2172 3040 2238 urbs,
3090 2174 3187 2228 sed
3231 2174 3485 2229 carmine
3531 2175 3697 2230 visito

2008 2260 2054 2312 A
2084 2258 2486 2313 Centumcellis
2519 2260 2617 2311 tali
2648 2261 2991 2330 cognomine
3024 2261 3203 2329 dicta;
3485 2262 3701 2334 [nostro

2007 2347 2145 2410 Quae
2176 2347 2365 2416 pelagi
2398 2348 2563 2400 solita
2595 2364 2653 2401 es
2683 2347 3011 2401 discrimina
3042 2365 3191 2420 saepe
3222 2350 3434 2419 levare,

2007 2436 2074 2487 Et
2105 2440 2305 2488 nautas
2336 2451 2586 2505 reparas,
2622 2441 2677 2489 et
2706 2437 2881 2490 lassos
2912 2436 3083 2507 erigis
3113 2442 3288 2491 artus.

2008 2524 2119 2577 Nec
2148 2528 2202 2577 te
2230 2524 2525 2593 prmteriit.
2556 2524 2691 2577 dum
2725 2524 2963 2577 Sanctus
2992 2525 3063 2577 ab
3095 2525 3235 2579 urbe
3267 2526 3517 2580 secundo

2010 2611 2339 2680 Digreditur
2371 2612 2573 2676 Roma,
2605 2610 2735 2664 navi
2764 2626 3102 2680 progressus
3128 2612 3197 2665 ab
3231 2612 3345 2679 illa,

2009 2700 2091 2752 Ad
2126 2705 2179 2752 te
2208 2699 2488 2768 pervenit,
2522 2699 2720 2752 solitos
2746 2699 2967 2753 laturus
2998 2717 3229 2769 agones,

2008 2790 2194 2857 Atque
2226 2787 2305 2839 ibi
2334 2803 2491 2840 more
2524 2803 2625 2840 suo
2658 2787 2908 2841 tenebris
2938 2803 3067 2841 cum
3092 2787 3273 2841 noctis
3306 2803 3500 2857 opacae

2010 2875 2209 2929 Oraret
2238 2876 2418 2939 solus;
2447 2876 2587 2943 jam,
2621 2875 2814 2941 credo,
2846 2875 3097 2928 advertis
3127 2877 3249 2929 Iesu

2010 2964 2284 3032 Exemplo
2310 2962 2557 3016 similem
2589 2963 2868 3017 famulum
2898 2968 3152 3033 portasse
3176 2963 3453 3017 laborem.

2008 3052 2130 3105 Nox
2163 3050 2511 3105 horrorifera
2541 3056 2597 3104 et
2621 3056 2770 3104 terra
2794 3051 3036 3120 caligine
3066 3050 3248 3104 noctis

2006 3140 2230 3193 Tetrior
2260 3139 2508 3204 advenit,
2538 3138 2767 3192 Domini
2796 3138 3022 3209 fulgore
3052 3138 3349 3192 lucernam

2007 3227 2409 3297 Splendentem
2444 3226 2601 3280 fumo
2627 3226 2862 3296 cupiens
2891 3227 3111 3280 fuscare
3144 3226 3366 3280 nocivo.

2010 3318 2076 3370 Et
2104 3331 2435 3386 quanquam
2467 3315 2628 3369 solita
2662 3330 2889 3385 semper
2916 3314 3137 3368 feritate
3164 3314 3416 3381 rebellat,

2012 3405 2076 3458 Et
2108 3404 2303 3474 cupiat
2334 3404 2521 3457 radios
2554 3419 2819 3473 reparare
2848 3403 3117 3456 scelestus
3148 3402 3410 3472 iniquos;

2009 3496 2164 3548 Tunc
2198 3500 2389 3547 tamen
2423 3492 2722 3563 egregium
2753 3508 2871 3545 non
2902 3507 3073 3545 ausus
3110 3496 3343 3560 tangere
3374 3488 3701 3543 Amandum

3571 3576 3697 3645 [est.

2012 3671 2174 3724 Forte
2204 3685 2421 3722 memor
2450 3669 2653 3733 fuerat,
2688 3668 2842 3737 quod
2874 3666 3163 3737 quondam
3205 3666 3426 3720 miserit
3455 3664 3702 3735 hydrum

2010 3758 2095 3812 Ad
2125 3773 2392 3826 puerum,
2425 3755 2711 3825 celerique
2740 3755 2875 3825 fuga
2903 3756 3260 3825 conspexerit
3288 3756 3452 3808 illum

2010 3846 2252 3915 Aligeris
2287 3845 2525 3915 pedibus
2561 3845 2869 3897 tremulum
2901 3843 3172 3913 repedare
3203 3848 3550 3908 retrorsum;
3633 3842 3645 3849 ’

2014 3935 2153 3987 Cum
2186 3932 2381 4003 digitis
2412 3931 2658 4001 geminis
2682 3932 2937 3985 traheret
2967 3946 3069 3983 ceu
3101 3929 3320 3999 spicula
3351 3929 3589 3983 Sanctus

2011 4021 2253 4090 Signum
2278 4020 2423 4073 forte
2454 4019 2634 4072 crucis
2664 4019 2881 4072 cunctis
2911 4017 3265 4087 penetrabile
3294 4016 3496 4070 muris.

2012 4111 2159 4180 Ergo
2190 4124 2371 4163 unum
2406 4124 2472 4161 ex
2499 4107 2728 4160 famulis
2759 4106 3099 4160 temerarius
3130 4105 3332 4176 arripit
3359 4104 3559 4169 hostis,

2013 4199 2077 4252 Et
2106 4196 2283 4251 trahit
2311 4196 2382 4250 ad
2414 4196 2668 4265 pelagus,
2698 4194 2906 4265 quaeris
2933 4194 3073 4249 cur?
3098 4198 3320 4264 mergat
3352 4198 3413 4247 ut
3436 4193 3629 4258 illum;

1940 4305 1983 4357 ι)
2013 4287 2092 4339 Ac
2116 4288 2286 4355 lupus
2314 4289 2380 4339 ut
2409 4301 2589 4340 saevus
2614 4284 2781 4338 niveo
2807 4300 2935 4337 cum
2968 4284 3035 4338 de
3064 4298 3236 4355 grege
3266 4286 3487 4352 raptam

2012 4374 2352 4444 Lanigeram
2383 4374 2663 4444 pecudem
2691 4373 2867 4427 trahit
2895 4376 3018 4425 atra
3046 4372 3210 4426 fauca
3234 4370 3568 4435 vorandam,

2011 4465 2136 4517 Non
2169 4478 2328 4516 secus
2358 4462 2449 4515 hic
2482 4467 2681 4531 raptor
2712 4462 2846 4513 dum
2878 4460 3068 4529 prazde
3098 4460 3324 4514 arderet
3348 4474 3566 4527 amore,

2012 4551 2206 4604 Ferret
2231 4555 2287 4603 et
2315 4552 2603 4618 arreptam
2636 4563 2780 4601 sawe
2806 4548 2877 4599 ad
2906 4547 3238 4601 discrimina
3264 4547 3491 4613 mortis;

2012 4639 2113 4693 Ille
2140 4638 2308 4692 dabat
2338 4652 2483 4707 puer
2510 4636 2613 4689 hac
2646 4634 2945 4704 repetitam
2978 4651 3108 4689 voce
3134 4636 3426 4707 loquelam
3459 4651 3473 4689 :

2013 4726 2251 4792 Christe,
2276 4724 2415 4793 juva
2444 4740 2564 4790 me;
2597 4722 2831 4787 Christe,
2855 4722 3011 4793 juva.
3045 4722 3169 4776 Mox
3201 4723 3300 4775 illa
3328 4727 3650 4793 protervus,

2011 4814 2205 4879 Qualis
2235 4812 2531 4867 Christus?
2560 4811 2659 4875 ait,
2691 4827 2795 4864 nec
2826 4811 3062 4865 verbum
3088 4811 3326 4865 reddere
3356 4811 3535 4863 victus

2012 4902 2275 4957 Audebat
2297 4899 2555 4971 juvenis;
2590 4900 2771 4954 donec
2798 4899 3042 4953 bellator
3072 4900 3385 4965 Amandus,

2328 5062 2401 5108 Da
2431 5074 2562 5123 puer
2589 5059 2863 5123 plectrum,
2896 5060 3099 5108 choreis

2388 5121 2452 5171 Ut
2482 5121 2665 5171 cauam
2697 5121 2940 5169 ﬁdelibus

2328 5185 2489 5233 Dulce
2521 5197 2733 5233 carmen
2766 5187 2818 5231 et
2845 5182 3133 5237 melodum,

2390 5248 2542 5295 Gesta
2572 5245 2764 5295 Christi
2789 5245 3017 5306 insigna.

2086 5388 2112 5429 ι)
2145 5386 2261 5440 Iter
2302 5387 2623 5440 Romanum
2669 5399 2789 5438 non
2833 5382 3091 5452 explicat,
3134 5382 3229 5435 sed
3271 5397 3399 5452 quae
3431 5380 3490 5433 in
3524 5380 3710 5435 reditu

2019 5456 2164 5510 mira
2191 5456 2574 5525 contigerunt.
