4078 6180
427 309 530 362 943

432 445 501 499 Se
533 445 834 514 praesente,
867 439 984 492 fera
1009 451 1127 489 non
1158 449 1356 504 passus
1385 433 1542 486 fauce
1571 431 1783 497 vorari,

434 532 782 601 Discipulum
811 525 1118 597 pelagique
1151 521 1318 576 undis
1350 519 1708 589 sulimergier
1733 517 1892 582 atris:

437 617 684 686 Corripit
710 630 890 680 arma,
923 611 1074 680 capit
1106 610 1454 680 pharetram,
1484 608 1774 676 jactatque
1803 605 2067 676 sagittam

437 705 751 761 Salviticam
781 717 982 772 puero,
1013 700 1236 752 Satanae
1269 698 1368 751 sed
1401 697 1506 749 rite
1537 696 1781 765 superbo

435 792 795 856 Vulniticam,
829 789 1007 842 victor
1029 788 1085 839 vi
1121 787 1350 838 vincens
1383 785 1616 839 verbere
1651 782 1806 836 verbi
1838 800 1849 836 :

437 881 541 936 Fili
571 879 670 951 qui
697 877 960 942 traheris,
997 875 1086 928 dic
1117 875 1289 935 hosti,
1325 873 1468 926 dixit
1495 871 1815 937 Amandus;

439 969 610 1023 Filius
640 969 761 1037 ipse
793 966 893 1020 Dei
919 969 1002 1018 est
1031 963 1143 1017 vivi
1177 961 1432 1015 Christus
1463 959 1784 1013 cruciﬁxus.

438 1057 618 1120 Quem
650 1055 902 1108 sonitum
927 1067 1152 1106 summo
1181 1048 1446 1102 extimuit
1475 1048 1708 1101 horrore
1737 1061 2042 1116 pavescens

439 1144 624 1198 Hostis
654 1143 828 1203 iners,
861 1156 967 1193 nec
1000 1145 1147 1192 stare
1173 1139 1294 1191 loco
1329 1135 1694 1206 prassumpsit
1726 1135 1784 1187 in
1815 1134 1941 1200 illo;

439 1231 547 1286 Sed
580 1246 755 1299 vagus
787 1229 846 1281 in
875 1243 1077 1280 vacuas
1109 1226 1334 1295 fugiens
1365 1225 1595 1278 evanuit
1629 1238 1816 1275 auras.

440 1320 508 1372 Et
535 1318 731 1388 prteda
761 1315 1082 1380 incolumis,
1121 1315 1280 1383 pulso
1307 1313 1503 1381 procul
1535 1312 1712 1376 hoste,
1744 1309 2040 1363 remansit.

443 1406 687 1476 Belliger
716 1404 956 1473 insignis
986 1403 1064 1455 sic
1092 1402 1331 1455 Sanctus
1357 1400 1417 1453 in
1448 1400 1586 1452 orbe
1617 1399 1954 1467 triumphat.

515 1553 567 1601 '7.
602 1544 790 1600 Hostis
827 1544 1001 1608 iners,
1047 1541 1364 1607 maledicte,
1400 1541 1575 1606 ferox,
1612 1539 1879 1604 crudelis,
1915 1537 2132 1608 inique,

448 1637 618 1705 Cuius
649 1649 800 1687 nunc
837 1648 1044 1684 nomen
1075 1630 1241 1683 solita
1271 1629 1494 1682 feritate
1528 1628 1808 1682 rebellans

447 1723 717 1792 Despicis,
753 1720 800 1773 is
830 1721 1121 1790 quondam
1154 1718 1364 1770 tulerat
1386 1717 1509 1781 tibi,
1542 1733 1685 1769 saeve
1714 1721 1972 1785 tyranne,

447 1810 760 1881 Imperium
795 1808 1013 1872 mundi,
1047 1807 1200 1876 quod
1232 1811 1459 1875 captum
1490 1805 1683 1857 fraude
1716 1804 1964 1856 tenebas.

448 1901 561 1953 Nec
587 1899 746 1951 locus
779 1900 862 1950 est
892 1897 1054 1962 coelo,
1085 1895 1308 1948 tibimet
1339 1909 1566 1962 quoque
1599 1898 1749 1945 terra
1782 1897 2053 1961 negatur;

443 1989 679 2041 Tartara
705 1985 825 2037 sola
853 1988 1069 2054 patent,
1098 1983 1333 2035 intranti
1362 1982 1562 2035 limina
1589 1985 1782 2050 aperta

447 2075 582 2138 Qua:
615 2075 863 2138 fuerant,
899 2086 1051 2124 nunc
1075 2071 1264 2123 clausa
1295 2075 1531 2122 manent
1560 2069 1711 2122 exire
1745 2067 1980 2120 volenti.

448 2163 568 2227 Quo
598 2168 659 2214 tu
693 2158 1069 2213 ﬂammivomi
1098 2158 1219 2210 sine
1251 2158 1363 2209 line
1397 2157 1595 2210 ardore
1626 2155 1837 2208 camini

449 2253 694 2305 Horrore
726 2249 783 2300 in
817 2248 974 2316 piceo
1004 2246 1202 2298 vinclis
1236 2245 1503 2313 religatus
1537 2244 1752 2296 acerbis

452 2338 661 2405 Ureris,
692 2353 773 2389 ναξ
803 2351 1001 2404 vzeque
1028 2349 1262 2403 gemens
1296 2331 1572 2401 plorando
1605 2331 1854 2384 sonabis.

452 2427 517 2480 Et
545 2425 593 2478 si
621 2439 772 2477 nunc
798 2423 1018 2491 aliquos
1052 2420 1318 2489 deceptor
1348 2419 1586 2472 callidus
1617 2435 1811 2488 auges,

453 2511 869 2580 Consociasque
901 2510 1035 2562 fera:
1067 2507 1366 2561 torrendos
1389 2507 1619 2576 ignibus
1649 2507 1798 2570 ollas,

453 2601 601 2664 Quot
633 2598 837 2651 crescis
869 2596 1060 2659 lucris,
1092 2600 1276 2648 tantas
1307 2594 1413 2646 sibi
1441 2609 1690 2646 crescere
1723 2608 1917 2662 poenas

453 2688 622 2752 Scito,
656 2686 763 2738 tibi
793 2685 920 2754 plus
950 2683 1134 2749 noxie,
1169 2687 1255 2735 ter
1285 2682 1583 2734 maledicte
1613 2687 1857 2734 voratur.

452 2777 553 2831 Ille
583 2776 741 2827 locus
771 2772 873 2826 tibi
905 2773 1240 2840 condignus,
1269 2775 1400 2823 sunt
1433 2769 1666 2838 praemia
1690 2769 1864 2838 digna
1895 2769 2034 2821 haec.

454 2864 584 2916 Haec
618 2861 726 2914 sibi
759 2875 935 2928 regna
969 2863 1192 2927 parant,
1227 2858 1325 2927 qui
1361 2874 1479 2910 non
1510 2857 1611 2910 tibi
1649 2857 1869 2910 fortiter
1895 2857 2139 2909 obstant.

456 2952 517 3004 Et
544 2964 877 3020 quanquam
903 2948 1142 3016 jugibus
1173 2951 1360 3000 tecum
1391 2947 1732 2999 contendere
1759 2945 1925 2998 bellis

455 3038 688 3091 Debitor
719 3036 938 3101 existat,
973 3035 1072 3104 qui
1102 3035 1307 3087 coelum
1341 3034 1612 3086 scandere
1643 3039 1830 3098 curat;

456 3127 535 3179 Ne
562 3129 756 3177 tamen
784 3125 892 3176 hoc
925 3128 1119 3176 nostro
1154 3123 1484 3176 inlaudatus
1512 3121 1764 3175 carmine
1796 3121 2002 3188 abires,

457 3213 782 3282 Condignas
807 3211 1036 3265 tibimet
1064 3211 1320 3280 prompsi
1351 3211 1598 3264 carbone
1628 3225 1932 3263 camoenas.

459 3303 523 3354 Et
553 3301 759 3353 merito
794 3316 805 3352 :
841 3299 976 3368 quia
1005 3299 1174 3352 carbo
1206 3314 1400 3351 manes
1431 3314 1534 3367 per
1562 3297 1721 3350 saecla
1752 3301 2038 3366 perustus.

455 3389 675 3457 Effuge,
709 3402 885 3455 regna
913 3390 1112 3454 parata
1140 3390 1338 3453 petens
1370 3385 1438 3437 ab
1469 3384 1689 3454 origine
1722 3384 1940 3439 mundi.

458 3478 738 3530 Hactenus
767 3490 923 3542 ergo,
954 3475 1141 3539 Pater,
1172 3472 1465 3524 communi
1491 3472 1833 3541 ingessimus
1863 3471 2007 3525 hosti

458 3563 690 3626 Probra,
723 3562 933 3630 alapas,
963 3560 1130 3625 risus,
1165 3559 1298 3623 iras,
1337 3560 1650 3626 maledicta,
1683 3560 2007 3628 cachinnos,

458 3653 537 3704 Ac
571 3654 756 3718 sputa,
789 3664 904 3700 non
937 3663 1132 3700 versus
1165 3647 1442 3700 dedimus.
1479 3649 1639 3700 Nunc
1670 3665 1998 3717 quaesumus
2025 3664 2147 3701 om-

460 3740 530 3792 Ut
555 3736 844 3808 quondam
874 3735 1036 3805 pueri
1064 3739 1375 3804 protector,
1407 3736 1618 3806 ubique
1649 3742 1882 3789 tuorum
2007 3734 2147 3807 [nes,

460 3826 762 3878 Servorum
792 3825 869 3876 sic
900 3824 974 3876 sis
1004 3840 1232 3893 semper
1262 3824 1496 3877 salvatio
1527 3824 1769 3878 salvans.

460 3914 656 3966 Pastor
686 3917 902 3975 noster,
935 3912 1090 3976 ades,
1118 3928 1251 3981 grex
1279 3911 1677 3965 devotissimus
1703 3912 1806 3965 iste
1834 3917 1936 3977 est,

459 4001 719 4069 Protege,
753 4000 838 4052 fer
870 4016 1086 4064 curam,
1121 4000 1357 4064 custodi,
1393 4000 1585 4070 dilige,
1621 4017 1779 4053 serva

464 4090 576 4141 Nos
605 4088 673 4141 de
703 4087 868 4141 dente
902 4088 1037 4158 lupi,
1077 4089 1248 4156 prisci
1280 4088 1348 4141 de
1381 4089 1540 4141 fauce
1565 4087 1847 4158 chelydri;

461 4177 546 4240 Et,
580 4176 715 4244 quia
744 4180 797 4228 te
825 4176 1033 4228 fretum
1069 4175 1295 4227 Domini
1325 4175 1532 4228 virtute
1562 4176 1817 4244 nequivit

460 4264 716 4328 Vincere,
754 4270 986 4332 terrere,
1025 4268 1404 4331 prosternere,
1434 4263 1662 4328 habere,
1699 4279 1927 4329 vorare;

465 4349 650 4418 Eripe,
686 4352 903 4414 Pastor,
939 4366 1091 4416 oves,
1123 4366 1261 4419 quas
1295 4350 1355 4402 in
1384 4366 1638 4420 praesepe
1668 4351 1913 4403 verendo

464 4437 648 4489 Pascis
674 4437 742 4490 ab
773 4437 1014 4502 insidiis,
1044 4439 1143 4508 qui
1173 4439 1360 4491 caulas
1386 4439 1585 4492 circuit
1616 4439 1765 4503 istas,

462 4525 540 4577 Ne
574 4525 862 4594 quondam
895 4542 998 4595 per
1032 4531 1082 4579 te
1114 4527 1291 4580 victor
1320 4527 1566 4580 vincaris
1594 4529 1663 4581 ab
1693 4528 1789 4580 illo

461 4611 524 4665 In
555 4612 736 4677 nobis,
770 4614 816 4666 si
846 4629 951 4667 nos
981 4613 1238 4668 imbelles
1268 4615 1498 4670 devoret
1526 4616 1724 4670 hostis.

533 4740 584 4790 8.
620 4737 856 4807 Navigio
888 4739 1181 4807 quondam
1221 4740 1477 4793 medium
1519 4741 1789 4794 sulcando
1823 4756 1927 4809 per
1957 4756 2153 4810 aequor

464 4825 610 4893 Ibas,
642 4841 675 4878 o
706 4825 1001 4879 benedicte
1027 4828 1211 4894 Pater,
1245 4827 1438 4880 divina
1463 4828 1751 4881 monendo

463 4913 644 4966 Verba
674 4913 847 4967 dabas
879 4913 1086 4980 nautis,
1123 4921 1178 4966 et
1206 4915 1427 4967 semina
1459 4921 1652 4968 sancta
1682 4914 1908 4969 serebas

463 5003 571 5054 Per
602 5017 757 5054 mare
780 5001 1173 5068 ﬂuctivagum,
1199 5018 1384 5072 neque
1407 5007 1543 5055 tunc
1565 5004 1851 5072 operando
1874 5003 2112 5057 vacabas
2138 5021 2149 5057 :

463 5088 599 5141 Esse
628 5089 905 5142 imitanda
933 5089 1016 5142 tui
1050 5089 1289 5142 credens
1319 5090 1578 5160 exempla
1600 5092 1871 5161 Magistri,

463 5175 571 5239 Qui
601 5177 894 5245 quondam
923 5177 1178 5231 residens
1209 5177 1401 5230 turbas
1431 5177 1499 5230 de
1530 5194 1722 5248 puppe
1751 5179 2006 5234 docebat.

461 5263 691 5318 Talibus
723 5264 942 5318 intento
973 5265 1168 5334 gestis,
1199 5265 1353 5319 velut
1379 5269 1502 5318 acta
1534 5266 1869 5335 loquuntur.

537 5529 562 5552 ⁸
589 5522 821 5578 Proreta
848 5524 1119 5579 anteriori
1154 5526 1312 5580 navis
1347 5528 1492 5598 parti
1526 5534 1750 5598 praeest.

1630 292 1912 349 MILONIS
1952 291 2272 347 MONACHI
2313 294 2367 345 S.
2410 288 2674 343 AMANDI

3797 284 3885 336 944

2154 434 2196 483 Α
2224 431 2522 496 Apparens
2550 424 2718 496 piscis
2749 429 3053 477 nautarum
3090 422 3304 474 visibus
3337 420 3542 490 ingens

2235 516 2510 570 Laetitiam
2539 513 2778 582 stupidis
2808 511 3015 564 infudit
3046 509 3333 564 mentibus
3364 509 3639 578 amplam,

2234 604 2471 658 Retibus
2502 608 2557 656 et
2582 603 2746 671 jactis
2781 600 3018 653 ﬂuidam
3052 615 3254 667 cepere
3287 599 3566 667 rapinam.

2237 692 2370 755 Quis
2396 690 2584 760 piscis,
2619 691 2783 742 Pater
2815 689 2982 753 alme,
3018 692 3140 739 tuos
3174 702 3285 739 non
3317 685 3424 737 iret
3447 685 3517 737 ad
3543 683 3711 736 usus?

2237 782 2425 834 Coetus
2452 780 2594 832 forte
2626 778 2784 848 prior
2815 776 3068 844 gaudens
3099 777 3460 843 procurreret
3492 771 3678 824 omnis

2238 868 2587 937 Obsequium
2618 865 2893 935 praebere,
2927 879 3092 916 suum
3122 863 3168 914 si
3199 862 3458 915 crederet
3483 865 3700 929 aptum,

2242 956 2397 1010 Felix
2427 955 2523 1008 ille
2547 955 2720 1018 foret;
2754 952 2990 1005 maculis
3022 950 3322 1003 conclusus
3352 949 3410 1001 in
3439 947 3666 1017 amplis,

2241 1045 2456 1100 Gaudet
2487 1048 2677 1110 nauta,
2710 1057 2876 1094 vorax
2911 1039 3018 1093 sibi
3045 1038 3116 1091 sit
3145 1039 3299 1107 quod
3333 1038 3528 1107 prazda
3561 1039 3792 1106 reperta,

2248 1133 2607 1202 Exsultatque
2638 1137 2794 1182 tuam
2827 1129 2995 1198 piscis
3031 1127 3162 1196 quia
3192 1125 3349 1179 venit
3375 1126 3433 1178 in
3465 1140 3670 1178 escam.

2244 1224 2535 1276 Laetamur
2566 1217 2731 1280 remi,
2765 1217 3053 1286 depromit
3081 1215 3289 1285 gaudia
3320 1218 3475 1279 rete;

2243 1309 2444 1364 Nullus
2475 1324 2592 1360 non
2625 1306 2826 1371 alacer,
2858 1305 2993 1374 quia
3019 1302 3211 1357 nullus
3238 1307 3398 1371 parte
3429 1301 3671 1354 carebat.

2247 1399 2470 1452 Lividus
2497 1402 2583 1449 ast
2609 1395 2787 1448 hostis
2822 1410 2936 1446 non
2964 1408 3163 1462 passus
3199 1397 3260 1444 ut
3291 1391 3388 1443 illa
3419 1392 3709 1444 manerent

2246 1485 2476 1541 Latitiae
2508 1485 2603 1553 pia
2628 1488 2759 1534 vota
2791 1482 2942 1546 viris,
2979 1480 3207 1532 turbare
3237 1478 3476 1531 tridenti

2233 1561 2254 1585 ἱ

2243 1565 2586 1643 Ἀεςτθᾱίὶιιῐ·
2615 1571 2873 1640 pelagus,
2904 1568 3195 1636 fundoque
3225 1566 3466 1620 revolvit
3495 1565 3566 1618 ab
3595 1565 3707 1616 imo

2243 1663 2570 1730 Tempestas
2604 1658 2841 1727 inopina
2871 1657 3002 1722 ruit,
3043 1670 3399 1724 magnusque
3431 1653 3705 1705 tumultus

2175 1727 2214 1778 Β
2245 1750 2486 1820 Ingruit.
2522 1751 2828 1816 assurgunt
2857 1745 3044 1810 undae,
3077 1743 3448 1814 quatiturque
3477 1741 3694 1804 carina;

2249 1841 2427 1892 Nauta
2464 1836 2610 1888 volat
2640 1850 2885 1894 sursum,
2920 1836 3094 1885 tluctu
3128 1837 3385 1900 portatur
3417 1830 3483 1882 ad
3518 1834 3685 1896 astra,

2248 1923 2382 1977 Inde
2414 1921 2698 1990 profunda
2728 1920 2893 1988 petit,
2925 1918 3263 1986 bibulasque
3296 1917 3542 1968 resulcat
3570 1931 3781 1967 arenas.

2249 2011 2464 2065 Gaudia
2498 2008 2732 2062 tristitia
2763 2011 3003 2070 mutant,
3037 2007 3278 2074 laetoque
3308 2004 3617 2074 propinqui

2250 2098 2456 2152 Omnia
2486 2096 2844 2163 dispergunt,
2865 2095 3078 2162 jactant
3113 2093 3451 2161 amplustria
3483 2092 3660 2154 navis,

2251 2187 2497 2254 Corpora
2528 2185 2790 2236 nituntur
2821 2183 3018 2234 saltem
3054 2181 3369 2233 subducere
3401 2180 3594 2231 morti.

2249 2274 2541 2328 Servatum
2578 2271 2780 2325 Sancto
2810 2270 2906 2323 sed
2935 2271 3039 2322 hoc
3069 2285 3172 2338 pro
3207 2284 3444 2320 munere
3475 2267 3684 2320 donum
3711 2270 3807 2330 est,

2252 2363 2408 2416 Illius
2440 2366 2504 2414 ut
2533 2359 2713 2412 virtus
2745 2359 3129 2428 meritumque
3160 2357 3462 2409 uilesceret
3493 2356 3770 2423 amplum;

2253 2451 2316 2503 Et
2347 2463 2674 2519 quanquam
2712 2447 2909 2499 validis
2939 2446 3244 2498 turbentur
3273 2445 3524 2497 motibus
3557 2458 3766 2506 omnes,

2251 2539 2328 2590 Ac
2357 2545 2379 2569 τι
2410 2541 2640 2606 proreta
2670 2535 2785 2587 suis
2817 2540 2872 2587 et
2902 2550 3122 2604 quassae
3153 2531 3489 2600 impendere
3523 2531 3733 2600 cymbia

2259 2624 2539 2677 Auxilium
2571 2629 2842 2692 nequeat;
2875 2639 2988 2674 non
3020 2621 3268 2690 perdunt
3293 2619 3550 2672 funditus
3583 2633 3744 2670 omne

2254 2712 2587 2776 Consilium,
2617 2711 2882 2765 Sanctum
2916 2710 3013 2762 sed
3045 2709 3197 2761 enim
3225 2709 3540 2760 celeranter
3568 2705 3866 2760 Amandum

2256 2800 2560 2852 Unanimes
2592 2799 2824 2864 adeunt,
2861 2804 2916 2850 et
2947 2813 3114 2866 opem
3145 2797 3252 2848 sibi
3282 2797 3429 2849 ferre
3466 2799 3787 2864 precantur;

2256 2887 2486 2940 Famine
2515 2886 2614 2956 qui
2643 2886 2789 2939 dulci
2826 2886 3060 2954 pavidos
3089 2885 3344 2938 animare
3371 2888 3564 2936 suetus

2255 2975 2478 3029 Solatur
2507 2981 2729 3039 nautas,
2760 2974 3101 3043 promittens
3130 2972 3538 3042 experiendum

2256 3064 2605 3118 Clementem
2638 3063 2968 3127 Dominum,
2998 3063 3328 3132 pellendum
3360 3077 3496 3130 pace
3527 3060 3809 3130 periclum.

2258 3153 2469 3206 Lassati
2502 3153 2734 3206 tandem
2767 3169 2970 3204 somno
2997 3156 3331 3204 sternuntur
3362 3150 3550 3203 inerti.

2256 3243 2379 3310 Ipse
2412 3241 2581 3293 etiam
2606 3241 2797 3310 justus
2828 3241 3082 3293 residens
3111 3240 3171 3292 in
3203 3256 3396 3309 puppe
3427 3238 3680 3308 quiescit.

2328 3332 2380 3382 9.
2419 3330 2499 3382 Ne
2531 3336 2744 3394 tamen,
2777 3328 3076 3382 immensis
3115 3328 3436 3382 sebmersus
3467 3327 3524 3380 in
3557 3323 3788 3395 zequoris
3813 3335 3907 3373 un-

3801 3408 3905 3480 [dis,

2258 3507 2422 3560 Forte
2455 3504 2643 3558 minor
2671 3503 2912 3568 meritis,
2942 3503 3260 3573 charusque
3291 3503 3489 3555 lateret
3515 3502 3576 3554 in
3606 3499 3787 3564 astris;

2260 3595 2509 3663 Inclytus
2539 3592 2803 3645 aetherem
2835 3608 2960 3645 mox
2996 3594 3194 3645 Petrus
3225 3591 3469 3659 claviger
3500 3591 3644 3642 aulae

2257 3683 2326 3736 Se
2357 3682 2478 3734 sine
2509 3697 2623 3732 non
2651 3696 2848 3749 passus
2878 3682 3083 3732 ﬂuctus
3116 3678 3398 3748 portarier
3427 3678 3572 3744 illos,

2259 3773 2322 3824 In
2353 3769 2534 3840 puppi
2565 3769 2841 3821 recubum
2876 3769 3127 3821 fraterna
3160 3783 3291 3820 voce
3320 3767 3573 3819 salutans

2256 3857 2450 3922 Aﬂ‘uit,
2484 3857 2543 3909 in
2573 3861 2732 3909 tanto
2761 3856 3012 3909 securior
3040 3856 3174 3909 inde
3205 3855 3416 3924 periclo

2259 3945 2561 4015 Naufragio
2593 3944 2764 3997 simili
2796 3945 2943 4013 quod
2968 3945 3174 4013 jactus,
3204 3945 3284 3996 ita
3311 3959 3470 3996 orsus
3501 3941 3681 3994 amico
3713 3957 3724 3991 :

2263 4037 2452 4088 Frater
2478 4035 2751 4096 Amande,
2787 4038 2884 4084 tuo
2919 4033 3060 4101 Regi
3092 4048 3196 4101 per
3226 4032 3434 4084 smcula
3463 4031 3649 4096 cbare,

2260 4125 2337 4177 Ne
2367 4123 2587 4188 timeas,
2622 4123 2758 4190 quia
2785 4127 2948 4190 turpe
2980 4120 3080 4174 tibi
3103 4126 3187 4172 est
3215 4120 3473 4173 timuisse
3503 4119 3723 4171 timore.

2265 4213 2425 4271 Nam,
2462 4225 2792 4279 quanquam
2829 4209 3031 4261 tumidi
3064 4210 3336 4261 tollantur
3367 4207 3435 4260 ad
3467 4207 3677 4260 (ethera
3713 4205 3902 4263 ﬂuctus,

2194 4309 2235 4360 ῐ)
2262 4300 2383 4351 Non
2416 4303 2468 4350 te
2501 4299 2890 4367 submergent,
2921 4313 3023 4349 nec
3053 4313 3222 4361 nunc,
3257 4296 3400 4349 mihi
3430 4297 3616 4362 crede,
3648 4293 3832 4365 peribis

2259 4388 2342 4440 Tu
2367 4401 2554 4454 neque
2584 4389 2755 4437 nauta
2784 4389 2939 4451 tuus,
2975 4384 3074 4453 qui
3101 4399 3350 4452 praesens
3378 4383 3608 4451 navigat
3636 4394 3828 4450 aequor.

2261 4475 2520 4537 Dextera,
2555 4472 2653 4525 sed
2681 4473 2968 4541 quondam
3003 4488 3128 4541 quae
3157 4487 3248 4524 me
3283 4488 3352 4524 ne
3387 4487 3674 4540 mergcrer
3702 4465 3859 4528 undis,

2263 4561 2502 4629 Eripuit,
2537 4565 2590 4612 te
2624 4576 2775 4612 nunc
2808 4560 2915 4612 isto
2948 4559 3274 4613 discrimine
3306 4560 3502 4612 salvat.

2260 4649 2381 4702 Mox
2415 4665 2642 4718 quoque
2674 4653 2872 4701 ventus
2901 4649 3037 4713 abit,
3072 4653 3378 4717 tempestas
3404 4648 3636 4718 pellitur
3665 4643 3846 4704 omnis;

2263 4737 2636 4804 Placaturque
2670 4737 2850 4788 salum
2882 4736 2993 4789 cito
3023 4737 3194 4789 missa
3222 4753 3357 4806 pace
3389 4753 3494 4806 per
3523 4751 3731 4806 aequor,

2264 4825 2528 4893 Laetaque
2555 4829 2690 4876 tunc
2718 4825 2978 4891 redeunt,
3013 4841 3142 4877 cum
3171 4841 3284 4877 nox
3315 4826 3619 4878 tenebrosa
3648 4819 3847 4876 recedit.

2264 4913 2583 4964 Incolumes
2615 4913 2756 4964 udas
2789 4917 2979 4964 nautae
3011 4913 3327 4966 celeranter
3353 4928 3556 4965 arenas

2265 5000 2609 5068 Impressere
2642 5001 2758 5052 suis
2789 5001 3016 5069 plantis.
3050 5001 3319 5055 Celeuma
3353 5007 3644 5067 canentes,

2265 5088 2407 5140 Voce
2441 5091 2553 5141 Deo
2584 5088 2886 5156 plaudunt,
2919 5089 3234 5158 famulique
3267 5089 3325 5141 in
3357 5090 3622 5143 laudibus
3651 5085 3773 5141 almi

2265 5175 2631 5244 Magniticant
2655 5176 2840 5240 illum,
2870 5193 2983 5245 quo
3013 5176 3377 5245 praecipiente
3409 5177 3670 5246 procellae

2267 5263 2569 5315 Cesserunt
2598 5262 2817 5329 validae,
2847 5267 3054 5332 pontus
3083 5265 3258 5331 stetit,
3293 5264 3448 5318 unda
3473 5263 3700 5335 quievit.

2187 3020 2225 3074 C
