4078 6180
197 301 299 352 945

195 428 354 489 Quod
388 431 433 481 si
465 433 697 485 ccerulei
732 437 1036 503 perterruit
1068 440 1221 492 unda
1252 444 1546 512 profundi,

194 516 425 570 Sorbuit
455 536 519 571 ex
552 520 664 573 illis
694 539 1044 594 quamquam
1074 543 1185 581 non
1216 530 1375 583 fauce
1405 535 1610 587 vorari.

868 686 1090 741 CAPUT
1134 691 1203 743 III

189 819 528 894 Gandenses_
565 837 599 873 α
653 823 713 874 S.
771 825 1021 879 Amando
1076 828 1150 879 ad
1202 829 1362 894 ﬁdem
1427 838 1685 889 conversi.

492 840 507 873 ς
565 840 599 873 a
653 840 713 874 ο.
771 840 1021 879 amando
1076 840 1149 879 art
1202 840 1362 894 fidem
1427 840 1685 889 conversi.
1751 840 1881 907 Ejus

492 892 797 961 discipulus
836 897 979 949 Bavo
1017 902 1306 952 sanctitate
1344 904 1580 957 celebris.
1838 924 1843 925 ν

261 1034 346 1083 10.
381 1031 521 1085 Inde
548 1033 852 1087 salutiferis
886 1036 1023 1089 dum
1055 1038 1294 1092 Sanctus
1325 1043 1611 1109 gressibus
1643 1046 1769 1109 iret,

183 1117 504 1188 Spargebat
529 1121 768 1174 verbum
802 1126 1048 1192 populis,
1084 1132 1138 1179 et
1168 1136 1361 1181 sancta
1393 1130 1647 1201 docebat,

183 1208 460 1261 Gentibus
491 1209 787 1263 insinuans
819 1214 1019 1265 aeterni
1052 1217 1293 1283 proemia
1322 1219 1506 1288 regni,

181 1295 536 1349 Christicolis
567 1298 769 1351 turmis
804 1316 930 1369 quae
964 1303 1113 1354 dona
1144 1311 1420 1371 parentur
1449 1308 1506 1359 in
1539 1310 1736 1377 astris;

176 1385 367 1451 Atque
402 1384 565 1436 malis
600 1402 782 1454 pcente
812 1404 939 1456 quae
971 1398 1373 1445 conserventur
1398 1394 1457 1447 in
1487 1398 1693 1465 antris;

175 1471 383 1540 Sicque
417 1475 613 1542 plagas
647 1476 833 1528 alacer
862 1478 1183 1532 discurrens
1214 1482 1329 1535 ibat
1362 1483 1421 1535 in
1453 1501 1671 1552 omnes,

175 1560 424 1613 Sedulus
457 1567 521 1613 ut
553 1569 807 1631 quaestus
834 1567 1157 1621 animarum
1192 1569 1362 1623 ferret
1394 1572 1668 1642 Olympo;

170 1649 300 1701 Haec
336 1666 438 1703 sua
473 1651 596 1703 luca
631 1658 858 1720 putans,
893 1655 993 1707 has
1024 1672 1216 1710 secum
1248 1659 1453 1712 ducere
1484 1677 1708 1717 curans.

168 1737 319 1805 Ergo
348 1737 546 1791 avidus
578 1740 785 1792 horum
818 1742 955 1795 dum
985 1744 1183 1797 circuit
1214 1762 1345 1798 arva
1382 1750 1603 1814 Beatus,

168 1826 505 1879 Gandavum
537 1843 773 1897 pagum,
806 1846 977 1899 quem
1005 1831 1165 1886 Scald
1196 1836 1535 1901 praeterﬂuit
1562 1839 1771 1905 amnis,

165 1914 401 1968 Audivit
422 1916 621 1970 vinclis
656 1918 817 1972 hoste
849 1919 1172 1974 innectente
1204 1924 1387 1977 teneri

166 2002 456 2069 Criminis,
494 2011 549 2059 et
581 2006 757 2059 nimia
787 2009 1004 2075 peccati
1032 2011 1181 2064 mole
1213 2013 1437 2080 gravari
1465 2030 1478 2079 ;

164 2091 279 2143 Nec
307 2092 505 2145 lumen
548 2110 767 2159 Verum,
802 2096 956 2165 quod
998 2098 1278 2151 mundum
1326 2100 1486 2154 fulsit
1516 2102 1577 2155 in
1607 2119 1860 2180 omnem,

162 2179 414 2233 Cascatos
444 2182 695 2235 tenebris
726 2184 972 2251 quivisse
1004 2202 1311 2255 agnoscere
1344 2189 1565 2257 priscis.

163 2270 390 2323 Robore
422 2271 489 2324 de
524 2288 829 2326 nemorum
860 2274 1247 2329 ﬂammatibus
1282 2282 1413 2346 apta
1444 2280 1683 2333 caminis

161 2356 319 2409 Idola
370 2363 596 2428 compta
641 2377 816 2415 manu
860 2362 1142 2416 artiﬁcum
1173 2370 1226 2418 et
1263 2366 1567 2421 simulacra
1598 2370 1863 2424 colebant

160 2445 528 2514 Supplicibus
560 2449 706 2502 votis
741 2450 918 2503 divini
950 2453 1183 2505 nomine
1214 2454 1487 2509 honoris.'

162 2534 287 2586 Heu
315 2536 505 2603 pudor
551 2542 634 2589 est
664 2538 905 2591 coluisse
944 2540 1099 2604 deos,
1134 2557 1275 2611 quos
1315 2544 1547 2597 ﬂamma
1579 2551 1859 2600 crematos

158 2622 219 2673 In
258 2638 472 2691 prunas
499 2628 721 2677 mutare
753 2626 902 2678 valet
922 2627 1258 2698 cineresque
1290 2635 1586 2699 perustos;

156 2710 397 2762 Arboris
426 2714 482 2762 et
512 2712 707 2775 rigidis
736 2714 911 2766 ramis
938 2715 1162 2768 ﬂexisse
1192 2722 1457 2771 verenter

156 2799 319 2851 Colla
349 2798 596 2866 superba
628 2801 761 2866 Deo,
798 2802 946 2855 hosti
984 2803 1262 2857 substrata
1294 2806 1570 2875 maligno.

156 2885 360 2937 Nullus
391 2886 545 2939 enim
574 2888 719 2941 hanc
744 2894 957 2943 terram
992 2890 1125 2943 fidei
1156 2894 1391 2945 suleavit
1424 2899 1644 2959 aratro;

155 2972 360 3025 Nullus
391 2974 446 3026 in
483 2976 585 3027 hac
608 2976 747 3044 jecit
784 2978 965 3031 divini
1002 2980 1220 3031 semina
1250 2981 1427 3034 verbi.

154 3061 419 3130 Namque
451 3062 608 3115 ferox
642 3064 798 3133 regio
838 3070 893 3118 et
926 3070 1078 3119 terra
1106 3067 1431 3121 infcecunda
1462 3069 1705 3122 removit

151 3150 457 3202 Pontifices
488 3158 741 3220 cunctos,
772 3170 874 3206 nec
904 3153 1213 3224 quisquam
1244 3162 1327 3208 est
1352 3174 1523 3210 ausus
1554 3159 1709 3211 adire

147 3235 444 3290 Silvicolas
476 3254 665 3306 apros,
699 3257 875 3293 saevas
903 3241 1127 3295 feritate
1161 3244 1438 3295 cohortes.

145 3326 251 3378 Sed
288 3325 455 3377 labor
487 3326 589 3379 iste
623 3328 809 3395 gravis
838 3335 1029 3382 nostro
1061 3337 1313 3383 servatus
1344 3333 1606 3385 Amando
1636 3338 1738 3386 est.

145 3414 424 3476 Quaereris
456 3431 590 3483 ergo
621 3416 855 3469 modum
888 3434 1001 3487 quo
1032 3423 1218 3472 tantos
1254 3421 1450 3472 tollere
1481 3426 1673 3489 posset

146 3502 331 3554 Hostis
360 3502 431 3554 ab
465 3502 686 3555 insidiis
718 3506 981 3573 papulos,
1024 3522 1286 3575 saevoque
1320 3514 1563 3576 tyranno

148 3588 412 3650 Qualiter
441 3596 733 3644 excuteret
760 3594 1037 3660 praedam,
1070 3595 1433 3664 spoliumque
1462 3597 1735 3663 referret;

146 3676 396 3728 Dantem
423 3678 553 3746 jura
582 3679 741 3747 gregi
774 3680 1033 3733 Noviomi
1067 3698 1131 3733 ex
1166 3682 1300 3734 urbe
1331 3684 1581 3750 regendo

143 3764 495 3833 Aycharium
526 3767 712 3836 petiit,
742 3786 854 3837 quo
886 3786 1127 3821 cernuus
1158 3770 1265 3822 iret
1295 3771 1353 3823 in
1386 3774 1574 3825 aulam

142 3853 340 3922 Regis,
375 3860 511 3907 tunc
542 3857 754 3908 etenim
783 3856 980 3908 validis
1012 3858 1290 3910 tractabat
1320 3858 1559 3912 habenis

144 3941 493 3994 Francorum
522 3959 762 4012 regnum
798 3944 1145 4012 Dagobertus
1180 3946 1415 3999 Rectum
1452 3947 1730 4015 opimum,

140 4030 302 4082 Illius
330 4035 389 4082 et
410 4032 573 4099 jussu
606 4032 833 4084 sibimet
860 4033 1125 4086 mandata
1163 4034 1403 4087 referret
1433 4051 1444 4087 :

137 4118 435 4180 Quatenus
460 4119 521 4171 in
550 4136 706 4171 sacro
740 4120 838 4189 qui
870 4137 927 4172 se
958 4138 1073 4174 non
1106 4124 1255 4174 fonte
1288 4124 1475 4176 lavare

138 4206 210 4257 Ex
244 4206 363 4257 illis
394 4207 582 4273 vellet,
615 4209 945 4277 compulsus
980 4209 1312 4263 dilueretur.

139 4295 322 4347 Dante
356 4295 472 4347 Deo
504 4296 669 4348 citius
701 4313 803 4348 sua
834 4304 958 4349 vota
990 4304 1241 4350 meretur
1268 4299 1582 4351 Amandus.

136 4383 472 4435 Gandavum
508 4390 775 4452 properat
803 4384 981 4437 fretus
1015 4386 1221 4437 virtute
1253 4402 1521 4453 superna.

206 4493 264 4541 tl
288 4531 300 4541 .
337 4489 611 4551 Qualibus
638 4506 772 4559 ergo
805 4506 974 4559 quem
1003 4490 1227 4559 scriptis
1250 4497 1567 4544 monstrare
1591 4492 1831 4561 labores,

130 4577 291 4639 Quos
322 4577 421 4640 ibi,
457 4577 595 4629 dum
628 4579 870 4631 Verbum
904 4579 1083 4631 turbis
1122 4579 1446 4632 crudelibus
1472 4580 1663 4648 infert,

131 4664 398 4727 Pertulit,
430 4663 734 4717 immersus
764 4666 1071 4719 ﬂuviorum
1099 4667 1352 4719 crebrius
1378 4668 1583 4721 undis?

130 4753 245 4805 Nec
276 4755 495 4816 tamen,
526 4756 590 4805 ut
619 4753 811 4821 ereptis
843 4770 1097 4824 unquam
1133 4755 1433 4807 desisteret
1462 4756 1579 4821 ille,

124 4840 417 4908 Compelli
448 4839 657 4909 potuit,
688 4843 1022 4911 populoque
1048 4842 1272 4894 furente
1303 4842 1509 4909 fugari,

124 4926 380 4978 Vulnera
412 4944 526 4979 non
556 4944 783 4993 curans,
815 4945 916 4981 nec
943 4931 1174 4983 verbera
1204 4931 1351 4983 ferre
1383 4948 1684 4996 recusans;

122 5014 323 5066 Donec
355 5016 604 5068 aatherea
635 5017 882 5086 depulsm
911 5020 1032 5070 luce
1062 5019 1316 5072 tenebris

120 5102 363 5155 Viviﬁco
396 5109 627 5172 gentem
662 5110 781 5157 vice
814 5121 972 5158 versa
1005 5106 1063 5159 in
1092 5108 1251 5161 fonte
1281 5109 1512 5162 lavaret.

193 5311 218 5375 ἐι
254 5303 425 5355 Forte
458 5305 748 5373 subrepens
780 5306 1006 5375 scripsit
1036 5308 1185 5361 Milo.

193 5374 218 5413 ἱ)
254 5375 422 5438 Legio
462 5376 807 5445 adscriptum
858 5374 1104 5448 margini
1146 5379 1536 5447 explicationis
1587 5380 1773 5445 gratia
1809 5397 1822 5433 :

118 5442 321 5507 Legio,
357 5461 455 5496 seu
490 5442 876 5509 Lisafﬂuvius
909 5442 1237 5503 Cortracum
1270 5450 1451 5511 alluit,
1488 5455 1543 5503 et
1573 5442 1827 5503 Candavi

121 5512 314 5566 Scaldi
348 5516 638 5568 miscetur.

1407 315 1492 366 DE
1536 318 1689 371 VITA
1732 322 1785 374 S.
1828 322 2115 376 AMANDI.
2155 352 2224 362 —
2256 326 2380 379 LIB.
2426 328 2489 379 ll.

3595 346 3696 399 946

1930 455 1975 504 Α
2005 452 2141 506 Nam
2174 454 2221 506 si
2251 457 2484 510 Sanctus
2517 475 2711 525 ovans,
2745 467 3019 534 correptis
3049 467 3271 523 fortiter
3301 473 3495 539 armis,

1996 542 2241 610 Expetiit
2268 544 2487 597 hostem
2516 563 2752 617 saevum,
2782 551 3101 624 fortemque
3134 561 3442 625 tyrannum

1990 630 2114 682 Jam
2147 631 2295 684 dicto
2339 633 2399 685 in
2444 639 2650 695 castro,
2695 654 2806 707 quo
2826 634 2974 693 'tunc
3017 649 3187 711 caput
3216 647 3361 699 arcis
3398 648 3682 716 habebat;

1992 718 2114 780 Quo
2154 722 2349 787 pulsus
2380 724 2598 775 cunctis
2630 726 2919 781 Gallorum
2948 729 3158 783 finibus
3186 734 3323 787 olim

1989 808 2035 858 A
2065 806 2302 859 ducibus
2331 811 2455 862 Jesu
2492 812 2660 864 variis
2702 815 3008 885 multisque
3036 821 3265 888 tropzeis

1992 896 2251 960 Venerat,
2286 904 2348 949 ut
2380 900 2576 965 muris,
2612 902 2799 954 ﬂuviis
2830 905 2907 956 sic
2939 907 3189 977 undique
3224 915 3442 980 septus;

1990 984 2111 1035 Non
2142 989 2335 1038 tamen
2363 986 2457 1039 ille
2489 1004 2589 1040 sua
2620 989 2911 1043 fraudatus
2942 993 3201 1048 funditus
3227 1004 3346 1052 arte
3379 1004 3484 1053 est.

1988 1071 2311 1125 Innumeris
2340 1077 2549 1128 etenim
2592 1077 2748 1131 lectis
2779 1078 2909 1132 hinc
2942 1080 3073 1133 inde
3106 1085 3390 1153 maniplis,

1989 1159 2458 1231 Principibusque
2488 1170 2691 1232 quater
2722 1168 2968 1235 geminis
3003 1170 3301 1224 comitatus
3333 1179 3387 1225 et
3414 1174 3553 1243 ipse,

1987 1248 2197 1300 Extulit
2226 1266 2384 1302 arma
2416 1251 2584 1316 foras,
2621 1254 2934 1324 laevamque
2967 1274 3167 1310 cruore
3199 1261 3523 1315 madentem

1986 1336 2308 1402 Ostentans,
2342 1340 2542 1392 cecinit
2574 1357 2754 1394 saevus
2784 1343 2905 1396 fera
2934 1347 3165 1399 classica
3194 1348 3413 1401 cunctis

1984 1424 2226 1492 Viribus,
2262 1432 2318 1479 et
2342 1443 2595 1496 pugnam
2628 1430 2806 1483 victus
2837 1433 3148 1487 vincendus
3179 1437 3376 1504 adivit,

1982 1513 2288 1581 Promptus
2332 1516 2401 1568 ad
2438 1532 2606 1569 omne
2654 1520 2887 1572 malum.
2936 1522 3177 1575 Bellanti
3218 1524 3479 1578 cominus
3518 1530 3675 1580 atrox

1985 1601 2127 1654 Exiit
2156 1602 2289 1655 hinc
2321 1604 2482 1656 bellis
2512 1606 2827 1661 manifestis
2859 1609 3057 1662 obvius
3088 1611 3286 1677 hostis,

1981 1688 2118 1741 Inde
2156 1690 2298 1743 dolis
2327 1692 2497 1744 variis
2528 1698 2583 1746 et
2608 1695 2759 1747 mille
2788 1697 3068 1751 coloribus
3102 1700 3306 1768 anguis

1980 1776 2279 1842 Confusus,
2314 1782 2601 1846 tremelus,
2630 1783 2829 1849 lassus,
2858 1785 3132 1851 devictus,
3169 1789 3409 1842 anhelus

1980 1864 2227 1932 Obstitit,
2260 1866 2544 1920 absconsis
2571 1887 2671 1939 per
2698 1876 2853 1941 terga
2888 1874 3097 1928 reﬂexa
3132 1878 3384 1943 venenis,

1978 1953 2207 2006 Insidiis
2248 1971 2347 2007 sua
2378 1956 2524 2010 bella
2554 1974 2774 2027 gerens,
2804 1977 2917 2030 quo
2950 1964 3097 2017 forte
3132 1968 3371 2019 latenter

1976 2049 2000 2073 δ’
2030 2041 2363 2111 Subripiens
2395 2046 2589 2098 laetum
2620 2064 2724 2115 per
2756 2050 2974 2117 spicula
3005 2068 3152 2105 caeca
3179 2060 3424 2123 pararet.

1956 2127 2124 2191 ‘Quid
2156 2132 2374 2200 majora
2404 2134 2644 2203 loquar?
2678 2137 2945 2191 subtratis
2978 2141 3232 2211 undique
3268 2142 3452 2209 bellis,

1974 2217 2241 2271 Hostibus
2275 2225 2331 2271 et
2360 2221 2529 2272 tantis
2561 2216 2780 2277 Christo
2814 2227 3144 2280 moderante
3178 2229 3450 2298 subactis,

1974 2306 2160 2357 Victor
2182 2308 2473 2361 Amandus
2503 2326 2678 2379 agens
2706 2314 2995 2381 captivum
3022 2316 3232 2369 nobilis
3258 2333 3465 2386 agmen

1974 2393 2137 2462 Exiit,
2171 2402 2227 2448 et
2257 2396 2475 2450 Satanas
2510 2406 2784 2466 pereunte
2814 2404 3112 2470 tyrannide
3142 2405 3367 2474 plebem

1971 2481 2159 2535 Deluit
2190 2491 2403 2538 mterno
2430 2487 2635 2540 melius
2666 2489 3006 2558 baptismate
3038 2508 3211 2561 quam
3242 2494 3400 2547 Scald

1968 2571 1993 2610 Ι)
2028 2571 2288 2625 Flumine
2320 2576 2613 2644 suppletus
2645 2578 2777 2630 laeva
2809 2579 2877 2631 de
2910 2585 3068 2647 parte
3100 2582 3337 2635 meanti.

1968 2658 2036 2710 Et
2068 2674 2139 2712 ne
2171 2660 2315 2714 forte
2348 2662 2552 2716 iterum
2586 2665 2873 2719 redivivus
2901 2675 3160 2737 surgeret
3186 2670 3384 2732 hostis,

1969 2746 2244 2801 Cerberus
2269 2754 2446 2819 utque
2478 2752 2685 2805 trifaux
2717 2755 2939 2808 fervens
2969 2757 3172 2810 ardore
3205 2760 3439 2813 vorandi

1967 2834 2175 2889 Contra
2206 2837 2534 2891 Chisticolas
2564 2846 2734 2909 caput
2765 2842 2987 2896 exitiale
3018 2844 3269 2911 levaret;

1970 2920 2163 2975 Lorica
2197 2924 2327 2977 fidei
2353 2927 2607 2990 vestitos,
2637 2944 2734 2996 spe
2766 2930 3019 2998 galeatos

1895 3019 1934 3073 (ζ
1967 3010 2193 3073 lmbuit,
2228 3012 2512 3080 instruxit,
2546 3015 2815 3081 firmavit,
2850 3018 3243 3085 consolidavit,

1969 3098 2171 3151 Urbem
2206 3101 2524 3167 constituit,
2562 3108 2860 3172 turresque
2888 3106 3067 3157 erexit
3099 3106 3318 3175 opimas

1961 3186 2258 3252 Przescius,
2293 3193 2349 3240 et
2380 3206 2535 3242 sacra
2570 3190 2627 3243 in
2662 3192 2850 3244 medio
2878 3193 3081 3246 Vexilla
3109 3194 3348 3263 paravit,

1961 3274 2084 3325 Non
2114 3274 2274 3343 ignes
2300 3276 2533 3329 ﬂantem
2565 3280 2760 3345 patula
2790 3279 2857 3331 de
2886 3279 3045 3331 fauce
3077 3281 3407 3346 draconem,

1958 3360 2065 3415 Sed
2097 3362 2278 3415 crucis
2307 3364 2597 3433 impressit
2618 3366 2812 3435 digitis
2845 3367 2902 3419 in
2931 3368 3117 3421 fronte
3148 3370 3424 3437 figuram;

1958 3450 2182 3520 Proque
2217 3451 2366 3504 tubae
2398 3452 2587 3505 sonitu
2622 3453 2919 3523 signorum
2951 3456 3116 3526 cepia
3146 3457 3290 3510 facta
3320 3463 3423 3524 est,

1959 3539 2072 3591 Rex
2103 3540 2195 3592 ubi
2227 3541 2480 3593 Christus
2510 3541 2679 3594 habet
2710 3559 2917 3609 servos,
2950 3552 3289 3616 sanctosque
3321 3547 3536 3601 fideles.

2030 3631 2111 3680 l2.
2172 3630 2299 3681 Haec
2352 3646 2581 3699 quoque
2643 3636 2825 3683 castra
2882 3649 2985 3685 suo
3043 3640 3173 3703 post
3225 3636 3649 3689 commendavit

1956 3715 2246 3768 Festinans
2278 3717 2415 3769 alias
2448 3718 2512 3769 ad
2548 3723 2735 3787 partes
2768 3720 3007 3789 belliger
3036 3722 3142 3789 ire,
3414 3725 3639 3794 [amico,

1957 3803 2137 3855 Fortis
2171 3803 2264 3855 ubi
2303 3805 2530 3871 populis
2562 3806 2761 3859 ductor
2786 3823 2905 3860 non
2933 3809 3150 3862 deforet
3178 3809 3307 3864 illis.

1952 3890 2097 3942 Bavo
2128 3890 2291 3943 beate
2324 3892 2441 3957 Dei,
2475 3897 2529 3944 te
2561 3910 2810 3962 praesens
2839 3896 3051 3965 pagina
3082 3897 3271 3965 signat
3306 3915 3318 3950 :

1948 3979 1992 4029 A
2025 3978 2174 4029 Duce
2201 3982 2260 4029 tu
2298 3980 2527 4032 Domini
2562 3982 2853 4049 quondam
2886 3984 3198 4037 conductus
3224 3986 3504 4050 Amando,

1949 4065 2222 4134 Sprevisti
2257 4068 2559 4133 mundum,
2596 4070 2821 4122 calcasti
2853 4070 3020 4124 labile
3053 4074 3305 4139 saeclum,

1946 4152 2185 4205 Sumens
2216 4171 2376 4207 arma
2405 4157 2606 4222 crucis,
2641 4173 2889 4226 propero
2923 4158 3068 4227 pede
3099 4159 3249 4212 bella
3280 4160 3490 4229 petisti,

1946 4244 2023 4293 Ac
2055 4242 2299 4296 multum
2330 4245 2575 4313 spolium
2603 4246 2926 4299 truculento
2957 4248 3027 4299 ab
3059 4247 3222 4300 hoste
3253 4247 3466 4313 tulisti;

1874 4308 1916 4359 D
1948 4330 2102 4382 Inter
2133 4348 2261 4401 quae
2296 4308 2571 4402 praedam,
2606 4350 2776 4403 quam
2806 4336 3058 4403 gaudens
3088 4336 3340 4401 abstulit,
3374 4308 3545 4406 atque

1944 4418 2009 4470 In
2042 4435 2219 4488 regno
2254 4423 2488 4491 proprio
2519 4423 2716 4492 cupiit,
2751 4423 2797 4475 si
2825 4423 2973 4476 forte
2999 4424 3199 4477 fuisset

1944 4507 2234 4574 Possibile,
2269 4509 2524 4579 igniﬂuis
2554 4511 2893 4563 concludere
2921 4512 3160 4565 carceris
3192 4513 3405 4581 antris;

1944 4594 2178 4647 Sanctas
2206 4600 2268 4648 tu
2299 4598 2576 4666 lacrymas
2606 4598 2871 4663 fundens,
2903 4599 2999 4667 pia
3028 4606 3178 4666 vota,
3211 4618 3544 4672 precesque,

1945 4683 2341 4751 Relligerando
2373 4686 2552 4737 boans
2576 4685 2763 4751 bellis,
2797 4686 3116 4751 benedicte,
3150 4689 3330 4743 beatis

1941 4770 2197 4832 Salvasti,
2231 4776 2285 4824 et
2313 4772 2453 4841 Regi
2486 4789 2712 4826 summo
2742 4779 2839 4826 tua
2874 4774 3021 4827 dona
3051 4776 3275 4829 dedisti.

1940 4858 2100 4921 Quod
2128 4860 2350 4929 loquor,
2380 4861 2675 4930 agnoscis;
2707 4864 2979 4932 quoniam
3013 4868 3109 4916 tua
3138 4870 3296 4933 gesta
3325 4870 3629 4929 canuntur,

1941 4947 2163 5001 Scilicet
2194 4948 2287 5000 ille
2320 4949 2515 5015 hostis,
2546 4966 2676 5002 cum
2706 4952 2884 5004 telum
2916 4953 3127 5004 missile
3156 4953 3384 5005 vibrans

1940 5035 2276 5103 Impositum
2308 5038 2560 5105 plaustro
2584 5038 2745 5106 jecit,
2780 5040 3090 5108 prostravit
3121 5044 3175 5091 et
3205 5049 3225 5072 ο
3252 5055 3433 5093 unum

1942 5123 2015 5175 Ex
2048 5122 2294 5190 famulis,
2328 5125 2681 5196 canibusque
2710 5127 2841 5179 feris
2876 5128 3095 5180 venatio
3126 5127 3273 5180 facta
3308 5133 3412 5181 est.

2010 5322 2028 5345 ο
2065 5313 2159 5366 Hic
2204 5317 2287 5388 est
2325 5315 2573 5388 Artimus
2618 5316 2877 5386 precibus
2924 5317 2977 5371 S.
3022 5318 3262 5371 Bavonis
3305 5320 3625 5388 suscitatus,

1939 5383 2009 5437 de
2042 5400 2152 5453 quo
2186 5385 2459 5454 agiturin
2494 5383 2683 5455 hujus,
2720 5388 2843 5439 Vita
2878 5390 2894 5439 l
2936 5388 3129 5441 Octob.
