4048 6170
448 312 553 366 947
1675 312 1956 369 MILONIS
1996 312 2042 367 M

2350 316 2407 370 S.
2449 313 2720 369 AMANDI
3821 317 3906 370 948

452 442 563 497 Sed
592 445 786 496 tamen
813 442 1099 496 incassum
1134 457 1237 495 sua
1266 445 1405 495 tunc
1435 442 1752 496 tentamina
1781 443 1959 510 fudit;
2176 447 2225 499 A
2248 446 2322 499 Te
2352 460 2677 499 memorans
2704 444 2898 511 etiam,
2932 448 3126 515 portas
3156 443 3263 497 tibi
3292 444 3493 514 pandit
3521 446 3757 517 Olympi.

450 529 699 584 Tramite
730 544 865 583 nam
890 529 1087 583 reduci
1116 529 1248 600 quia
1277 533 1405 600 post
1436 530 1654 585 orando
1682 530 1983 586 reductum
2253 534 2511 589 Plaudite
2544 533 2871 587 dulcisonos
2896 533 3072 587 tantis
3102 533 3429 587 Pastoribus
3460 533 3731 604 hymnos;

372 648 373 651 η
449 620 497 672 Α
527 616 723 671 mortis
751 617 1001 671 tenebris
1029 612 1313 675 revocasti.
1333 618 1392 671 in
1427 619 1546 671 luce
1577 618 1910 674 bubulcum.
2255 624 2335 677 Ne
2366 623 2656 692 ingratum
2694 622 2932 691 reliquis
2962 620 3237 691 gregibus
3274 621 3518 675 videaris
3546 622 3709 676 ovile.

452 705 801 761 Multimodis
828 705 955 759 aliis
982 722 1113 760 cum
1144 706 1354 760 sanctis
1382 706 1601 760 artibus
1635 724 1767 761 usus
2257 711 2522 765 Carmina
2554 711 2931 764 commiscens
2962 710 3192 777 chartis,
3223 714 3486 764 currente
3513 726 3765 777 camena,

451 795 564 848 Hoc
589 809 705 848 uno
735 794 931 848 didicit
958 794 1300 848 vincendum
1330 799 1383 847 te
1413 794 1534 848 fore
1564 812 1884 867 nunquam.
2254 798 2556 852 Vobiscum
2591 798 2863 862 recinam,
2896 798 3154 866 praebens
3183 798 3433 867 insignia
3464 801 3677 852 amoris

452 888 495 942 Ο
527 904 715 958 quam'
730 888 1069 959 magniﬁcus
1100 888 1286 942 fuerat
1318 888 1442 953 tibi,
1473 888 1696 953 Sancte,
1734 887 2029 957 magister,
2196 907 2211 916 ’
2262 888 2403 957 Erga
2431 886 2560 940 illos
2588 887 2808 940 monita
2832 890 2948 939 mei
2980 903 3100 939 sine
3131 885 3246 941 ﬁne
3276 887 3584 954 manentis,

450 976 722 1039 Qualibus
751 992 816 1030 ac
848 976 1025 1045 signis
1058 980 1374 1045 praeceptor
1403 975 1559 1028 fulsit
1588 976 1881 1029 Amandus
2258 975 2408 1038 Quos
2439 975 2575 1045 quia
2602 974 2937 1044 conspicuos
2968 975 3245 1029 virtutum
3272 990 3463 1044 penna
3488 976 3688 1029 levavit

452 1065 551 1117 Ille
579 1064 743 1118 tuus!
774 1080 902 1133 qua:
932 1070 987 1118 te
1018 1064 1192 1117 talem
1227 1064 1409 1116 fecere
1439 1063 1767 1116 ministrum
1793 1062 1803 1115 l
2259 1063 2557 1117 Sidereum
2587 1064 2654 1117 ad
2688 1079 2955 1134 regnum,
2987 1063 3151 1117 vobis
3175 1064 3618 1133 properantibus
3644 1064 3771 1117 illuc

452 1153 709 1222 Namque
739 1152 850 1206 tuis
878 1152 1049 1222 gestis
1080 1155 1376 1206 Doctorem
1406 1152 1695 1206 cernimus
1724 1152 1962 1218 almum,
2262 1155 2429 1207 Posse
2460 1157 2658 1222 patere
2688 1152 2780 1222 pie
2813 1157 3211 1206 monstrarunt
3240 1152 3386 1206 ostia
3415 1153 3563 1206 vitae.

452 1242 782 1312 Egregium,
816 1241 1141 1310 pulchrum,
1176 1241 1524 1308 mirandum,
1553 1240 2016 1311 gloriﬁcandum.
2260 1243 2361 1295 Ast
2387 1257 2491 1311 ego
2522 1241 2758 1305 delictis,
2790 1245 2854 1294 ut
2886 1240 3018 1293 setis
3052 1240 3321 1294 horridus
3351 1241 3565 1305 hircus,

401 1388 411 1393 ν
451 1330 547 1383 Est
577 1329 721 1382 mihi
750 1330 913 1383 dulce
942 1332 1055 1383 tuas
1093 1334 1310 1383 textum
1339 1345 1676 1399 percurrere
1708 1329 1837 1383 vitae
1864 1345 1880 1389 :
2259 1330 2553 1401 Tegminis
2581 1334 2635 1382 et
2663 1329 2826 1383 nitidi
2858 1329 3127 1383 candenti
3156 1329 3363 1382 vellere
3393 1328 3604 1395 nudus,

452 1417 555 1471 Sed
589 1417 827 1470 retrahit
852 1416 1196 1486 complenda
1219 1432 1416 1470 meum
1443 1416 1762 1470 modulatio
1794 1432 2074 1486 gressum,
2259 1418 2417 1472 Saeva
2440 1417 2639 1471 trahor
2670 1416 2893 1470 miserm
2923 1416 3282 1470 miserandus
3313 1416 3383 1469 ad
3420 1416 3565 1468 atria
3598 1416 3805 1468 mortis.

454 1506 536 1559 Ne
565 1508 760 1559 tamen
786 1505 847 1558 hi
877 1520 1073 1559 versus
1104 1505 1209 1559 tibi
1239 1505 1353 1558 sint
1384 1504 1602 1558 foenore
1629 1504 1772 1567 fusi;
2258 1505 2514 1572 Tendite,
2546 1520 2733 1574 posco,
2770 1520 2993 1571 manus,
3026 1509 3082 1557 et
3111 1519 3203 1556 me
3237 1504 3304 1556 de
3336 1503 3495 1557 fauce
3527 1502 3779 1556 vorantis

455 1593 649 1647 Redde
700 1593 898 1661 vicem,
954 1593 1331 1664 precibusque
1380 1593 1491 1646 tuis
1534 1610 1648 1660 me,
1686 1610 1898 1664 quaeso,
1943 1593 2151 1664 guber—
2259 1594 2462 1648 Tollite
2498 1610 2510 1647 :
2542 1598 2740 1663 raptus
2769 1593 2924 1646 enim
2954 1592 3190 1662 propria
3222 1592 3431 1645 virtute
3457 1592 3646 1645 redire

457 1681 726 1736 Obtineas
758 1682 984 1735 veniam
1013 1681 1278 1735 mihimet
1307 1681 1633 1735 miserando
1663 1686 1874 1748 reatus,
1944 1683 2147 1753 [nans;
2193 1744 2229 1753 _
2264 1682 2386 1735 Non
2423 1682 2612 1747 valeo;
2660 1686 2716 1735 et
2752 1696 3084 1751 quanquam
3122 1680 3386 1750 patulum
3432 1679 3670 1733 maxilla
3697 1678 3915 1732 foramen

456 1772 638 1839 Atque
673 1775 768 1823 tuo
799 1770 941 1840 Regi
969 1771 1205 1841 junctus
1231 1786 1333 1840 per
1363 1770 1528 1824 smcla
1556 1770 1759 1824 valeto.
1861 1744 1869 1748 ν
1944 1744 1961 1753 ι
2136 1744 2143 1749 Ι
2193 1744 2233 1797 Β
2266 1767 2444 1838 Hujus
2474 1744 2663 1836 habet,
2693 1744 2886 1822 forsan
2916 1744 3021 1837 per
3049 1744 3156 1834 hoc
3184 1768 3496 1837 procedere
3528 1782 3779 1837 possum,

531 1859 618 1913 13.
649 1859 843 1928 Tuque
874 1858 1030 1911 locus
1055 1858 1211 1925 felix,
1246 1859 1405 1928 regio
1439 1858 1751 1929 fulgentior
1776 1874 1938 1925 auro,
2261 1856 2321 1911 Si
2342 1857 2509 1926 juver
2537 1856 2750 1910 auxilio
2782 1861 2967 1909 vestro
2996 1855 3375 1925 precibusque
3408 1854 3678 1919 reducar,

456 1946 744 2000 Illustrata
773 1946 868 2016 pio
896 1947 1187 2017 justorum
1214 1945 1453 2014 lumine,
1491 1947 1675 2013 salve;
2263 1946 2376 1999 Hoc
2404 1960 2635 2015 quoque
2663 1960 2770 2014 pro
2802 1943 3009 1998 Christi
3036 1943 3364 1997 faciendum
3390 1943 3632 1996 nomine
3662 1958 3835 2013 posco.

455 2035 733 2104 Plebsque
760 2035 963 2088 decora
995 2034 1148 2101 satis,
1187 2036 1369 2088 multo
1401 2035 1636 2088 collecta
1668 2035 1864 2088 labore
2264 2035 2333 2087 Ut
2362 2049 2491 2087 cum
2521 2037 2705 2087 vestra
2737 2049 2908 2103 sagax
2937 2033 3223 2086 industria
3246 2032 3447 2102 juncta
3485 2031 3749 2101 supernis

456 2122 720 2177 Patribus
751 2138 784 2174 a
810 2122 1077 2191 geminis,
1117 2122 1360 2192 dignum
1389 2128 1473 2175 est
1499 2127 1563 2175 ut
1591 2122 1837 2176 amando
1870 2122 2150 2193 sequaris,
2261 2121 2500 2176 Sedibus
2532 2121 2830 2188 exstiterit,
2860 2120 3120 2190 pavitans
3151 2135 3279 2190 ego,
3312 2135 3527 2191 quaeso,
3568 2118 3820 2188 requirar

457 2211 611 2275 Quos
641 2210 745 2264 tibi
776 2210 1183 2281 Cunctipotens
1208 2210 1400 2264 dulces
1430 2210 1640 2280 pietate
1671 2214 1944 2280 patronos
2264 2209 2529 2275 Ultimus,
2564 2214 2622 2263 et
2651 2208 2803 2263 Petri
2838 2208 3149 2262 concludar
3178 2208 3332 2261 clave
3361 2207 3534 2271 beati,

456 2298 749 2364 Attrihuit,
783 2300 1038 2370 talesque
1069 2298 1226 2353 dedit
1255 2298 1558 2352 miseratus
1588 2299 1833 2364 amicos;
2263 2297 2384 2360 Quo
2416 2312 2546 2350 cum
2576 2296 2709 2361 vita,
2739 2296 2910 2362 salus,
2946 2302 3000 2349 et
3029 2311 3234 2366 perpes
3266 2295 3450 2364 gloria
3481 2295 3698 2363 palmae

460 2388 526 2440 Et
552 2386 600 2440 si
627 2391 681 2441 te
712 2392 904 2441 noster
932 2387 1187 2458 migrans
1215 2386 1325 2440 huc
1354 2403 1590 2457 corpore
1625 2388 1919 2441 Amandus
2262 2385 2564 2439 Vobiscum
2589 2384 2762 2438 fuerit
2790 2383 3033 2438 feliciter
3061 2400 3233 2438 omne
3262 2399 3366 2453 per
3397 2399 3608 2449 aevum,

460 2475 739 2542 Deseruit,
773 2475 1013 2543 meritis,
1049 2475 1094 2529 si
1123 2475 1326 2542 credis,
1364 2474 1575 2545 ubique
1606 2475 1904 2544 gubernat.
2265 2474 2421 2527 Tunc
2453 2473 2595 2526 mihi
2626 2472 2701 2525 sit
2730 2473 2962 2539 misero,
2991 2487 3208 2541 precor,
3241 2470 3609 2541 indulgentia
3640 2470 3827 2523 saltem

464 2564 576 2616 Nos
606 2578 834 2633 quoque
880 2563 1018 2617 dum
1066 2562 1334 2633 precibus
1368 2562 1541 2616 sacris
1577 2562 1909 2632 meritisque
1938 2565 2153 2628 tuetur,
2266 2562 2371 2614 Per
2389 2561 2675 2615 Christum
2701 2561 3031 2629 Dominum,
3054 2560 3151 2630 qui
3175 2560 3341 2614 saecla
3362 2575 3463 2629 per
3484 2560 3682 2612 omnia
3700 2563 3921 2628 regnat‘.

532 2728 558 2753 ⁸
584 2719 914 2774 Addebatur
944 2735 956 2774 :
988 2720 1138 2774 Finit
1168 2719 1303 2773 liber
1334 2735 1394 2787 ιι,
1428 2718 1586 2773 habet
1615 2733 1800 2773 versus
1830 2720 1957 2786 418,
1986 2722 2043 2773 et
2073 2717 2569 2789 subjungebantur
2597 2717 2784 2788 capita
2812 2717 2946 2771 libri
2978 2734 3058 2771 Ill.

1831 3075 2116 3148 LIBER
2170 3075 2599 3147 TERTIUS.

1975 3363 2231 3431 Capitula
2269 3363 2397 3417 libri
2427 3378 2503 3417 ιιι.

470 3489 515 3537 1.
546 3488 768 3552 Mediam
800 3501 855 3536 se
884 3491 1039 3549 poeta
1067 3488 1279 3552 laetatur
1312 3487 1558 3552 carminis
1583 3489 1664 3536 sui
1704 3488 1935 3552 tetigisse
1961 3488 2119 3552 viam,
2150 3502 2309 3552 seque
2348 3489 2570 3552 arduum
2620 3502 2755 3552 opus
2794 3490 3023 3539 scribere
3053 3489 3359 3549 ostendens,
3401 3490 3659 3541 lectorem
3703 3505 3859 3547 suum,
3886 3494 3927 3537 ut

529 3550 736 3613 viviﬁca
758 3553 1038 3613 praecepta
1076 3549 1265 3613 Christi
1298 3550 1607 3613 meditetur,
1650 3554 1702 3613 et
1739 3550 1979 3613 hortatur
2018 3549 2241 3613 eloquio‘
2276 3555 2327 3599 et
2351 3551 2502 3599 docet
2531 3549 2790 3613 exemplo.
2818 3578 2878 3585 —
2906 3555 2951 3599 2.
2990 3552 3061 3600 De
3090 3556 3300 3600 mortuo
3331 3554 3602 3602 suscitato.
3638 3581 3698 3589 —
3730 3558 3772 3603 3.
3810 3552 3926 3610 Quod

532 3565 736 3596 vmnca
776 3565 1038 3658 praecepta
1076 3565 1265 3597 wnsu
1309 3565 1607 3608 meditetur,
1650 3565 1702 3597 et
1740 3565 1979 3597 hortatur
2018 3565 2228 3612 eloquIO
2276 3565 2327 3599 et
2351 3565 2502 3599 uocet
2531 3565 2790 3613 exemplo.
2818 3578 2878 3585 —
2906 3565 2951 3599 z.
2990 3565 3061 3600 ue
3090 3565 3300 3600 mortuo
3331 3565 3602 3602 suscntato.
3638 3581 3698 3589 —
3730 3565 3772 3603 3.
3810 3565 3926 3610 unca

532 3611 727 3680 factum
755 3610 1085 3680 i_lud_celare
1106 3610 1352 3680 voluerit.
1379 3638 1437 3647 —-
1468 3613 1513 3680 4Σ
1544 3612 1618 3680 Qa
1649 3611 1784 3680 fanis
1814 3612 2092 3680 destructis
2121 3616 2173 3661 et
2202 3613 2457 3680 gentibus
2474 3613 2742 3680 conversis
2772 3627 2831 3661 ac
2856 3613 3145 3680 baptizatis.
3182 3641 3240 3649 —
3274 3618 3319 3662 5.
3351 3616 3503 3680 Quod
3531 3630 3696 3680 causa
3723 3615 3927 3680 pragdica-

530 3672 702 3737 tionis
725 3672 790 3737 ad
826 3671 1038 3737 Sclavos
1068 3673 1373 3737 porrexerit.
1405 3698 1464 3737 —_-
1489 3676 1533 3721 6.
1568 3673 1750 3737 Sermo
1765 3672 1943 3737 plaudis
1972 3673 2038 3737 ad
2063 3671 2255 3737 ipsum.
2275 3700 2333 3708 —
2352 3677 2400 3722 7.
2426 3674 2659 3737 Qualiter
2688 3676 2879 3734 Regem
2916 3671 3196 3737 increpans
3226 3671 3468 3737 repulsus
3500 3678 3585 3725 sit.
3619 3704 3681 3713 —
3709 3671 3753 3726 8.
3784 3677 3924 3725 Eidem

534 3733 761 3796 Principi
791 3734 997 3800 veniam
1024 3733 1315 3800 postulanti
1344 3734 1547 3800 facinus
1579 3735 1817 3800 indulsit.
1845 3760 1910 3800 —_
1930 3737 1974 3783 9.
2004 3733 2157 3800 Quod
2190 3736 2327 3784 idem
2360 3735 2657 3800 [textilium
2685 3733 2840 3800 suum
2864 3733 3456 3800 Sancto'comme'ndare
3480 3740 3667 3788 volens
3687 3739 3925 3800 impetrare

531 3808 641 3843 non
666 3796 913 3859 potuerit,
944 3822 1004 3859 eg
1035 3796 1111 3844 10.
1138 3796 1384 3859 Ejusdem
1420 3797 1574 3859 Regis
1605 3797 1853 3859 parvulus
1882 3796 2015 3859 dum,
2039 3811 2069 3844 a
2100 3798 2291 3845 Sancto
2322 3796 2672 3846 catechizatur
2699 3797 2981 3859 eloquitur.
3014 3826 3069 3832 —
3104 3798 3177 3845 11.
3206 3800 3303 3847 Res
3334 3800 3516 3849 eadem
3551 3801 3709 3850 laude
3736 3796 3926 3849 celebra-

530 3862 633 3924 tur.
665 3883 725 3893 —
754 3858 827 3924 l2.
861 3858 1209 3924 Ubi__Sanc_tus
1235 3857 1517 3906 Ecclesiam
1547 3857 1930 3924 Trajectensem
1957 3858 2026 3924 ad
2037 3859 2341 3924 regendum
2367 3859 2615 3920 suscepit.
2646 3886 2704 3894 —
2732 3857 2816 3908 13ξ
2841 3860 2994 3916 Quod
3021 3860 3086 3908 ab
3114 3860 3298 3909 eadem
3327 3862 3572 3924 repulsus
3610 3864 3829 3912 insulam
3855 3861 3923 3909 Ca-

536 3918 642 3968 lolo
671 3919 836 3982 petiit.
863 3947 922 3954 —
953 3919 1028 3968 14.
1056 3919 1135 3968 Ad
1160 3924 1550 3981 contemptores
1582 3918 1759 3969 Sancti
1794 3933 1967 3968 sermo
1998 3918 2260 3983 dirigitur.

1038 4056 1259 4110 CAPUT
1297 4056 1589 4109 ΡωΜυΜ,
2198 4037 2239 4091 C
2269 4038 2554 4093 Virtutum
2588 4038 2803 4106 laudes,
2837 4043 2900 4092 ut
2923 4040 3163 4109 dignum
3195 4045 3296 4107 est,
3330 4043 3520 4109 credo,
3557 4044 3844 4103 valebunt;

2266 4130 2364 4192 Ac,
2398 4128 2445 4179 si
2474 4132 2769 4197 utcunque
2796 4133 3016 4197 queunt
3045 4130 3398 4185 extrinsecus
3427 4136 3549 4185 acta
3581 4133 3811 4198 referre,

778 4178 1024 4232 Mortuus
1062 4193 1097 4230 α
1135 4179 1199 4232 S'
1242 4177 1493 4231 Amando
1532 4182 1843 4232 sumtams'
2268 4212 2574 4283 Conﬁteor,
2603 4177 2762 4268 millo
2783 4177 3055 4284 pjoterunt
3082 4217 3477 4271 modulamine
3508 4220 3666 4274 vocis

545 4305 594 4354 1.
627 4300 926 4370 Aspirante
960 4300 1073 4352 Deo
1107 4297 1433 4351 describens
1459 4300 1709 4353 carmine
1735 4300 1911 4354 vitam
2266 4304 2536 4356 Promere
2563 4318 2667 4371 pro
2695 4303 2932 4367 meritis,
2970 4320 3098 4374 quas
3128 4306 3375 4375 sumpsit
3405 4308 3649 4377 praemia
3684 4310 3743 4362 in
3773 4306 3923 4368 astris,

460 4387 735 4443 Praesulis
761 4385 977 4456 egregii
1009 4390 1256 4439 sanctam
1290 4385 1607 4440 celeranter
1633 4387 1894 4455 Amandi,
2266 4390 2449 4444 Altius
2475 4390 2572 4444 ille
2603 4390 2775 4452 volat,
2813 4406 2987 4459 quam
3016 4394 3249 4461 garrula
3280 4394 3480 4464 lingua
3511 4400 3782 4450 recurrat.

471 4476 608 4539 Quae
641 4474 827 4543 longis
856 4473 1039 4527 fuerat
1067 4472 1318 4544 periodis
1336 4474 1465 4543 jure
1494 4476 1767 4543 notanda,
2267 4479 2354 4533 En
2385 4479 2663 4549 ﬁgmenta
2692 4484 2904 4534 canunt
2933 4481 3109 4551 lyrico
3140 4498 3405 4537 sermone
3434 4493 3655 4554 poetas;

470 4563 529 4617 Si
558 4561 715 4617 fandi
742 4560 885 4614 mihi
915 4560 1074 4631 larga
1102 4561 1249 4614 foret
1279 4577 1380 4614 seu
1412 4576 1620 4632 magna
1653 4563 1907 4616 facultas.
2268 4567 2404 4631 Quae
2437 4566 2645 4637 relegis
2670 4584 2790 4635 cur,
2826 4568 3003 4622 lector
3032 4585 3251 4638 amans,
3287 4587 3417 4625 cum
3444 4574 3605 4627 nulla
3635 4574 3822 4627 salutis

469 4653 594 4706 Jam
623 4648 873 4702 mediam
899 4648 1161 4702 breviore
1192 4649 1282 4703 via
1309 4649 1551 4703 festinus
1583 4651 1771 4705 eundo
2270 4654 2445 4708 Lucra
2475 4660 2677 4725 gerant
2703 4655 2929 4723 animis,
2960 4656 3124 4710 labor
3154 4658 3289 4724 oris,
3326 4660 3509 4728 pastio
3541 4662 3733 4715 venti?

469 4736 903 4808 Transgredior,
932 4735 1213 4806 binosque
1244 4737 1416 4807 pedes
1447 4740 1713 4808 ponendo
1749 4739 1994 4794 vicissim
2266 4743 2409 4808 Quid
2440 4744 2544 4798 tibi
2574 4760 2864 4814 pugnaces
2897 4750 3171 4815 poterunt
3206 4752 3477 4816 praestare
3504 4749 3843 4821 phalanges?

471 4828 753 4896 Computo
778 4828 866 4878 ter
894 4824 1175 4894 geminos,
1206 4825 1343 4878 dum
1377 4842 1478 4896 per
1503 4828 1841 4898 compendia
1865 4844 2048 4882 curro.
2268 4833 2390 4895 Qua
2421 4837 2475 4885 te
2505 4836 2661 4886 veste
2692 4838 2848 4902 teget
2875 4834 3029 4901 palla
3057 4829 3340 4888 discordia
3374 4837 3583 4891 scissa?

470 4914 560 4970 Sic
589 4914 698 4969 iter
729 4927 1025 4966 emensum
1052 4916 1167 4979 est;
1197 4912 1437 4983 reliquas
1469 4919 1525 4967 et
1553 4915 1836 4985 praeconia
1862 4916 2068 4983 laudis,
2267 4919 2379 4974 Cur
2404 4920 2596 4973 doleas
2626 4920 2723 4973 illa
2751 4937 2922 4974 caesas
2953 4922 3058 4975 sub
3088 4923 3246 4976 clade
3277 4927 3572 4978 catervas?

472 5002 807 5057 Hhetoricus
831 5000 922 5054 cui
952 5015 1139 5053 sermo
1166 5000 1337 5069 jacet,
1371 5002 1639 5056 facundia
1664 5007 1899 5072 marcet,
2270 5008 2467 5062 Functi
2493 5009 2688 5062 functa
2719 5012 2944 5071 canant,
2976 5009 3170 5063 vivens
3194 5011 3387 5065 vitalia
3414 5028 3620 5083 pange.

472 5091 613 5147 Hinc
640 5106 815 5144 conor
840 5088 1106 5143 brevibus
1134 5088 1470 5142 temerarius
1495 5090 1711 5145 arbiter
1739 5092 1948 5146 horum
2269 5098 2348 5151 En
2378 5097 2620 5151 meliora
2649 5112 2777 5150 meo
2809 5103 3117 5151 narrantur
3147 5099 3399 5152 carmine
3433 5106 3591 5171 gesta
3624 5118 3637 5155 :

472 5180 729 5249 Pangere
758 5175 1069 5241 versiculis,
1102 5176 1260 5230 nullo
1286 5176 1626 5245 complenda
1654 5179 1874 5248 relatu;
2268 5186 2389 5240 Non
2420 5186 2660 5254 gladios,
2695 5201 2797 5239 nec
2836 5186 2950 5239 tela
2990 5186 3163 5240 refert
3202 5187 3645 5258 pharetramque
3674 5188 3919 5247 Camilla;

473 5267 637 5323 Orbis
664 5265 975 5320 verbiﬂuus
1003 5264 1049 5317 si
1079 5264 1187 5318 isto
1214 5265 1504 5334 conspiret
1533 5265 1595 5318 in
1626 5269 1803 5333 actus,
2269 5272 2379 5327 Sed
2410 5280 2693 5328 memorat
2732 5274 2935 5327 victam
2980 5274 3203 5328 Christo
3247 5276 3351 5328 sub
3381 5277 3630 5330 Prsesule
3659 5284 3884 5331 mortem
3910 5289 3919 5323 :

474 5355 936 5425 Conveniantque
968 5369 1165 5408 omnes
1199 5370 1314 5407 una
1341 5354 1445 5408 sub
1475 5354 1606 5408 sede
1637 5360 1841 5423 poetas,
2197 5342 2240 5393 ί)
2271 5361 2336 5413 Et
2363 5376 2491 5430 quas
2523 5360 2677 5415 dona
2708 5361 2865 5415 dedit
2892 5377 3023 5414 caro
3055 5361 3356 5430 dignanter
3386 5363 3593 5417 amico.
3810 5348 3821 5357 θ

473 5446 977 5511 Argumententur,
1011 5442 1397 5512 modulantur,
1427 5442 1923 5513 philosophentur.
2265 5448 2520 5512 Qauliter
2549 5453 2605 5503 et
2634 5450 2927 5521 quondam
2960 5449 3185 5503 Domini
3216 5449 3454 5504 dilectus
3481 5450 3768 5505 Amandus

477 5529 618 5582 Vera
645 5530 878 5599 quidem
906 5531 1107 5596 fateor,
1139 5546 1255 5585 non
1284 5547 1481 5585 omnes
1509 5547 1775 5600 promere
1814 5548 1980 5588 versu
2267 5537 2460 5591 Mortis
2488 5538 2676 5592 adhuc
2704 5537 2807 5592 sub
2842 5538 2965 5604 lege
2996 5553 3253 5605 manens,
3287 5543 3346 5592 et
3368 5555 3537 5594 carne
3565 5544 3833 5611 gravatus,
