4048 6170
153 336 262 390 949

150 468 347 525 Mortis
371 468 507 537 jura
534 467 702 533 tulit;
738 469 991 521 clausum
1026 483 1259 537 quoque
1285 484 1507 521 carcere
1536 470 1743 524 Averni

148 556 394 627 Eripuit,
431 556 674 626 vitaeque
705 555 1002 609 hominem
1031 556 1100 608 de
1130 572 1289 608 more
1318 556 1567 622 reduxit,

147 647 561 701 Commemoro
589 644 852 714 stupidus
886 643 1029 697 tanti
1058 643 1366 698 formidine
1394 644 1548 698 facti.

218 736 273 787 2.
345 732 490 787 Urbs
544 732 731 786 fuerat
793 732 1102 802 quondam,
1162 732 1315 801 quod
1374 732 1559 786 adhuc
1614 732 1853 802 vestigia

1483 820 1848 891 [monstrant,

146 911 464 975 Tornacus,
496 925 651 963 nunc
680 907 985 978 multiplici
1010 917 1035 942 ³
1064 912 1349 977 prostrata
1380 908 1549 962 ruina

144 998 451 1064 Funditus,
485 1014 551 1050 ac
581 1003 765 1051 turres
798 996 970 1050 deﬂet
1000 995 1271 1050 cecidisse
1304 996 1599 1066 superbas.

145 1088 240 1139 Est
279 1092 479 1140 tamen
522 1085 653 1139 inde
691 1086 983 1156 frequens,
1027 1084 1179 1154 quod
1222 1084 1387 1154 aquis
1432 1090 1489 1138 et
1535 1100 1722 1138 merce
1754 1100 1848 1137 re-

1581 1173 1847 1242 [dundat;

146 1262 362 1316 Nititur
394 1266 451 1314 et
476 1259 721 1330 geminis
742 1261 861 1329 jam
894 1275 1010 1312 non
1038 1260 1267 1329 lapsura
1294 1258 1578 1311 columnis
1606 1262 1650 1325 b,

142 1351 407 1420 Namque
441 1364 567 1402 arce
597 1348 657 1400 in
688 1346 880 1400 media
912 1348 1127 1416 templo
1168 1350 1436 1415 surgente
1468 1352 1707 1400 venusto

140 1437 482 1492 Pontiﬁcale
508 1441 666 1490 tenet
692 1436 936 1501 solium;
966 1451 1069 1488 nec
1098 1436 1269 1504 longe
1310 1439 1530 1488 remota

142 1536 161 1559 ε
198 1524 462 1578 Nicasius
491 1524 725 1577 recubat
750 1522 1002 1592 pretiosa
1032 1523 1240 1592 Martyr
1273 1522 1333 1575 in
1360 1538 1506 1576 urna

139 1615 463 1667 Remorum
504 1610 736 1677 Praesul,
768 1610 902 1665 felix
932 1609 1025 1663 cui
1054 1610 1170 1663 vita
1200 1626 1473 1663 coronam

138 1700 419 1764 Praebuit,
453 1704 507 1752 et
536 1699 767 1753 rutilam
798 1698 925 1751 fuso
950 1714 1055 1767 pro
1088 1698 1366 1767 sanguine
1396 1698 1667 1768 palmam.

138 1789 291 1854 Quid
311 1791 338 1843 ?
368 1789 555 1842 multo
588 1788 658 1842 ad
687 1792 939 1841 castrum
969 1787 1317 1841 Francorum
1350 1786 1531 1840 milite
1558 1776 1774 1855 septus,

142 1880 317 1931 Dotto
349 1876 552 1931 Comes
581 1874 825 1945 rigidus,
859 1873 1039 1943 regali
1070 1873 1277 1928 missus
1308 1874 1379 1928 ab
1409 1874 1560 1939 aula,

140 1967 421 2029 Venerat;
457 1969 512 2017 et
542 1964 814 2035 quasrulis
844 1962 1082 2032 impleta
1112 1967 1195 2017 est
1220 1963 1377 2017 curia
1406 1963 1631 2016 turmis.

140 2056 281 2108 Ecce
312 2052 672 2117 trahebatur,
706 2067 915 2121 magna
945 2051 1191 2121 stipante
1223 2056 1469 2112 caterva,

142 2144 257 2197 Fur
284 2142 511 2195 vinctus
543 2140 737 2194 multis
766 2139 948 2193 multo
979 2155 1086 2208 pro
1115 2138 1356 2191 crimine
1388 2138 1583 2204 nodis;

142 2231 526 2284 Conclamant
554 2228 742 2282 cuncti
767 2245 779 2293 ;
813 2227 975 2297 plebs
1007 2227 1195 2280 omnis
1225 2227 1485 2281 cominus
1500 2232 1705 2280 "astans

140 2319 411 2374 Concinit
440 2333 563 2371 esse
588 2332 751 2370 reum
782 2332 795 2381 ;
828 2316 974 2369 nihil
1004 2316 1092 2368 his
1118 2316 1339 2369 veniale
1364 2315 1592 2369 fatetur.

142 2408 243 2463 His
272 2407 462 2461 turbis
493 2406 730 2460 Sanctus
761 2404 1019 2458 medium
1052 2420 1112 2459 se
1141 2404 1339 2474 injecit
1368 2404 1658 2458 Amandus
1694 2420 1705 2457 :

139 2497 281 2559 Flet,
319 2494 524 2564 gemit,
568 2493 857 2562 implorat,
895 2492 1069 2557 dolet,
1120 2492 1317 2561 ejulat,
1363 2492 1640 2558 obsecrat,
1671 2496 1795 2545 orat
1828 2507 1840 2545 :

138 2584 441 2647 Quatenus
468 2581 608 2635 huic
631 2580 840 2635 misero
872 2568 1133 2633 misereri
1164 2586 1219 2633 et
1246 2595 1480 2648 parcere
1510 2581 1751 2647 vellent;

137 2673 232 2725 Illi
265 2670 664 2740 cunctipotens
693 2668 951 2722 misereri
985 2673 1050 2722 ut
1082 2668 1336 2723 Christus
1366 2668 1620 2722 haberet.

136 2759 251 2812 Sed
283 2775 401 2811 non
433 2757 684 2811 obtinuit
712 2758 948 2811 Sanctus
976 2756 1127 2827 quod
1159 2756 1346 2810 ﬂendo
1380 2757 1636 2826 rogabat.

135 2850 312 2902 Dotto
338 2848 542 2902 Comes
572 2845 827 2900 tumidus
856 2845 1132 2915 quoniam
1164 2844 1453 2898 crudelior
1485 2845 1645 2898 omni

136 2937 345 2990 Bellua
374 2939 516 3000 erat,
543 2934 828 3005 jussitque
858 2950 959 2987 suo
987 2950 1091 3003 pro
1114 2932 1358 3008 crimine
1390 2932 1574 2987 furem

136 3024 354 3094 Stipite
384 3021 674 3076 conﬁxum
708 3020 938 3075 meritas
965 3022 1224 3075 exolvere
1249 3037 1465 3090 poenas.

136 3114 373 3165 Interea
403 3114 489 3163 est
518 3110 739 3175 ductus,
772 3125 1111 3179 suspensus;
1147 3124 1279 3162 mox
1310 3124 1541 3179 quoque
1572 3108 1752 3161 victus

133 3202 325 3254 Morte
356 3199 381 3240 ἀ
410 3198 530 3252 fera
555 3202 733 3251 tetras
763 3197 1015 3251 animam
1040 3197 1357 3250 transmisit
1379 3197 1447 3251 ad
1480 3198 1733 3250 umbras.

135 3288 295 3354 Quid
332 3292 415 3353 tu,
444 3290 635 3340 sancte
659 3287 846 3350 Pater,
879 3290 1065 3339 totum
1095 3285 1464 3339 memorande
1494 3301 1597 3355 per
1622 3285 1840 3350 orbem,

136 3390 157 3414 ε
184 3378 356 3430 Tunc
386 3375 544 3444 agis?
577 3375 839 3445 aguellus
868 3373 1112 3444 pedibus
1142 3378 1459 3443 prostratus
1492 3374 1750 3427 adhaeres

134 3464 289 3520 Saevi
323 3478 532 3532 nempe
562 3462 711 3533 lupi,
743 3462 878 3533 fuge
910 3479 980 3515 ne
1008 3467 1063 3516 te
1094 3462 1321 3516 sorbeat
1348 3462 1535 3531 ipsum

136 3553 378 3623 Erigere
412 3551 482 3605 ad
528 3551 870 3617 Dominum;
901 3566 1033 3604 nam
1066 3567 1192 3621 quae
1223 3550 1388 3620 petis,
1424 3551 1542 3619 ipse
1584 3554 1845 3603 verenter

136 3640 482 3694 Concedens
510 3639 773 3693 stabilem
805 3639 1019 3692 tribuet
1048 3638 1352 3707 dignanter
1377 3639 1675 3692 honorem.

134 3730 292 3800 Ergo
340 3728 579 3781 domum
627 3728 789 3781 Dotto
833 3732 918 3780 est
959 3728 1173 3797 populo
1212 3727 1520 3780 comitante
1553 3739 1837 3794 reversus;

135 3818 339 3887 Ocyus
374 3815 446 3868 ad
476 3814 771 3868 hominem
802 3814 1037 3868 Sanctus
1064 3814 1331 3867 celeravit
1368 3814 1626 3879 anhelus,

134 3910 337 3977 Atque
368 3904 470 3957 ubi
500 3902 826 3957 defunctum
860 3903 1134 3955 miserum
1171 3902 1461 3955 miseratio
1491 3902 1632 3955 vidit

135 3992 367 4049 Viviﬁci
397 3998 653 4046 mentem
682 3991 917 4045 ﬁrmans
948 3991 1260 4061 spiramine
1291 3990 1477 4057 ﬂatus,

135 4081 485 4153 Depositum
512 4095 754 4151 propere
786 4086 1089 4149 cognotam
1123 4080 1272 4132 vexit
1303 4082 1371 4132 ad
1407 4079 1589 4132 tndem
1626 4095 1638 4131 :

134 4174 260 4236 Quo
297 4170 489 4223 fuerat
519 4168 720 4229 solitus
749 4174 971 4236 portam
1002 4168 1231 4237 pulsare
1261 4182 1592 4236 supernam,

134 4258 437 4314 Sternitur
464 4257 596 4311 hinc
630 4256 795 4322 arvis,
839 4255 1022 4324 magis
1064 4255 1198 4308 inde
1228 4254 1608 4325 propinquior
1641 4253 1842 4321 astris;

1338 334 1426 387 DE
1470 334 1627 388 VITA
1670 334 1732 392 S.
1779 334 2155 389 AMANDI.—
2183 336 2314 390 LIB.
2357 336 2447 388 111.

3555 338 3660 389 950

1886 472 1932 522 Α
1962 471 2120 523 Dicta
2159 471 2281 524 haec
2321 470 2470 525 facta
2511 471 2792 541 probant;
2830 472 3071 526 verbum
3112 473 3414 544 completio
3444 473 3656 541 ﬁrmat,

1964 559 2202 613 Sanctus
2228 559 2381 613 enim
2414 560 2675 613 incubuit
2703 560 2987 629 precibus,
3028 564 3344 630 prostratus
3382 561 3443 615 in
3476 561 3655 629 arvis;

1961 647 2073 700 Nec
2101 647 2260 717 prius
2289 647 2359 700 ad
2392 648 2567 701 ﬁnem
2602 648 2729 701 felix
2757 648 2937 702 oratio
2968 648 3144 713 venit,

1962 736 2153 789 Donec
2182 736 2350 789 ambo
2380 736 2549 789 simul
2575 735 2809 790 diversis
2843 735 3103 789 cominus
3136 736 3292 789 horis

1962 823 2272 893 Surgentes
2300 828 2517 877 starent
2538 823 2728 893 juncti
2760 823 3047 893 (mirabile
3080 823 3228 895 visu)

1960 912 2210 965 Mortuus
2241 928 2273 964 a
2300 916 2503 977 morte,
2538 916 2594 965 et
2624 912 2862 965 Sanctus
2892 911 2959 964 de
2992 911 3226 981 pulvere
3252 915 3439 966 terras.

2032 1021 2081 1072 3.
2118 1018 2160 1072 Ο
2192 1034 2363 1088 quam
2401 1019 2775 1088 conspicuum
2809 1017 3080 1070 Dominus
3110 1018 3303 1072 dilexit
3333 1020 3654 1087 alumnum,

1961 1104 2064 1160 Cui
2094 1110 2210 1157 tam
2241 1106 2421 1158 multa
2452 1105 2539 1157 sui
2570 1104 2774 1158 tribuit
2804 1104 3098 1174 signacula
3127 1106 3357 1159 amoris.

1962 1192 2219 1262 Denique
2249 1209 2351 1246 ceu
2384 1208 2637 1261 praesens
2667 1192 2829 1245 nobis
2858 1192 3139 1261 scriptura
3175 1194 3406 1255 revelat,

1960 1281 2262 1335 Praevaluit
2292 1281 2559 1350 precibus
2588 1280 2759 1333 sacris
2792 1279 3128 1351 meritisque
3163 1280 3343 1334 beatis

1958 1369 2219 1423 Reddere
2248 1369 2578 1422 distractam
2610 1369 2791 1421 multo
2824 1384 2928 1438 pro
2961 1368 3199 1421 crimine
3231 1368 3405 1421 vitam

1958 1457 2257 1522 Defuncto,
2290 1461 2459 1526 atque
2484 1456 2501 1490 τ
2520 1456 2728 1509 animae
2759 1457 2875 1526 jam
2892 1456 3129 1525 jamque
3155 1456 3216 1508 in
3237 1460 3450 1509 tartara
3478 1456 3650 1525 lapsae

1957 1545 2219 1600 Obtinuit
2247 1545 2490 1611 veniam,
2525 1545 2745 1598 Christo
2781 1544 3108 1609 miserante,
3141 1544 3447 1597 salubrem.

1957 1634 2043 1689 Sit
2074 1634 2199 1687 laus
2230 1648 2453 1686 summa
2482 1634 2618 1693 Deo,
2656 1632 2755 1703 qui
2786 1633 2940 1686 dona
2970 1632 3237 1686 ﬁdelibus
3272 1632 3509 1698 addens,

1957 1722 2026 1776 Ut
2055 1722 2279 1792 possint
2310 1720 2461 1774 exire
2492 1720 2697 1774 animae
2730 1720 2797 1774 de
2828 1736 3051 1773 carcere
3080 1719 3314 1785 Averni,

1954 1812 2185 1864 Tartara
2215 1809 2597 1879 disrumpens,
2633 1809 2925 1863 obstacula
2955 1812 3159 1862 cuncta
3188 1807 3431 1863 revellit.

1956 1900 2180 1954 Interea
2210 1898 2441 1953 madido
2474 1898 2741 1952 discussis
2768 1912 2900 1951 rore
2930 1896 3152 1967 capillis

1956 1986 2171 2040 Praevia
2202 1991 2505 2039 venturum
2532 1985 2647 2055 jam
2678 1989 2809 2055 post
2834 2001 2937 2038 sua
2968 1984 3187 2038 lumina
3219 1985 3522 2051 Phoebum,

1953 2075 2279 2146 Terrigenis
2312 2090 2517 2127 aurora
2547 2090 2649 2128 suo
2681 2078 3099 2127 monstraverat
3127 2079 3279 2127 ortu.

1955 2166 2026 2217 At
2053 2163 2233 2217 virtus
2265 2163 2557 2232 complens
2588 2162 2826 2216 redivivi
2852 2161 3111 2232 corporis
3139 2164 3318 2228 artus,

1953 2251 2268 2306 Addiderat
2295 2252 2535 2304 reduces
2561 2250 2805 2304 solidata
2835 2250 3040 2304 robore
3069 2248 3237 2303 vires.

1956 2340 2099 2408 Ergo
2130 2355 2261 2391 suos
2288 2337 2398 2391 laeti
2431 2338 2628 2405 victor,
2663 2337 2906 2408 vitaeque
2931 2337 3218 2402 reductor,

1955 2427 2252 2481 Confessor
2282 2426 2511 2479 Domini
2539 2425 2719 2495 signis
2752 2425 2993 2496 insignis
3021 2425 3277 2479 honestis

1954 2516 2141 2569 Poscit
2169 2531 2378 2587 aquas;
2405 2519 2642 2568 currunt
2672 2514 2903 2581 celeres,
2938 2514 3281 2567 tumulanda
3308 2516 3578 2582 putantes

1952 2604 2202 2658 Membra
2238 2603 2362 2669 viri,
2396 2596 2616 2673 peteret
2642 2602 2907 2671 lymphas
2939 2601 3095 2671 quod
3126 2617 3282 2654 more
3307 2598 3540 2654 lavacri.

1951 2687 2201 2758 Ingressi
2231 2687 2577 2741 incolumem
2608 2686 2911 2739 inveniunt
2942 2685 3229 2751 (mirabile
3259 2684 3436 2751 dictu)

1954 2775 2163 2830 Ordine
2194 2792 2465 2829 converso
2497 2780 2740 2828 cernunt
2763 2774 3011 2827 residere
3038 2778 3323 2827 verenter.

1952 2864 2087 2928 Quis
2118 2868 2317 2934 stupor
2346 2863 2438 2916 hic
2468 2863 2656 2927 fuerit,
2688 2863 2819 2915 facti
2846 2862 3180 2915 excellentia
3210 2861 3415 2931 prodit.

1955 2953 2066 3005 Fur
2096 2952 2381 3005 redivivus
2412 2951 2565 3003 enim
2592 2950 2765 3003 vitam
2797 2950 3138 3019 veniamque
3172 2953 3452 3015 renarrat,

1880 3043 1921 3099 C
1955 3053 1983 3094 ς
2012 3039 2414 3109 Largitumque
2442 3038 2547 3091 sibi
2578 3038 2815 3092 Sanctus
2846 3039 3073 3090 laetatur
3097 3037 3396 3090 honorem.

1951 3129 2105 3181 Tunc
2144 3127 2321 3196 igitur
2352 3128 2612 3180 Fratrum
2644 3125 2755 3180 sub
2788 3124 2996 3179 Christi
3029 3124 3259 3177 nomine
3284 3122 3441 3193 plebi

1956 3218 2035 3270 Ne
2062 3215 2288 3286 populis
2314 3216 2558 3284 prodant
2581 3214 2814 3279 factum,
2845 3213 3160 3267 obtestatur
3186 3211 3497 3265 Amandus.

1954 3305 2142 3358 Donec
2171 3305 2456 3373 completo
2487 3303 2723 3357 decedat
2751 3308 3007 3372 tempore
3038 3301 3188 3356 vitas.

1951 3392 2125 3462 Cujus
2158 3398 2351 3446 sancta
2382 3407 2585 3445 manus
2616 3392 2753 3445 dum
2779 3391 3005 3461 singula
3034 3391 3272 3443 vulnera
3301 3388 3514 3459 palpet,

1952 3480 2223 3535 Restituit
2248 3481 2488 3533 celerem
2520 3480 2653 3534 felix
2685 3478 2968 3532 medicina
2997 3478 3276 3544 salutem;

1952 3571 2063 3623 Nec
2098 3574 2354 3622 remanet
2384 3570 2596 3636 sulcus,
2629 3568 2840 3639 digitus
2874 3584 2986 3637 quo
3015 3566 3194 3620 currit
3220 3567 3515 3620 honestus.

1956 3657 2131 3711 Dicite
2156 3657 2492 3727 doctiloqui,
2521 3657 2841 3727 depromite
2867 3656 3042 3726 digna
3071 3655 3288 3710 diserti.

1951 3745 2141 3809 Qualis
2169 3751 2254 3798 est
2285 3745 2574 3799 medicus?
2614 3761 2727 3815 quo
2758 3746 3145 3811 contingente,
3179 3742 3406 3797 cicatrix

1952 3834 2116 3887 Nulla
2147 3838 2301 3902 patet
2330 3833 2532 3903 plagis,
2564 3833 2844 3886 conclusis
2879 3833 3131 3902 undique
3163 3830 3399 3884 cunctis.

1951 3920 2072 3985 Quo
2102 3925 2254 3973 meat
2293 3920 2399 3973 ista
2442 3920 2635 3975 salus?
2676 3936 2787 3990 quo
2820 3923 3015 3973 manat
3043 3919 3113 3971 ab
3146 3917 3400 3987 unguine
3430 3916 3643 3970 virtus?

1953 4010 2116 4065 Cessa
2143 4009 2340 4079 lingua
2369 4010 2577 4079 loquax
2604 4025 2618 4075 ;
2646 4024 2786 4079 opus
2817 4012 2899 4062 est
2926 4008 3033 4061 hoc
3062 4004 3505 4074 Omnipotentis,

1953 4100 2059 4152 Per
2084 4113 2256 4168 quem
2289 4099 2446 4152 tanta
2475 4098 2624 4152 valet
2652 4096 2911 4168 quisquis
2940 4094 3291 4150 famulabilis
3316 4094 3401 4148 illi
3428 4097 3533 4147 est.
3562 4168 3565 4169 ν

2623 4237 2846 4293 CAPUT
2885 4237 2953 4291 II.

133 4354 330 4418 Atque
363 4362 565 4417 preces
605 4306 1791 4413 simul,erlacrymaruinﬁumina—fundit
1881 4333 2115 4399 DFides
2170 4360 2271 4412 per
2326 4345 2382 4399 S.
2442 4345 2760 4418 fmandum
2812 4348 3142 4413 propagata.
3203 4306 3385 4398 Seiani
3439 4326 3640 4397 additi.

134 4438 276 4501 Qum
312 4433 581 4506 quamvis
609 4432 791 4485 vicina
821 4431 1013 4501 rigent
1037 4432 1286 4485 conﬁnia
1312 4437 1504 4497 terrae,

130 4524 325 4578 Altius
358 4522 434 4575 ad
465 4521 677 4574 celsum
711 4518 943 4573 volitant
974 4520 1297 4573 scandendo
1328 4519 1603 4585 tribunal,

133 4611 423 4683 Angelico
448 4608 757 4680 plaudente
788 4609 961 4661 choro
994 4624 1165 4677 super
1196 4608 1410 4661 aethera
1436 4612 1627 4661 vectae.

205 4798 231 4823 ⁸
276 4788 517 4842 Factum
567 4784 621 4839 id
666 4784 892 4838 videtur
941 4783 1331 4853 superioribus
1374 4783 1540 4837 bellis
1586 4784 1842 4854 ipsorum

131 4862 293 4914 inter
343 4873 407 4910 se
460 4856 828 4910 Francorum.
881 4854 1220 4925 Quanquam
1271 4858 1470 4922 postea
1534 4870 1763 4925 quoque
1811 4872 1845 4908 a

132 4928 495 4985 Normannis
550 4932 607 4979 et
674 4928 1057 4979 monasterium
1113 4926 1170 4980 S.
1237 4927 1470 4979 Bavonis
1533 4928 1592 4978 in
1646 4925 1845 4993 oppido

134 5000 443 5063 Gandensi,
502 5013 593 5050 an.
650 4998 773 5061 850,
829 4999 1104 5049 incensum
1159 4997 1333 5061 fuisse
1388 4995 1624 5049 tradunt
1679 4998 1846 5051 Gesta

132 5074 612 5126 Normannorum
675 5073 806 5120 ante
868 5067 1212 5126 Rollonem;
1264 5071 1320 5119 et
1377 5082 1579 5120 eorum
1628 5074 1846 5134 partem

133 5141 467 5212 (Menapios,
519 5153 767 5207 quorum
806 5142 988 5212 caput
1035 5136 1525 5212 Tornacum‘fuit,
1575 5139 1846 5192 Tarvisios

134 5206 195 5266 id
241 5206 339 5265 est
401 5210 705 5274 Tervauos,
762 5209 1002 5275 aliosque
1056 5206 1382 5275 maritimos)
1439 5224 1505 5260 eo
1565 5224 1656 5260 an.
1720 5212 1842 5273 850,

133 5280 521 5351 deprzdatam
581 5294 693 5332 esse
745 5279 1298 5351 referuntAnnales
1352 5277 1681 5331 Bertiniani.
1739 5280 1846 5333 Sed

134 5348 263 5407 haec
315 5350 448 5405 Milo
496 5364 613 5403 non
662 5348 870 5418 attigit,
916 5348 1024 5401 nisi
1079 5348 1226 5401 forte
1274 5364 1483 5417 poema
1522 5365 1688 5402 suum
1720 5355 1850 5418 post

136 5425 371 5478 obitum
408 5419 675 5479 Haimini,
700 5420 792 5471 cui
824 5419 880 5473 id
917 5418 1143 5485 dicavit,
1169 5418 1489 5472 emendarit
1518 5424 1573 5473 et
1603 5420 1845 5473 auxerit.

208 5497 235 5537 ιι
272 5494 336 5546 In
378 5491 488 5545 MS.
520 5489 845 5543 Amandino
877 5489 1116 5557 margini
1154 5489 1502 5558 adscriptum
1532 5494 1654 5543 erat
1695 5505 1707 5543 ε

202 5568 423 5619 Excidit
449 5568 516 5616 ab
542 5581 604 5616 ea
623 5566 753 5629 jam,
783 5567 916 5630 proh
944 5566 1125 5617 dolor!
1160 5568 1273 5630 ipsa
1301 5567 1565 5617 columna.

2435 4416 2652 4469 Επείὶἱί
2685 4431 2855 4484 paena
2895 4420 3157 4480 irrogata.

2019 4520 2071 4573 4.
2091 4520 2236 4589 Ergo
2260 4518 2359 4572 ubi
2382 4518 2535 4572 fama
2552 4520 2748 4572 volans
2766 4519 2973 4588 sparsit
2996 4518 3370 4573 memorabile
3391 4518 3641 4589 signum,

1956 4606 2041 4662 Fit
2070 4606 2272 4677 populi
2305 4606 2494 4659 subito
2524 4606 2741 4659 multus
2771 4622 3078 4660 concursus
3107 4607 3177 4659 ad
3202 4607 3428 4677 ipsum;

2020 4795 2041 4818 ο
2076 4782 2331 4836 Molanus
2374 4782 2442 4836 ad
2487 4782 2550 4835 14
2590 4782 2853 4835 Decemb.
2898 4782 2956 4835 in
3008 4781 3229 4835 Nicasio
3276 4782 3354 4835 ita
3400 4779 3637 4833 scribit:

1950 4855 2128 4922 Hujus
2166 4855 2429 4921 martyris
2462 4856 2699 4922 pignora
2737 4852 2985 4919 quaedam
3026 4853 3464 4918 Noviomagensis
3511 4851 3639 4917 qui-

1952 4926 2080 4979 dam
2131 4927 2412 4993 episcopus
2460 4924 2692 4989 obtenta,
2751 4923 2825 4976 ad
2870 4938 3024 4977 suam
3077 4924 3303 4993 pertulit
3343 4922 3637 4974 civitatem.

1952 4997 2078 5062 Quae
2124 4992 2237 5049 tam
2280 4994 2431 5062 apud
2476 4995 2810 5058 Noviomum,
2844 5009 3005 5061 quam
3049 4999 3099 5045 ct
3144 4992 3295 5059 apud
3348 4992 3642 5045 Tornacum

1953 5072 2211 5129 castrum,
2247 5066 2340 5118 ubi
2372 5081 2512 5118 nunc
2541 5066 2704 5117 etiam
2735 5066 2945 5118 servari
2976 5064 3344 5132 perhibentur,
3377 5062 3544 5115 clavis
3568 5076 3643 5114 re-

1952 5140 2206 5204 feruntur
2227 5137 2506 5189 illustrata
2526 5136 2826 5202 miraculis,
2862 5136 2939 5187 De
2963 5133 3032 5187 iis
3058 5150 3160 5187 nos
3184 5132 3253 5185 ad
3279 5132 3443 5185 illum
3466 5132 3636 5185 diem.

2023 5207 2050 5243 ά
2079 5206 2247 5260 Aliud
2275 5207 2374 5259 Ms.
2406 5208 2542 5259 fere.

2024 5292 2047 5321 ο
2081 5279 2176 5331 Ms.
2212 5278 2434 5330 Elmon.
2468 5279 2636 5332 Nunc.

2026 5348 2043 5382 τ
2075 5349 2196 5401 Non
2227 5347 2391 5417 quasi
2428 5348 2703 5416 religatur
2738 5346 2913 5399 semel
2951 5345 3063 5399 lata
3100 5342 3641 5417 damnationissen-

1954 5420 2161 5483 tentia;
2191 5414 2289 5472 sed
2321 5418 2380 5469 in
2413 5414 2695 5470 similibus
2722 5417 2943 5469 casibus
2973 5432 3089 5468 non
3119 5419 3241 5467 erat
3270 5414 3549 5467 absoluta.
3625 5456 3631 5463 .

2028 5501 2057 5542 ε
2106 5490 2164 5542 Id
2218 5494 2320 5553 est,
2362 5505 2419 5541 se
2453 5505 2486 5541 a
2535 5490 2649 5541 Deo
2699 5487 3029 5540 exauditum
3069 5485 3298 5555 gaudet,
3342 5500 3458 5537 non
3509 5500 3642 5537 vero

1957 5560 2109 5630 quod
2141 5560 2357 5613 honore
2390 5558 2496 5613 sibi
2527 5575 2559 5611 a
2588 5558 2874 5612 Fratribus
2900 5556 3026 5611 ideo
3054 5556 3313 5626 impenso
3335 5555 3639 5609 laetaretur.
