4048 6170
440 296 537 347 954
604 284 615 295 '

443 423 680 477 Fervere
708 426 773 475 ut
800 421 1024 474 miraris
1054 437 1189 490 apes
1214 436 1317 490 per
1348 427 1529 490 prata,
1561 438 1661 491 per
1690 422 1884 476 hortos

444 512 590 582 Erga
616 526 935 580 purpureos
961 510 1150 573 ﬂores,
1183 527 1247 563 ac
1276 526 1509 578 carpere
1542 527 1738 563 morsu

443 598 603 660 Quod
630 598 878 651 referant
906 596 1144 666 pedibus
1173 614 1304 651 cara
1334 598 1402 650 ad
1437 598 1711 668 praesepia
1744 599 1951 651 curvis.

446 689 568 741 Non
597 703 755 739 secus
787 686 888 739 has
926 686 1115 739 videas
1146 692 1343 755 gentes
1373 686 1635 739 insistere
1666 688 1949 754 Amando,

442 775 757 845 Conspicuo
790 774 935 840 flori,
972 775 1175 843 hyeme
1208 780 1378 843 atque
1410 780 1600 827 aestate
1628 775 1873 841 virenti;

444 864 566 927 Quo
589 868 1007 916 sacrosanctum
1041 864 1264 916 valeant
1295 862 1575 931 baptisma
1604 863 1835 926 referre,

444 952 849 1021 Virtutumque
882 952 1056 1019 dapes
1083 950 1353 1003 utdulcia
1382 952 1552 1003 mella
1582 957 1900 1021 reportent,

444 1040 580 1103 Quis
612 1040 811 1092 mundi
841 1039 1115 1092 Dominus
1145 1039 1417 1106 praedulci
1449 1040 1697 1108 pascitur
1728 1041 1958 1093 haustu.

448 1130 599 1182 Fana
625 1127 830 1180 dehinc
861 1144 1033 1179 vacuo
1068 1128 1356 1179 nudantur
1386 1128 1601 1180 honore
1635 1129 1891 1197 profana,

446 1217 796 1285 Illorumque
826 1216 1056 1279 cadunt,
1094 1232 1341 1284 quorum
1369 1232 1593 1268 crevere
1623 1217 1838 1270 labore.

447 1304 585 1357 Inde
619 1304 715 1357 ubi
742 1304 873 1356 fana
896 1308 1089 1367 ruunt,
1124 1304 1205 1356 vir
1235 1309 1459 1357 sanctus
1493 1305 1708 1373 templa
1730 1305 2034 1375 reformat,

451 1392 713 1445 Basilicas
744 1396 993 1444 statuens
1023 1397 1079 1444 et
1108 1393 1351 1445 claustra
1382 1393 1866 1446 monasteriorum
1895 1411 1909 1460 ;

451 1479 756 1533 Perﬁdiam
786 1479 919 1531 ﬁdei
950 1479 1249 1531 contundit
1277 1480 1538 1531 acumine
1570 1479 1700 1532 ﬁdo.

454 1568 497 1621 Ο
524 1583 696 1636 quam
729 1582 937 1635 magna
967 1567 1087 1618 viro
1112 1582 1376 1618 concessa
1406 1571 1489 1618 est
1520 1567 1702 1635 gratia
1725 1566 1908 1635 justo,

453 1654 820 1723 Multiplicem
857 1654 1065 1706 meruit
1097 1655 1341 1706 fructum
1370 1654 1468 1723 qui
1500 1655 1759 1723 germine
1790 1656 1858 1709 ab
1895 1673 2008 1710 uno
2036 1656 2046 1709 ι

452 1744 642 1795 Incola
669 1742 891 1794 viviﬁco
924 1746 1177 1794 sacratur
1204 1742 1363 1796 fonte
1394 1759 1718 1807 renascens,

452 1832 729 1884 Praeclara
761 1831 1020 1883 Ecclesiae
1052 1832 1341 1899 praecelsas
1374 1831 1585 1884 moenia
1614 1836 1871 1901 surgunt.

452 1919 606 1972 Felix
636 1918 730 1971 ille
758 1919 965 1983 obitus,
999 1918 1240 1971 moritur
1268 1936 1380 1988 quo
1413 1920 1661 1988 plurima
1690 1921 1893 1988 pestis;

454 2008 565 2061 Sed
594 2012 786 2060 tamen
816 2007 914 2060 illa
946 2008 1098 2059 salus
1136 2008 1383 2060 multum
1415 2007 1634 2060 felicior
1667 2012 1863 2072 exstat,

454 2095 575 2158 Qua
605 2100 875 2165 surgente
908 2111 1021 2148 uno
1052 2096 1246 2164 plures
1275 2096 1332 2147 in
1364 2096 1532 2148 corde
1566 2101 1893 2165 resurgunt.

457 2184 589 2238 Haec
617 2189 719 2251 est,
754 2183 813 2235 ni
840 2184 1026 2250 fallor,
1060 2183 1223 2235 celsae
1255 2183 1494 2235 mutatio
1528 2182 1758 2236 dextrae.

456 2272 665 2327 Crescit
694 2288 856 2324 amor
876 2272 1097 2335 Sancto,
1127 2271 1357 2324 laudum
1386 2272 1693 2324 celebratio
1726 2272 1970 2341 Christo,

458 2360 633 2429 Cujus
664 2360 722 2413 in
757 2360 971 2413 auxilio
1002 2360 1138 2413 dum
1169 2359 1405 2412 verbum
1437 2360 1707 2430 praedicat
1736 2361 1892 2412 omni

460 2451 523 2502 In
553 2449 790 2518 populo,
824 2448 1084 2501 foecunda
1111 2464 1269 2516 seges
1301 2448 1369 2501 de
1400 2450 1613 2516 cespite
1646 2465 1904 2517 surgens,

461 2536 669 2589 Reddit
701 2536 1080 2603 centuplicem
1114 2535 1389 2587 virtutum
1420 2536 1679 2603 gramine
1711 2537 1955 2605 frugem.

534 2626 583 2675 5.
616 2624 690 2675 Te
736 2638 921 2690 neque
969 2622 1296 2689 Apostolica
1344 2638 1637 2691 nunquam
1667 2629 1906 2691 purgata
1946 2624 2150 2691 securi,

459 2714 538 2765 Ac
567 2709 701 2763 ﬁdei
733 2709 919 2773 sulcis,
954 2709 1069 2762 ullo
1102 2725 1287 2779 neque
1322 2726 1555 2764 vomere
1591 2712 1761 2776 culta,

461 2798 837 2853 Pertransisse
871 2797 1056 2851 virum
1089 2798 1298 2862 doleas,
1334 2798 1615 2852 Sclavinia
1650 2800 1841 2853 tellus.

463 2886 619 2939 Sicut
648 2902 816 2939 avaro
847 2886 1057 2939 etenim
1092 2902 1221 2939 cum
1258 2893 1415 2939 muta
1450 2888 1692 2956 pecunia
1720 2889 1940 2955 crescit,

464 2974 677 3029 Crescit
714 2990 898 3041 amor,
937 2991 1339 3045 summamque
1372 2976 1582 3028 famem
1613 2977 1917 3047 completio
1949 2978 2127 3048 gignit

461 3063 550 3117 Sic
579 3062 689 3128 hic,
720 3062 766 3114 si
790 3063 953 3115 liceat
978 3062 1148 3115 fatuis
1175 3064 1432 3117 conferre
1462 3064 1730 3133 benigna,

464 3153 746 3212 Crescere,
779 3166 893 3219 quo
926 3151 1121 3215 crevit,
1156 3152 1433 3205 virtutum
1468 3153 1623 3204 lucra
1656 3152 1937 3206 bonarum

466 3239 836 3292 Accumulare
863 3254 1090 3307 parans,
1120 3244 1175 3291 et
1207 3241 1429 3292 avarior
1459 3240 1705 3309 amplius
1735 3247 1975 3294 exstans.

466 3327 728 3380 Partibus
758 3330 812 3378 et
844 3325 1036 3379 multis
1068 3342 1199 3379 cum
1228 3343 1422 3396 sparso
1461 3329 1681 3380 semine
1712 3329 1872 3382 verbi

463 3414 733 3483 Surgeret
762 3414 897 3466 hinc
929 3418 1099 3483 atque
1126 3414 1259 3466 hinc
1292 3415 1535 3467 feliciter
1564 3415 1774 3484 inclyta
1807 3418 2027 3482 messis,

464 3502 754 3571 Comperit
785 3501 1043 3553 astrictos
1074 3502 1297 3555 Sclavos
1334 3519 1526 3555 errore
1561 3504 1776 3556 inimici
1810 3521 1822 3557 :

463 3590 585 3652 Quo
617 3605 674 3641 se
706 3588 1044 3657 martyrium
1078 3606 1180 3659 pro
1214 3590 1433 3643 Christo
1469 3608 1633 3660 posse
1662 3592 1870 3646 mereri

463 3676 765 3731 Conﬁdens
798 3675 1055 3742 Sanctus,
1089 3678 1387 3747 glacialem
1417 3680 1641 3733 transiit
1671 3690 1694 3713 ³
1726 3682 1949 3736 Istrum.

463 3765 670 3834 Incipit
701 3769 757 3817 et
782 3764 976 3833 glebas
1006 3765 1163 3818 dura:
1191 3767 1558 3835 proscindere
1591 3775 1779 3835 terrae,

462 3854 596 3909 Inde
627 3854 916 3923 Evangelii
950 3870 1142 3907 semen
1180 3855 1460 3925 dispergit
1496 3857 1732 3926 ubique,

462 3944 569 3997 Per
600 3942 739 4007 loca,
774 3957 989 4011 perque
1020 3942 1237 4009 domos,
1262 3960 1363 4012 per
1386 3960 1518 3996 rura
1549 3945 1869 4015 etcompita
1894 3946 2114 4015 jactans
2141 3963 2153 4012 ;

463 4029 669 4084 Fundit
698 4046 876 4099 aquas
906 4029 1067 4082 siccis
1098 4031 1317 4098 superis
1352 4032 1420 4085 de
1453 4033 1707 4086 fontibus
1739 4033 1908 4100 arvis,

464 4118 751 4186 Suggerit,
784 4117 1060 4185 immittit,
1093 4120 1403 4184 concludit,
1436 4121 1731 4189 compluit,
1766 4120 1963 4173 ambit.

463 4205 552 4257 Nil
582 4205 729 4257 facto
761 4210 1038 4274 superest,
1073 4207 1222 4275 quod
1256 4207 1493 4275 dignum
1529 4208 1705 4275 duxit,
1740 4209 2049 4276 agendum.

462 4293 514 4345 Is
543 4297 739 4345 tamen
768 4296 835 4344 ut
863 4297 1112 4361 segetem
1140 4294 1310 4362 pleno
1344 4311 1459 4347 non
1491 4296 1750 4365 gramine
1787 4296 1929 4348 votis

464 4380 829 4448 Respondere
859 4380 1011 4432 videt
1042 4382 1311 4450 propriis,
1348 4399 1684 4453 cassumque
1712 4384 1966 4437 laborem

462 4468 530 4521 Se
558 4468 705 4520 saxis
737 4466 947 4521 inferre
978 4469 1193 4533 dolens,
1228 4470 1445 4523 resilire
1479 4476 1791 4524 retrorsum

463 4557 712 4610 Cernens
738 4556 1107 4626 conspicuum
1132 4557 1349 4611 ferrum
1379 4559 1650 4613 sulcantis
1683 4559 1885 4624 aratri;

460 4647 568 4698 Per
598 4659 956 4714 vacuumque
986 4649 1148 4698 tuens
1183 4645 1241 4697 in
1272 4646 1451 4715 spinis
1484 4662 1742 4716 quaerere
1774 4662 2037 4714 messem,

463 4733 829 4802 Martyriique
856 4732 1011 4801 piam
1043 4750 1147 4787 nec
1177 4735 1426 4803 palmam
1462 4735 1743 4803 prendere
1775 4752 1974 4805 posse;

459 4820 543 4874 Ad
570 4821 833 4890 proprias
862 4822 1074 4873 iterum
1105 4822 1330 4875 Christo
1361 4828 1447 4875 est
1476 4823 1781 4877 comitante
1814 4840 2073 4877 reversus

460 4911 659 4962 Pastor
684 4915 739 4962 et
767 4925 950 4979 agnus
978 4925 1127 4976 oves,
1162 4911 1354 4964 ovium
1384 4912 1497 4964 dux
1528 4912 1647 4981 ipse
1678 4927 1942 4976 suarum;

462 4998 542 5051 Ne
573 5003 764 5051 tamen
796 4998 1080 5051 incassum
1106 5003 1293 5051 tantos
1324 4999 1536 5052 fudisse
1565 5000 1785 5052 labores

459 5086 759 5151 Poeniteat,
792 5087 1147 5155 longumque
1183 5086 1292 5139 iter
1316 5093 1691 5156 properanter
1720 5088 1921 5141 adisse.

527 5216 552 5240 ⁸
577 5208 637 5260 Id
671 5212 755 5261 est
784 5207 1127 5261 Danubium.
1155 5209 1231 5261 De
1253 5208 1459 5263 Sclavis
1489 5225 1658 5278 supra
1690 5214 1899 5263 actum.

526 5280 552 5320 Β
588 5278 1235 5349 Marka,’l‘eutonicum
1295 5280 1659 5347 vocabulum,
1713 5280 1951 5333 limitem
2011 5294 2147 5349 pro-

454 5349 655 5419 vincite
686 5348 971 5418 signiﬁcat
1005 5366 1017 5402 :
1052 5350 1205 5419 quod
1238 5351 1447 5419 saepius
1476 5350 1683 5419 legitur
1709 5351 1769 5402 in
1794 5351 1997 5403 Annal.
2026 5351 2150 5403 Ful-

457 5418 613 5469 dens.
667 5435 788 5472 aevo
830 5418 1325 5488 Milonis’scriptis
1374 5437 1386 5473 :
1440 5418 1704 5473 videlicet.
1752 5421 1821 5473 ad
1871 5438 1961 5474 an.
2019 5424 2145 5486 788,

460 5488 580 5547 827,
617 5490 738 5553 86l,
772 5494 878 5543 etc.
927 5490 1089 5553 Quod
1133 5491 1468 5544 vocabulum
1514 5496 1810 5543 extensum
1857 5492 1924 5543 ad
1968 5496 2147 5544 totam

458 5555 739 5611 ditionem
769 5560 853 5611 vel
884 5560 1237 5629 provinciam
1281 5561 1712 5631 signiﬁcandam
1744 5576 1757 5612 :
1790 5560 1921 5614 hinc
1952 5562 2146 5630 plures

1638 272 1947 350 ‘MILONIS
1986 294 2299 350 MONACHI
2339 295 2391 348 s.
2430 294 2700 348 AMANDI

3845 298 3937 349 95‘2

2173 429 2218 479 A
2247 425 2359 477 Nec
2390 424 2637 494 quivisse
2664 424 2939 494 aliquem,
2971 424 3056 476 vel
3090 439 3354 492 parvum,
3388 440 3620 478 sumere
3664 424 3933 489 fructum;

2244 514 2491 566 Paucula
2520 528 2699 582 grana
2728 513 2923 582 legens
2956 513 3281 566 coelestibus
3313 513 3524 567 indidit
3553 513 3798 567 horreis.

2316 641 2367 691 6.
2413 639 2487 691 Te
2538 653 2787 707 quoque,
2821 641 3012 690 sancte
3054 638 3239 703 Sator,
3282 637 3419 690 dum
3461 654 3570 691 nos
3609 638 3938 692 comitamur

3595 726 3874 797 [euntem,

2247 818 2427 885 Atque
2458 818 2619 867 tuum
2654 814 2952 884 sequimur
2980 815 3205 867 felicem
3235 815 3487 867 carmine
3516 831 3780 882 cursum,

2249 906 2515 973 Ignotum
2546 903 2857 955 transimus
2882 903 3012 969 iter,
3050 919 3313 956 sermone
3346 908 3629 968 meantes,

2249 993 2371 1056 Quo
2408 991 2600 1044 nullus
2632 992 2837 1043 missus
2864 991 3099 1045 milleno
3132 1008 3196 1044 ex
3228 992 3456 1061 agmine
3487 994 3691 1045 Jesum

2250 1079 2538 1133 Viviﬁcam
2567 1079 2706 1148 jecit
2735 1095 2907 1133 cornu
2939 1084 3210 1133 curvante
3238 1080 3525 1149 sagittam.

2251 1170 2376 1222 Non
2406 1171 2626 1235 Petrus,
2660 1168 2869 1221 Paulus
2899 1184 3085 1238 neque
3118 1168 3555 1221 seminiverbius
3585 1169 3752 1234 olim,

2252 1256 2490 1323 Propter
2513 1271 2655 1324 opus
2684 1254 2912 1306 solitum
2949 1255 3135 1307 veraci
3167 1271 3360 1307 errore
3393 1260 3647 1309 vocatus.

2252 1344 2427 1395 Nemo
2458 1342 2602 1395 alius
2635 1342 2836 1395 validis
2864 1358 3196 1412 quanquam
3229 1342 3480 1395 conﬁsus
3516 1343 3572 1395 in
3605 1345 3791 1397 armis

2252 1430 2481 1499 Cupidis
2514 1430 2781 1483 eximiam
2809 1430 3042 1498 jactavit
3072 1446 3312 1483 acumen
3346 1431 3403 1482 in
3436 1431 3619 1483 illam.

2251 1519 2545 1573 Servatum
2592 1517 2817 1570 tibimet
2852 1518 2947 1571 sed
2997 1518 3104 1570 hoc
3150 1521 3463 1583 certamen,
3495 1518 3791 1583 Amande,
3826 1524 3935 1572 est:

2252 1608 2490 1675 Quoque
2514 1607 2657 1676 jugo
2689 1606 2860 1674 Regis
2888 1606 3113 1674 regidos
3145 1622 3263 1659 non
3296 1606 3540 1659 subdere
3574 1606 3782 1675 quisti,

2184 1719 2224 1771 Β
2254 1694 2353 1746 Ille
2382 1709 2544 1745 amor
2575 1695 2693 1746 haec
2722 1692 2941 1757 tenuit;
2977 1692 3099 1745 hinc
3127 1692 3287 1745 duxit
3318 1693 3559 1745 honesta
3585 1695 3868 1746 voluntas.

2256 1782 2547 1845 Quatenus
2576 1781 2645 1834 ad
2681 1780 2987 1834 Dominum
3018 1781 3280 1849 perfusus
3312 1781 3465 1833 fonte
3492 1782 3729 1834 cruoris

2258 1870 2450 1923 Victus
2482 1874 2666 1922 morte
2704 1870 2955 1939 quidem,
2988 1869 3086 1921 sed
3121 1870 3297 1923 victor
3324 1886 3518 1922 amore
3546 1871 3797 1924 redires.

2257 1958 2450 2021 Qualis
2481 1958 2623 2010 forte
2653 1962 2815 2010 tuum
2849 1957 2988 2010 texit
3018 1958 3336 2010 constantia
3364 1958 3597 2027 pectus?

2259 2045 2453 2109 Qualis
2479 2050 2535 2098 et
2565 2045 2838 2098 invictum
2870 2045 3123 2098 retinens
3161 2046 3395 2099 audacia
3428 2047 3602 2099 robur

2262 2133 2412 2186 Fecit
2437 2132 2495 2186 in
2526 2134 2781 2203 ignotam
2812 2134 3107 2203 regionem
3140 2135 3375 2187 tendere
3407 2150 3674 2204 gressum
3694 2135 3725 2187 Τ

2264 2222 2341 2274 De
2372 2237 2483 2290 qua
2513 2237 2618 2291 pro
2650 2221 2814 2275 donis
2842 2222 3149 2275 veniebant
3177 2224 3416 2275 vulnera
3450 2224 3709 2289 Francis,

2263 2310 2379 2363 Rex
2410 2310 2619 2379 quibus
2648 2326 2942 2365 armorum
2974 2311 3160 2364 valido
3198 2311 3515 2364 munimine
3547 2317 3757 2380 septus

2259 2399 2439 2467 Terga
2471 2398 2643 2452 dabat
2675 2398 2899 2467 fugiens
2934 2400 3145 2452 Franco
3178 2400 3482 2451 comitante
3512 2399 3736 2461 feroce,

2262 2486 2344 2538 Tu
2373 2486 2522 2538 socio
2552 2486 2675 2538 sine
2708 2488 2732 2527 ῐ)
2769 2487 2966 2539 marka
2996 2496 3015 2520 °
3045 2486 3342 2556 clusasque
3373 2487 3595 2540 ruebas.

2264 2574 2371 2627 Sed
2394 2574 2535 2626 mihi
2568 2590 2752 2643 parce,
2780 2590 3001 2642 precor,
3038 2574 3191 2643 quod
3220 2575 3475 2627 servulus
3506 2574 3697 2627 audeo
3724 2575 3939 2645 supplex

2262 2662 2607 2732 Suppliciter
2636 2667 2821 2715 tecum
2855 2663 3155 2732 querulam
3188 2664 3447 2716 conferre
3482 2664 3804 2732 loquelam.

2264 2754 2340 2804 Ac
2372 2751 2557 2803 votiva
2588 2751 2671 2803 tui
2703 2751 2887 2804 devoti
2920 2751 3127 2804 sumito
3163 2756 3311 2816 vota,

2265 2839 2400 2892 Inde
2434 2839 2742 2908 palatinam
2774 2840 2908 2908 quia
2940 2855 3092 2891 nunc
3125 2839 3404 2891 intramus
3434 2838 3495 2891 in
3526 2838 3752 2904 aulam,

2267 2928 2524 2997 Respice,
2554 2928 2777 2994 Sancte,
2819 2943 3020 2997 precor
3051 2944 3142 2980 me
3186 2943 3338 2980 nunc
3369 2927 3678 2979 miseratus
3711 2932 3937 2980 euntem.

2196 2993 2235 3046 Ο
2271 3016 2458 3086 Dirige
2487 3020 2546 3067 tu
2580 3016 2883 3081 calamum,
2917 3031 2987 3068 ne
3018 3020 3247 3085 promat
3278 3015 3496 3080 inania,
3530 3021 3823 3079 nostrum,

2267 3106 2364 3167 Ne,
2400 3105 2534 3157 dum
2570 3104 2676 3157 rite
2707 3110 2837 3157 tuos
2864 3105 3128 3174 cupimus
3158 3120 3391 3157 narrare
3418 3104 3772 3173 triumphos,

2267 3191 2492 3246 Offensa
2518 3192 2768 3245 inveniat
2796 3194 3006 3262 regalis
3039 3194 3197 3263 virga
3227 3193 3529 3255 locellum;

2270 3284 2386 3335 Huc
2417 3281 2667 3333 fraterna
2696 3282 2896 3334 cohors
2936 3282 3199 3350 precibus
3228 3297 3501 3335 concurre
3532 3282 3790 3334 canenti.

2338 3425 2389 3474 7.
2427 3422 2543 3474 Rex
2574 3422 2920 3491 Dagobcrtus
2952 3426 3091 3489 erat,
3130 3423 3496 3485 Francorum,
3536 3426 3591 3473 et
3626 3421 3766 3489 jura
3808 3426 3942 3473 tene-

2266 3508 2371 3562 Sed
2399 3509 2649 3562 tumidus
2682 3510 2864 3579 rigida
2900 3512 3145 3580 populos
3179 3510 3398 3562 ditione
3430 3508 3755 3577 premebat,
3800 3510 3939 3578 [batz

2268 3596 2489 3665 Quique
2522 3598 2812 3666 potestatis
2842 3598 3172 3667 praecellens
3193 3596 3445 3650 culmine
3475 3602 3737 3659 cunctos,

2268 3684 2374 3747 Qui
2406 3689 2536 3737 ante
2568 3686 2754 3754 ipsum
2788 3689 3072 3755 sceptrum
3106 3689 3337 3755 gentem
3370 3690 3603 3737 tenuere
3640 3701 3748 3753 per
3776 3686 3937 3745 illam;

2268 3772 2628 3841 Principibus
2659 3772 2856 3838 durus,
2889 3773 3040 3825 vitiis
3071 3774 3358 3842 subjectus
3386 3774 3677 3837 alumnus,

2265 3860 2527 3929 Turpiter
2557 3859 2799 3912 obsceno
2826 3860 2961 3912 luxu
2992 3862 3308 3913 maculatus
3342 3860 3551 3929 ubique

2269 3948 2526 3999 Infusum
2557 3948 2788 4000 Veneris
2820 3948 3084 4018 portabat
3113 3948 3171 4001 in
3203 3949 3425 4001 ossibus
3458 3949 3672 4017 ignem.

2269 4036 2347 4088 Ne
2374 4040 2565 4088 tamen
2598 4036 2659 4087 in
2692 4051 2871 4088 messe
2904 4037 3007 4088 hac
3038 4036 3214 4105 spina:
3241 4037 3602 4106 compunctio
3633 4042 3845 4107 surgat,

2266 4126 2345 4176 Ac
2373 4129 2621 4192 coeptum
2654 4124 2919 4193 deturpet
2950 4140 3112 4193 opus,
3156 4125 3435 4177 caussatio
3471 4130 3673 4188 cesset,

2270 4212 2391 4264 Non
2424 4212 2553 4263 tulit
2580 4211 2685 4264 hos
2713 4211 3042 4281 similesque
3078 4213 3279 4265 modos
3307 4214 3627 4266 constantia
3663 4213 3840 4266 nostri

2197 4300 2237 4351 D
2267 4298 2574 4364 Pontiﬁcis,
2612 4299 2915 4369 querulam
2943 4300 3036 4353 sed
3074 4301 3352 4369 prompsit
3384 4306 3535 4353 mota
3564 4301 3874 4371 loquelam;

2269 4392 2379 4444 Nec
2406 4389 2597 4442 timuit
2626 4388 2876 4441 renitens
2905 4388 3039 4441 saevi
3074 4389 3365 4441 mucronis
3394 4404 3663 4453 acumen;

2265 4480 2326 4531 In
2359 4476 2553 4530 multis
2580 4475 2775 4528 didi‘cit
2804 4475 2939 4544 quia
2971 4475 3153 4527 victor
3178 4476 3355 4528 ﬁdere
3388 4476 3579 4539 bellis;

2266 4566 2376 4617 Nec
2404 4562 2655 4633 pavitare
2684 4562 2870 4615 ferum
2901 4567 3128 4615 terreno
3161 4562 3221 4615 in
3254 4563 3403 4631 Rege
3435 4562 3706 4624 furorem,

2265 4652 2444 4715 Quem
2475 4650 2563 4703 his
2596 4665 2930 4719 aggressum
2963 4649 3183 4701 studuit
3214 4650 3441 4718 pulsare
3472 4648 3707 4717 loquelis
3742 4662 3757 4699 :

2263 4739 2487 4793 Scilicet
2511 4737 2713 4791 aeterni
2752 4736 2797 4789 si
2830 4736 3033 4790 limina
3064 4741 3300 4806 tangere
3335 4736 3498 4804 regni

2263 4827 2517 4891 Curaret,
2553 4824 2790 4878 meliora
2821 4841 2937 4877 suae
2966 4824 3304 4877 commercia
3340 4823 3469 4875 vitae

2262 4913 2511 4968 Crimine
2540 4916 2760 4964 semoto
2791 4911 2996 4975 facere,
3030 4926 3101 4962 ne
3133 4910 3278 4963 forte
3311 4910 3573 4979 repulsus

2259 4998 2321 5050 In
2352 4999 2520 5051 chaos
2554 4998 2763 5050 inferni
2796 4999 3073 5050 scelerum
3118 5002 3403 5050 tormenta
3434 4996 3661 5049 subiret.

2260 5086 2322 5137 Et
2353 5085 2488 5155 quia
2518 5091 2651 5137 sunt
2682 5085 2901 5138 stimuli
2926 5086 3213 5154 justorum
3248 5084 3417 5137 verba
3447 5081 3726 5151 malignis,

2258 5207 2481 5269 Markae,
2536 5223 2637 5261 seu
2688 5208 2885 5260 Marcee
2920 5206 2980 5260 in
3022 5206 3325 5261 Germania
3373 5210 3428 5258 et
3467 5205 3659 5267 Italia;
3699 5206 3751 5255 et
3792 5201 3917 5253 Prav-

2256 5279 2385 5331 fccti
2420 5278 2701 5331 limitanei
2732 5278 2959 5331 Markisi
2991 5284 3047 5349 et
3076 5278 3419 5330 Marchiones
3452 5276 3607 5329 dicti.
3745 5342 3753 5349 _

2326 5351 2544 5403 °Clusaz
2601 5354 2732 5401 sunt
2789 5348 3065 5416 angustia:
3126 5350 3407 5411 adituum,
3471 5362 3597 5415 quas
3639 5348 3916 5416 regionem

2256 5420 2537 5489 aperiunt'
2558 5425 2615 5472 et
2652 5412 2947 5471 claudunt.
2998 5420 3161 5487 Apud
3209 5412 3687 5489 Eginhard'umhiu
3728 5412 3914 5489 Annal.

2255 5481 2323 5543 ad
2358 5506 2447 5542 an.
2484 5493 2626 5562 817A:
2661 5490 2971 5542 Bernardus
3000 5481 3097 5541 rea:
3121 5481 3300 5562 Itac'ia:
3332 5487 3727 5562 omnesuduus,
3850 5486 3916 5531 cst

2252 5562 2457 5625 clusas,
2492 5560 2687 5628 quibus
2719 5562 2777 5613 in
2808 5562 3029 5616 Italiam
3060 5560 3267 5623 aditur,
3294 5558 3571 5626 praesidiis
3591 5556 3843 5625 ﬁrmavit.
