4078 6180
249 253 352 304 953
1422 251 1512 305 DE
1553 249 1720 304 VITA
1759 252 1813 305 S.
1854 286 1863 303 ε

2092 249 2145 303 >1.
2170 279 2236 287 —
2261 249 2390 304 LIB.
2434 249 2530 303 IlI.
3643 250 3742 302 954

250 386 372 439 Mox
401 389 469 439 ut
499 384 650 438 dicta
677 385 872 438 furens
899 385 1132 438 arrectis
1163 383 1398 438 auribus
1427 385 1634 451 hausit,

249 475 382 528 Jure
415 473 586 528 licere
618 473 723 526 sibi
756 474 1011 542 cupiens,
1049 473 1330 544 quidquid
1359 474 1635 539 libuisset,

253 562 518 615 Derisum
549 562 798 632 graviter
826 563 1128 614 Doctorem
1153 561 1308 629 justa
1340 567 1673 614 monentem

254 649 504 719 Repulit,
532 635 601 702 'ac
629 649 731 702 tali
760 650 1012 702 viduavit
1041 649 1267 718 hospite
1298 665 1560 719 regnum.

254 737 476 807 Quique
507 738 768 808 repulsus
789 737 928 803 abit,
964 737 1271 791 Dominum
1299 754 1529 808 quoque
1563 738 1835 791 Gentibus
1867 737 1951 790 in-

1797 826 1944 896 [fert.

923 931 1147 986 CAPUT
1188 933 1282 986 ΙΙΙ.

254 1055 484 1109 Reditus
517 1057 574 1110 S.
615 1057 858 1110 Amandi
887 1059 954 1111 ab
985 1059 1199 1112 exsilio.
1228 1060 1537 1126 Baptismus
1569 1058 1625 1112 S.
1661 1057 1944 1126 Sigcbcrtt'.

323 1182 374 1231 8.
418 1180 485 1232 Et
510 1195 840 1249 quanquam
875 1181 1144 1250 Princeps
1177 1181 1354 1250 regali
1385 1198 1416 1233 a
1451 1182 1668 1234 semine
1695 1183 1871 1251 jactet

255 1269 318 1320 ln
347 1267 556 1332 triviis,
583 1272 775 1320 tamen
807 1268 937 1320 huic
968 1269 1140 1338 prolis
1173 1285 1286 1321 non
1319 1269 1500 1338 surgit
1530 1270 1730 1335 arista;

256 1355 322 1408 Ni
354 1355 588 1408 veniant
619 1356 764 1407 sicco
798 1355 962 1409 stillae
990 1357 1060 1409 de
1093 1356 1340 1410 nubibus
1370 1373 1521 1411 arvo.

251 1443 415 1508 Quod
443 1448 636 1496 tamen
671 1448 732 1495 ut
752 1445 984 1498 tandem
1018 1446 1206 1514 potuit
1237 1462 1602 1514 cognoscere,
1634 1449 1872 1518 supplex

249 1530 547 1584 Auxilium
582 1531 801 1600 superis
834 1549 866 1584 a
897 1532 1122 1585 sedibus
1157 1534 1390 1600 expetit,
1425 1551 1593 1586 orans

256 1617 321 1669 Ut
350 1616 462 1670 sibi
492 1623 775 1684 nascatur,
811 1634 925 1688 quo
956 1623 1082 1687 post
1115 1635 1216 1672 sua
1250 1626 1471 1690 sceptra
1501 1626 1790 1689 regantur.

254 1705 437 1757 Dante
470 1706 584 1758 Deo
617 1707 846 1781 meruit,
878 1707 1029 1776 quod
1062 1723 1222 1759 mens
1253 1709 1452 1762 devota
1484 1709 1701 1778 petivit.

250 1793 500 1846 Nuntius
536 1800 597 1847 ut
625 1795 880 1864 gaudens
914 1795 1200 1864 regalibus
1233 1796 1428 1850 intulit
1458 1797 1625 1865 aulis,

253 1879 416 1944 Quod
446 1897 596 1953 puer
624 1884 692 1936 ad
725 1883 913 1936 lucem
945 1890 1203 1936 materna
1233 1885 1450 1952 prodiit
1482 1886 1638 1950 alvo;

251 1971 548 2024 Laudibus
576 1975 630 2023 et
658 1971 806 2025 votis
839 1978 1129 2025 auctorem
1165 1974 1337 2042 prolis
1368 1974 1589 2026 adorat.

252 2057 356 2110 Illa
386 2063 578 2111 tamen
609 2064 861 2112 mentem
894 2060 1085 2113 laetam
1120 2061 1402 2114 cunctatio
1431 2063 1642 2127 adurit,

251 2146 467 2200 Debeat
496 2147 558 2199 in
588 2152 782 2200 sancto
815 2149 912 2217 qui
943 2147 1100 2202 fonte
1135 2150 1318 2202 levare
1349 2151 1626 2219 puellum.

253 2235 323 2287 Ut
356 2235 501 2287 redit
531 2235 602 2288 ad
637 2240 817 2289 semet
844 2237 1064 2306 captiva
1094 2237 1376 2290 memoria
1402 2238 1589 2307 Regis.

249 2323 579 2376 Discursare
605 2323 772 2392 jubet
801 2325 1010 2377 celeres
1041 2341 1144 2393 per
1174 2341 1348 2394 regna
1383 2326 1675 2379 ministros
1710 2343 1721 2380 :

248 2416 329 2465 Ac
359 2413 632 2465 Sanctum
665 2417 868 2465 merito
902 2413 1104 2466 adduci
1137 2413 1443 2467 demandat
1471 2415 1710 2469 honore.

248 2500 359 2563 Qui
391 2499 621 2553 tandem
647 2499 934 2566 inventus,
970 2501 1335 2570 monitusque
1368 2502 1577 2570 palatia
1606 2503 1784 2570 adire,

247 2587 421 2656 Regis
447 2588 570 2656 jam
597 2588 730 2640 dicti
762 2604 882 2641 sese
913 2589 1312 2658 conspectibus
1339 2589 1529 2656 infert,

250 2676 478 2745 Quique
508 2679 572 2728 ut
603 2675 796 2728 adesse
827 2675 1014 2728 virum
1039 2677 1242 2743 cernit,
1274 2693 1407 2730 mox
1438 2679 1626 2732 desilit
1655 2679 1769 2733 alto

254 2766 294 2818 E
325 2764 491 2829 solio,
525 2764 876 2834 rutilumque
906 2769 1077 2832 caput
1107 2765 1428 2819 diademate
1458 2772 1644 2830 terrae,

252 2854 453 2907 Stabat
481 2853 624 2906 forte
655 2854 740 2906 Pii
773 2870 887 2923 qua
915 2870 1016 2922 pes
1047 2859 1180 2907 tunc
1210 2855 1443 2923 pacifer,
1480 2861 1690 2926 zequat,

253 2943 556 2996 lnﬂectens
585 2941 836 3010 rigidum
867 2948 1062 2995 sancta
1087 2944 1156 2994 ad
1191 2943 1425 3013 vestigia
1452 2946 1693 3010 collum;

251 3032 516 3098 Purpura
547 3027 831 3098 pulvereis
863 3031 1244 3097 prosternitur
1274 3031 1404 3084 inde
1433 3032 1658 3095 favillis,

253 3119 613 3188 Linguaque,
648 3135 773 3188 quae
809 3118 978 3170 variis
1011 3119 1259 3172 dictabat
1283 3120 1415 3189 jura
1446 3121 1764 3189 phalangis.

249 3206 463 3270 Poscit,
495 3212 559 3259 ut
590 3206 847 3276 ignoscat
877 3206 1060 3259 scelus
1090 3207 1450 3276 indulgentia
1481 3213 1692 3260 sancta.

249 3297 322 3347 At
355 3293 510 3346 mitis
538 3294 745 3359 fuerat,
769 3294 861 3347 cui
891 3295 1055 3348 dulce
1088 3295 1383 3365 ignoscere
1414 3296 1644 3365 probra,

253 3383 407 3436 Felle
439 3397 658 3446 carens,
696 3383 910 3451 placide
937 3383 1154 3452 jugiter
1187 3383 1488 3438 dulcedine
1523 3385 1766 3450 fervens,

252 3471 439 3540 Ocyus
471 3486 502 3522 a
527 3476 680 3524 terra
701 3477 1078 3540 prostratrum
1113 3471 1169 3524 in
1201 3474 1434 3541 pulvere
1467 3474 1679 3543 Regem

249 3561 467 3624 Elevat,
502 3565 560 3613 et
589 3560 753 3612 citius
789 3560 1092 3612 commissa
1123 3561 1308 3630 piacla
1339 3563 1570 3614 relaxat.

325 3650 378 3700 9.
415 3647 860 3717 Alloquiturque
891 3646 1098 3700 dehinc
1137 3647 1238 3701 hos
1269 3648 1538 3718 Princeps
1569 3650 1779 3703 famine
1808 3651 1947 3705 San-

1723 3739 1896 3808 [ctum
1935 3755 1948 3793 :

257 3823 523 3886 Pmnitet,
557 3822 727 3888 alme,
762 3825 942 3890 tuam,
975 3824 1206 3889 Doctor,
1233 3825 1512 3894 sprevisse
1541 3827 1826 3895 loquelam
1863 3843 1875 3880 :

260 3912 555 3981 Displicet,
598 3917 768 3982 atque
805 3928 934 3966 meo
1000 3914 1153 3983 quod
1194 3915 1357 3982 jussu
1403 3914 1614 3983 injuria
1661 3915 1807 3969 facta
1846 3921 1946 3970 est.

258 4000 366 4054 Sed
401 4016 554 4053 nunc
584 4001 700 4066 illa,
733 4017 948 4070 precor,
983 4001 1207 4070 pietatis
1238 4002 1454 4055 viscera
1483 4004 1688 4057 cedant
1721 4020 1734 4058 :

259 4091 359 4142 Est
392 4105 643 4158 quoque,
673 4089 840 4142 dante
869 4090 1002 4156 Deo,
1033 4090 1323 4144 immerito
1353 4091 1498 4145 mihi
1529 4093 1679 4146 filius
1709 4109 1881 4160 unus,

257 4178 440 4241 Quem
473 4182 572 4230 tua
602 4182 891 4229 consecret
922 4182 1114 4231 sancta
1147 4183 1208 4230 ut
1236 4178 1576 4243 benedictio,
1608 4197 1804 4250 posco;

257 4266 493 4318 Viviiico
527 4282 588 4318 ac
619 4265 824 4319 Christi
856 4265 1110 4335 digneris
1136 4266 1294 4320 fonte
1329 4283 1556 4336 novare,

255 4355 444 4423 thue
475 4353 638 4406 illum
669 4354 871 4407 doceas
905 4355 1097 4407 divina
1126 4355 1250 4425 lege
1281 4355 1562 4424 Magister.

251 4444 454 4511 Tuque
485 4443 651 4494 Pater
678 4442 843 4510 pueri
873 4441 1078 4495 merito
1110 4443 1297 4496 dicare
1329 4444 1631 4509 secundus,

253 4533 400 4584 Dum
438 4529 626 4599 gignis
657 4530 911 4584 sobolem
944 4532 1217 4600 praeclaro
1245 4533 1473 4602 gemine
1503 4533 1694 4588 fontis.

249 4618 363 4672 Sed
397 4617 589 4685 Sacer,
619 4617 708 4670 his
740 4618 903 4671 dictis
934 4635 1159 4672 summo
1191 4621 1490 4674 conamine
1525 4621 1662 4674 fusis

249 4706 472 4772 Obstat,
506 4721 962 4758 commemorans
997 4706 1104 4760 sibi
1145 4707 1370 4776 jussum
1416 4714 1480 4762 ut
1527 4709 1747 4762 semina
1789 4709 1945 4762 verbi

250 4793 583 4863 Spargeret,
617 4798 673 4845 et
703 4797 904 4862 gentes
935 4794 1294 4862 baptismatis
1320 4813 1488 4850 amne
1517 4801 1785 4863 sacraret,

247 4881 374 4934 Non
407 4881 512 4933 uni
543 4885 766 4933 tantum
797 4883 892 4935 sed
928 4883 1122 4935 multis
1151 4883 1324 4936 affore
1356 4885 1612 4939 missum.

253 4968 578 5038 Egreditur,
613 4974 872 5022 remanet
901 4975 1113 5022 cassata
1143 4970 1340 5040 petitio
1373 4973 1561 5042 Regis.

245 5057 396 5120 Quia
425 5073 542 5109 non
572 5057 752 5110 valuit
780 5062 1141 5126 contemptus
1169 5058 1303 5127 jura
1331 5061 1557 5128 mereri,

243 5145 503 5199 Credidit
531 5161 563 5198 a
595 5145 815 5214 proprii
847 5146 1040 5199 lateris
1072 5147 1402 5200 custodibus
1429 5148 1616 5218 ipsum

246 5233 646 5299 Flectendum,
677 5233 835 5287 misit
864 5234 1084 5288 socialis
1110 5236 1322 5289 amoris
1352 5236 1581 5300 amicos,

318 5371 341 5398 a
382 5357 582 5423 Pipare
611 5356 899 5426 praecipue
933 5357 1001 5410 de
1029 5357 1256 5427 gallinis
1287 5359 1514 5412 dicitur.

243 5429 344 5550 Sb
382 5428 868 5549 Lmqﬁurelianis,
904 5433 966 5481 ut
1009 5429 1224 5482 dictum
1265 5446 1440 5499 supra
1481 5436 1536 5483 et
1577 5432 1646 5484 ad
1677 5432 1856 5486 Vitam
1888 5433 1939 5485 S.

287 5513 379 5566 ige
424 5511 486 5548 er
512 5512 550 5548 1.

1981 387 2027 440 A
2057 387 2236 439 Unam
2269 385 2520 438 animam
2571 385 2800 456 gemino
2831 384 2936 438 sub
2983 389 3214 455 pectore
3243 388 3310 438 ut
3340 399 3460 438 esse
3491 387 3742 454 putares,

2058 475 2350 527 Dadonem
2381 475 2544 527 illum
2581 474 2755 544 Eligio
2789 474 3098 527 comitante
3127 473 3413 541 benigno;

2058 564 2119 615 In
2151 563 2335 614 laicali
2362 563 2561 615 habitu
2588 579 2729 632 quos
2752 562 3026 632 Principis
3051 563 3181 614 aula
3210 561 3458 615 tenebat.

2059 652 2164 706 Sed
2197 656 2322 720 post
2357 651 2459 704 sub
2487 651 2724 720 pedibus
2759 655 3075 703 sternenles
3109 651 3273 702 labile
3308 649 3543 702 seclum.

2062 740 2330 793 Ecclesias
2355 739 2613 805 geminas
2646 739 2875 792 stabiles
2907 744 3093 791 texere
3125 740 3424 792 columnae.

2061 829 2279 881 lnditus
2309 827 2403 881 ille
2437 828 2614 898 prior,
2647 827 2750 880 sub
2782 827 2943 895 cujus
2971 825 3305 895 pontiﬁcatu

2061 915 2276 968 Floruit
2309 915 2366 966 in
2396 914 2576 966 titulis
2605 914 2956 981 Rotomagus
2985 913 3133 965 celsa
3166 912 3345 965 beatis
3379 928 3392 965 :

2059 1003 2302 1073 Compar
2333 1008 2390 1054 et
2417 1003 2631 1072 Eligius
2663 1001 2856 1055 divino
2891 1017 3129 1053 munere
3158 989 3355 1067 lectus,

2059 1093 2177 1155 Quo
2211 1091 2519 1146 Noviomus
2554 1093 2613 1142 ut
2643 1091 2778 1142 urbs
2808 1089 3028 1142 vivente
3060 1089 3323 1141 Antistite
3357 1088 3536 1155 fulsit,

2058 1181 2145 1234 Sic
2178 1181 2348 1232 micat
2379 1186 2435 1232 et
2465 1180 2687 1232 tumulo
2721 1177 2915 1230 multis
2946 1178 3252 1230 virtutibus
3283 1181 3465 1229 aucto.

2057 1269 2220 1322 Salva
2249 1268 2362 1320 lida
2391 1268 2551 1328 ﬁdes,
2587 1267 2718 1320 felix
2761 1266 3066 1319 concordia
3097 1269 3282 1327 aveto,

2060 1356 2361 1410 Pontiﬁces
2393 1355 2570 1408 sancti
2604 1355 2938 1406 meritorum
2971 1355 3096 1406 luce
3130 1352 3369 1416 corusci,

2059 1445 2180 1497 Non
2211 1443 2349 1495 mihi
2380 1447 2496 1494 tam
2527 1442 2716 1494 tenuis
2745 1442 2812 1494 de
2845 1441 3002 1492 vobis
3033 1457 3219 1492 sermo
3254 1443 3488 1500 mearet,

2059 1531 2123 1584 Ni
2154 1547 2248 1581 vos
2281 1529 2616 1598 conspicuos
2649 1527 2852 1580 scirem
2885 1526 3132 1579 nutrisse
3159 1530 3381 1595 poetas,

2056 1619 2161 1682 Qui
2195 1623 2433 1687 possunt
2472 1617 2716 1669 trimoda
2740 1615 2899 1669 vobis
2929 1625 2953 1648 δ
2982 1615 3181 1684 pipare
3215 1616 3506 1667 Cammna.

2057 1708 2254 1759 Nobile
2285 1711 2339 1759 et
2369 1705 2584 1758 auratis
2611 1720 2840 1757 carmen
2866 1709 3093 1756 cantare
3125 1702 3344 1755 cicutis.

2054 1797 2160 1847 Vos
2188 1801 2379 1848 tamen
2412 1811 2444 1846 o
2476 1799 2703 1847 nostros
2729 1793 2974 1863 petimus
3003 1793 3248 1844 revelate
3277 1790 3516 1855 labores,

2055 1885 2121 1936 Et
2151 1889 2398 1953 coeptum
2428 1887 2648 1952 repetat
2674 1883 2796 1952 jam
2832 1880 3043 1950 linguas
3072 1880 3296 1949 guttula
3329 1894 3577 1931 cursum.

2130 1975 2208 2025 lO.
2250 1973 2391 2041 Ergo
2426 1986 2620 2042 preces
2654 1971 2810 2022 missi
2842 1970 3044 2022 devoto
3078 1973 3307 2038 pectore
3336 1968 3605 2032 fundunt,

2055 2061 2330 2130 Principis
2359 2065 2420 2113 ut
2450 2060 2704 2112 sobolem
2734 2062 2952 2111 sacrato
2987 2058 3181 2110 deluat
3211 2073 3399 2123 amne,

2056 2137 2270 2203 Educet
2299 2154 2473 2217 atque
2506 2149 2670 2200 illum
2701 2162 2804 2216 per
2835 2146 3011 2199 libros
3045 2162 3167 2199 rore
3200 2144 3511 2214 nigrantes.

2056 2239 2165 2302 Qui
2194 2239 2241 2292 si
2272 2238 2418 2291 forte
2449 2253 2644 2306 preces
2677 2253 2790 2289 non
2825 2235 3101 2305 Principis
3132 2236 3348 2288 abnuat
3379 2233 3532 2286 istas.

2058 2328 2235 2396 Hujus
2263 2326 2529 2379 amicitiae
2559 2325 2776 2378 tribuat
2802 2323 3128 2393 conjunctio
3157 2325 3401 2376 multum
3439 2339 3451 2375 :

2055 2415 2290 2467 Errante
2321 2415 2383 2467 in
2414 2415 2632 2482 populo
2667 2418 2729 2465 ut
2757 2413 2923 2465 liceat
2955 2417 3295 2481 conquirere
3327 2411 3572 2476 lucrum,

2056 2503 2329 2558 Gentibus
2360 2507 2415 2555 et
2447 2501 2643 2555 multis
2675 2501 2930 2554 divinum
2963 2515 3231 2569 spargere
3263 2498 3524 2552 verbum.

2054 2591 2301 2644 Assentit
2332 2590 2566 2644 tandem
2594 2591 2898 2642 charorum
2926 2588 3140 2641 famine
3170 2588 3349 2640 victus
3382 2603 3393 2639 :

2058 2680 2236 2732 Intrat
2265 2684 2322 2732 et
2352 2678 2561 2731 invitus
2594 2678 2922 2746 praecelsam
2956 2676 3124 2745 Regis
3153 2676 3211 2728 in
3245 2675 3450 2739 aedem,

2054 2770 2079 2809 ι)
2113 2767 2377 2836 Clypiaco
2411 2766 2509 2836 qui
2546 2767 2641 2818 illo
2677 2765 2965 2818 residebat
2995 2770 3255 2833 tempore
3287 2763 3442 2816 villa.

2056 2856 2306 2909 Offertur
2337 2870 2481 2922 puer
2509 2855 2641 2906 huic
2672 2853 2874 2905 alienis
2902 2857 3092 2904 vectus
3124 2852 3182 2905 in
3217 2851 3368 2903 ulnis

1985 2963 2025 3016 ρ
2059 2945 2178 3007 Ille,
2213 2948 2414 3016 quater
2443 2942 2590 2994 deuo
2621 2941 2710 2993 cui
2745 2943 2824 2993 sol
2850 2942 2970 3010 jam
3002 2938 3237 2992 fulserat
3268 2945 3418 2991 ortu.

2057 3033 2236 3095 Quem
2273 3030 2535 3082 manibus
2569 3029 2740 3081 sacris
2769 3034 2828 3080 ut
2860 3029 3103 3096 sumpsit
3139 3027 3444 3097 Episcopus
3475 3027 3676 3087 almus,

2060 3122 2123 3173 Et
2154 3121 2276 3172 fusa
2307 3124 2390 3172 est
2418 3124 2692 3188 praestans
2726 3118 2908 3170 oratio
2942 3132 3098 3169 more
3129 3121 3321 3179 sueto;

2056 3213 2127 3263 At
2159 3209 2528 3277 consignatus
2556 3205 2979 3259 catechumenis
3021 3203 3234 3256 exstitit
3264 3203 3472 3266 infans,

2059 3300 2122 3351 Et
2155 3296 2335 3366 precis
2363 3297 2423 3348 in
2455 3296 2627 3349 tinem
2662 3296 2848 3346 nullus
2881 3308 3148 3362 responsa
3180 3291 3437 3343 referret.

2059 3388 2182 3440 Non
2212 3385 2444 3438 confusa
2474 3400 2684 3436 sonans
2716 3383 2876 3436 alliso
2907 3381 3080 3435 verba
3107 3381 3298 3450 palato
3324 3395 3337 3444 ;

2055 3474 2163 3528 Sed
2195 3473 2360 3527 labiis
2391 3478 2448 3526 et
2477 3474 2626 3526 clara
2659 3488 2794 3525 voce
2824 3471 3054 3524 boando

2058 3563 2320 3617 Insonuit
2347 3562 2575 3631 populis
2608 3559 2947 3613 mirantibus
2982 3573 3152 3628 ocyus
3179 3573 3190 3610 ε
3229 3559 3426 3608 Amen.

2058 3651 2192 3704 inde
2222 3651 2498 3703 salutiferi
2529 3649 2883 3718 baptismatis
2916 3663 3083 3699 amne
3115 3649 3377 3706 novatus,

2060 3739 2313 3796 Viviﬁcis
2341 3739 2539 3792 retulit
2569 3737 2837 3807 Sigiberti
2867 3751 3081 3788 nomen
3113 3736 3181 3787 ab
3215 3732 3407 3796 undis,

2060 3831 2138 3882 Ac
2166 3833 2294 3898 post
2321 3827 2637 3880 Austrasias
2667 3825 2888 3878 domuit
2918 3824 3138 3876 ditione
3171 3827 3441 3874 catervas.

2137 3919 2218 3969 ll.
2262 3916 2361 3969 Hic
2391 3929 2638 3976 mecum,
2689 3914 2902 3978 Lector,
2943 3912 3174 3964 laudum
3219 3923 3492 3962 concurre
3541 3906 3745 3970 relatu,

2065 4006 2244 4059 Dicito
2274 4003 2555 4058 sermonis
2588 4003 2631 4055 si
2666 4003 2792 4055 fons
2826 4001 2929 4054 tibi
2961 4001 3150 4069 largus
3181 3997 3456 4061 abundat,

2063 4095 2132 4147 Et
2160 4093 2334 4163 guttis
2363 4092 2572 4162 pluvias
2606 4108 2662 4143 se
2696 4091 2906 4160 linguae
2933 4091 3227 4159 comparat
3256 4087 3461 4141 imber.

2062 4183 2198 4246 Quis
2232 4181 2420 4236 docuit
2452 4197 2716 4251 puerum,
2752 4179 2849 4249 qui
2881 4194 3076 4231 sensus
3106 4193 3297 4246 quaeso
3328 4173 3504 4226 suasit

1991 4240 2032 4292 Β
2058 4271 2329 4324 Hebraico
2362 4269 2552 4322 sonitu
2583 4268 2811 4339 ignotos
2844 4267 3098 4336 proferre
3133 4274 3152 4297 ε
3183 4264 3445 4317 fritillos‘?

2058 4359 2193 4422 Quis
2224 4359 2554 4428 pedagogus
2584 4373 2714 4410 eum
2745 4356 2849 4408 hac
2873 4353 3045 4423 jussit
3075 4369 3207 4405 voce
3240 4352 3429 4412 boare,

2055 4446 2233 4508 Quem
2265 4445 2485 4514 vagitus
2515 4445 2699 4498 adhuc
2723 4443 2926 4513 puerili
2967 4446 3130 4495 aetate
3152 4439 3416 4493 tenebat?

2057 4533 2268 4585 Enarra
2298 4533 2462 4600 mihi,
2495 4549 2718 4602 quaeso;
2751 4532 2908 4585 dedit
2939 4547 3067 4599 quin
3099 4529 3290 4582 schola
3315 4527 3572 4596 loquelas

2056 4621 2325 4691 lgnaras?
2356 4620 2523 4673 docili
2559 4636 2672 4688 quo
2705 4620 2901 4671 floruit
2930 4619 3026 4672 ille
3059 4618 3359 4689 magistro!

2055 4708 2274 4762 Scutica
2299 4723 2412 4760 non
2446 4713 2673 4760 teneros
2705 4722 2959 4777 unquam
2994 4707 3107 4758 ulla
3141 4705 3358 4758 lacessit
3390 4710 3568 4769 artus,

2059 4799 2170 4850 Nec
2201 4796 2440 4865 graciles
2471 4795 2636 4864 digiti
2662 4811 2894 4864 parvam
2927 4799 3163 4847 tenuere
3196 4793 3466 4846 rebellam
3501 4807 3512 4843 :

2055 4887 2120 4938 Et
2144 4887 2260 4955 jam
2289 4883 2699 4954 grandiloquos
2730 4888 2960 4953 superat
2986 4885 3204 4936 ratione
3230 4880 3530 4950 sophistas.

2054 4974 2298 5027 Vocibus
2330 4972 2580 5026 externis
2609 4972 2888 5042 loquitur,
2924 4972 3255 5040 spernitque
3294 4969 3537 5022 Latinas.

2051 5064 2092 5114 A
2123 5067 2327 5115 natura
2357 5061 2539 5114 docet.
2577 5063 2699 5114 Men
2732 5077 2859 5132 qua:
2888 5061 3173 5129 suggestio
3199 5058 3386 5111 fundit
3399 5059 3423 5108 ‘1

2054 5149 2166 5202 Hoc
2192 5153 2403 5214 musto,
2429 5166 2461 5201 o
2493 5149 2690 5202 Judaaa
2720 5151 2904 5202 solens
2930 5164 3142 5210 errare,
3168 5146 3427 5199 calebant

2052 5237 2157 5300 Qui
2191 5242 2424 5290 cunctas
2451 5238 2699 5291 didicere
2731 5237 2884 5291 brevi
2916 5236 3021 5288 sub
3064 5240 3324 5304 tempore
3353 5235 3598 5303 linguas,

2123 5371 2143 5395 θ
2171 5363 2416 5441 Fritillus
2451 5363 2646 5415 tabula
2672 5365 2757 5413 est
2787 5359 3020 5413 lusoria.
3065 5360 3162 5413 Hic
3201 5360 3426 5414 videtur
3467 5359 3595 5413 Milo
3637 5374 3742 5428 pro

2051 5448 2191 5485 sono
2217 5448 2492 5501 acelpere.
