4048 6170
338 288 440 340 955

339 418 455 480 Hic,
493 418 857 489 etymologia,
889 422 1021 471 tuus
1047 417 1417 472 confunditur
1446 420 1606 488 ordo,

340 507 535 560 Infans
561 508 695 561 dum
730 505 899 571 fatur,
934 522 1144 559 nomen
1177 505 1282 560 tibi
1312 507 1533 561 tollitur
1562 507 1715 561 istud
1747 526 1760 574 ;

342 596 419 647 Ne
450 594 673 649 dubites
704 594 922 647 asinam
953 593 1225 648 stolidum
1256 594 1605 666 increpuisse
1638 596 1888 662 Balaam,

344 684 461 737 Huc
500 683 651 750 ades,
690 683 796 736 hoc
826 699 971 753 opus
1005 686 1090 736 est
1119 684 1525 738 celebrandum
1560 685 1726 739 laude
1769 684 2027 755 perenni.

1013 843 1238 897 CAPUT
1278 844 1364 899 IV.

625 986 984 1053 Episcopatus
1021 984 1373 1054 Trajectensis
1403 987 1458 1042 S.
1494 986 1755 1040 Amandi.

419 1129 501 1179 l2.
539 1125 631 1178 His
661 1125 736 1178 ita
767 1125 1034 1191 decursis,
1070 1126 1375 1180 obeuntem
1406 1127 1613 1180 missus
1644 1127 1713 1181 ab
1745 1129 1857 1181 alto

344 1215 596 1283 Angelus
620 1214 803 1266 evexit
830 1215 963 1267 celsi
997 1220 1150 1266 trans
1183 1215 1369 1268 sidera
1395 1216 1521 1269 coeli

344 1302 696 1363 Pontiﬁcem,
727 1302 888 1371 cujus
918 1303 1108 1355 sedem
1136 1305 1424 1372 Trajectus
1454 1304 1698 1358 habebat
1726 1321 1738 1357 :

345 1391 607 1443 Sumeret
640 1395 699 1443 ut
731 1390 901 1443 rectis
932 1390 1269 1446 meritorum
1301 1392 1539 1462 praemia
1570 1393 1747 1446 libris.

347 1480 470 1542 Quo
504 1488 528 1511 δ
568 1480 685 1532 Rex
736 1485 1026 1549 comperto
1055 1485 1311 1533 sanctum
1356 1481 1649 1535 accersivit
1685 1484 2032 1549 Amandum,

346 1566 595 1619 Plurima
626 1566 960 1619 Pontiﬁcum
993 1568 1314 1621 conducens
1344 1569 1575 1638 agmina
1606 1585 1819 1639 secum,

346 1654 604 1709 Prassulis
633 1671 697 1708 ac
724 1655 871 1708 tanti
905 1655 1184 1709 solemnia
1206 1657 1400 1727 jungit
1429 1658 1693 1711 honores.

344 1745 571 1799 Interea
600 1748 827 1797 sanctus
859 1760 1016 1798 sacra
1043 1745 1302 1798 sublimis
1332 1744 1394 1797 in
1424 1762 1551 1799 arce

346 1836 581 1889 Ducitur
611 1852 672 1888 ac
702 1834 1105 1905 trahitur,jam
1138 1834 1286 1887 dicta
1307 1834 1367 1887 in
1398 1834 1528 1888 sede
1555 1835 1795 1890 locatur.

348 1923 545 1978 Obstat
574 1929 630 1978 et
660 1923 965 1993 indignum
992 1940 1049 1975 se
1078 1922 1179 1976 tali
1209 1922 1462 1976 clamitat
1493 1930 1643 1977 actu.

344 2012 452 2066 Sed
484 2028 609 2065 cum
656 2028 811 2065 more
840 2027 942 2065 suo
974 2011 1243 2064 lustraret
1272 2012 1397 2065 luce
1427 2017 1666 2065 venusta

347 2101 586 2171 Oppida,
614 2117 766 2167 rura,
800 2116 977 2167 casas,
1012 2100 1181 2166 vicos,
1215 2100 1444 2154 castella
1470 2115 1802 2170 peragrans,

346 2189 531 2243 Triste
562 2190 737 2257 nefas,
774 2189 873 2259 qui
903 2189 1219 2243 debuerant
1248 2205 1559 2259 agnoscere
1591 2189 1786 2259 primi,

346 2281 424 2331 Ac
452 2278 691 2331 verbum
724 2277 953 2330 Domini
983 2277 1139 2347 plebi
1166 2283 1483 2331 monstrare
1515 2279 1892 2348 sequendum,

350 2365 610 2418 Ecclesiae
637 2366 909 2435 gradibus
938 2365 1162 2435 praelati
1188 2365 1293 2417 rite
1324 2365 1595 2431 ministri,

350 2453 658 2523 Rejiciunt,
694 2458 991 2523 spernunt,
1026 2458 1417 2519 contemnunt,
1454 2453 1909 2525 despiciuntque,

349 2541 728 2609 Postponunt,
792 2541 1127 2610 pelluntque
1166 2542 1413 2609 probum
1445 2558 1547 2611 per
1591 2543 1799 2609 probra
1840 2547 2042 2612 patro-

355 2628 478 2691 Quo
518 2627 625 2681 sibi
652 2628 731 2680 nil
763 2628 927 2693 lucri,
977 2628 1075 2681 sed
1107 2629 1352 2681 maxima
1380 2629 1590 2683 damna
1622 2631 1825 2685 tulere.
1858 2631 2039 2700 [num,

354 2714 544 2769 Pulvis
569 2715 722 2768 enim
752 2716 990 2784 pedibus
1014 2716 1184 2784 justis
1215 2733 1482 2770 excussus
1511 2718 1568 2770 in
1595 2718 1708 2772 illis

350 2806 662 2856 Accusator
691 2803 820 2871 erit,
856 2818 984 2855 cum
1018 2809 1245 2871 tempus
1273 2804 1492 2857 venerit
1522 2804 1684 2871 illud,

351 2890 591 2945 Praemia
624 2906 737 2960 quo
766 2891 992 2960 capient
1016 2891 1213 2954 dextri,
1246 2907 1557 2961 pwnasque
1590 2892 1827 2947 sinistri.

426 2983 510 3034 13.
546 2981 734 3033 Insula
766 2980 913 3034 dicta
941 2980 1085 3033 nitet
1114 2983 1138 3023 ι)
1168 2980 1358 3033 Calolo
1390 2981 1458 3033 de
1484 2981 1691 3035 vertice
1722 2982 1903 3036 sancti

352 3068 518 3123 Scald
548 3071 735 3135 Juxta,
770 3074 826 3123 et
856 3070 1009 3140 gyris
1044 3084 1214 3122 curvo
1247 3068 1569 3124 sinuamine
1601 3070 1757 3123 ﬂexis

353 3157 572 3210 Praebet
601 3172 905 3225 secessum,
938 3158 1126 3210 nautis
1159 3159 1518 3227 gratissimus
1558 3160 1762 3225 amnis,

350 3244 531 3308 Quam
564 3250 812 3307 sanctus,
846 3245 1010 3297 dictis
1042 3261 1170 3297 cum
1206 3248 1403 3314 pulsus
1438 3246 1621 3299 abiret
1649 3247 1719 3299 ab
1749 3247 1885 3311 oris,

352 3332 679 3402 Reperiens,
714 3332 946 3385 sibimet
972 3338 1086 3387 tam
1119 3340 1320 3387 Incesta
1353 3335 1411 3387 in
1447 3339 1704 3403 tempore
1736 3334 1972 3387 credens

352 3420 644 3486 Sufﬁcere,
678 3426 733 3475 et
759 3422 968 3475 mentis
1003 3438 1212 3491 purum
1248 3439 1517 3475 renovare
1546 3423 1804 3491 vigorem

353 3510 615 3562 Secretus
647 3510 902 3578 cupiens,
932 3510 1227 3579 aliquanto
1263 3511 1471 3563 mansit
1502 3510 1559 3562 in
1592 3510 1691 3563 illa

355 3598 633 3666 Tempore
668 3598 1014 3667 multiplices
1046 3599 1379 3669 studuitque
1414 3601 1597 3652 levare
1629 3598 1872 3653 labores.

357 3689 503 3741 Dum
533 3691 725 3739 tamen
757 3686 852 3740 ille
877 3686 974 3756 pio
1007 3687 1295 3741 frueretur
1317 3689 1536 3742 ccelitus
1568 3694 1715 3749 actu,

355 3777 541 3845 Atque
574 3776 768 3843 polum
793 3776 1029 3845 jugibus
1061 3762 1292 3845 cuperet
1324 3777 1704 3830 conscendere
1738 3777 1901 3845 votis,

356 3863 497 3917 Alba
522 3863 677 3917 velut
696 3864 941 3933 geminis
964 3864 1067 3917 alis
1094 3865 1295 3920 innixa
1324 3865 1618 3932 columba;

355 3954 537 4022 :‘Equa
564 3952 885 4021 repulsores
922 3968 1036 4005 non
1071 3952 1293 4006 distulit
1327 3954 1468 4007 ultio
1501 3954 1680 4007 dictos

356 4042 463 4094 Pro
496 4040 716 4093 meritis
746 4041 974 4109 pulsare
1005 4040 1173 4103 feros,
1210 4057 1273 4093 ac
1308 4040 1483 4110 digna
1511 4042 1853 4111 rependens,

357 4128 464 4191 Qui
504 4128 728 4181 volucre
759 4127 943 4197 magis
979 4128 1225 4181 habilem
1261 4144 1434 4197 quam
1466 4128 1705 4181 reddere
1744 4130 2045 4183 honorem.

359 4216 545 4270 Pressi
568 4216 920 4268 multimodis
949 4220 1013 4268 ut
1042 4222 1272 4284 possent
1302 4216 1442 4268 scire
1478 4216 1739 4285 flagellis,

360 4305 542 4367 Quam
576 4304 781 4356 charus
814 4303 1031 4355 Christo
1063 4303 1257 4371 fuerit,
1289 4304 1389 4374 qui
1420 4310 1643 4374 spretus
1673 4304 1900 4358 abisset.

361 4393 534 4462 Plaga
562 4391 772 4444 etenim
805 4390 943 4445 cmlo
966 4390 1219 4456 veniens,
1256 4400 1310 4447 et
1343 4399 1494 4446 terra
1524 4394 1824 4460 resultans,

362 4478 629 4545 Proterit,
665 4480 901 4533 inclinat
926 4480 1111 4550 rigida
1141 4480 1355 4535 cervice
1385 4482 1641 4544 rebelles,

364 4568 690 4639 Evertitque
725 4567 944 4633 domos,
978 4585 1165 4622 mores
1191 4569 1458 4623 cecidisse
1485 4570 1652 4622 ruina

362 4660 623 4713 Testatur
653 4657 845 4712 sonitu
876 4658 1072 4711 labens
1103 4663 1157 4712 et
1190 4660 1442 4728 pondere
1471 4658 1673 4727 grandi
1707 4674 1718 4711 :

361 4753 439 4803 Ac
462 4746 725 4801 viduatus
756 4762 892 4818 ager
922 4752 1111 4816 segete
1134 4752 1189 4800 et
1222 4747 1471 4801 nudatus
1491 4747 1678 4800 arista.

368 4837 463 4891 His
497 4837 765 4890 meritum
798 4835 979 4905 spina:
1011 4835 1316 4904 pungentis
1346 4835 1534 4889 reddit
1562 4851 1804 4889 acumen

367 4926 507 4979 Cum
539 4925 780 4979 tribulis.
812 4924 1087 4978 Referunt
1116 4923 1461 4977 commercia
1484 4924 1618 4978 talia
1649 4928 1838 4989 terras,

434 5114 459 5139 ⁸
498 5106 613 5159 Rex
663 5103 1013 5172 Sigebertus,
1067 5101 1389 5171 Dagoberto
1441 5104 1666 5172 aliquot
1712 5108 1833 5157 tum
1892 5103 2058 5157 annis

366 5182 615 5240 mortuo,
650 5180 713 5227 ut
735 5190 906 5243 supra
937 5178 1247 5227 ostensum.

437 5249 461 5289 ιι
500 5249 653 5301 Hanc
705 5246 1005 5298 lectionem
1050 5260 1224 5315 supra
1261 5244 1653 5314 probavimus,
1694 5245 1795 5297 ubi
1841 5245 1910 5299 de
1944 5246 2057 5301 Ca-

368 5318 549 5369 loanis
574 5322 786 5382 actum,
812 5315 839 5385 ξ
871 5316 921 5369 4.

441 5395 461 5419 °
492 5387 705 5439 Colitur
737 5387 793 5441 S.
818 5384 1131 5440 ’Servatius
1178 5389 1236 5441 13
1288 5385 1416 5441 Maii
1449 5401 1459 5438 :
1512 5384 1559 5438 is
1614 5384 1954 5440 imminente
1988 5387 2057 5440 ab

1576 289 1853 345 MILONIS
1893 288 2207 345 MONACHI
2246 288 2299 342 S.
2343 289 2603 343 AMANDI

3740 290 3845 341 956

2068 422 2113 475 Α
2141 420 2279 483 Quas
2310 424 2468 473 tanto
2497 421 2714 475 cultore
2738 424 2953 485 carent,
2989 435 3099 473 nec
3128 420 3377 473 vescitur
3405 419 3522 473 illis

2142 508 2353 577 Incola,
2385 508 2534 563 ferre
2565 509 2757 563 cibum
2793 508 2928 579 quia
2960 508 3155 588 matris
3181 507 3241 561 in
3270 508 3447 563 ubere
3477 509 3736 580 tempsit.

2218 690 2298 742 14.
2332 689 2414 741 Tu
2446 703 2696 758 quoque,
2719 687 2898 756 plebs,
2933 686 3106 740 libeat
3134 685 3177 740 si
3213 686 3420 739 cursim
3446 692 3691 757 tangere
3729 686 3847 756 pri-

2140 776 2407 847 Antiquis
2437 776 2661 830 damnis
2690 775 2913 845 prolata
2942 775 3065 828 hac
3096 775 3331 828 vulnera
3362 777 3558 829 sentis.
3709 776 3844 846 [sca,

2142 864 2409 918 Cladibus
2436 863 2736 917 immensis
2767 879 2882 916 non
2916 864 3145 916 obstant
3174 863 3382 916 moenia
3422 862 3614 926 ﬁrma,

2142 954 2249 1007 Sed
2283 957 2617 1007 sternuntur
2642 951 2806 1005 humi
2835 968 2936 1005 ceu
2969 951 3154 1021 pulvis
3184 951 3415 1005 ﬂamine
3444 952 3624 1016 venti,

2144 1042 2553 1110 Labunturque
2579 1039 2757 1106 domi,
2795 1055 2923 1109 quae
2959 1055 3076 1092 non
3106 1039 3364 1092 custodia
3392 1039 3572 1093 fulcit.

2143 1130 2254 1182 Nec
2285 1129 2515 1192 mirum,
2550 1144 2829 1198 compago
2862 1134 2991 1182 ruat
3017 1127 3061 1180 si
3094 1127 3348 1181 turribus
3378 1128 3509 1181 altis

2146 1217 2421 1271 Funditus
2452 1218 2664 1285 evulsa,
2698 1216 2919 1269 stabilis
2951 1232 3124 1285 quam
3154 1216 3324 1285 liquit
3351 1215 3675 1281 Amandus,

2145 1298 2403 1361 Ecclesim
2435 1311 2647 1358 nostra}
2678 1305 2954 1371 defensio,
2983 1304 3129 1357 celsa
3157 1304 3441 1370 columna,

2145 1394 2421 1449 Tabiﬁcos
2451 1399 2647 1447 contra
2678 1392 2935 1447 fremitus
2974 1392 3251 1462 protectio
3278 1396 3558 1461 perstans.

2146 1483 2269 1547 Quo
2293 1483 2527 1547 offenso,
2561 1481 2663 1535 tibi
2690 1497 2870 1545 mors;
2900 1480 3065 1533 nobis
3092 1479 3325 1532 salvatio
3365 1478 3519 1531 venit

2143 1582 2164 1606 ε
2196 1570 2448 1625 Servatio
2479 1573 2701 1622 servata
2730 1574 2827 1622 tuo
2859 1568 2994 1621 dum
3027 1567 3273 1632 viveret;
3308 1566 3440 1619 inde

2149 1658 2361 1714 Flebile
2392 1674 2463 1711 ne
2492 1657 2664 1711 funus
2696 1672 2794 1710 seu
2826 1661 3091 1709 mmstum
3123 1655 3295 1709 corde
3327 1655 3581 1709 dolorem

2146 1748 2408 1803 Sumeret
2438 1751 2720 1800 extremas
2749 1745 2809 1798 in
2842 1750 2893 1798 te
2924 1745 3208 1798 cernendo
3240 1744 3478 1809 favillas,

2147 1835 2392 1891 Transiit
2418 1835 2489 1888 ad
2519 1834 2847 1900 Dominum,
2880 1834 3093 1888 nudam
3121 1837 3174 1886 te
3204 1832 3266 1886 in
3296 1838 3475 1885 morte
3505 1831 3848 1900 relinquens

2146 1924 2253 1988 Qui
2283 1923 2387 1977 tibi
2418 1928 2545 1993 post
2579 1926 2839 1976 nostrum
2870 1922 3176 1975 miseratus
3208 1920 3365 1973 misit
3392 1919 3753 1983 Amandum,

2150 2013 2219 2066 Ut
2250 2012 2429 2065 solem
2462 2010 2637 2064 radiis
2662 2026 2901 2079 operum
2934 2009 3158 2078 fulgore
3192 2009 3516 2061 micantem.

2147 2101 2254 2156 Sed
2284 2105 2345 2153 tu
2378 2100 2535 2170 lippa
2564 2108 2695 2153 tuos
2722 2100 2915 2153 oculos
2948 2099 3083 2152 dum
3117 2098 3287 2151 vertis
3319 2097 3387 2149 ab
3416 2097 3537 2162 illo,

2150 2194 2215 2246 Et
2244 2192 2448 2246 densas
2471 2189 2683 2259 repetis
2712 2188 2896 2242 noctis
2926 2188 3165 2241 horrore
3196 2185 3477 2249 tenebras,

2148 2283 2211 2337 In
2244 2280 2624 2348 manibusque
2659 2279 2839 2331 lutum
2871 2276 3104 2341 retines,
3141 2275 3277 2328 dum
3310 2273 3529 2326 lumina
3560 2272 3767 2341 tergis,

2148 2374 2225 2424 Ac
2254 2368 2363 2423 luci
2392 2366 2666 2421 adscribis
2697 2365 2849 2435 quod
2880 2369 2940 2417 tu
2971 2362 3162 2416 minus
3191 2362 3325 2415 inde
3356 2361 3554 2426 tueris,

2150 2458 2208 2513 Si
2238 2456 2381 2510 votis
2411 2454 2641 2509 dimissa
2670 2453 2783 2506 tuis
2816 2452 2877 2505 in
2907 2466 3128 2505 carcere
3158 2466 3303 2503 caeco
3333 2464 3412 2501 es.

2153 2547 2220 2601 Ni
2248 2552 2442 2599 tamen
2472 2543 2582 2596 huc
2617 2543 2833 2605 redeas,
2868 2546 2924 2593 et
2951 2540 3145 2593 lumen
3177 2537 3421 2590 amando
3454 2535 3741 2607 requiras,

2151 2634 2311 2698 Quod
2345 2633 2447 2686 tibi
2477 2631 2787 2701 depellens,
2819 2628 2983 2682 nobis
3016 2626 3337 2681 miserando
3366 2624 3589 2679 dedisti.

2152 2725 2277 2778 Non
2306 2723 2441 2777 hinc
2471 2720 2683 2790 probra
2713 2718 2836 2784 tibi,
2872 2734 2974 2770 nec
2999 2715 3191 2786 jurgia
3218 2714 3508 2768 reddimus
3538 2712 3679 2778 ulla,

2152 2811 2308 2866 Illius
2336 2809 2523 2863 reditu
2555 2808 2653 2860 sed
2683 2806 3114 2875 congaudemus
3147 2807 3399 2855 ovantes.

2153 2902 2313 2955 Nunc
2346 2914 2499 2951 nunc
2529 2912 2668 2966 ergo
2698 2900 2857 2949 tuam
2886 2894 3187 2962 detergant
3214 2892 3471 2944 carmina
3500 2890 3755 2959 culpam,

2082 2994 2121 3048 C
2156 2987 2443 3043 Laudibus
2474 2986 2720 3055 ejectum
2753 2983 2941 3052 dignis
2971 2996 3234 3034 revocare
3264 2984 3572 3033 memento.

2148 3076 2429 3130 Poeniteat
2458 3078 2510 3127 te
2539 3073 2659 3143 jam
2691 3071 2938 3136 sceleris,
2976 3069 3357 3122 medicamina
3386 3073 3517 3121 sunt
3547 3068 3690 3120 haec.

2150 3169 2228 3219 Ac
2258 3164 2323 3231 si,
2358 3166 2421 3217 ut
2449 3162 2639 3229 credo,
2674 3166 2832 3213 tuam
2862 3160 3159 3229 placaruut
3188 3158 3427 3210 vulnera
3458 3172 3691 3221 noxam,

2154 3255 2219 3307 Et
2246 3250 2425 3305 sancti
2446 3249 2625 3320 pietas
2646 3248 2864 3301 crimen
2895 3246 3174 3299 concessit
3205 3260 3440 3298 enorme
3463 3264 3477 3311 ;

2152 3341 2474 3410 Astipulare
2501 3337 2663 3404 meis,
2695 3336 2830 3406 quia
2860 3352 2974 3388 non
3004 3340 3136 3388 sunt
3165 3334 3438 3399 carmina,
3468 3331 3773 3402 rhythmis.

2152 3432 2231 3484 Tu
2263 3434 2491 3482 cantare
2523 3427 2699 3491 vales,
2731 3432 2794 3479 tu
2824 3425 2983 3478 docta
3015 3439 3073 3476 es
3106 3423 3373 3493 plaudere
3402 3437 3569 3474 versu
3597 3438 3609 3474 :

2153 3521 2233 3573 Tu
2262 3516 2409 3570 nosti
2440 3516 2613 3585 lyrico
2641 3514 2881 3567 chordas
2911 3513 3245 3582 contingere
3280 3512 3517 3580 plectro,

2155 3609 2353 3676 Tuque
2382 3610 2584 3674 potens
2615 3608 2859 3655 metrum
2887 3606 3118 3654 centum
3150 3600 3387 3653 reboare
3420 3597 3702 3653 Camcenis
3738 3613 3752 3649 :

2158 3695 2319 3750 Retia
2350 3709 2453 3746 ceu
2483 3691 2592 3744 ﬁlis
2624 3691 2702 3743 sic
2734 3691 2907 3742 libros
2938 3693 3127 3742 texere
3160 3688 3366 3742 verbis.

2157 3789 2259 3840 Ast
2288 3782 2429 3836 mihi
2459 3780 2546 3834 vix
2588 3779 2774 3833 tenuis
2805 3778 3055 3832 decurrit
3086 3776 3155 3830 ab
3186 3793 3283 3831 ore
3313 3791 3578 3829 susurrus
3605 3789 3619 3827 :

2161 3873 2306 3925 Dum
2338 3874 2532 3922 tamen
2563 3868 2708 3919 alma
2745 3866 2856 3919 tuis
2888 3869 3115 3935 aptatur
3146 3881 3307 3917 musa
3337 3864 3563 3918 libellis.

2162 3961 2238 4013 Ne
2274 3964 2490 4012 taceam
2522 3955 2753 4008 laudare
2786 3956 2985 4019 Deum,
3022 3969 3152 4006 cum
3182 3952 3405 4006 debitor
3434 3956 3640 4015 extem,

2162 4049 2360 4101 Noster
2388 4046 2608 4098 honore
2640 4042 2741 4095 Dei
2771 4042 3086 4108 claudatur,
3125 4056 3318 4111 posco,
3353 4041 3380 4082 ά
3408 4040 3654 4094 libellus.

2162 4136 2329 4202 Laus,
2363 4132 2534 4186 decus
2566 4129 2901 4200 imperium,
2935 4128 3277 4194 benedictio,
3312 4129 3510 4197 gloria,
3545 4127 3756 4197 palma,

2164 4223 2438 4292 Majestas,
2473 4226 2529 4273 et
2556 4220 2762 4283 honor,
2798 4217 3112 4282 veneratio,
3145 4217 3349 4287 gratia,
3382 4215 3589 4281 virtus;

2088 4334 2132 4386 Ι)
2164 4312 2247 4365 Sit
2278 4308 2429 4362 Patri
2459 4312 2513 4360 et
2547 4306 2747 4361 Genito
2778 4322 2908 4358 cum
2942 4304 3194 4357 Flamine
3226 4304 3569 4369 viviﬁcante,

2167 4402 2229 4454 Et
2260 4414 2413 4452 nunc
2445 4401 2501 4450 et
2531 4411 2755 4464 semper
2786 4396 2921 4447 dum
2953 4395 3099 4447 secla
3128 4394 3316 4446 futura
3348 4392 3657 4445 manebunt
3687 4406 3698 4442 :

2164 4490 2272 4543 Pro
2305 4485 2524 4539 meritis
2558 4489 2815 4537 sanctum
2847 4482 2947 4552 qui
2977 4480 3314 4552 gloriﬁcavit
3345 4479 3687 4543 Amandum,

2163 4575 2324 4629 Clare
2359 4589 2568 4639 comes,
2600 4586 2794 4625 curam
2825 4570 3087 4622 claustris
3113 4568 3433 4623 concludito
3464 4581 3719 4621 cannam.

2163 4664 2259 4717 Sat
2287 4662 2487 4716 sitiens
2517 4660 2730 4714 etenim
2762 4658 2998 4730 potavit,
3034 4657 3220 4710 tollito
3252 4672 3463 4723 rorem,

2167 4751 2394 4807 Flebilis
2425 4756 2482 4804 et
2511 4766 2581 4802 ne
2608 4750 2729 4820 jam
2761 4752 3061 4817 rumpatur
3091 4746 3396 4810 anhelitus,
3438 4744 3606 4797 istinc

2166 4841 2303 4910 Fige
2351 4840 2616 4910 gradum,
2667 4836 2873 4906 digitos
2932 4836 3068 4888 dum
3104 4834 3294 4901 tendo,
3327 4833 3586 4903 quiesces
3620 4844 3837 4900 parum-

3664 4919 3777 4987 [per
3796 4922 3834 4965 ο.

2166 5102 2289 5156 aliis
2334 5099 2594 5155 barbaris
2638 5098 2816 5169 Belgii
2855 5097 3116 5150 vastitate
3158 5095 3320 5161 obiit,
3354 5094 3424 5147 ad
3469 5092 3622 5164 quod
3651 5090 3733 5145 hic
3755 5088 3837 5141 al-

2166 5174 2313 5227 ludit
2348 5173 2539 5226 Poeta.

2239 5246 2264 5285 d
2303 5244 2400 5297 Ms.
2441 5244 2642 5295 Elnon.
2675 5240 2903 5293 labellis.

2238 5324 2260 5349 ο
2300 5313 2664 5367 Addebatur:
2718 5310 2962 5377 Explicit
2996 5308 3130 5362 liber
3161 5311 3211 5373 3,
3246 5306 3405 5360 habet
3440 5319 3625 5360 versus
3654 5304 3760 5365 436,
3789 5304 3840 5350 et

2166 5384 2566 5457 jungebantur
2594 5382 2718 5436 haec
2747 5381 2936 5450 capita
2964 5379 3094 5432 libri
3125 5396 3205 5432 ιν.
