  <div class='ocr_page' id='page_1' title='image "/cluster/home/n/w/nwhite01/storage/ocr_20150623/121/hvd.32044054759832/484.png"; bbox 0 0 4048 6170; ppageno 0'>
   <div class='ocr_carea' id='block_1_1' title="bbox 188 261 297 313">
    <p class='ocr_par' dir='ltr' id='par_1_1' title="bbox 188 261 297 313">
     <span class='ocr_line' id='line_1_1' title="bbox 188 261 297 313; baseline 0.018 -2"><span class='ocrx_word' id='word_1_1' title='bbox 188 261 297 313; x_wconf 82' lang='grc'>957</span> 
     </span>
    </p>
   </div>
   <div class='ocr_carea' id='block_1_2' title="bbox 1388 255 2507 314">
    <p class='ocr_par' dir='ltr' id='par_1_2' title="bbox 1388 255 2507 314">
     <span class='ocr_line' id='line_1_2' title="bbox 1388 255 2507 314; baseline -0.004 -2"><span class='ocrx_word' id='word_1_2' title='bbox 1388 258 1481 313; x_wconf 88' lang='lat' dir='ltr'><strong>DE</strong></span> <span class='ocrx_word' id='word_1_3' title='bbox 1521 257 1681 314; x_wconf 78' lang='lat' dir='ltr'>VITA</span> <span class='ocrx_word' id='word_1_4' title='bbox 1720 259 1775 313; x_wconf 93' lang='lat' dir='ltr'>S.</span> <span class='ocrx_word' id='word_1_5' title='bbox 1816 257 2109 312; x_wconf 82' lang='lat' dir='ltr'>AMANDI.</span> <span class='ocrx_word' id='word_1_6' title='bbox 2138 286 2209 298; x_wconf 98' lang='lat'>—</span> <span class='ocrx_word' id='word_1_7' title='bbox 2240 256 2366 311; x_wconf 89' lang='lat' dir='ltr'>LIB.</span> <span class='ocrx_word' id='word_1_8' title='bbox 2410 255 2507 311; x_wconf 85' lang='lat' dir='ltr'>IV.</span> 
     </span>
    </p>
   </div>
   <div class='ocr_carea' id='block_1_3' title="bbox 3592 258 3696 310">
    <p class='ocr_par' dir='ltr' id='par_1_3' title="bbox 3592 258 3696 310">
     <span class='ocr_line' id='line_1_3' title="bbox 3592 258 3696 310; baseline 0.01 -1"><span class='ocrx_word' id='word_1_9' title='bbox 3592 258 3696 310; x_wconf 85' lang='lat'>958</span> 
     </span>
    </p>
   </div>
   <div class='ocr_carea' id='block_1_4' title="bbox 1535 574 2363 660">
    <p class='ocr_par' dir='ltr' id='par_1_4' title="bbox 1535 574 2363 660">
     <span class='ocr_line' id='line_1_4' title="bbox 1535 574 2363 660; baseline -0.002 -12"><span class='ocrx_word' id='word_1_10' title='bbox 1535 576 1823 650; x_wconf 81' lang='lat' dir='ltr'>LIBER</span> <span class='ocrx_word' id='word_1_11' title='bbox 1892 574 2363 660; x_wconf 84' lang='lat' dir='ltr'>QUARTUS.</span> 
     </span>
    </p>
   </div>
   <div class='ocr_carea' id='block_1_5' title="bbox 1792 736 2126 747">
    <p class='ocr_par' dir='ltr' id='par_1_5' title="bbox 1792 736 2126 747">
     <span class='ocr_line' id='line_1_5' title="bbox 1792 736 2126 747; baseline -0.003 0"><span class='ocrx_word' id='word_1_12' title='bbox 1792 736 2126 747; x_wconf 77' lang='lat'>——-—_</span> 
     </span>
    </p>
   </div>
   <div class='ocr_carea' id='block_1_6' title="bbox 1688 864 2207 932">
    <p class='ocr_par' dir='ltr' id='par_1_6' title="bbox 1688 864 2207 932">
     <span class='ocr_line' id='line_1_6' title="bbox 1688 864 2207 932; baseline -0.004 -13"><span class='ocrx_word' id='word_1_13' title='bbox 1688 864 1943 932; x_wconf 81' lang='lat' dir='ltr'>Capitula</span> <span class='ocrx_word' id='word_1_14' title='bbox 1973 864 2104 917; x_wconf 75' lang='lat' dir='ltr'>libri</span> <span class='ocrx_word' id='word_1_15' title='bbox 2134 880 2207 917; x_wconf 81' lang='lat' dir='ltr'>1v.</span> 
     </span>
    </p>
   </div>
   <div class='ocr_carea' id='block_1_7' title="bbox 191 1007 3699 1080">
    <p class='ocr_par' dir='ltr' id='par_1_7' title="bbox 191 1007 3699 1080">
     <span class='ocr_line' id='line_1_7' title="bbox 191 1007 3699 1080; baseline 0 -22"><span class='ocrx_word' id='word_1_16' title='bbox 191 1014 238 1058; x_wconf 88' lang='lat' dir='ltr'>&#39;l.</span> <span class='ocrx_word' id='word_1_17' title='bbox 258 1009 575 1080; x_wconf 39' lang='lat' dir='ltr'>.Scripturus</span> <span class='ocrx_word' id='word_1_18' title='bbox 599 1012 873 1080; x_wconf 43' lang='lat' dir='ltr'>vates‘quo</span> <span class='ocrx_word' id='word_1_19' title='bbox 903 1007 1004 1056; x_wconf 83' lang='lat' dir='ltr'>fine</span> <span class='ocrx_word' id='word_1_20' title='bbox 1032 1008 1251 1080; x_wconf 73' lang='lat' dir='ltr'>Sanctus</span> <span class='ocrx_word' id='word_1_21' title='bbox 1282 1012 1421 1080; x_wconf 76' lang='lat' dir='ltr'>astra</span> <span class='ocrx_word' id='word_1_22' title='bbox 1456 1010 1713 1080; x_wconf 84' lang='lat' dir='ltr'>petiverit,</span> <span class='ocrx_word' id='word_1_23' title='bbox 1738 1010 2024 1080; x_wconf 84' lang='lat' dir='ltr'>admodum</span> <span class='ocrx_word' id='word_1_24' title='bbox 2051 1009 2430 1080; x_wconf 78' lang='lat' dir='ltr'>contremiscit,</span> <span class='ocrx_word' id='word_1_25' title='bbox 2462 1023 2691 1080; x_wconf 78' lang='lat' dir='ltr'>suosque</span> <span class='ocrx_word' id='word_1_26' title='bbox 2722 1009 2929 1080; x_wconf 68' lang='lat' dir='ltr'>libellos</span> <span class='ocrx_word' id='word_1_27' title='bbox 2953 1014 3182 1080; x_wconf 73' lang='lat' dir='ltr'>quatuor</span> <span class='ocrx_word' id='word_1_28' title='bbox 3210 1011 3615 1080; x_wconf 77' lang='lat' dir='ltr'>Evangeliorum</span> <span class='ocrx_word' id='word_1_29' title='bbox 3644 1011 3699 1059; x_wconf 89' lang='lat' dir='ltr'>li-</span> 
     </span>
    </p>
   </div>
   <div class='ocr_carea' id='block_1_8' title="bbox 258 1070 3693 1135">
    <p class='ocr_par' dir='ltr' id='par_1_8' title="bbox 258 1070 3693 1135">
     <span class='ocr_line' id='line_1_8' title="bbox 258 1070 3693 1135; baseline 0.001 -17"><span class='ocrx_word' id='word_1_30' title='bbox 258 1070 667 1135; x_wconf 52' lang='lat' dir='ltr'>bros&#39;subdens,</span> <span class='ocrx_word' id='word_1_31' title='bbox 698 1070 762 1135; x_wconf 81' lang='lat' dir='ltr'>ad</span> <span class='ocrx_word' id='word_1_32' title='bbox 794 1070 952 1118; x_wconf 77' lang='lat' dir='ltr'>finem</span> <span class='ocrx_word' id='word_1_33' title='bbox 982 1071 1148 1135; x_wconf 80' lang='lat' dir='ltr'>sancti</span> <span class='ocrx_word' id='word_1_34' title='bbox 1178 1072 1401 1119; x_wconf 79' lang='lat' dir='ltr'>Amandi</span> <span class='ocrx_word' id='word_1_35' title='bbox 1434 1070 1619 1135; x_wconf 70' lang='lat' dir='ltr'>suique</span> <span class='ocrx_word' id='word_1_36' title='bbox 1651 1074 1823 1134; x_wconf 85' lang='lat' dir='ltr'>operis</span> <span class='ocrx_word' id='word_1_37' title='bbox 1853 1077 1905 1120; x_wconf 90' lang='lat' dir='ltr'>et</span> <span class='ocrx_word' id='word_1_38' title='bbox 1932 1086 2083 1135; x_wconf 84' lang='lat' dir='ltr'>prece</span> <span class='ocrx_word' id='word_1_39' title='bbox 2115 1072 2283 1120; x_wconf 84' lang='lat' dir='ltr'>tendit</span> <span class='ocrx_word' id='word_1_40' title='bbox 2307 1077 2358 1120; x_wconf 91' lang='lat' dir='ltr'>et</span> <span class='ocrx_word' id='word_1_41' title='bbox 2378 1070 2627 1120; x_wconf 80' lang='lat' dir='ltr'>carmine.</span> <span class='ocrx_word' id='word_1_42' title='bbox 2656 1098 2717 1107; x_wconf 94' lang='lat'><strong>—</strong></span> <span class='ocrx_word' id='word_1_43' title='bbox 2755 1075 2801 1120; x_wconf 81' lang='lat'>2.</span> <span class='ocrx_word' id='word_1_44' title='bbox 2837 1070 3073 1129; x_wconf 84' lang='lat' dir='ltr'>Qualiter</span> <span class='ocrx_word' id='word_1_45' title='bbox 3108 1070 3435 1121; x_wconf 75' lang='lat' dir='ltr'>Vasconibiis</span> <span class='ocrx_word' id='word_1_46' title='bbox 3476 1074 3693 1121; x_wconf 86' lang='lat' dir='ltr'>verbum</span> 
     </span>
    </p>
   </div>
   <div class='ocr_carea' id='block_1_9' title="bbox 256 1133 3697 1196">
    <p class='ocr_par' dir='ltr' id='par_1_9' title="bbox 256 1133 3697 1196">
     <span class='ocr_line' id='line_1_9' title="bbox 256 1133 3697 1196; baseline 0.001 -16"><span class='ocrx_word' id='word_1_47' title='bbox 256 1134 360 1196; x_wconf 8' lang='lat' dir='ltr'>Dei?</span> <span class='ocrx_word' id='word_1_48' title='bbox 385 1133 678 1196; x_wconf 62' lang='lat' dir='ltr'>praedicans</span> <span class='ocrx_word' id='word_1_49' title='bbox 706 1134 929 1196; x_wconf 69' lang='lat' dir='ltr'>Sanctus</span> <span class='ocrx_word' id='word_1_50' title='bbox 955 1133 1197 1196; x_wconf 86' lang='lat' dir='ltr'>repulsus</span> <span class='ocrx_word' id='word_1_51' title='bbox 1225 1135 1317 1189; x_wconf 89' lang='lat' dir='ltr'>sic,</span> <span class='ocrx_word' id='word_1_52' title='bbox 1351 1134 1480 1181; x_wconf 84' lang='lat' dir='ltr'>etde</span> <span class='ocrx_word' id='word_1_53' title='bbox 1510 1133 1779 1196; x_wconf 84' lang='lat' dir='ltr'>mimilogo</span> <span class='ocrx_word' id='word_1_54' title='bbox 1811 1149 1840 1181; x_wconf 91' lang='lat' dir='ltr'>a</span> <span class='ocrx_word' id='word_1_55' title='bbox 1865 1133 2105 1182; x_wconf 71' lang='lat' dir='ltr'>daimone</span> <span class='ocrx_word' id='word_1_56' title='bbox 2137 1138 2363 1195; x_wconf 88' lang='lat' dir='ltr'>arrepto.</span> <span class='ocrx_word' id='word_1_57' title='bbox 2394 1160 2451 1168; x_wconf 98' lang='lat'><strong>—</strong></span> <span class='ocrx_word' id='word_1_58' title='bbox 2478 1137 2523 1183; x_wconf 90' lang='lat'>3.</span> <span class='ocrx_word' id='word_1_59' title='bbox 2561 1135 2630 1182; x_wconf 93' lang='lat' dir='ltr'>De</span> <span class='ocrx_word' id='word_1_60' title='bbox 2653 1148 2793 1183; x_wconf 65' lang='lat' dir='ltr'>czeco</span> <span class='ocrx_word' id='word_1_61' title='bbox 2820 1147 2882 1181; x_wconf 86' lang='lat' dir='ltr'>ex</span> <span class='ocrx_word' id='word_1_62' title='bbox 2911 1147 3064 1196; x_wconf 85' lang='lat' dir='ltr'>aqua,</span> <span class='ocrx_word' id='word_1_63' title='bbox 3098 1134 3149 1181; x_wconf 90' lang='lat' dir='ltr'>in</span> <span class='ocrx_word' id='word_1_64' title='bbox 3170 1150 3272 1196; x_wconf 84' lang='lat' dir='ltr'>qua</span> <span class='ocrx_word' id='word_1_65' title='bbox 3292 1136 3372 1182; x_wconf 90' lang='lat' dir='ltr'>vir</span> <span class='ocrx_word' id='word_1_66' title='bbox 3391 1136 3482 1183; x_wconf 88' lang='lat' dir='ltr'>Dei</span> <span class='ocrx_word' id='word_1_67' title='bbox 3510 1150 3697 1183; x_wconf 90' lang='lat' dir='ltr'>manus</span> 
     </span>
    </p>
   </div>
   <div class='ocr_carea' id='block_1_10' title="bbox 255 1194 3694 1257">
    <p class='ocr_par' dir='ltr' id='par_1_10' title="bbox 255 1194 3694 1257">
     <span class='ocr_line' id='line_1_10' title="bbox 255 1194 3694 1257; baseline 0.001 -16"><span class='ocrx_word' id='word_1_68' title='bbox 255 1194 724 1242; x_wconf 88' lang='lat' dir='ltr'>lavitilluminato.</span> <span class='ocrx_word' id='word_1_69' title='bbox 743 1220 813 1257; x_wconf 16' lang='grc' dir='ltr'>-ν</span> <span class='ocrx_word' id='word_1_70' title='bbox 830 1196 873 1241; x_wconf 71' lang='grc'><strong>4.</strong></span> <span class='ocrx_word' id='word_1_71' title='bbox 904 1194 974 1257; x_wconf 88' lang='lat' dir='ltr'>De</span> <span class='ocrx_word' id='word_1_72' title='bbox 998 1194 1169 1257; x_wconf 86' lang='lat' dir='ltr'>reditu</span> <span class='ocrx_word' id='word_1_73' title='bbox 1201 1196 1365 1256; x_wconf 82' lang='lat' dir='ltr'>ipsius</span> <span class='ocrx_word' id='word_1_74' title='bbox 1394 1196 1448 1242; x_wconf 89' lang='lat' dir='ltr'>in</span> <span class='ocrx_word' id='word_1_75' title='bbox 1478 1196 1669 1243; x_wconf 80' lang='lat' dir='ltr'>Gallias</span> <span class='ocrx_word' id='word_1_76' title='bbox 1694 1194 1745 1243; x_wconf 50' lang='lat' dir='ltr'>e&#39;t</span> <span class='ocrx_word' id='word_1_77' title='bbox 1766 1196 2009 1243; x_wconf 72' lang='lat' dir='ltr'>emnobio</span> <span class='ocrx_word' id='word_1_78' title='bbox 2036 1194 2310 1243; x_wconf 60' lang='lat' dir='ltr'>aedificato.</span> <span class='ocrx_word' id='word_1_79' title='bbox 2339 1221 2397 1230; x_wconf 94' lang='lat'><strong>—</strong></span> <span class='ocrx_word' id='word_1_80' title='bbox 2417 1199 2459 1243; x_wconf 85' lang='lat'>5.</span> <span class='ocrx_word' id='word_1_81' title='bbox 2493 1196 2768 1253; x_wconf 87' lang='lat' dir='ltr'>Quomodo</span> <span class='ocrx_word' id='word_1_82' title='bbox 2790 1208 2883 1257; x_wconf 92' lang='lat' dir='ltr'>pro</span> <span class='ocrx_word' id='word_1_83' title='bbox 2906 1194 2973 1243; x_wconf 50' lang='lat' dir='ltr'>eo&#39;</span> <span class='ocrx_word' id='word_1_84' title='bbox 2992 1196 3133 1257; x_wconf 89' lang='lat' dir='ltr'>quod</span> <span class='ocrx_word' id='word_1_85' title='bbox 3162 1194 3505 1257; x_wconf 83' lang='lat' dir='ltr'>municipium</span> <span class='ocrx_word' id='word_1_86' title='bbox 3524 1198 3694 1245; x_wconf 84' lang='lat' dir='ltr'>Nanto</span> 
     </span>
    </p>
   </div>
   <div class='ocr_carea' id='block_1_11' title="bbox 256 1256 3696 1319">
    <p class='ocr_par' dir='ltr' id='par_1_11' title="bbox 256 1256 3696 1319">
     <span class='ocr_line' id='line_1_11' title="bbox 256 1256 3696 1319; baseline 0.001 -15"><span class='ocrx_word' id='word_1_87' title='bbox 256 1271 289 1304; x_wconf 90' lang='lat' dir='ltr'>a</span> <span class='ocrx_word' id='word_1_88' title='bbox 320 1257 462 1319; x_wconf 72' lang='lat' dir='ltr'>Rege</span> <span class='ocrx_word' id='word_1_89' title='bbox 488 1256 862 1319; x_wconf 73' lang='lat' dir='ltr'>impetraverit,</span> <span class='ocrx_word' id='word_1_90' title='bbox 887 1256 1209 1319; x_wconf 15' lang='lat' dir='ltr'>Miummulus</span> <span class='ocrx_word' id='word_1_91' title='bbox 1239 1257 1457 1304; x_wconf 74' lang='lat' dir='ltr'>insidias</span> <span class='ocrx_word' id='word_1_92' title='bbox 1487 1258 1561 1304; x_wconf 84' lang='lat' dir='ltr'>illi</span> <span class='ocrx_word' id='word_1_93' title='bbox 1594 1258 1875 1319; x_wconf 80' lang='lat' dir='ltr'>paraverit.</span> <span class='ocrx_word' id='word_1_94' title='bbox 1908 1284 1967 1291; x_wconf 96' lang='lat'><strong>—</strong></span> <span class='ocrx_word' id='word_1_95' title='bbox 1993 1261 2037 1306; x_wconf 87' lang='lat'>6.</span> <span class='ocrx_word' id='word_1_96' title='bbox 2064 1258 2340 1314; x_wconf 85' lang='lat' dir='ltr'>Quomodo</span> <span class='ocrx_word' id='word_1_97' title='bbox 2368 1258 2701 1305; x_wconf 79' lang='lat' dir='ltr'>carnificibus</span> <span class='ocrx_word' id='word_1_98' title='bbox 2727 1258 2983 1304; x_wconf 91' lang='lat' dir='ltr'>divinitus</span> <span class='ocrx_word' id='word_1_99' title='bbox 3009 1256 3217 1305; x_wconf 58' lang='lat' dir='ltr'>{necatis</span> <span class='ocrx_word' id='word_1_100' title='bbox 3250 1259 3328 1305; x_wconf 91' lang='lat' dir='ltr'>vir</span> <span class='ocrx_word' id='word_1_101' title='bbox 3353 1256 3441 1305; x_wconf 89' lang='lat' dir='ltr'>Dei</span> <span class='ocrx_word' id='word_1_102' title='bbox 3475 1264 3696 1307; x_wconf 90' lang='lat' dir='ltr'>mortem</span> 
     </span>
    </p>
   </div>
   <div class='ocr_carea' id='block_1_12' title="bbox 253 1317 3699 1381">
    <p class='ocr_par' dir='ltr' id='par_1_12' title="bbox 253 1317 3699 1381">
     <span class='ocr_line' id='line_1_12' title="bbox 253 1317 3699 1381; baseline 0.001 -16"><span class='ocrx_word' id='word_1_103' title='bbox 253 1318 501 1365; x_wconf 88' lang='lat' dir='ltr'>evaserit.</span> <span class='ocrx_word' id='word_1_104' title='bbox 522 1344 593 1381; x_wconf 14' lang='grc' dir='ltr'>ί-</span> <span class='ocrx_word' id='word_1_105' title='bbox 622 1320 666 1365; x_wconf 82' lang='grc' dir='ltr'><strong>Ἰ.</strong></span> <span class='ocrx_word' id='word_1_106' title='bbox 696 1317 979 1381; x_wconf 69' lang='lat' dir='ltr'>Conversio</span> <span class='ocrx_word' id='word_1_107' title='bbox 1008 1317 1178 1381; x_wconf 87' lang='lat' dir='ltr'>laudis</span> <span class='ocrx_word' id='word_1_108' title='bbox 1208 1333 1298 1380; x_wconf 91' lang='lat' dir='ltr'>per</span> <span class='ocrx_word' id='word_1_109' title='bbox 1324 1317 1679 1380; x_wconf 54' lang='lat' dir='ltr'>energiam&#39;ad</span> <span class='ocrx_word' id='word_1_110' title='bbox 1708 1320 1977 1367; x_wconf 85' lang='lat' dir='ltr'>Sanctum.</span> <span class='ocrx_word' id='word_1_111' title='bbox 2005 1345 2065 1354; x_wconf 97' lang='lat'><strong>—</strong></span> <span class='ocrx_word' id='word_1_112' title='bbox 2087 1322 2130 1366; x_wconf 93' lang='lat'>8.</span> <span class='ocrx_word' id='word_1_113' title='bbox 2168 1321 2237 1368; x_wconf 92' lang='lat' dir='ltr'>De</span> <span class='ocrx_word' id='word_1_114' title='bbox 2270 1320 2490 1367; x_wconf 78' lang='lat' dir='ltr'>muliere</span> <span class='ocrx_word' id='word_1_115' title='bbox 2521 1334 2660 1367; x_wconf 68' lang='lat' dir='ltr'>cazca</span> <span class='ocrx_word' id='word_1_116' title='bbox 2688 1320 3003 1367; x_wconf 89' lang='lat' dir='ltr'>illuminata.</span> <span class='ocrx_word' id='word_1_117' title='bbox 3037 1346 3094 1353; x_wconf 97' lang='lat'><strong><em>—</em></strong></span> <span class='ocrx_word' id='word_1_118' title='bbox 3122 1324 3167 1367; x_wconf 85' lang='lat'>9.</span> <span class='ocrx_word' id='word_1_119' title='bbox 3200 1320 3490 1381; x_wconf 85' lang='lat' dir='ltr'>Allegorice</span> <span class='ocrx_word' id='word_1_120' title='bbox 3517 1321 3699 1369; x_wconf 88' lang='lat' dir='ltr'>eadem</span> 
     </span>
    </p>
   </div>
   <div class='ocr_carea' id='block_1_13' title="bbox 254 1380 3697 1443">
    <p class='ocr_par' dir='ltr' id='par_1_13' title="bbox 254 1380 3697 1443">
     <span class='ocr_line' id='line_1_13' title="bbox 254 1380 3697 1443; baseline 0.001 -16"><span class='ocrx_word' id='word_1_121' title='bbox 254 1393 347 1443; x_wconf 80' lang='lat' dir='ltr'>res</span> <span class='ocrx_word' id='word_1_122' title='bbox 370 1380 639 1443; x_wconf 74' lang='lat' dir='ltr'>repetitur.</span> <span class='ocrx_word' id='word_1_123' title='bbox 671 1404 731 1414; x_wconf 91' lang='lat'>—</span> <span class='ocrx_word' id='word_1_124' title='bbox 766 1380 841 1443; x_wconf 79' lang='lat'>10_.</span> <span class='ocrx_word' id='word_1_125' title='bbox 877 1380 949 1443; x_wconf 80' lang='lat' dir='ltr'>De</span> <span class='ocrx_word' id='word_1_126' title='bbox 975 1380 1235 1443; x_wconf 84' lang='lat' dir='ltr'>monacho</span> <span class='ocrx_word' id='word_1_127' title='bbox 1266 1394 1357 1443; x_wconf 90' lang='lat' dir='ltr'>pro</span> <span class='ocrx_word' id='word_1_128' title='bbox 1388 1381 1746 1443; x_wconf 88' lang='lat' dir='ltr'>inobedientia</span> <span class='ocrx_word' id='word_1_129' title='bbox 1773 1381 2000 1443; x_wconf 80' lang='lat' dir='ltr'>paralysi</span> <span class='ocrx_word' id='word_1_130' title='bbox 2037 1381 2293 1429; x_wconf 87' lang='lat' dir='ltr'>dissoluto</span> <span class='ocrx_word' id='word_1_131' title='bbox 2310 1386 2361 1429; x_wconf 90' lang='lat' dir='ltr'>et</span> <span class='ocrx_word' id='word_1_132' title='bbox 2397 1383 2555 1429; x_wconf 86' lang='lat' dir='ltr'>verbo</span> <span class='ocrx_word' id='word_1_133' title='bbox 2589 1382 2766 1430; x_wconf 79' lang='lat' dir='ltr'>Sancti</span> <span class='ocrx_word' id='word_1_134' title='bbox 2798 1386 3000 1443; x_wconf 84' lang='lat' dir='ltr'>sanato.</span> <span class='ocrx_word' id='word_1_135' title='bbox 3028 1407 3090 1415; x_wconf 97' lang='lat'><strong>—</strong></span> <span class='ocrx_word' id='word_1_136' title='bbox 3123 1382 3196 1429; x_wconf 87' lang='grc'>11,</span> <span class='ocrx_word' id='word_1_137' title='bbox 3232 1382 3303 1429; x_wconf 91' lang='lat' dir='ltr'>De</span> <span class='ocrx_word' id='word_1_138' title='bbox 3326 1380 3475 1430; x_wconf 83' lang='lat' dir='ltr'>obitu</span> <span class='ocrx_word' id='word_1_139' title='bbox 3507 1382 3585 1429; x_wconf 85' lang='lat' dir='ltr'>vel</span> <span class='ocrx_word' id='word_1_140' title='bbox 3619 1396 3697 1429; x_wconf 83' lang='lat' dir='ltr'>se-</span> 
     </span>
    </p>
   </div>
   <div class='ocr_carea' id='block_1_14' title="bbox 256 1440 3699 1550">
    <p class='ocr_par' dir='ltr' id='par_1_14' title="bbox 256 1440 3699 1550">
     <span class='ocr_line' id='line_1_14' title="bbox 256 1440 3699 1550; baseline 0.001 -62"><span class='ocrx_word' id='word_1_141' title='bbox 256 1441 477 1550; x_wconf 55' lang='lat' dir='ltr'>pultura</span> <span class='ocrx_word' id='word_1_142' title='bbox 510 1441 691 1502; x_wconf 83' lang='lat' dir='ltr'>ipsius.</span> <span class='ocrx_word' id='word_1_143' title='bbox 721 1467 779 1475; x_wconf 90' lang='lat'><strong><em>—</em></strong></span> <span class='ocrx_word' id='word_1_144' title='bbox 811 1441 884 1488; x_wconf 84' lang='lat' dir='ltr'>l2.</span> <span class='ocrx_word' id='word_1_145' title='bbox 925 1442 1060 1488; x_wconf 87' lang='lat' dir='ltr'>Laus</span> <span class='ocrx_word' id='word_1_146' title='bbox 1085 1440 1181 1489; x_wconf 87' lang='lat' dir='ltr'>loci</span> <span class='ocrx_word' id='word_1_147' title='bbox 1211 1440 1277 1489; x_wconf 32' lang='lat' dir='ltr'>et‘</span> <span class='ocrx_word' id='word_1_148' title='bbox 1297 1442 1361 1490; x_wconf 92' lang='lat' dir='ltr'>de</span> <span class='ocrx_word' id='word_1_149' title='bbox 1391 1442 1683 1491; x_wconf 82' lang='lat' dir='ltr'>elevations</span> <span class='ocrx_word' id='word_1_150' title='bbox 1709 1440 1944 1506; x_wconf 77' lang='lat' dir='ltr'>corporis</span> <span class='ocrx_word' id='word_1_151' title='bbox 1974 1444 2157 1507; x_wconf 87' lang='lat' dir='ltr'>ipsius.</span> <span class='ocrx_word' id='word_1_152' title='bbox 2187 1470 2245 1478; x_wconf 92' lang='lat'><strong><em>—</em></strong></span> <span class='ocrx_word' id='word_1_153' title='bbox 2278 1444 2353 1491; x_wconf 89' lang='grc'>13.</span> <span class='ocrx_word' id='word_1_154' title='bbox 2384 1443 2558 1491; x_wconf 90' lang='lat' dir='ltr'>Oratio</span> <span class='ocrx_word' id='word_1_155' title='bbox 2595 1443 2826 1493; x_wconf 80' lang='lat' dir='ltr'>auctoris</span> <span class='ocrx_word' id='word_1_156' title='bbox 2856 1442 3015 1504; x_wconf 83' lang='lat' dir='ltr'>hujus</span> <span class='ocrx_word' id='word_1_157' title='bbox 3040 1444 3231 1505; x_wconf 79' lang='lat' dir='ltr'>aperis.</span> <span class='ocrx_word' id='word_1_158' title='bbox 3265 1445 3421 1498; x_wconf 78' lang='grc'>-14,</span> <span class='ocrx_word' id='word_1_159' title='bbox 3455 1443 3699 1491; x_wconf 88' lang='lat' dir='ltr'>Clausula</span> 
     </span>
     <span class='ocr_line' id='line_1_15' title="bbox 294 1502 1111 1550; baseline -0.001 0"><span class='ocrx_word' id='word_1_160' title='bbox 294 1503 437 1550; x_wconf 78' lang='lat' dir='ltr'>nalis</span> <span class='ocrx_word' id='word_1_161' title='bbox 468 1516 584 1550; x_wconf 90' lang='lat' dir='ltr'>cum</span> <span class='ocrx_word' id='word_1_162' title='bbox 617 1516 767 1550; x_wconf 88' lang='lat' dir='ltr'>nrece</span> <span class='ocrx_word' id='word_1_163' title='bbox 798 1502 1111 1550; x_wconf 78' lang='lat' dir='ltr'>completur.</span> 
     </span>
    </p>
   </div>
   <div class='ocr_carea' id='block_1_15' title="bbox 294 1502 1111 1564">
    <p class='ocr_par' dir='ltr' id='par_1_15' title="bbox 294 1502 1111 1564">
     <span class='ocr_line' id='line_1_16' title="bbox 294 1502 1111 1564; baseline -0.002 -13"><span class='ocrx_word' id='word_1_164' title='bbox 294 1503 437 1551; x_wconf 88' lang='lat' dir='ltr'>nalis</span> <span class='ocrx_word' id='word_1_165' title='bbox 468 1516 584 1551; x_wconf 90' lang='lat' dir='ltr'>cum</span> <span class='ocrx_word' id='word_1_166' title='bbox 616 1516 767 1564; x_wconf 91' lang='lat' dir='ltr'>prece</span> <span class='ocrx_word' id='word_1_167' title='bbox 798 1502 1111 1564; x_wconf 88' lang='lat' dir='ltr'>completur.</span> 
     </span>
    </p>
   </div>
   <div class='ocr_carea' id='block_1_16' title="bbox 766 1634 1321 1689">
    <p class='ocr_par' dir='ltr' id='par_1_16' title="bbox 766 1634 1321 1689">
     <span class='ocr_line' id='line_1_17' title="bbox 766 1634 1321 1689; baseline 0 0"><span class='ocrx_word' id='word_1_168' title='bbox 766 1634 990 1689; x_wconf 86' lang='lat' dir='ltr'>CAPUT</span> <span class='ocrx_word' id='word_1_169' title='bbox 1030 1636 1321 1689; x_wconf 82' lang='lat' dir='ltr'>PRIMUM.</span> 
     </span>
    </p>
   </div>
   <div class='ocr_carea' id='block_1_17' title="bbox 279 1776 1809 1834">
    <p class='ocr_par' dir='ltr' id='par_1_17' title="bbox 279 1776 1809 1834">
     <span class='ocr_line' id='line_1_18' title="bbox 279 1776 1809 1834; baseline 0 -2"><span class='ocrx_word' id='word_1_170' title='bbox 279 1780 549 1832; x_wconf 86' lang='lat' dir='ltr'>Vascones</span> <span class='ocrx_word' id='word_1_171' title='bbox 574 1793 610 1830; x_wconf 89' lang='lat' dir='ltr'>a</span> <span class='ocrx_word' id='word_1_172' title='bbox 638 1776 693 1832; x_wconf 92' lang='lat' dir='ltr'>S.</span> <span class='ocrx_word' id='word_1_173' title='bbox 730 1776 985 1830; x_wconf 82' lang='lat' dir='ltr'>Amando</span> <span class='ocrx_word' id='word_1_174' title='bbox 1015 1777 1206 1831; x_wconf 78' lang='lat' dir='ltr'>edocti.</span> <span class='ocrx_word' id='word_1_175' title='bbox 1242 1778 1420 1833; x_wconf 58' lang='lat' dir='ltr'>Cacus</span> <span class='ocrx_word' id='word_1_176' title='bbox 1445 1778 1809 1834; x_wconf 80' lang='lat' dir='ltr'>illuminatus.</span> 
     </span>
    </p>
   </div>
   <div class='ocr_carea' id='block_1_18' title="bbox 270 1900 1684 1956">
    <p class='ocr_par' dir='ltr' id='par_1_18' title="bbox 270 1900 1684 1956">
     <span class='ocr_line' id='line_1_19' title="bbox 270 1900 1684 1956; baseline -0.001 0"><span class='ocrx_word' id='word_1_177' title='bbox 270 1906 320 1956; x_wconf 82' lang='lat' dir='ltr'>l.</span> <span class='ocrx_word' id='word_1_178' title='bbox 360 1901 643 1955; x_wconf 84' lang='lat' dir='ltr'>Hactenus</span> <span class='ocrx_word' id='word_1_179' title='bbox 673 1900 911 1953; x_wconf 83' lang='lat' dir='ltr'>eximios</span> <span class='ocrx_word' id='word_1_180' title='bbox 941 1900 1129 1954; x_wconf 87' lang='lat' dir='ltr'>Sancti</span> <span class='ocrx_word' id='word_1_181' title='bbox 1156 1906 1410 1955; x_wconf 87' lang='lat' dir='ltr'>versatus</span> <span class='ocrx_word' id='word_1_182' title='bbox 1436 1902 1495 1954; x_wconf 92' lang='lat' dir='ltr'>in</span> <span class='ocrx_word' id='word_1_183' title='bbox 1527 1907 1684 1956; x_wconf 91' lang='lat' dir='ltr'>actus</span> 
     </span>
    </p>
   </div>
   <div class='ocr_carea' id='block_1_19' title="bbox 188 1990 1891 2062">
    <p class='ocr_par' dir='ltr' id='par_1_19' title="bbox 188 1990 1891 2062">
     <span class='ocr_line' id='line_1_20' title="bbox 188 1990 1891 2062; baseline 0.001 -18"><span class='ocrx_word' id='word_1_184' title='bbox 188 1990 488 2054; x_wconf 66' lang='lat' dir='ltr'>Prmsulis,</span> <span class='ocrx_word' id='word_1_185' title='bbox 532 1994 588 2042; x_wconf 91' lang='lat' dir='ltr'>et</span> <span class='ocrx_word' id='word_1_186' title='bbox 628 2005 957 2059; x_wconf 82' lang='lat' dir='ltr'>quanquam</span> <span class='ocrx_word' id='word_1_187' title='bbox 1001 1991 1145 2059; x_wconf 89' lang='lat' dir='ltr'>pede</span> <span class='ocrx_word' id='word_1_188' title='bbox 1185 1991 1409 2055; x_wconf 91' lang='lat' dir='ltr'>claudo,</span> <span class='ocrx_word' id='word_1_189' title='bbox 1452 2007 1683 2045; x_wconf 90' lang='lat' dir='ltr'>currere</span> <span class='ocrx_word' id='word_1_190' title='bbox 1716 1992 1891 2062; x_wconf 83' lang='lat' dir='ltr'>quivi.</span> 
     </span>
    </p>
   </div>
   <div class='ocr_carea' id='block_1_20' title="bbox 188 2076 1788 2146">
    <p class='ocr_par' dir='ltr' id='par_1_20' title="bbox 188 2076 1788 2146">
     <span class='ocr_line' id='line_1_21' title="bbox 188 2076 1788 2146; baseline -0.001 -13"><span class='ocrx_word' id='word_1_191' title='bbox 188 2079 301 2133; x_wconf 88' lang='lat' dir='ltr'>Sed</span> <span class='ocrx_word' id='word_1_192' title='bbox 340 2093 489 2131; x_wconf 90' lang='lat' dir='ltr'>nunc</span> <span class='ocrx_word' id='word_1_193' title='bbox 513 2093 605 2130; x_wconf 91' lang='lat' dir='ltr'>res</span> <span class='ocrx_word' id='word_1_194' title='bbox 637 2076 944 2130; x_wconf 88' lang='lat' dir='ltr'>metuenda</span> <span class='ocrx_word' id='word_1_195' title='bbox 976 2078 1143 2130; x_wconf 90' lang='lat' dir='ltr'>nimis</span> <span class='ocrx_word' id='word_1_196' title='bbox 1174 2078 1489 2146; x_wconf 90' lang='lat' dir='ltr'>tractanda,</span> <span class='ocrx_word' id='word_1_197' title='bbox 1523 2096 1625 2132; x_wconf 87' lang='lat' dir='ltr'>nec</span> <span class='ocrx_word' id='word_1_198' title='bbox 1660 2081 1788 2133; x_wconf 92' lang='lat' dir='ltr'>ullis</span> 
     </span>
    </p>
   </div>
   <div class='ocr_carea' id='block_1_21' title="bbox 194 2165 1784 2235">
    <p class='ocr_par' dir='ltr' id='par_1_21' title="bbox 194 2165 1784 2235">
     <span class='ocr_line' id='line_1_22' title="bbox 194 2165 1784 2235; baseline 0.001 -16"><span class='ocrx_word' id='word_1_199' title='bbox 194 2166 427 2220; x_wconf 85' lang='lat' dir='ltr'>Viribus</span> <span class='ocrx_word' id='word_1_200' title='bbox 459 2166 727 2219; x_wconf 88' lang='lat' dir='ltr'>evolitare</span> <span class='ocrx_word' id='word_1_201' title='bbox 754 2165 905 2229; x_wconf 85' lang='lat' dir='ltr'>facit,</span> <span class='ocrx_word' id='word_1_202' title='bbox 936 2182 1107 2235; x_wconf 88' lang='lat' dir='ltr'>super</span> <span class='ocrx_word' id='word_1_203' title='bbox 1132 2172 1285 2218; x_wconf 90' lang='lat' dir='ltr'>astra</span> <span class='ocrx_word' id='word_1_204' title='bbox 1313 2167 1628 2235; x_wconf 86' lang='lat' dir='ltr'>petendum</span> <span class='ocrx_word' id='word_1_205' title='bbox 1662 2172 1745 2220; x_wconf 91' lang='lat' dir='ltr'>est</span> <span class='ocrx_word' id='word_1_206' title='bbox 1772 2184 1784 2221; x_wconf 91' lang='lat'><strong>:</strong></span> 
     </span>
    </p>
   </div>
   <div class='ocr_carea' id='block_1_22' title="bbox 190 2254 1748 2324">
    <p class='ocr_par' dir='ltr' id='par_1_22' title="bbox 190 2254 1748 2324">
     <span class='ocr_line' id='line_1_23' title="bbox 190 2254 1748 2324; baseline 0 -16"><span class='ocrx_word' id='word_1_207' title='bbox 190 2256 263 2309; x_wconf 91' lang='lat' dir='ltr'>Ut</span> <span class='ocrx_word' id='word_1_208' title='bbox 296 2270 563 2307; x_wconf 86' lang='lat' dir='ltr'>sermone</span> <span class='ocrx_word' id='word_1_209' title='bbox 594 2270 821 2323; x_wconf 89' lang='lat' dir='ltr'>sequar,</span> <span class='ocrx_word' id='word_1_210' title='bbox 853 2270 967 2323; x_wconf 91' lang='lat' dir='ltr'>quo</span> <span class='ocrx_word' id='word_1_211' title='bbox 994 2270 1110 2307; x_wconf 93' lang='lat' dir='ltr'>non</span> <span class='ocrx_word' id='word_1_212' title='bbox 1137 2254 1267 2307; x_wconf 90' lang='lat' dir='ltr'>licet</span> <span class='ocrx_word' id='word_1_213' title='bbox 1298 2254 1379 2307; x_wconf 90' lang='lat' dir='ltr'>ire</span> <span class='ocrx_word' id='word_1_214' title='bbox 1409 2255 1748 2324; x_wconf 86' lang='lat' dir='ltr'>pedestrem.</span> 
     </span>
    </p>
   </div>
   <div class='ocr_carea' id='block_1_23' title="bbox 188 2341 1657 2412">
    <p class='ocr_par' dir='ltr' id='par_1_23' title="bbox 188 2341 1657 2412">
     <span class='ocr_line' id='line_1_24' title="bbox 188 2341 1657 2412; baseline 0 -16"><span class='ocrx_word' id='word_1_215' title='bbox 188 2343 376 2397; x_wconf 86' lang='lat' dir='ltr'>Primi</span> <span class='ocrx_word' id='word_1_216' title='bbox 405 2358 655 2412; x_wconf 88' lang='lat' dir='ltr'>namque</span> <span class='ocrx_word' id='word_1_217' title='bbox 688 2341 801 2395; x_wconf 88' lang='lat' dir='ltr'>mei</span> <span class='ocrx_word' id='word_1_218' title='bbox 832 2347 1144 2412; x_wconf 86' lang='lat' dir='ltr'>properant</span> <span class='ocrx_word' id='word_1_219' title='bbox 1174 2343 1278 2395; x_wconf 91' lang='lat' dir='ltr'>hac</span> <span class='ocrx_word' id='word_1_220' title='bbox 1303 2343 1429 2412; x_wconf 89' lang='lat' dir='ltr'>lege</span> <span class='ocrx_word' id='word_1_221' title='bbox 1460 2343 1657 2409; x_wconf 88' lang='lat' dir='ltr'>libelli,</span> 
     </span>
    </p>
   </div>
   <div class='ocr_carea' id='block_1_24' title="bbox 190 2431 1655 2486">
    <p class='ocr_par' dir='ltr' id='par_1_24' title="bbox 190 2431 1655 2486">
     <span class='ocr_line' id='line_1_25' title="bbox 190 2431 1655 2486; baseline -0.001 -1"><span class='ocrx_word' id='word_1_222' title='bbox 190 2432 263 2486; x_wconf 89' lang='lat' dir='ltr'>Ut</span> <span class='ocrx_word' id='word_1_223' title='bbox 296 2431 459 2484; x_wconf 88' lang='lat' dir='ltr'>labor</span> <span class='ocrx_word' id='word_1_224' title='bbox 488 2436 543 2484; x_wconf 88' lang='lat' dir='ltr'>et</span> <span class='ocrx_word' id='word_1_225' title='bbox 566 2431 833 2484; x_wconf 91' lang='lat' dir='ltr'>meritum</span> <span class='ocrx_word' id='word_1_226' title='bbox 867 2431 1044 2483; x_wconf 87' lang='lat' dir='ltr'>sancti</span> <span class='ocrx_word' id='word_1_227' title='bbox 1076 2436 1341 2483; x_wconf 86' lang='lat' dir='ltr'>noscatur</span> <span class='ocrx_word' id='word_1_228' title='bbox 1372 2431 1617 2485; x_wconf 86' lang='lat' dir='ltr'>Amandi</span> <span class='ocrx_word' id='word_1_229' title='bbox 1643 2448 1655 2484; x_wconf 93' lang='lat'>:</span> 
     </span>
    </p>
   </div>
   <div class='ocr_carea' id='block_1_25' title="bbox 189 2519 1895 2588">
    <p class='ocr_par' dir='ltr' id='par_1_25' title="bbox 189 2519 1895 2588">
     <span class='ocr_line' id='line_1_26' title="bbox 189 2519 1895 2588; baseline -0.001 -15"><span class='ocrx_word' id='word_1_230' title='bbox 189 2520 448 2584; x_wconf 84' lang='lat' dir='ltr'>Quartus</span> <span class='ocrx_word' id='word_1_231' title='bbox 459 2520 550 2572; x_wconf 90' lang='lat' dir='ltr'>hic</span> <span class='ocrx_word' id='word_1_232' title='bbox 562 2523 648 2573; x_wconf 92' lang='lat' dir='ltr'>est</span> <span class='ocrx_word' id='word_1_233' title='bbox 662 2534 834 2583; x_wconf 91' lang='lat' dir='ltr'>nunc,</span> <span class='ocrx_word' id='word_1_234' title='bbox 852 2519 950 2588; x_wconf 88' lang='lat' dir='ltr'>qui</span> <span class='ocrx_word' id='word_1_235' title='bbox 964 2520 1022 2571; x_wconf 92' lang='lat' dir='ltr'>in</span> <span class='ocrx_word' id='word_1_236' title='bbox 1038 2520 1300 2572; x_wconf 87' lang='lat' dir='ltr'>manibus</span> <span class='ocrx_word' id='word_1_237' title='bbox 1313 2520 1607 2573; x_wconf 89' lang='lat' dir='ltr'>cudendus</span> <span class='ocrx_word' id='word_1_238' title='bbox 1621 2519 1895 2587; x_wconf 87' lang='lat' dir='ltr'>habetur;</span> 
     </span>
    </p>
   </div>
   <div class='ocr_carea' id='block_1_26' title="bbox 188 2606 1397 2676">
    <p class='ocr_par' dir='ltr' id='par_1_26' title="bbox 188 2606 1397 2676">
     <span class='ocr_line' id='line_1_27' title="bbox 188 2606 1397 2676; baseline -0.001 -15"><span class='ocrx_word' id='word_1_239' title='bbox 188 2608 323 2672; x_wconf 84' lang='lat' dir='ltr'>Quo</span> <span class='ocrx_word' id='word_1_240' title='bbox 358 2606 674 2674; x_wconf 85' lang='lat' dir='ltr'>Evangeliis</span> <span class='ocrx_word' id='word_1_241' title='bbox 706 2606 918 2675; x_wconf 88' lang='lat' dir='ltr'>subjeci</span> <span class='ocrx_word' id='word_1_242' title='bbox 950 2606 1054 2659; x_wconf 88' lang='lat' dir='ltr'>rite</span> <span class='ocrx_word' id='word_1_243' title='bbox 1086 2607 1397 2676; x_wconf 86' lang='lat' dir='ltr'>quaternis.</span> 
     </span>
    </p>
   </div>
   <div class='ocr_carea' id='block_1_27' title="bbox 190 2694 1496 2764">
    <p class='ocr_par' dir='ltr' id='par_1_27' title="bbox 190 2694 1496 2764">
     <span class='ocr_line' id='line_1_28' title="bbox 190 2694 1496 2764; baseline -0.002 -13"><span class='ocrx_word' id='word_1_244' title='bbox 190 2697 479 2751; x_wconf 82' lang='lat' dir='ltr'>Mattheus</span> <span class='ocrx_word' id='word_1_245' title='bbox 502 2695 704 2749; x_wconf 76' lang='lat' dir='ltr'>effudit</span> <span class='ocrx_word' id='word_1_246' title='bbox 734 2694 973 2748; x_wconf 90' lang='lat' dir='ltr'>donatus</span> <span class='ocrx_word' id='word_1_247' title='bbox 1006 2710 1243 2748; x_wconf 88' lang='lat' dir='ltr'>munere</span> <span class='ocrx_word' id='word_1_248' title='bbox 1274 2695 1496 2764; x_wconf 89' lang='lat' dir='ltr'>primus</span> 
     </span>
    </p>
   </div>
   <div class='ocr_carea' id='block_1_28' title="bbox 192 2783 1666 2853">
    <p class='ocr_par' dir='ltr' id='par_1_28' title="bbox 192 2783 1666 2853">
     <span class='ocr_line' id='line_1_29' title="bbox 192 2783 1666 2853; baseline -0.002 -14"><span class='ocrx_word' id='word_1_249' title='bbox 192 2787 385 2840; x_wconf 87' lang='lat' dir='ltr'>Carne</span> <span class='ocrx_word' id='word_1_250' title='bbox 420 2784 599 2837; x_wconf 90' lang='lat' dir='ltr'>Deum</span> <span class='ocrx_word' id='word_1_251' title='bbox 630 2787 850 2845; x_wconf 89' lang='lat' dir='ltr'>natum,</span> <span class='ocrx_word' id='word_1_252' title='bbox 884 2783 983 2853; x_wconf 87' lang='lat' dir='ltr'>qui</span> <span class='ocrx_word' id='word_1_253' title='bbox 1013 2783 1263 2853; x_wconf 82' lang='lat' dir='ltr'>Virginis</span> <span class='ocrx_word' id='word_1_254' title='bbox 1292 2783 1468 2837; x_wconf 91' lang='lat' dir='ltr'>ubera</span> <span class='ocrx_word' id='word_1_255' title='bbox 1499 2783 1666 2836; x_wconf 85' lang='lat' dir='ltr'>suxit.</span> 
     </span>
    </p>
   </div>
   <div class='ocr_carea' id='block_1_29' title="bbox 195 2871 1895 2943">
    <p class='ocr_par' dir='ltr' id='par_1_29' title="bbox 195 2871 1895 2943">
     <span class='ocr_line' id='line_1_30' title="bbox 195 2871 1895 2943; baseline -0.003 -14"><span class='ocrx_word' id='word_1_256' title='bbox 195 2874 302 2930; x_wconf 86' lang='lat' dir='ltr'>Hic</span> <span class='ocrx_word' id='word_1_257' title='bbox 336 2888 567 2943; x_wconf 84' lang='lat' dir='ltr'>quoque</span> <span class='ocrx_word' id='word_1_258' title='bbox 608 2872 743 2926; x_wconf 90' lang='lat' dir='ltr'>dum</span> <span class='ocrx_word' id='word_1_259' title='bbox 780 2876 985 2925; x_wconf 69' lang='lat' dir='ltr'>nostra:</span> <span class='ocrx_word' id='word_1_260' title='bbox 1028 2876 1290 2942; x_wconf 87' lang='lat' dir='ltr'>penetrat</span> <span class='ocrx_word' id='word_1_261' title='bbox 1319 2872 1634 2941; x_wconf 82' lang='lat' dir='ltr'>praecordia</span> <span class='ocrx_word' id='word_1_262' title='bbox 1667 2871 1895 2939; x_wconf 89' lang='lat' dir='ltr'>mentis,</span> 
     </span>
    </p>
   </div>
   <div class='ocr_carea' id='block_1_30' title="bbox 1926 1635 3697 1706">
    <p class='ocr_par' dir='ltr' id='par_1_30' title="bbox 1926 1635 3697 1706">
     <span class='ocr_line' id='line_1_31' title="bbox 1926 1635 3697 1706; baseline 0 -17"><span class='ocrx_word' id='word_1_263' title='bbox 1926 1636 1971 1689; x_wconf 84' lang='lat' dir='ltr'><strong>A</strong></span> <span class='ocrx_word' id='word_1_264' title='bbox 2068 1638 2120 1689; x_wconf 84' lang='lat'>2.</span> <span class='ocrx_word' id='word_1_265' title='bbox 2156 1635 2273 1701; x_wconf 87' lang='lat' dir='ltr'>Eia,</span> <span class='ocrx_word' id='word_1_266' title='bbox 2318 1651 2443 1706; x_wconf 89' lang='lat' dir='ltr'>age,</span> <span class='ocrx_word' id='word_1_267' title='bbox 2484 1637 2652 1690; x_wconf 91' lang='lat' dir='ltr'>Vacce</span> <span class='ocrx_word' id='word_1_268' title='bbox 2680 1635 2799 1705; x_wconf 89' lang='lat' dir='ltr'>jam</span> <span class='ocrx_word' id='word_1_269' title='bbox 2832 1637 2959 1703; x_wconf 88' lang='lat' dir='ltr'>late,</span> <span class='ocrx_word' id='word_1_270' title='bbox 2995 1652 3125 1689; x_wconf 88' lang='lat' dir='ltr'>mea</span> <span class='ocrx_word' id='word_1_271' title='bbox 3158 1636 3331 1698; x_wconf 86' lang='lat' dir='ltr'>Musa,</span> <span class='ocrx_word' id='word_1_272' title='bbox 3364 1639 3697 1705; x_wconf 85' lang='lat' dir='ltr'>vagantem,</span> 
     </span>
    </p>
   </div>
   <div class='ocr_carea' id='block_1_31' title="bbox 2006 1723 3344 1794">
    <p class='ocr_par' dir='ltr' id='par_1_31' title="bbox 2006 1723 3344 1794">
     <span class='ocr_line' id='line_1_32' title="bbox 2006 1723 3344 1794; baseline -0.001 -17"><span class='ocrx_word' id='word_1_273' title='bbox 2006 1724 2299 1778; x_wconf 89' lang='lat' dir='ltr'>Fidentem</span> <span class='ocrx_word' id='word_1_274' title='bbox 2328 1724 2523 1789; x_wconf 83' lang='lat' dir='ltr'>frenis,</span> <span class='ocrx_word' id='word_1_275' title='bbox 2557 1729 2923 1794; x_wconf 88' lang='lat' dir='ltr'>torquentem</span> <span class='ocrx_word' id='word_1_276' title='bbox 2957 1725 3073 1777; x_wconf 90' lang='lat' dir='ltr'>tela</span> <span class='ocrx_word' id='word_1_277' title='bbox 3098 1723 3344 1788; x_wconf 85' lang='lat' dir='ltr'>lacertis,</span> 
     </span>
    </p>
   </div>
   <div class='ocr_carea' id='block_1_32' title="bbox 2005 1813 3341 1884">
    <p class='ocr_par' dir='ltr' id='par_1_32' title="bbox 2005 1813 3341 1884">
     <span class='ocr_line' id='line_1_33' title="bbox 2005 1813 3341 1884; baseline 0 -19"><span class='ocrx_word' id='word_1_278' title='bbox 2005 1813 2196 1865; x_wconf 91' lang='lat' dir='ltr'>Pande</span> <span class='ocrx_word' id='word_1_279' title='bbox 2227 1829 2367 1882; x_wconf 89' lang='lat' dir='ltr'>rogo</span> <span class='ocrx_word' id='word_1_280' title='bbox 2399 1818 2454 1866; x_wconf 88' lang='lat' dir='ltr'>et</span> <span class='ocrx_word' id='word_1_281' title='bbox 2485 1814 2652 1884; x_wconf 85' lang='lat' dir='ltr'>vulgo</span> <span class='ocrx_word' id='word_1_282' title='bbox 2686 1814 2915 1882; x_wconf 89' lang='lat' dir='ltr'>vulgare</span> <span class='ocrx_word' id='word_1_283' title='bbox 2944 1828 3077 1866; x_wconf 90' lang='lat' dir='ltr'>voce</span> <span class='ocrx_word' id='word_1_284' title='bbox 3110 1817 3302 1865; x_wconf 90' lang='lat' dir='ltr'>notato</span> <span class='ocrx_word' id='word_1_285' title='bbox 3330 1828 3341 1865; x_wconf 95' lang='lat'>:</span> 
     </span>
    </p>
   </div>
   <div class='ocr_carea' id='block_1_33' title="bbox 2005 1900 3414 1970">
    <p class='ocr_par' dir='ltr' id='par_1_33' title="bbox 2005 1900 3414 1970">
     <span class='ocr_line' id='line_1_34' title="bbox 2005 1900 3414 1970; baseline -0.001 -17"><span class='ocrx_word' id='word_1_286' title='bbox 2005 1900 2063 1953; x_wconf 89' lang='lat' dir='ltr'>Si</span> <span class='ocrx_word' id='word_1_287' title='bbox 2095 1901 2288 1953; x_wconf 88' lang='lat' dir='ltr'>demas</span> <span class='ocrx_word' id='word_1_288' title='bbox 2319 1905 2620 1970; x_wconf 87' lang='lat' dir='ltr'>mutesque</span> <span class='ocrx_word' id='word_1_289' title='bbox 2648 1902 2856 1970; x_wconf 85' lang='lat' dir='ltr'>apices,</span> <span class='ocrx_word' id='word_1_290' title='bbox 2886 1900 3184 1954; x_wconf 85' lang='lat' dir='ltr'>Wasconia</span> <span class='ocrx_word' id='word_1_291' title='bbox 3213 1900 3414 1953; x_wconf 87' lang='lat' dir='ltr'>fertur.</span> 
     </span>
    </p>
   </div>
   <div class='ocr_carea' id='block_1_34' title="bbox 2004 1989 3484 2057">
    <p class='ocr_par' dir='ltr' id='par_1_34' title="bbox 2004 1989 3484 2057">
     <span class='ocr_line' id='line_1_35' title="bbox 2004 1989 3484 2057; baseline -0.001 -16"><span class='ocrx_word' id='word_1_292' title='bbox 2004 1989 2141 2052; x_wconf 60' lang='lat' dir='ltr'>Quae</span> <span class='ocrx_word' id='word_1_293' title='bbox 2176 2004 2315 2057; x_wconf 89' lang='lat' dir='ltr'>gens</span> <span class='ocrx_word' id='word_1_294' title='bbox 2348 1989 2491 2041; x_wconf 91' lang='lat' dir='ltr'>dura</span> <span class='ocrx_word' id='word_1_295' title='bbox 2522 1990 2675 2053; x_wconf 88' lang='lat' dir='ltr'>satis,</span> <span class='ocrx_word' id='word_1_296' title='bbox 2709 1989 2876 2042; x_wconf 89' lang='lat' dir='ltr'>variis</span> <span class='ocrx_word' id='word_1_297' title='bbox 2905 1989 3223 2042; x_wconf 87' lang='lat' dir='ltr'>incursibus</span> <span class='ocrx_word' id='word_1_298' title='bbox 3250 1989 3484 2055; x_wconf 88' lang='lat' dir='ltr'>instans,</span> 
     </span>
    </p>
   </div>
   <div class='ocr_carea' id='block_1_35' title="bbox 2006 2077 3332 2146">
    <p class='ocr_par' dir='ltr' id='par_1_35' title="bbox 2006 2077 3332 2146">
     <span class='ocr_line' id='line_1_36' title="bbox 2006 2077 3332 2146; baseline -0.001 -16"><span class='ocrx_word' id='word_1_299' title='bbox 2006 2077 2216 2130; x_wconf 87' lang='lat' dir='ltr'>Ictibus</span> <span class='ocrx_word' id='word_1_300' title='bbox 2250 2094 2313 2130; x_wconf 91' lang='lat' dir='ltr'>ac</span> <span class='ocrx_word' id='word_1_301' title='bbox 2343 2078 2556 2131; x_wconf 91' lang='lat' dir='ltr'>crebris</span> <span class='ocrx_word' id='word_1_302' title='bbox 2586 2077 2818 2131; x_wconf 89' lang='lat' dir='ltr'>hostilia</span> <span class='ocrx_word' id='word_1_303' title='bbox 2848 2079 2963 2131; x_wconf 88' lang='lat' dir='ltr'>tela</span> <span class='ocrx_word' id='word_1_304' title='bbox 2992 2078 3332 2146; x_wconf 83' lang='lat' dir='ltr'>rependens,</span> 
     </span>
    </p>
   </div>
   <div class='ocr_carea' id='block_1_36' title="bbox 2002 2166 3350 2220">
    <p class='ocr_par' dir='ltr' id='par_1_36' title="bbox 2002 2166 3350 2220">
     <span class='ocr_line' id='line_1_37' title="bbox 2002 2166 3350 2220; baseline -0.002 -1"><span class='ocrx_word' id='word_1_305' title='bbox 2002 2166 2281 2219; x_wconf 81' lang='lat' dir='ltr'>Extremis</span> <span class='ocrx_word' id='word_1_306' title='bbox 2306 2166 2490 2219; x_wconf 85' lang='lat' dir='ltr'>fuerat</span> <span class='ocrx_word' id='word_1_307' title='bbox 2522 2168 2871 2220; x_wconf 87' lang='lat' dir='ltr'>Francorum</span> <span class='ocrx_word' id='word_1_308' title='bbox 2906 2166 3119 2220; x_wconf 84' lang='lat' dir='ltr'>finibus</span> <span class='ocrx_word' id='word_1_309' title='bbox 3152 2166 3350 2219; x_wconf 88' lang='lat' dir='ltr'>hostis.</span> 
     </span>
    </p>
   </div>
   <div class='ocr_carea' id='block_1_37' title="bbox 2002 2251 3544 2323">
    <p class='ocr_par' dir='ltr' id='par_1_37' title="bbox 2002 2251 3544 2323">
     <span class='ocr_line' id='line_1_38' title="bbox 2002 2251 3544 2323; baseline -0.004 -14"><span class='ocrx_word' id='word_1_310' title='bbox 2002 2254 2111 2309; x_wconf 89' lang='lat' dir='ltr'>Sed</span> <span class='ocrx_word' id='word_1_311' title='bbox 2140 2258 2276 2307; x_wconf 92' lang='lat' dir='ltr'>tunc</span> <span class='ocrx_word' id='word_1_312' title='bbox 2306 2253 2591 2307; x_wconf 85' lang='lat' dir='ltr'>vulniﬁcis</span> <span class='ocrx_word' id='word_1_313' title='bbox 2625 2254 2941 2307; x_wconf 88' lang='lat' dir='ltr'>substracta</span> <span class='ocrx_word' id='word_1_314' title='bbox 2970 2258 3053 2306; x_wconf 89' lang='lat' dir='ltr'>est</span> <span class='ocrx_word' id='word_1_315' title='bbox 3078 2253 3314 2323; x_wconf 73' lang='lat' dir='ltr'>pacifica</span> <span class='ocrx_word' id='word_1_316' title='bbox 3350 2251 3544 2319; x_wconf 89' lang='lat' dir='ltr'>armis,</span> 
     </span>
    </p>
   </div>
   <div class='ocr_carea' id='block_1_38' title="bbox 2006 2341 3379 2412">
    <p class='ocr_par' dir='ltr' id='par_1_38' title="bbox 2006 2341 3379 2412">
     <span class='ocr_line' id='line_1_39' title="bbox 2006 2341 3379 2412; baseline -0.002 -16"><span class='ocrx_word' id='word_1_317' title='bbox 2006 2343 2301 2412; x_wconf 84' lang='lat' dir='ltr'>Frenaque</span> <span class='ocrx_word' id='word_1_318' title='bbox 2326 2342 2563 2395; x_wconf 91' lang='lat' dir='ltr'>consilio</span> <span class='ocrx_word' id='word_1_319' title='bbox 2594 2342 2825 2395; x_wconf 87' lang='lat' dir='ltr'>tandem</span> <span class='ocrx_word' id='word_1_320' title='bbox 2856 2342 3137 2396; x_wconf 90' lang='lat' dir='ltr'>conducta</span> <span class='ocrx_word' id='word_1_321' title='bbox 3165 2341 3379 2394; x_wconf 88' lang='lat' dir='ltr'>salubri</span> 
     </span>
    </p>
   </div>
   <div class='ocr_carea' id='block_1_39' title="bbox 2004 2430 3501 2499">
    <p class='ocr_par' dir='ltr' id='par_1_39' title="bbox 2004 2430 3501 2499">
     <span class='ocr_line' id='line_1_40' title="bbox 2004 2430 3501 2499; baseline -0.002 -16"><span class='ocrx_word' id='word_1_322' title='bbox 2004 2432 2127 2484; x_wconf 88' lang='lat' dir='ltr'>Non</span> <span class='ocrx_word' id='word_1_323' title='bbox 2158 2430 2333 2484; x_wconf 87' lang='lat' dir='ltr'>laniat</span> <span class='ocrx_word' id='word_1_324' title='bbox 2354 2447 2567 2492; x_wconf 87' lang='lat' dir='ltr'>morsu,</span> <span class='ocrx_word' id='word_1_325' title='bbox 2594 2431 2691 2484; x_wconf 91' lang='lat' dir='ltr'>sed</span> <span class='ocrx_word' id='word_1_326' title='bbox 2720 2433 2743 2473; x_wconf 86' lang='lat' dir='ltr'>b</span> <span class='ocrx_word' id='word_1_327' title='bbox 2777 2430 2931 2499; x_wconf 86' lang='lat' dir='ltr'>pacis</span> <span class='ocrx_word' id='word_1_328' title='bbox 2960 2430 3021 2484; x_wconf 91' lang='lat' dir='ltr'>in</span> <span class='ocrx_word' id='word_1_329' title='bbox 3051 2431 3244 2483; x_wconf 91' lang='lat' dir='ltr'>oscula</span> <span class='ocrx_word' id='word_1_330' title='bbox 3275 2433 3501 2482; x_wconf 87' lang='lat' dir='ltr'>tractat.</span> 
     </span>
    </p>
   </div>
   <div class='ocr_carea' id='block_1_40' title="bbox 2003 2516 3525 2590">
    <p class='ocr_par' dir='ltr' id='par_1_40' title="bbox 2003 2516 3525 2590">
     <span class='ocr_line' id='line_1_41' title="bbox 2003 2516 3525 2590; baseline -0.002 -18"><span class='ocrx_word' id='word_1_331' title='bbox 2003 2518 2118 2572; x_wconf 91' lang='lat' dir='ltr'>lllis</span> <span class='ocrx_word' id='word_1_332' title='bbox 2150 2519 2524 2590; x_wconf 88' lang='lat' dir='ltr'>temporibus,</span> <span class='ocrx_word' id='word_1_333' title='bbox 2559 2519 2686 2588; x_wconf 82' lang='lat' dir='ltr'>quis</span> <span class='ocrx_word' id='word_1_334' title='bbox 2710 2519 2948 2572; x_wconf 89' lang='lat' dir='ltr'>Sanctus</span> <span class='ocrx_word' id='word_1_335' title='bbox 2977 2518 3034 2571; x_wconf 90' lang='lat' dir='ltr'>in</span> <span class='ocrx_word' id='word_1_336' title='bbox 3068 2518 3205 2571; x_wconf 90' lang='lat' dir='ltr'>orbe</span> <span class='ocrx_word' id='word_1_337' title='bbox 3234 2516 3525 2585; x_wconf 88' lang='lat' dir='ltr'>manebat,</span> 
     </span>
    </p>
   </div>
   <div class='ocr_carea' id='block_1_41' title="bbox 2006 2607 3206 2673">
    <p class='ocr_par' dir='ltr' id='par_1_41' title="bbox 2006 2607 3206 2673">
     <span class='ocr_line' id='line_1_42' title="bbox 2006 2607 3206 2673; baseline -0.002 -13"><span class='ocrx_word' id='word_1_338' title='bbox 2006 2608 2075 2660; x_wconf 91' lang='lat' dir='ltr'>Ut</span> <span class='ocrx_word' id='word_1_339' title='bbox 2105 2607 2276 2661; x_wconf 90' lang='lat' dir='ltr'>Gallis</span> <span class='ocrx_word' id='word_1_340' title='bbox 2311 2607 2497 2660; x_wconf 84' lang='lat' dir='ltr'>fuerat</span> <span class='ocrx_word' id='word_1_341' title='bbox 2527 2623 2672 2660; x_wconf 66' lang='lat' dir='ltr'>saeva</span> <span class='ocrx_word' id='word_1_342' title='bbox 2704 2607 2927 2660; x_wconf 89' lang='lat' dir='ltr'>feritate</span> <span class='ocrx_word' id='word_1_343' title='bbox 2957 2607 3206 2673; x_wconf 87' lang='lat' dir='ltr'>rebellis,</span> 
     </span>
    </p>
   </div>
   <div class='ocr_carea' id='block_1_42' title="bbox 2004 2692 3620 2765">
    <p class='ocr_par' dir='ltr' id='par_1_42' title="bbox 2004 2692 3620 2765">
     <span class='ocr_line' id='line_1_43' title="bbox 2004 2692 3620 2765; baseline -0.001 -16"><span class='ocrx_word' id='word_1_344' title='bbox 2004 2695 2093 2749; x_wconf 92' lang='lat' dir='ltr'>Sic</span> <span class='ocrx_word' id='word_1_345' title='bbox 2124 2699 2243 2749; x_wconf 91' lang='lat' dir='ltr'>erat</span> <span class='ocrx_word' id='word_1_346' title='bbox 2275 2700 2330 2748; x_wconf 92' lang='lat' dir='ltr'>et</span> <span class='ocrx_word' id='word_1_347' title='bbox 2369 2695 2613 2760; x_wconf 87' lang='lat' dir='ltr'>Christo,</span> <span class='ocrx_word' id='word_1_348' title='bbox 2648 2694 2939 2765; x_wconf 87' lang='lat' dir='ltr'>reliquum</span> <span class='ocrx_word' id='word_1_349' title='bbox 2971 2695 3068 2764; x_wconf 80' lang='lat' dir='ltr'>qui</span> <span class='ocrx_word' id='word_1_350' title='bbox 3100 2699 3375 2747; x_wconf 87' lang='lat' dir='ltr'>straverat</span> <span class='ocrx_word' id='word_1_351' title='bbox 3404 2692 3620 2747; x_wconf 89' lang='lat' dir='ltr'>orbem.</span> 
     </span>
    </p>
   </div>
   <div class='ocr_carea' id='block_1_43' title="bbox 2007 2780 3250 2851">
    <p class='ocr_par' dir='ltr' id='par_1_43' title="bbox 2007 2780 3250 2851">
     <span class='ocr_line' id='line_1_44' title="bbox 2007 2780 3250 2851; baseline -0.002 -17"><span class='ocrx_word' id='word_1_352' title='bbox 2007 2781 2342 2851; x_wconf 78' lang='lat' dir='ltr'>Belligionis</span> <span class='ocrx_word' id='word_1_353' title='bbox 2372 2781 2524 2834; x_wconf 91' lang='lat' dir='ltr'>enim</span> <span class='ocrx_word' id='word_1_354' title='bbox 2554 2780 2766 2833; x_wconf 89' lang='lat' dir='ltr'>nudata</span> <span class='ocrx_word' id='word_1_355' title='bbox 2795 2781 3000 2833; x_wconf 91' lang='lat' dir='ltr'>decore</span> <span class='ocrx_word' id='word_1_356' title='bbox 3024 2780 3250 2849; x_wconf 89' lang='lat' dir='ltr'>jacebat</span> 
     </span>
    </p>
   </div>
   <div class='ocr_carea' id='block_1_44' title="bbox 2008 2868 3372 2934">
    <p class='ocr_par' dir='ltr' id='par_1_44' title="bbox 2008 2868 3372 2934">
     <span class='ocr_line' id='line_1_45' title="bbox 2008 2868 3372 2934; baseline -0.001 -13"><span class='ocrx_word' id='word_1_357' title='bbox 2008 2871 2071 2921; x_wconf 91' lang='lat' dir='ltr'>In</span> <span class='ocrx_word' id='word_1_358' title='bbox 2100 2869 2281 2922; x_wconf 92' lang='lat' dir='ltr'>noctis</span> <span class='ocrx_word' id='word_1_359' title='bbox 2312 2869 2581 2933; x_wconf 88' lang='lat' dir='ltr'>tenebris,</span> <span class='ocrx_word' id='word_1_360' title='bbox 2619 2870 2777 2922; x_wconf 91' lang='lat' dir='ltr'>nulla</span> <span class='ocrx_word' id='word_1_361' title='bbox 2807 2868 3090 2921; x_wconf 88' lang='lat' dir='ltr'>illustrata</span> <span class='ocrx_word' id='word_1_362' title='bbox 3117 2869 3372 2934; x_wconf 89' lang='lat' dir='ltr'>lucerna,</span> 
     </span>
    </p>
   </div>
   <div class='ocr_carea' id='block_1_45' title="bbox 196 2928 3630 3031">
    <p class='ocr_par' dir='ltr' id='par_1_45' title="bbox 196 2928 3630 3031">
     <span class='ocr_line' id='line_1_46' title="bbox 196 2928 3630 3031; baseline -0.002 -18"><span class='ocrx_word' id='word_1_363' title='bbox 196 2960 441 3031; x_wconf 88' lang='lat' dir='ltr'>Scripsit</span> <span class='ocrx_word' id='word_1_364' title='bbox 467 2959 761 3013; x_wconf 90' lang='lat' dir='ltr'>hominem</span> <span class='ocrx_word' id='word_1_365' title='bbox 790 2960 1068 3029; x_wconf 90' lang='lat' dir='ltr'>genitum,</span> <span class='ocrx_word' id='word_1_366' title='bbox 1101 2960 1201 3030; x_wconf 89' lang='lat' dir='ltr'>qui</span> <span class='ocrx_word' id='word_1_367' title='bbox 1234 2960 1430 3013; x_wconf 90' lang='lat' dir='ltr'>matris</span> <span class='ocrx_word' id='word_1_368' title='bbox 1463 2960 1638 3014; x_wconf 91' lang='lat' dir='ltr'>ubera</span> <span class='ocrx_word' id='word_1_369' title='bbox 1672 2960 1853 3027; x_wconf 84' lang='lat' dir='ltr'>linxit,</span> <span class='ocrx_word' id='word_1_370' title='bbox 1937 2928 1976 2980; x_wconf 75' lang='grc' dir='ltr'>Β</span> <span class='ocrx_word' id='word_1_371' title='bbox 2008 2956 2485 3026; x_wconf 86' lang='lat' dir='ltr'>Horrendumque</span> <span class='ocrx_word' id='word_1_372' title='bbox 2516 2957 2716 3020; x_wconf 89' lang='lat' dir='ltr'>scelus,</span> <span class='ocrx_word' id='word_1_373' title='bbox 2752 2955 2843 3008; x_wconf 91' lang='lat' dir='ltr'>cui</span> <span class='ocrx_word' id='word_1_374' title='bbox 2873 2960 3076 3009; x_wconf 86' lang='lat' dir='ltr'>cuncta</span> <span class='ocrx_word' id='word_1_375' title='bbox 3107 2955 3372 3009; x_wconf 86' lang='lat' dir='ltr'>nocentia</span> <span class='ocrx_word' id='word_1_376' title='bbox 3396 2954 3630 3021; x_wconf 88' lang='lat' dir='ltr'>cedunt,</span> 
     </span>
    </p>
   </div>
   <div class='ocr_carea' id='block_1_46' title="bbox 195 3046 1891 3116">
    <p class='ocr_par' dir='ltr' id='par_1_46' title="bbox 195 3046 1891 3116">
     <span class='ocr_line' id='line_1_47' title="bbox 195 3046 1891 3116; baseline 0 -14"><span class='ocrx_word' id='word_1_377' title='bbox 195 3048 548 3113; x_wconf 89' lang='lat' dir='ltr'>Perfectum,</span> <span class='ocrx_word' id='word_1_378' title='bbox 584 3063 816 3116; x_wconf 87' lang='lat' dir='ltr'>purum,</span> <span class='ocrx_word' id='word_1_379' title='bbox 854 3047 1097 3116; x_wconf 87' lang='lat' dir='ltr'>justum,</span> <span class='ocrx_word' id='word_1_380' title='bbox 1140 3046 1401 3116; x_wconf 88' lang='lat' dir='ltr'>dignum,</span> <span class='ocrx_word' id='word_1_381' title='bbox 1439 3046 1891 3102; x_wconf 86' lang='lat' dir='ltr'>immaculatum.</span> 
     </span>
    </p>
   </div>
   <div class='ocr_carea' id='block_1_47' title="bbox 193 3134 1610 3206">
    <p class='ocr_par' dir='ltr' id='par_1_47' title="bbox 193 3134 1610 3206">
     <span class='ocr_line' id='line_1_48' title="bbox 193 3134 1610 3206; baseline -0.002 -15"><span class='ocrx_word' id='word_1_382' title='bbox 193 3137 589 3206; x_wconf 81' lang='lat' dir='ltr'>Excelsnsque</span> <span class='ocrx_word' id='word_1_383' title='bbox 611 3134 816 3188; x_wconf 88' lang='lat' dir='ltr'>dehinc</span> <span class='ocrx_word' id='word_1_384' title='bbox 848 3135 1105 3188; x_wconf 88' lang='lat' dir='ltr'>mandati</span> <span class='ocrx_word' id='word_1_385' title='bbox 1135 3134 1346 3188; x_wconf 88' lang='lat' dir='ltr'>famine</span> <span class='ocrx_word' id='word_1_386' title='bbox 1375 3136 1610 3201; x_wconf 83' lang='lat' dir='ltr'>Marcus,</span> 
     </span>
    </p>
   </div>
   <div class='ocr_carea' id='block_1_48' title="bbox 190 3223 1573 3292">
    <p class='ocr_par' dir='ltr' id='par_1_48' title="bbox 190 3223 1573 3292">
     <span class='ocr_line' id='line_1_49' title="bbox 190 3223 1573 3292; baseline -0.001 -14"><span class='ocrx_word' id='word_1_387' title='bbox 190 3228 318 3280; x_wconf 80' lang='lat' dir='ltr'>Vox</span> <span class='ocrx_word' id='word_1_388' title='bbox 348 3224 671 3287; x_wconf 86' lang='lat' dir='ltr'>clamantis,</span> <span class='ocrx_word' id='word_1_389' title='bbox 713 3223 809 3287; x_wconf 87' lang='lat' dir='ltr'>ait,</span> <span class='ocrx_word' id='word_1_390' title='bbox 844 3224 1067 3276; x_wconf 89' lang='lat' dir='ltr'>deserta</span> <span class='ocrx_word' id='word_1_391' title='bbox 1096 3238 1201 3292; x_wconf 91' lang='lat' dir='ltr'>per</span> <span class='ocrx_word' id='word_1_392' title='bbox 1230 3239 1364 3276; x_wconf 89' lang='lat' dir='ltr'>arva</span> <span class='ocrx_word' id='word_1_393' title='bbox 1392 3224 1573 3276; x_wconf 91' lang='lat' dir='ltr'>leonis</span> 
     </span>
    </p>
   </div>
   <div class='ocr_carea' id='block_1_49' title="bbox 192 3311 1697 3382">
    <p class='ocr_par' dir='ltr' id='par_1_49' title="bbox 192 3311 1697 3382">
     <span class='ocr_line' id='line_1_50' title="bbox 192 3311 1697 3382; baseline -0.003 -13"><span class='ocrx_word' id='word_1_394' title='bbox 192 3313 485 3377; x_wconf 89' lang='lat' dir='ltr'>Insonuit,</span> <span class='ocrx_word' id='word_1_395' title='bbox 520 3312 617 3381; x_wconf 90' lang='lat' dir='ltr'>qui</span> <span class='ocrx_word' id='word_1_396' title='bbox 648 3312 709 3365; x_wconf 91' lang='lat' dir='ltr'>in</span> <span class='ocrx_word' id='word_1_397' title='bbox 740 3316 923 3365; x_wconf 89' lang='lat' dir='ltr'>morte</span> <span class='ocrx_word' id='word_1_398' title='bbox 954 3311 1134 3364; x_wconf 91' lang='lat' dir='ltr'>oculis</span> <span class='ocrx_word' id='word_1_399' title='bbox 1167 3312 1437 3365; x_wconf 89' lang='lat' dir='ltr'>dormivit</span> <span class='ocrx_word' id='word_1_400' title='bbox 1467 3313 1697 3382; x_wconf 88' lang='lat' dir='ltr'>apertis.</span> 
     </span>
    </p>
   </div>
   <div class='ocr_carea' id='block_1_50' title="bbox 196 3400 1894 3472">
    <p class='ocr_par' dir='ltr' id='par_1_50' title="bbox 196 3400 1894 3472">
     <span class='ocr_line' id='line_1_51' title="bbox 196 3400 1894 3472; baseline -0.004 -13"><span class='ocrx_word' id='word_1_401' title='bbox 196 3406 482 3472; x_wconf 84' lang='lat' dir='ltr'>Huncque</span> <span class='ocrx_word' id='word_1_402' title='bbox 509 3416 773 3471; x_wconf 89' lang='lat' dir='ltr'>sequens,</span> <span class='ocrx_word' id='word_1_403' title='bbox 810 3404 1087 3470; x_wconf 90' lang='lat' dir='ltr'>quantum</span> <span class='ocrx_word' id='word_1_404' title='bbox 1124 3400 1297 3465; x_wconf 90' lang='lat' dir='ltr'>valui,</span> <span class='ocrx_word' id='word_1_405' title='bbox 1339 3400 1443 3453; x_wconf 90' lang='lat' dir='ltr'>sub</span> <span class='ocrx_word' id='word_1_406' title='bbox 1469 3402 1721 3454; x_wconf 87' lang='lat' dir='ltr'>carmine</span> <span class='ocrx_word' id='word_1_407' title='bbox 1757 3400 1894 3466; x_wconf 85' lang='lat' dir='ltr'>dixi,</span> 
     </span>
    </p>
   </div>
   <div class='ocr_carea' id='block_1_51' title="bbox 192 3488 1894 3558">
    <p class='ocr_par' dir='ltr' id='par_1_51' title="bbox 192 3488 1894 3558">
     <span class='ocr_line' id='line_1_52' title="bbox 192 3488 1894 3558; baseline -0.003 -12"><span class='ocrx_word' id='word_1_408' title='bbox 192 3490 597 3556; x_wconf 88' lang='lat' dir='ltr'>Quadriﬁdum</span> <span class='ocrx_word' id='word_1_409' title='bbox 639 3489 877 3542; x_wconf 81' lang='lat' dir='ltr'>verbum</span> <span class='ocrx_word' id='word_1_410' title='bbox 919 3492 1177 3542; x_wconf 90' lang='lat' dir='ltr'>sanctum</span> <span class='ocrx_word' id='word_1_411' title='bbox 1221 3489 1491 3558; x_wconf 88' lang='lat' dir='ltr'>sparsisse</span> <span class='ocrx_word' id='word_1_412' title='bbox 1532 3505 1637 3558; x_wconf 90' lang='lat' dir='ltr'>per</span> <span class='ocrx_word' id='word_1_413' title='bbox 1676 3488 1894 3543; x_wconf 90' lang='lat' dir='ltr'>orbem.</span> 
     </span>
    </p>
   </div>
   <div class='ocr_carea' id='block_1_52' title="bbox 193 3576 1792 3649">
    <p class='ocr_par' dir='ltr' id='par_1_52' title="bbox 193 3576 1792 3649">
     <span class='ocr_line' id='line_1_53' title="bbox 193 3576 1792 3649; baseline -0.004 -13"><span class='ocrx_word' id='word_1_414' title='bbox 193 3584 682 3649; x_wconf 89' lang='lat' dir='ltr'>Cousurgensque</span> <span class='ocrx_word' id='word_1_415' title='bbox 711 3576 917 3631; x_wconf 91' lang='lat' dir='ltr'>dehinc</span> <span class='ocrx_word' id='word_1_416' title='bbox 947 3578 1097 3647; x_wconf 90' lang='lat' dir='ltr'>quod</span> <span class='ocrx_word' id='word_1_417' title='bbox 1134 3576 1320 3647; x_wconf 88' lang='lat' dir='ltr'>signat</span> <span class='ocrx_word' id='word_1_418' title='bbox 1350 3577 1585 3632; x_wconf 90' lang='lat' dir='ltr'>nomine</span> <span class='ocrx_word' id='word_1_419' title='bbox 1618 3578 1792 3631; x_wconf 90' lang='lat' dir='ltr'>Lucas</span> 
     </span>
    </p>
   </div>
   <div class='ocr_carea' id='block_1_53' title="bbox 190 3662 1579 3731">
    <p class='ocr_par' dir='ltr' id='par_1_53' title="bbox 190 3662 1579 3731">
     <span class='ocr_line' id='line_1_54' title="bbox 190 3662 1579 3731; baseline -0.002 -12"><span class='ocrx_word' id='word_1_420' title='bbox 190 3667 334 3719; x_wconf 83' lang='lat' dir='ltr'>Jura</span> <span class='ocrx_word' id='word_1_421' title='bbox 368 3663 669 3716; x_wconf 89' lang='lat' dir='ltr'>sacerdotii</span> <span class='ocrx_word' id='word_1_422' title='bbox 699 3662 902 3716; x_wconf 79' lang='lat' dir='ltr'>veteris</span> <span class='ocrx_word' id='word_1_423' title='bbox 933 3662 1299 3715; x_wconf 89' lang='lat' dir='ltr'>sermonibus</span> <span class='ocrx_word' id='word_1_424' title='bbox 1328 3676 1351 3704; x_wconf 69' lang='grc' dir='ltr'><strong>δ</strong></span> <span class='ocrx_word' id='word_1_425' title='bbox 1381 3662 1579 3731; x_wconf 87' lang='lat' dir='ltr'>infert,</span> 
     </span>
    </p>
   </div>
   <div class='ocr_carea' id='block_1_54' title="bbox 194 3749 1751 3817">
    <p class='ocr_par' dir='ltr' id='par_1_54' title="bbox 194 3749 1751 3817">
     <span class='ocr_line' id='line_1_55' title="bbox 194 3749 1751 3817; baseline -0.003 -10"><span class='ocrx_word' id='word_1_426' title='bbox 194 3754 324 3817; x_wconf 90' lang='lat' dir='ltr'>Quo</span> <span class='ocrx_word' id='word_1_427' title='bbox 354 3750 557 3814; x_wconf 87' lang='lat' dir='ltr'>crucis,</span> <span class='ocrx_word' id='word_1_428' title='bbox 593 3754 656 3802; x_wconf 91' lang='lat' dir='ltr'>ut</span> <span class='ocrx_word' id='word_1_429' title='bbox 684 3749 912 3813; x_wconf 86' lang='lat' dir='ltr'>vitulus,</span> <span class='ocrx_word' id='word_1_430' title='bbox 946 3750 1203 3803; x_wconf 85' lang='lat' dir='ltr'>Christus</span> <span class='ocrx_word' id='word_1_431' title='bbox 1235 3755 1516 3803; x_wconf 89' lang='lat' dir='ltr'>mactatur</span> <span class='ocrx_word' id='word_1_432' title='bbox 1545 3751 1605 3803; x_wconf 92' lang='lat' dir='ltr'>in</span> <span class='ocrx_word' id='word_1_433' title='bbox 1637 3765 1751 3803; x_wconf 90' lang='lat' dir='ltr'>ara.</span> 
     </span>
    </p>
   </div>
   <div class='ocr_carea' id='block_1_55' title="bbox 194 3835 1531 3905">
    <p class='ocr_par' dir='ltr' id='par_1_55' title="bbox 194 3835 1531 3905">
     <span class='ocr_line' id='line_1_56' title="bbox 194 3835 1531 3905; baseline -0.002 -13"><span class='ocrx_word' id='word_1_434' title='bbox 194 3840 324 3903; x_wconf 89' lang='lat' dir='ltr'>Quo</span> <span class='ocrx_word' id='word_1_435' title='bbox 358 3838 526 3904; x_wconf 86' lang='lat' dir='ltr'>lecto,</span> <span class='ocrx_word' id='word_1_436' title='bbox 557 3836 747 3890; x_wconf 89' lang='lat' dir='ltr'>sedem</span> <span class='ocrx_word' id='word_1_437' title='bbox 780 3835 1091 3888; x_wconf 84' lang='lat' dir='ltr'>monstravi</span> <span class='ocrx_word' id='word_1_438' title='bbox 1123 3836 1531 3905; x_wconf 83' lang='lat' dir='ltr'>pontificalem,</span> 
     </span>
    </p>
   </div>
   <div class='ocr_carea' id='block_1_56' title="bbox 196 3922 1627 3993">
    <p class='ocr_par' dir='ltr' id='par_1_56' title="bbox 196 3922 1627 3993">
     <span class='ocr_line' id='line_1_57' title="bbox 196 3922 1627 3993; baseline -0.003 -11"><span class='ocrx_word' id='word_1_439' title='bbox 196 3924 615 3982; x_wconf 88' lang='lat' dir='ltr'>Conscendisse</span> <span class='ocrx_word' id='word_1_440' title='bbox 646 3923 851 3989; x_wconf 90' lang='lat' dir='ltr'>virum,</span> <span class='ocrx_word' id='word_1_441' title='bbox 882 3922 1067 3976; x_wconf 89' lang='lat' dir='ltr'>fuerat</span> <span class='ocrx_word' id='word_1_442' title='bbox 1100 3923 1199 3993; x_wconf 92' lang='lat' dir='ltr'>qui</span> <span class='ocrx_word' id='word_1_443' title='bbox 1231 3923 1456 3976; x_wconf 90' lang='lat' dir='ltr'>victima</span> <span class='ocrx_word' id='word_1_444' title='bbox 1486 3923 1627 3977; x_wconf 89' lang='lat' dir='ltr'>viva.</span> 
     </span>
    </p>
   </div>
   <div class='ocr_carea' id='block_1_57' title="bbox 199 4010 1636 4082">
    <p class='ocr_par' dir='ltr' id='par_1_57' title="bbox 199 4010 1636 4082">
     <span class='ocr_line' id='line_1_58' title="bbox 199 4010 1636 4082; baseline -0.002 -14"><span class='ocrx_word' id='word_1_445' title='bbox 199 4013 481 4068; x_wconf 81' lang='lat' dir='ltr'>Flaminis</span> <span class='ocrx_word' id='word_1_446' title='bbox 512 4017 569 4065; x_wconf 89' lang='lat' dir='ltr'>et</span> <span class='ocrx_word' id='word_1_447' title='bbox 593 4012 735 4065; x_wconf 88' lang='lat' dir='ltr'>sacri</span> <span class='ocrx_word' id='word_1_448' title='bbox 761 4011 897 4082; x_wconf 91' lang='lat' dir='ltr'>quia</span> <span class='ocrx_word' id='word_1_449' title='bbox 924 4012 1110 4081; x_wconf 88' lang='lat' dir='ltr'>gratia</span> <span class='ocrx_word' id='word_1_450' title='bbox 1139 4012 1265 4064; x_wconf 90' lang='lat' dir='ltr'>fusa</span> <span class='ocrx_word' id='word_1_451' title='bbox 1293 4010 1502 4065; x_wconf 83' lang='lat' dir='ltr'>Joanni</span> <span class='ocrx_word' id='word_1_452' title='bbox 1533 4017 1636 4079; x_wconf 88' lang='lat' dir='ltr'>est,</span> 
     </span>
    </p>
   </div>
   <div class='ocr_carea' id='block_1_58' title="bbox 198 4100 1655 4170">
    <p class='ocr_par' dir='ltr' id='par_1_58' title="bbox 198 4100 1655 4170">
     <span class='ocr_line' id='line_1_59' title="bbox 198 4100 1655 4170; baseline -0.003 -13"><span class='ocrx_word' id='word_1_453' title='bbox 198 4103 403 4157; x_wconf 86' lang='lat' dir='ltr'>Evolat</span> <span class='ocrx_word' id='word_1_454' title='bbox 428 4106 492 4154; x_wconf 89' lang='lat' dir='ltr'>ut</span> <span class='ocrx_word' id='word_1_455' title='bbox 520 4100 725 4170; x_wconf 90' lang='lat' dir='ltr'>pennis</span> <span class='ocrx_word' id='word_1_456' title='bbox 755 4100 963 4170; x_wconf 71' lang='lat' dir='ltr'>aquilas</span> <span class='ocrx_word' id='word_1_457' title='bbox 991 4116 1164 4169; x_wconf 89' lang='lat' dir='ltr'>super</span> <span class='ocrx_word' id='word_1_458' title='bbox 1194 4101 1411 4154; x_wconf 68' lang='lat' dir='ltr'>aethera</span> <span class='ocrx_word' id='word_1_459' title='bbox 1441 4104 1655 4168; x_wconf 84' lang='lat' dir='ltr'>vectus,</span> 
     </span>
    </p>
   </div>
   <div class='ocr_carea' id='block_1_59' title="bbox 2004 3044 3583 3115">
    <p class='ocr_par' dir='ltr' id='par_1_59' title="bbox 2004 3044 3583 3115">
     <span class='ocr_line' id='line_1_60' title="bbox 2004 3044 3583 3115; baseline -0.001 -18"><span class='ocrx_word' id='word_1_460' title='bbox 2004 3044 2128 3109; x_wconf 87' lang='lat' dir='ltr'>Quo</span> <span class='ocrx_word' id='word_1_461' title='bbox 2158 3044 2430 3115; x_wconf 87' lang='lat' dir='ltr'>gignente</span> <span class='ocrx_word' id='word_1_462' title='bbox 2464 3045 2649 3097; x_wconf 91' lang='lat' dir='ltr'>solent</span> <span class='ocrx_word' id='word_1_463' title='bbox 2680 3044 2938 3114; x_wconf 59' lang='lat' dir='ltr'>reliquias</span> <span class='ocrx_word' id='word_1_464' title='bbox 2971 3059 3339 3097; x_wconf 91' lang='lat' dir='ltr'>concrescere</span> <span class='ocrx_word' id='word_1_465' title='bbox 3374 3047 3583 3113; x_wconf 90' lang='lat' dir='ltr'>pestes,</span> 
     </span>
    </p>
   </div>
   <div class='ocr_carea' id='block_1_60' title="bbox 2006 3130 3701 3188">
    <p class='ocr_par' dir='ltr' id='par_1_60' title="bbox 2006 3130 3701 3188">
     <span class='ocr_line' id='line_1_61' title="bbox 2006 3130 3701 3188; baseline -0.003 -1"><span class='ocrx_word' id='word_1_466' title='bbox 2006 3134 2234 3188; x_wconf 88' lang='lat' dir='ltr'>Cultum</span> <span class='ocrx_word' id='word_1_467' title='bbox 2267 3132 2488 3187; x_wconf 88' lang='lat' dir='ltr'>Christo</span> <span class='ocrx_word' id='word_1_468' title='bbox 2515 3132 2765 3186; x_wconf 91' lang='lat' dir='ltr'>habilem</span> <span class='ocrx_word' id='word_1_469' title='bbox 2793 3138 2952 3185; x_wconf 90' lang='lat' dir='ltr'>muta</span> <span class='ocrx_word' id='word_1_470' title='bbox 2973 3132 3041 3185; x_wconf 89' lang='lat' dir='ltr'>ad</span> <span class='ocrx_word' id='word_1_471' title='bbox 3069 3132 3374 3186; x_wconf 88' lang='lat' dir='ltr'>simulacra</span> <span class='ocrx_word' id='word_1_472' title='bbox 3404 3130 3701 3185; x_wconf 82' lang='lat' dir='ltr'>reflectens</span> 
     </span>
    </p>
   </div>
   <div class='ocr_carea' id='block_1_61' title="bbox 2004 3220 3230 3275">
    <p class='ocr_par' dir='ltr' id='par_1_61' title="bbox 2004 3220 3230 3275">
     <span class='ocr_line' id='line_1_62' title="bbox 2004 3220 3230 3275; baseline -0.002 0"><span class='ocrx_word' id='word_1_473' title='bbox 2004 3222 2161 3275; x_wconf 92' lang='lat' dir='ltr'>Idola</span> <span class='ocrx_word' id='word_1_474' title='bbox 2198 3221 2463 3275; x_wconf 90' lang='lat' dir='ltr'>credebat</span> <span class='ocrx_word' id='word_1_475' title='bbox 2492 3237 2705 3273; x_wconf 89' lang='lat' dir='ltr'>numen</span> <span class='ocrx_word' id='word_1_476' title='bbox 2736 3220 2971 3273; x_wconf 86' lang='lat' dir='ltr'>Deitatis</span> <span class='ocrx_word' id='word_1_477' title='bbox 3001 3220 3230 3274; x_wconf 90' lang='lat' dir='ltr'>habere.</span> 
     </span>
    </p>
   </div>
   <div class='ocr_carea' id='block_1_62' title="bbox 2007 3309 3295 3380">
    <p class='ocr_par' dir='ltr' id='par_1_62' title="bbox 2007 3309 3295 3380">
     <span class='ocr_line' id='line_1_63' title="bbox 2007 3309 3295 3380; baseline -0.002 -16"><span class='ocrx_word' id='word_1_478' title='bbox 2007 3312 2116 3365; x_wconf 85' lang='lat' dir='ltr'>Hos</span> <span class='ocrx_word' id='word_1_479' title='bbox 2151 3310 2247 3364; x_wconf 91' lang='lat' dir='ltr'>ubi</span> <span class='ocrx_word' id='word_1_480' title='bbox 2278 3326 2516 3363; x_wconf 88' lang='lat' dir='ltr'>vesanos</span> <span class='ocrx_word' id='word_1_481' title='bbox 2548 3325 2799 3363; x_wconf 90' lang='lat' dir='ltr'>errorem</span> <span class='ocrx_word' id='word_1_482' title='bbox 2827 3309 3108 3380; x_wconf 90' lang='lat' dir='ltr'>comperit</span> <span class='ocrx_word' id='word_1_483' title='bbox 3136 3313 3295 3362; x_wconf 91' lang='lat' dir='ltr'>actus</span> 
     </span>
    </p>
   </div>
   <div class='ocr_carea' id='block_1_63' title="bbox 2007 3394 3702 3468">
    <p class='ocr_par' dir='ltr' id='par_1_63' title="bbox 2007 3394 3702 3468">
     <span class='ocr_line' id='line_1_64' title="bbox 2007 3394 3702 3468; baseline -0.004 -14"><span class='ocrx_word' id='word_1_484' title='bbox 2007 3400 2220 3454; x_wconf 70' lang='lat' dir='ltr'>Prtesul</span> <span class='ocrx_word' id='word_1_485' title='bbox 2241 3400 2552 3464; x_wconf 88' lang='lat' dir='ltr'>Amandus,</span> <span class='ocrx_word' id='word_1_486' title='bbox 2583 3399 2652 3451; x_wconf 92' lang='lat' dir='ltr'>ab</span> <span class='ocrx_word' id='word_1_487' title='bbox 2676 3398 2783 3467; x_wconf 87' lang='lat' dir='ltr'>his,</span> <span class='ocrx_word' id='word_1_488' title='bbox 2811 3414 2955 3468; x_wconf 90' lang='lat' dir='ltr'>quos</span> <span class='ocrx_word' id='word_1_489' title='bbox 2977 3398 3218 3451; x_wconf 84' lang='lat' dir='ltr'>fratrum</span> <span class='ocrx_word' id='word_1_490' title='bbox 3244 3396 3473 3449; x_wconf 90' lang='lat' dir='ltr'>nomine</span> <span class='ocrx_word' id='word_1_491' title='bbox 3499 3394 3702 3464; x_wconf 90' lang='lat' dir='ltr'>dignos</span> 
     </span>
    </p>
   </div>
   <div class='ocr_carea' id='block_1_64' title="bbox 2010 3485 3379 3555">
    <p class='ocr_par' dir='ltr' id='par_1_64' title="bbox 2010 3485 3379 3555">
     <span class='ocr_line' id='line_1_65' title="bbox 2010 3485 3379 3555; baseline -0.003 -13"><span class='ocrx_word' id='word_1_492' title='bbox 2010 3490 2259 3555; x_wconf 89' lang='lat' dir='ltr'>Fecerat,</span> <span class='ocrx_word' id='word_1_493' title='bbox 2296 3503 2584 3555; x_wconf 79' lang='lat' dir='ltr'>accensus,</span> <span class='ocrx_word' id='word_1_494' title='bbox 2618 3487 2823 3540; x_wconf 89' lang='lat' dir='ltr'>horum</span> <span class='ocrx_word' id='word_1_495' title='bbox 2857 3487 3171 3540; x_wconf 88' lang='lat' dir='ltr'>celeranter</span> <span class='ocrx_word' id='word_1_496' title='bbox 3204 3485 3379 3539; x_wconf 88' lang='lat' dir='ltr'>adivit</span> 
     </span>
    </p>
   </div>
   <div class='ocr_carea' id='block_1_65' title="bbox 2007 3574 3331 3647">
    <p class='ocr_par' dir='ltr' id='par_1_65' title="bbox 2007 3574 3331 3647">
     <span class='ocr_line' id='line_1_66' title="bbox 2007 3574 3331 3647; baseline -0.005 -15"><span class='ocrx_word' id='word_1_497' title='bbox 2007 3577 2255 3647; x_wconf 87' lang='lat' dir='ltr'>Belliger</span> <span class='ocrx_word' id='word_1_498' title='bbox 2282 3576 2524 3646; x_wconf 86' lang='lat' dir='ltr'>insignis</span> <span class='ocrx_word' id='word_1_499' title='bbox 2552 3581 2731 3629; x_wconf 83' lang='lat' dir='ltr'>terras</span> <span class='ocrx_word' id='word_1_500' title='bbox 2756 3592 2768 3629; x_wconf 85' lang='lat'><strong>:</strong></span> <span class='ocrx_word' id='word_1_501' title='bbox 2808 3580 2867 3627; x_wconf 91' lang='lat' dir='ltr'>ut</span> <span class='ocrx_word' id='word_1_502' title='bbox 2895 3576 3095 3645; x_wconf 66' lang='lat' dir='ltr'>praelia</span> <span class='ocrx_word' id='word_1_503' title='bbox 3125 3574 3331 3628; x_wconf 87' lang='lat' dir='ltr'>Christi</span> 
     </span>
    </p>
   </div>
   <div class='ocr_carea' id='block_1_66' title="bbox 2008 3662 3279 3734">
    <p class='ocr_par' dir='ltr' id='par_1_66' title="bbox 2008 3662 3279 3734">
     <span class='ocr_line' id='line_1_67' title="bbox 2008 3662 3279 3734; baseline -0.002 -16"><span class='ocrx_word' id='word_1_504' title='bbox 2008 3666 2275 3733; x_wconf 88' lang='lat' dir='ltr'>Bellaret,</span> <span class='ocrx_word' id='word_1_505' title='bbox 2305 3667 2634 3734; x_wconf 88' lang='lat' dir='ltr'>pariterque</span> <span class='ocrx_word' id='word_1_506' title='bbox 2669 3664 2758 3717; x_wconf 91' lang='lat' dir='ltr'>sui</span> <span class='ocrx_word' id='word_1_507' title='bbox 2789 3664 3081 3732; x_wconf 88' lang='lat' dir='ltr'>signacula</span> <span class='ocrx_word' id='word_1_508' title='bbox 3114 3662 3279 3732; x_wconf 83' lang='lat' dir='ltr'>Regis</span> 
     </span>
    </p>
   </div>
   <div class='ocr_carea' id='block_1_67' title="bbox 2007 3751 3181 3822">
    <p class='ocr_par' dir='ltr' id='par_1_67' title="bbox 2007 3751 3181 3822">
     <span class='ocr_line' id='line_1_68' title="bbox 2007 3751 3181 3822; baseline -0.004 -16"><span class='ocrx_word' id='word_1_509' title='bbox 2007 3753 2253 3806; x_wconf 89' lang='lat' dir='ltr'>Invictus</span> <span class='ocrx_word' id='word_1_510' title='bbox 2282 3753 2449 3805; x_wconf 87' lang='lat' dir='ltr'>miles</span> <span class='ocrx_word' id='word_1_511' title='bbox 2481 3752 2730 3822; x_wconf 62' lang='lat' dir='ltr'>praefatis</span> <span class='ocrx_word' id='word_1_512' title='bbox 2760 3752 2982 3805; x_wconf 87' lang='lat' dir='ltr'>inderet</span> <span class='ocrx_word' id='word_1_513' title='bbox 3014 3751 3181 3804; x_wconf 87' lang='lat' dir='ltr'>arvis.</span> 
     </span>
    </p>
   </div>
   <div class='ocr_carea' id='block_1_68' title="bbox 2009 3839 3314 3910">
    <p class='ocr_par' dir='ltr' id='par_1_68' title="bbox 2009 3839 3314 3910">
     <span class='ocr_line' id='line_1_69' title="bbox 2009 3839 3314 3910; baseline -0.003 -16"><span class='ocrx_word' id='word_1_514' title='bbox 2009 3842 2078 3894; x_wconf 91' lang='lat' dir='ltr'>Ut</span> <span class='ocrx_word' id='word_1_515' title='bbox 2108 3841 2152 3893; x_wconf 90' lang='lat' dir='ltr'>si</span> <span class='ocrx_word' id='word_1_516' title='bbox 2185 3841 2527 3910; x_wconf 88' lang='lat' dir='ltr'>multiplices</span> <span class='ocrx_word' id='word_1_517' title='bbox 2554 3856 2669 3893; x_wconf 89' lang='lat' dir='ltr'>non</span> <span class='ocrx_word' id='word_1_518' title='bbox 2696 3844 2887 3910; x_wconf 89' lang='lat' dir='ltr'>posset</span> <span class='ocrx_word' id='word_1_519' title='bbox 2909 3839 3040 3908; x_wconf 86' lang='lat' dir='ltr'>jure</span> <span class='ocrx_word' id='word_1_520' title='bbox 3062 3843 3314 3891; x_wconf 88' lang='lat' dir='ltr'>catervas</span> 
     </span>
    </p>
   </div>
   <div class='ocr_carea' id='block_1_69' title="bbox 2010 3927 3700 3999">
    <p class='ocr_par' dir='ltr' id='par_1_69' title="bbox 2010 3927 3700 3999">
     <span class='ocr_line' id='line_1_70' title="bbox 2010 3927 3700 3999; baseline -0.002 -18"><span class='ocrx_word' id='word_1_521' title='bbox 2010 3930 2267 3995; x_wconf 89' lang='lat' dir='ltr'>Vincere,</span> <span class='ocrx_word' id='word_1_522' title='bbox 2300 3931 2386 3983; x_wconf 87' lang='lat' dir='ltr'>vel</span> <span class='ocrx_word' id='word_1_523' title='bbox 2418 3930 2718 3999; x_wconf 87' lang='lat' dir='ltr'>pulchram</span> <span class='ocrx_word' id='word_1_524' title='bbox 2750 3930 2981 3998; x_wconf 89' lang='lat' dir='ltr'>caperet</span> <span class='ocrx_word' id='word_1_525' title='bbox 3019 3943 3122 3996; x_wconf 89' lang='lat' dir='ltr'>per</span> <span class='ocrx_word' id='word_1_526' title='bbox 3152 3927 3391 3979; x_wconf 88' lang='lat' dir='ltr'>vulnera</span> <span class='ocrx_word' id='word_1_527' title='bbox 3422 3928 3700 3977; x_wconf 88' lang='lat' dir='ltr'>mortem:</span> 
     </span>
    </p>
   </div>
   <div class='ocr_carea' id='block_1_70' title="bbox 2012 4014 3391 4088">
    <p class='ocr_par' dir='ltr' id='par_1_70' title="bbox 2012 4014 3391 4088">
     <span class='ocr_line' id='line_1_71' title="bbox 2012 4014 3391 4088; baseline -0.004 -17"><span class='ocrx_word' id='word_1_528' title='bbox 2012 4019 2271 4088; x_wconf 91' lang='lat' dir='ltr'>Dumque</span> <span class='ocrx_word' id='word_1_529' title='bbox 2303 4016 2382 4071; x_wconf 91' lang='lat' dir='ltr'>ibi</span> <span class='ocrx_word' id='word_1_530' title='bbox 2406 4016 2643 4070; x_wconf 84' lang='lat' dir='ltr'>viviﬁcis</span> <span class='ocrx_word' id='word_1_531' title='bbox 2674 4016 2910 4069; x_wconf 88' lang='lat' dir='ltr'>inferret</span> <span class='ocrx_word' id='word_1_532' title='bbox 2940 4016 3156 4085; x_wconf 86' lang='lat' dir='ltr'>spicula</span> <span class='ocrx_word' id='word_1_533' title='bbox 3186 4014 3391 4081; x_wconf 88' lang='lat' dir='ltr'>contis,</span> 
     </span>
    </p>
   </div>
   <div class='ocr_carea' id='block_1_71' title="bbox 2010 4102 3449 4176">
    <p class='ocr_par' dir='ltr' id='par_1_71' title="bbox 2010 4102 3449 4176">
     <span class='ocr_line' id='line_1_72' title="bbox 2010 4102 3449 4176; baseline -0.006 -15"><span class='ocrx_word' id='word_1_534' title='bbox 2010 4108 2076 4160; x_wconf 87' lang='lat' dir='ltr'>Et</span> <span class='ocrx_word' id='word_1_535' title='bbox 2104 4107 2313 4161; x_wconf 90' lang='lat' dir='ltr'>multos</span> <span class='ocrx_word' id='word_1_536' title='bbox 2344 4112 2601 4176; x_wconf 69' lang='lat' dir='ltr'>aequaret</span> <span class='ocrx_word' id='word_1_537' title='bbox 2630 4106 2827 4169; x_wconf 91' lang='lat' dir='ltr'>humo,</span> <span class='ocrx_word' id='word_1_538' title='bbox 2860 4104 3177 4173; x_wconf 87' lang='lat' dir='ltr'>falsamque</span> <span class='ocrx_word' id='word_1_539' title='bbox 3205 4102 3449 4156; x_wconf 90' lang='lat' dir='ltr'>deorum</span> 
     </span>
    </p>
   </div>
   <div class='ocr_carea' id='block_1_72' title="bbox 198 4189 3420 4261">
    <p class='ocr_par' dir='ltr' id='par_1_72' title="bbox 198 4189 3420 4261">
     <span class='ocr_line' id='line_1_73' title="bbox 198 4189 3420 4261; baseline -0.001 -16"><span class='ocrx_word' id='word_1_540' title='bbox 198 4190 558 4259; x_wconf 90' lang='lat' dir='ltr'>Principium</span> <span class='ocrx_word' id='word_1_541' title='bbox 587 4189 759 4257; x_wconf 89' lang='lat' dir='ltr'>canit,</span> <span class='ocrx_word' id='word_1_542' title='bbox 784 4194 954 4259; x_wconf 90' lang='lat' dir='ltr'>atque</span> <span class='ocrx_word' id='word_1_543' title='bbox 974 4193 1103 4243; x_wconf 90' lang='lat' dir='ltr'>ante</span> <span class='ocrx_word' id='word_1_544' title='bbox 1131 4189 1326 4241; x_wconf 88' lang='lat' dir='ltr'>omnia</span> <span class='ocrx_word' id='word_1_545' title='bbox 1346 4195 1610 4259; x_wconf 78' lang='lat' dir='ltr'>tempora</span> <span class='ocrx_word' id='word_1_546' title='bbox 1630 4190 1899 4245; x_wconf 90' lang='lat' dir='ltr'>Verbum.</span> <span class='ocrx_word' id='word_1_547' title='bbox 1942 4207 1980 4260; x_wconf 73' lang='grc' dir='ltr'><strong>ρ</strong></span> <span class='ocrx_word' id='word_1_548' title='bbox 2010 4197 2302 4251; x_wconf 79' lang='lat' dir='ltr'>Sterneret</span> <span class='ocrx_word' id='word_1_549' title='bbox 2328 4196 2393 4249; x_wconf 86' lang='lat' dir='ltr'>ad</span> <span class='ocrx_word' id='word_1_550' title='bbox 2429 4201 2638 4248; x_wconf 83' lang='lat' dir='ltr'>terram</span> <span class='ocrx_word' id='word_1_551' title='bbox 2670 4199 2995 4248; x_wconf 85' lang='lat' dir='ltr'>constanter</span> <span class='ocrx_word' id='word_1_552' title='bbox 3026 4192 3420 4261; x_wconf 85' lang='lat' dir='ltr'>relligionem;</span> 
     </span>
    </p>
   </div>
   <div class='ocr_carea' id='block_1_73' title="bbox 199 4276 1687 4349">
    <p class='ocr_par' dir='ltr' id='par_1_73' title="bbox 199 4276 1687 4349">
     <span class='ocr_line' id='line_1_74' title="bbox 199 4276 1687 4349; baseline -0.001 -16"><span class='ocrx_word' id='word_1_553' title='bbox 199 4282 416 4349; x_wconf 86' lang='lat' dir='ltr'>Estque</span> <span class='ocrx_word' id='word_1_554' title='bbox 446 4277 536 4328; x_wconf 87' lang='lat' dir='ltr'>via</span> <span class='ocrx_word' id='word_1_555' title='bbox 565 4276 737 4329; x_wconf 89' lang='lat' dir='ltr'>simili</span> <span class='ocrx_word' id='word_1_556' title='bbox 769 4291 859 4329; x_wconf 90' lang='lat' dir='ltr'>me</span> <span class='ocrx_word' id='word_1_557' title='bbox 891 4292 1042 4329; x_wconf 90' lang='lat' dir='ltr'>nunc</span> <span class='ocrx_word' id='word_1_558' title='bbox 1079 4292 1389 4346; x_wconf 89' lang='lat' dir='ltr'>properare</span> <span class='ocrx_word' id='word_1_559' title='bbox 1421 4293 1687 4332; x_wconf 91' lang='lat' dir='ltr'>necesse:</span> 
     </span>
    </p>
   </div>
   <div class='ocr_carea' id='block_1_74' title="bbox 156 4364 1903 4434">
    <p class='ocr_par' dir='ltr' id='par_1_74' title="bbox 156 4364 1903 4434">
     <span class='ocr_line' id='line_1_75' title="bbox 156 4364 1903 4434; baseline -0.001 -12"><span class='ocrx_word' id='word_1_560' title='bbox 156 4390 165 4399; x_wconf 90' lang='grc'>·</span> <span class='ocrx_word' id='word_1_561' title='bbox 198 4371 385 4423; x_wconf 88' lang='lat' dir='ltr'>Instat</span> <span class='ocrx_word' id='word_1_562' title='bbox 426 4366 582 4418; x_wconf 88' lang='lat' dir='ltr'>enim</span> <span class='ocrx_word' id='word_1_563' title='bbox 619 4380 942 4418; x_wconf 86' lang='lat' dir='ltr'>memorare</span> <span class='ocrx_word' id='word_1_564' title='bbox 982 4364 1157 4419; x_wconf 91' lang='lat' dir='ltr'>itiner</span> <span class='ocrx_word' id='word_1_565' title='bbox 1195 4381 1310 4434; x_wconf 87' lang='lat' dir='ltr'>quo</span> <span class='ocrx_word' id='word_1_566' title='bbox 1342 4371 1569 4419; x_wconf 90' lang='lat' dir='ltr'>sanctus</span> <span class='ocrx_word' id='word_1_567' title='bbox 1608 4368 1903 4420; x_wconf 86' lang='lat' dir='ltr'>Amandus</span> 
     </span>
    </p>
   </div>
   <div class='ocr_carea' id='block_1_75' title="bbox 196 4454 1775 4525">
    <p class='ocr_par' dir='ltr' id='par_1_75' title="bbox 196 4454 1775 4525">
     <span class='ocr_line' id='line_1_76' title="bbox 196 4454 1775 4525; baseline -0.001 -14"><span class='ocrx_word' id='word_1_568' title='bbox 196 4456 379 4511; x_wconf 87' lang='lat' dir='ltr'>Iverit</span> <span class='ocrx_word' id='word_1_569' title='bbox 408 4454 481 4507; x_wconf 91' lang='lat' dir='ltr'>ad</span> <span class='ocrx_word' id='word_1_570' title='bbox 515 4454 835 4515; x_wconf 89' lang='lat' dir='ltr'>Dominum,</span> <span class='ocrx_word' id='word_1_571' title='bbox 872 4454 1102 4507; x_wconf 88' lang='lat' dir='ltr'>meritos</span> <span class='ocrx_word' id='word_1_572' title='bbox 1133 4460 1468 4525; x_wconf 88' lang='lat' dir='ltr'>sumpturus</span> <span class='ocrx_word' id='word_1_573' title='bbox 1494 4454 1738 4509; x_wconf 90' lang='lat' dir='ltr'>honores</span> <span class='ocrx_word' id='word_1_574' title='bbox 1764 4472 1775 4509; x_wconf 93' lang='lat'><strong>:</strong></span> 
     </span>
    </p>
   </div>
   <div class='ocr_carea' id='block_1_76' title="bbox 198 4542 1674 4613">
    <p class='ocr_par' dir='ltr' id='par_1_76' title="bbox 198 4542 1674 4613">
     <span class='ocr_line' id='line_1_77' title="bbox 198 4542 1674 4613; baseline -0.001 -15"><span class='ocrx_word' id='word_1_575' title='bbox 198 4543 415 4598; x_wconf 88' lang='lat' dir='ltr'>Viserit</span> <span class='ocrx_word' id='word_1_576' title='bbox 441 4548 499 4597; x_wconf 91' lang='lat' dir='ltr'>et</span> <span class='ocrx_word' id='word_1_577' title='bbox 529 4543 785 4613; x_wconf 89' lang='lat' dir='ltr'>requiem</span> <span class='ocrx_word' id='word_1_578' title='bbox 815 4542 1028 4596; x_wconf 63' lang='lat' dir='ltr'>caelesti</span> <span class='ocrx_word' id='word_1_579' title='bbox 1057 4542 1116 4596; x_wconf 92' lang='lat' dir='ltr'>in</span> <span class='ocrx_word' id='word_1_580' title='bbox 1148 4543 1397 4597; x_wconf 90' lang='lat' dir='ltr'>culmine</span> <span class='ocrx_word' id='word_1_581' title='bbox 1431 4549 1674 4613; x_wconf 87' lang='lat' dir='ltr'>partam,</span> 
     </span>
    </p>
   </div>
   <div class='ocr_carea' id='block_1_77' title="bbox 198 4630 1685 4701">
    <p class='ocr_par' dir='ltr' id='par_1_77' title="bbox 198 4630 1685 4701">
     <span class='ocr_line' id='line_1_78' title="bbox 198 4630 1685 4701; baseline -0.002 -15"><span class='ocrx_word' id='word_1_582' title='bbox 198 4634 328 4698; x_wconf 88' lang='lat' dir='ltr'>Quo</span> <span class='ocrx_word' id='word_1_583' title='bbox 360 4648 452 4685; x_wconf 90' lang='lat' dir='ltr'>me</span> <span class='ocrx_word' id='word_1_584' title='bbox 485 4632 642 4683; x_wconf 92' lang='lat' dir='ltr'>nulla</span> <span class='ocrx_word' id='word_1_585' title='bbox 672 4632 821 4684; x_wconf 88' lang='lat' dir='ltr'>levat</span> <span class='ocrx_word' id='word_1_586' title='bbox 843 4630 1123 4683; x_wconf 85' lang='lat' dir='ltr'>factorum</span> <span class='ocrx_word' id='word_1_587' title='bbox 1155 4647 1347 4701; x_wconf 88' lang='lat' dir='ltr'>penna</span> <span class='ocrx_word' id='word_1_588' title='bbox 1377 4632 1685 4685; x_wconf 90' lang='lat' dir='ltr'>bonorum.</span> 
     </span>
    </p>
   </div>
   <div class='ocr_carea' id='block_1_78' title="bbox 198 4720 1595 4790">
    <p class='ocr_par' dir='ltr' id='par_1_78' title="bbox 198 4720 1595 4790">
     <span class='ocr_line' id='line_1_79' title="bbox 198 4720 1595 4790; baseline 0 -15"><span class='ocrx_word' id='word_1_589' title='bbox 198 4723 359 4775; x_wconf 87' lang='lat' dir='ltr'>Velle</span> <span class='ocrx_word' id='word_1_590' title='bbox 395 4736 550 4773; x_wconf 89' lang='lat' dir='ltr'>meos</span> <span class='ocrx_word' id='word_1_591' title='bbox 581 4720 803 4773; x_wconf 91' lang='lat' dir='ltr'>animos</span> <span class='ocrx_word' id='word_1_592' title='bbox 830 4721 975 4784; x_wconf 89' lang='lat' dir='ltr'>urit;</span> <span class='ocrx_word' id='word_1_593' title='bbox 1005 4720 1104 4773; x_wconf 90' lang='lat' dir='ltr'>sed</span> <span class='ocrx_word' id='word_1_594' title='bbox 1133 4736 1299 4790; x_wconf 91' lang='lat' dir='ltr'>posse</span> <span class='ocrx_word' id='word_1_595' title='bbox 1328 4725 1595 4775; x_wconf 88' lang='lat' dir='ltr'>retentat.</span> 
     </span>
    </p>
   </div>
   <div class='ocr_carea' id='block_1_79' title="bbox 200 4808 1634 4879">
    <p class='ocr_par' dir='ltr' id='par_1_79' title="bbox 200 4808 1634 4879">
     <span class='ocr_line' id='line_1_80' title="bbox 200 4808 1634 4879; baseline -0.001 -15"><span class='ocrx_word' id='word_1_596' title='bbox 200 4813 451 4865; x_wconf 84' lang='lat' dir='ltr'>Currere</span> <span class='ocrx_word' id='word_1_597' title='bbox 478 4808 678 4879; x_wconf 88' lang='lat' dir='ltr'>lingua</span> <span class='ocrx_word' id='word_1_598' title='bbox 707 4808 891 4878; x_wconf 89' lang='lat' dir='ltr'>cupit;</span> <span class='ocrx_word' id='word_1_599' title='bbox 925 4808 1129 4863; x_wconf 91' lang='lat' dir='ltr'>stridet</span> <span class='ocrx_word' id='word_1_600' title='bbox 1163 4808 1258 4862; x_wconf 85' lang='lat' dir='ltr'>sed</span> <span class='ocrx_word' id='word_1_601' title='bbox 1284 4809 1476 4862; x_wconf 88' lang='lat' dir='ltr'>nescia</span> <span class='ocrx_word' id='word_1_602' title='bbox 1506 4810 1634 4863; x_wconf 91' lang='lat' dir='ltr'>fari.</span> 
     </span>
    </p>
   </div>
   <div class='ocr_carea' id='block_1_80' title="bbox 198 4896 1598 4964">
    <p class='ocr_par' dir='ltr' id='par_1_80' title="bbox 198 4896 1598 4964">
     <span class='ocr_line' id='line_1_81' title="bbox 198 4896 1598 4964; baseline -0.001 -10"><span class='ocrx_word' id='word_1_603' title='bbox 198 4898 405 4954; x_wconf 87' lang='lat' dir='ltr'>Cordis</span> <span class='ocrx_word' id='word_1_604' title='bbox 432 4898 491 4950; x_wconf 92' lang='lat' dir='ltr'>in</span> <span class='ocrx_word' id='word_1_605' title='bbox 524 4912 661 4950; x_wconf 86' lang='lat' dir='ltr'>aure</span> <span class='ocrx_word' id='word_1_606' title='bbox 692 4902 883 4951; x_wconf 90' lang='lat' dir='ltr'>tamen</span> <span class='ocrx_word' id='word_1_607' title='bbox 916 4897 961 4949; x_wconf 90' lang='lat' dir='ltr'>si</span> <span class='ocrx_word' id='word_1_608' title='bbox 981 4896 1185 4951; x_wconf 89' lang='lat' dir='ltr'>sibilus</span> <span class='ocrx_word' id='word_1_609' title='bbox 1215 4898 1309 4951; x_wconf 84' lang='lat' dir='ltr'>ille</span> <span class='ocrx_word' id='word_1_610' title='bbox 1341 4898 1598 4964; x_wconf 84' lang='lat' dir='ltr'>resultet,</span> 
     </span>
    </p>
   </div>
   <div class='ocr_carea' id='block_1_81' title="bbox 201 4987 1757 5058">
    <p class='ocr_par' dir='ltr' id='par_1_81' title="bbox 201 4987 1757 5058">
     <span class='ocr_line' id='line_1_82' title="bbox 201 4987 1757 5058; baseline 0 -16"><span class='ocrx_word' id='word_1_611' title='bbox 201 4989 451 5058; x_wconf 88' lang='lat' dir='ltr'>Impleat</span> <span class='ocrx_word' id='word_1_612' title='bbox 481 4990 537 5040; x_wconf 90' lang='lat' dir='ltr'>et</span> <span class='ocrx_word' id='word_1_613' title='bbox 566 4991 842 5053; x_wconf 90' lang='lat' dir='ltr'>montem,</span> <span class='ocrx_word' id='word_1_614' title='bbox 872 4987 1155 5040; x_wconf 88' lang='lat' dir='ltr'>calamum</span> <span class='ocrx_word' id='word_1_615' title='bbox 1182 5003 1297 5057; x_wconf 90' lang='lat' dir='ltr'>quo</span> <span class='ocrx_word' id='word_1_616' title='bbox 1329 4987 1487 5057; x_wconf 84' lang='lat' dir='ltr'>tingo</span> <span class='ocrx_word' id='word_1_617' title='bbox 1517 4988 1757 5057; x_wconf 87' lang='lat' dir='ltr'>liquore,</span> 
     </span>
    </p>
   </div>
   <div class='ocr_carea' id='block_1_82' title="bbox 199 5074 1632 5145">
    <p class='ocr_par' dir='ltr' id='par_1_82' title="bbox 199 5074 1632 5145">
     <span class='ocr_line' id='line_1_83' title="bbox 199 5074 1632 5145; baseline 0 -16"><span class='ocrx_word' id='word_1_618' title='bbox 199 5076 311 5141; x_wconf 85' lang='lat' dir='ltr'>Qui</span> <span class='ocrx_word' id='word_1_619' title='bbox 344 5074 481 5129; x_wconf 88' lang='lat' dir='ltr'>facit</span> <span class='ocrx_word' id='word_1_620' title='bbox 508 5075 791 5128; x_wconf 89' lang='lat' dir='ltr'>humanas</span> <span class='ocrx_word' id='word_1_621' title='bbox 824 5074 1041 5128; x_wconf 89' lang='lat' dir='ltr'>asinam</span> <span class='ocrx_word' id='word_1_622' title='bbox 1072 5074 1321 5128; x_wconf 89' lang='lat' dir='ltr'>formare</span> <span class='ocrx_word' id='word_1_623' title='bbox 1354 5076 1632 5145; x_wconf 89' lang='lat' dir='ltr'>loquelas,</span> 
     </span>
    </p>
   </div>
   <div class='ocr_carea' id='block_1_83' title="bbox 200 5162 1828 5233">
    <p class='ocr_par' dir='ltr' id='par_1_83' title="bbox 200 5162 1828 5233">
     <span class='ocr_line' id='line_1_84' title="bbox 200 5162 1828 5233; baseline -0.001 -14"><span class='ocrx_word' id='word_1_624' title='bbox 200 5163 637 5233; x_wconf 81' lang='lat' dir='ltr'>lndocilemque</span> <span class='ocrx_word' id='word_1_625' title='bbox 666 5162 851 5216; x_wconf 91' lang='lat' dir='ltr'>virum</span> <span class='ocrx_word' id='word_1_626' title='bbox 879 5163 1120 5233; x_wconf 90' lang='lat' dir='ltr'>querulo</span> <span class='ocrx_word' id='word_1_627' title='bbox 1148 5163 1497 5216; x_wconf 85' lang='lat' dir='ltr'>confundere</span> <span class='ocrx_word' id='word_1_628' title='bbox 1528 5164 1828 5232; x_wconf 77' lang='lat' dir='ltr'>rhythmo;</span> 
     </span>
    </p>
   </div>
   <div class='ocr_carea' id='block_1_84' title="bbox 202 5250 1649 5323">
    <p class='ocr_par' dir='ltr' id='par_1_84' title="bbox 202 5250 1649 5323">
     <span class='ocr_line' id='line_1_85' title="bbox 202 5250 1649 5323; baseline -0.002 -15"><span class='ocrx_word' id='word_1_629' title='bbox 202 5253 473 5308; x_wconf 89' lang='lat' dir='ltr'>Carmine</span> <span class='ocrx_word' id='word_1_630' title='bbox 502 5250 791 5306; x_wconf 90' lang='lat' dir='ltr'>succincto</span> <span class='ocrx_word' id='word_1_631' title='bbox 821 5268 951 5323; x_wconf 69' lang='lat' dir='ltr'>quae</span> <span class='ocrx_word' id='word_1_632' title='bbox 979 5256 1199 5305; x_wconf 86' lang='lat' dir='ltr'>restant</span> <span class='ocrx_word' id='word_1_633' title='bbox 1228 5257 1388 5322; x_wconf 89' lang='lat' dir='ltr'>gesta</span> <span class='ocrx_word' id='word_1_634' title='bbox 1417 5252 1649 5319; x_wconf 82' lang='lat' dir='ltr'>notabo,</span> 
     </span>
    </p>
   </div>
   <div class='ocr_carea' id='block_1_85' title="bbox 274 5429 961 5497">
    <p class='ocr_par' dir='ltr' id='par_1_85' title="bbox 274 5429 961 5497">
     <span class='ocr_line' id='line_1_86' title="bbox 274 5429 961 5497; baseline 0 -14"><span class='ocrx_word' id='word_1_635' title='bbox 274 5444 296 5473; x_wconf 67' lang='grc' dir='ltr'><strong>δ</strong></span> <span class='ocrx_word' id='word_1_636' title='bbox 331 5430 520 5483; x_wconf 82' lang='lat' dir='ltr'>Codex</span> <span class='ocrx_word' id='word_1_637' title='bbox 552 5430 758 5494; x_wconf 83' lang='lat' dir='ltr'>Elnon,</span> <span class='ocrx_word' id='word_1_638' title='bbox 788 5429 961 5497; x_wconf 76' lang='lat' dir='ltr'>effert.</span> 
     </span>
    </p>
   </div>
   <div class='ocr_carea' id='block_1_86' title="bbox 2014 4278 3620 4351">
    <p class='ocr_par' dir='ltr' id='par_1_86' title="bbox 2014 4278 3620 4351">
     <span class='ocr_line' id='line_1_87' title="bbox 2014 4278 3620 4351; baseline -0.005 -13"><span class='ocrx_word' id='word_1_639' title='bbox 2014 4286 2170 4339; x_wconf 88' lang='lat' dir='ltr'>Unus</span> <span class='ocrx_word' id='word_1_640' title='bbox 2198 4285 2369 4350; x_wconf 89' lang='lat' dir='ltr'>iners,</span> <span class='ocrx_word' id='word_1_641' title='bbox 2403 4284 2600 4351; x_wconf 89' lang='lat' dir='ltr'>facilis,</span> <span class='ocrx_word' id='word_1_642' title='bbox 2636 4285 2780 4337; x_wconf 90' lang='lat' dir='ltr'>male</span> <span class='ocrx_word' id='word_1_643' title='bbox 2808 4283 3085 4347; x_wconf 89' lang='lat' dir='ltr'>lubricus,</span> <span class='ocrx_word' id='word_1_644' title='bbox 3114 4287 3287 4351; x_wconf 90' lang='lat' dir='ltr'>atque</span> <span class='ocrx_word' id='word_1_645' title='bbox 3319 4278 3620 4349; x_wconf 89' lang='lat' dir='ltr'>superbus,</span> 
     </span>
    </p>
   </div>
   <div class='ocr_carea' id='block_1_87' title="bbox 2012 4372 3467 4442">
    <p class='ocr_par' dir='ltr' id='par_1_87' title="bbox 2012 4372 3467 4442">
     <span class='ocr_line' id='line_1_88' title="bbox 2012 4372 3467 4442; baseline -0.003 -16"><span class='ocrx_word' id='word_1_646' title='bbox 2012 4373 2216 4442; x_wconf 89' lang='lat' dir='ltr'>Turpis</span> <span class='ocrx_word' id='word_1_647' title='bbox 2247 4379 2304 4426; x_wconf 91' lang='lat' dir='ltr'>et</span> <span class='ocrx_word' id='word_1_648' title='bbox 2336 4373 2596 4442; x_wconf 90' lang='lat' dir='ltr'>impurus</span> <span class='ocrx_word' id='word_1_649' title='bbox 2627 4372 2886 4425; x_wconf 89' lang='lat' dir='ltr'>scurrilia</span> <span class='ocrx_word' id='word_1_650' title='bbox 2914 4372 3123 4439; x_wconf 89' lang='lat' dir='ltr'>probra</span> <span class='ocrx_word' id='word_1_651' title='bbox 3145 4385 3467 4435; x_wconf 83' lang='lat' dir='ltr'>susurrans,</span> 
     </span>
    </p>
   </div>
   <div class='ocr_carea' id='block_1_88' title="bbox 2012 4456 3561 4529">
    <p class='ocr_par' dir='ltr' id='par_1_88' title="bbox 2012 4456 3561 4529">
     <span class='ocr_line' id='line_1_89' title="bbox 2012 4456 3561 4529; baseline -0.004 -15"><span class='ocrx_word' id='word_1_652' title='bbox 2012 4462 2194 4524; x_wconf 87' lang='lat' dir='ltr'>Quem</span> <span class='ocrx_word' id='word_1_653' title='bbox 2227 4461 2429 4513; x_wconf 90' lang='lat' dir='ltr'>merito</span> <span class='ocrx_word' id='word_1_654' title='bbox 2456 4461 2658 4529; x_wconf 89' lang='lat' dir='ltr'>vulgus</span> <span class='ocrx_word' id='word_1_655' title='bbox 2685 4459 2893 4512; x_wconf 88' lang='lat' dir='ltr'>vocitat</span> <span class='ocrx_word' id='word_1_656' title='bbox 2921 4458 3265 4529; x_wconf 87' lang='lat' dir='ltr'>cognomine</span> <span class='ocrx_word' id='word_1_657' title='bbox 3299 4456 3561 4523; x_wconf 91' lang='lat' dir='ltr'>mimum,</span> 
     </span>
    </p>
   </div>
   <div class='ocr_carea' id='block_1_89' title="bbox 2012 4545 3373 4603">
    <p class='ocr_par' dir='ltr' id='par_1_89' title="bbox 2012 4545 3373 4603">
     <span class='ocr_line' id='line_1_90' title="bbox 2012 4545 3373 4603; baseline -0.004 -1"><span class='ocrx_word' id='word_1_658' title='bbox 2012 4548 2241 4603; x_wconf 77' lang='lat' dir='ltr'>Obstitit</span> <span class='ocrx_word' id='word_1_659' title='bbox 2269 4548 2466 4601; x_wconf 82' lang='lat' dir='ltr'>infelix</span> <span class='ocrx_word' id='word_1_660' title='bbox 2501 4547 2705 4600; x_wconf 91' lang='lat' dir='ltr'>stolido</span> <span class='ocrx_word' id='word_1_661' title='bbox 2738 4547 3050 4600; x_wconf 89' lang='lat' dir='ltr'>bacchante</span> <span class='ocrx_word' id='word_1_662' title='bbox 3073 4545 3373 4599; x_wconf 90' lang='lat' dir='ltr'>cachinno.</span> 
     </span>
    </p>
   </div>
   <div class='ocr_carea' id='block_1_90' title="bbox 2012 4635 3496 4705">
    <p class='ocr_par' dir='ltr' id='par_1_90' title="bbox 2012 4635 3496 4705">
     <span class='ocr_line' id='line_1_91' title="bbox 2012 4635 3496 4705; baseline -0.005 -13"><span class='ocrx_word' id='word_1_663' title='bbox 2012 4638 2124 4692; x_wconf 90' lang='lat' dir='ltr'>Sed</span> <span class='ocrx_word' id='word_1_664' title='bbox 2156 4653 2287 4691; x_wconf 83' lang='lat' dir='ltr'>mox</span> <span class='ocrx_word' id='word_1_665' title='bbox 2320 4640 2581 4705; x_wconf 90' lang='lat' dir='ltr'>arreptus</span> <span class='ocrx_word' id='word_1_666' title='bbox 2614 4636 2788 4688; x_wconf 91' lang='lat' dir='ltr'>miser</span> <span class='ocrx_word' id='word_1_667' title='bbox 2816 4642 2940 4688; x_wconf 87' lang='lat' dir='ltr'>atro</span> <span class='ocrx_word' id='word_1_668' title='bbox 2972 4636 3256 4699; x_wconf 66' lang='lat' dir='ltr'>daemone,</span> <span class='ocrx_word' id='word_1_669' title='bbox 3289 4635 3496 4703; x_wconf 89' lang='lat' dir='ltr'>plenus</span> 
     </span>
    </p>
   </div>
   <div class='ocr_carea' id='block_1_91' title="bbox 2013 4723 3465 4795">
    <p class='ocr_par' dir='ltr' id='par_1_91' title="bbox 2013 4723 3465 4795">
     <span class='ocr_line' id='line_1_92' title="bbox 2013 4723 3465 4795; baseline -0.004 -15"><span class='ocrx_word' id='word_1_670' title='bbox 2013 4728 2136 4790; x_wconf 86' lang='lat' dir='ltr'>Quo</span> <span class='ocrx_word' id='word_1_671' title='bbox 2168 4726 2354 4779; x_wconf 89' lang='lat' dir='ltr'>fuerat</span> <span class='ocrx_word' id='word_1_672' title='bbox 2385 4724 2630 4795; x_wconf 90' lang='lat' dir='ltr'>pridem,</span> <span class='ocrx_word' id='word_1_673' title='bbox 2666 4739 2796 4777; x_wconf 91' lang='lat' dir='ltr'>cum</span> <span class='ocrx_word' id='word_1_674' title='bbox 2830 4723 2958 4776; x_wconf 67' lang='lat' dir='ltr'>vita:</span> <span class='ocrx_word' id='word_1_675' title='bbox 2990 4723 3117 4776; x_wconf 84' lang='lat' dir='ltr'>risit</span> <span class='ocrx_word' id='word_1_676' title='bbox 3142 4723 3465 4786; x_wconf 87' lang='lat' dir='ltr'>alumnum,</span> 
     </span>
    </p>
   </div>
   <div class='ocr_carea' id='block_1_92' title="bbox 2014 4810 3443 4884">
    <p class='ocr_par' dir='ltr' id='par_1_92' title="bbox 2014 4810 3443 4884">
     <span class='ocr_line' id='line_1_93' title="bbox 2014 4810 3443 4884; baseline -0.005 -16"><span class='ocrx_word' id='word_1_677' title='bbox 2014 4816 2136 4884; x_wconf 88' lang='lat' dir='ltr'>Ipse</span> <span class='ocrx_word' id='word_1_678' title='bbox 2172 4814 2287 4867; x_wconf 90' lang='lat' dir='ltr'>suis</span> <span class='ocrx_word' id='word_1_679' title='bbox 2318 4813 2582 4867; x_wconf 88' lang='lat' dir='ltr'>manibus</span> <span class='ocrx_word' id='word_1_680' title='bbox 2612 4812 2761 4865; x_wconf 90' lang='lat' dir='ltr'>male</span> <span class='ocrx_word' id='word_1_681' title='bbox 2794 4828 2930 4864; x_wconf 89' lang='lat' dir='ltr'>sano</span> <span class='ocrx_word' id='word_1_682' title='bbox 2965 4812 3222 4865; x_wconf 89' lang='lat' dir='ltr'>membra</span> <span class='ocrx_word' id='word_1_683' title='bbox 3252 4810 3443 4863; x_wconf 86' lang='lat' dir='ltr'>furore</span> 
     </span>
    </p>
   </div>
   <div class='ocr_carea' id='block_1_93' title="bbox 2015 4899 3343 4973">
    <p class='ocr_par' dir='ltr' id='par_1_93' title="bbox 2015 4899 3343 4973">
     <span class='ocr_line' id='line_1_94' title="bbox 2015 4899 3343 4973; baseline -0.005 -16"><span class='ocrx_word' id='word_1_684' title='bbox 2015 4903 2308 4973; x_wconf 89' lang='lat' dir='ltr'>Discerpit,</span> <span class='ocrx_word' id='word_1_685' title='bbox 2339 4901 2564 4968; x_wconf 89' lang='lat' dir='ltr'>scindit,</span> <span class='ocrx_word' id='word_1_686' title='bbox 2600 4900 2925 4970; x_wconf 89' lang='lat' dir='ltr'>disrumpit,</span> <span class='ocrx_word' id='word_1_687' title='bbox 2961 4900 3180 4969; x_wconf 87' lang='lat' dir='ltr'>diripit,</span> <span class='ocrx_word' id='word_1_688' title='bbox 3211 4899 3343 4960; x_wconf 82' lang='lat' dir='ltr'>urit,</span> 
     </span>
    </p>
   </div>
   <div class='ocr_carea' id='block_1_94' title="bbox 2010 4984 3544 5062">
    <p class='ocr_par' dir='ltr' id='par_1_94' title="bbox 2010 4984 3544 5062">
     <span class='ocr_line' id='line_1_95' title="bbox 2010 4984 3544 5062; baseline -0.007 -16"><span class='ocrx_word' id='word_1_689' title='bbox 2010 4996 2274 5062; x_wconf 85' lang='lat' dir='ltr'>Anteque</span> <span class='ocrx_word' id='word_1_690' title='bbox 2306 5006 2477 5061; x_wconf 91' lang='lat' dir='ltr'>quam</span> <span class='ocrx_word' id='word_1_691' title='bbox 2508 4989 2737 5060; x_wconf 89' lang='lat' dir='ltr'>patulos</span> <span class='ocrx_word' id='word_1_692' title='bbox 2762 4988 2927 5042; x_wconf 90' lang='lat' dir='ltr'>Erebi</span> <span class='ocrx_word' id='word_1_693' title='bbox 2962 4992 3309 5042; x_wconf 88' lang='lat' dir='ltr'>transcurrat</span> <span class='ocrx_word' id='word_1_694' title='bbox 3336 4984 3544 5050; x_wconf 90' lang='lat' dir='ltr'>hiatus,</span> 
     </span>
    </p>
   </div>
   <div class='ocr_carea' id='block_1_95' title="bbox 2017 5073 3560 5147">
    <p class='ocr_par' dir='ltr' id='par_1_95' title="bbox 2017 5073 3560 5147">
     <span class='ocr_line' id='line_1_96' title="bbox 2017 5073 3560 5147; baseline -0.006 -13"><span class='ocrx_word' id='word_1_695' title='bbox 2017 5082 2118 5134; x_wconf 91' lang='lat' dir='ltr'>Dat</span> <span class='ocrx_word' id='word_1_696' title='bbox 2148 5084 2365 5134; x_wconf 91' lang='lat' dir='ltr'>certum</span> <span class='ocrx_word' id='word_1_697' title='bbox 2399 5078 2701 5145; x_wconf 89' lang='lat' dir='ltr'>indicium,</span> <span class='ocrx_word' id='word_1_698' title='bbox 2736 5078 2877 5132; x_wconf 89' lang='lat' dir='ltr'>duce</span> <span class='ocrx_word' id='word_1_699' title='bbox 2910 5094 3022 5147; x_wconf 90' lang='lat' dir='ltr'>quo</span> <span class='ocrx_word' id='word_1_700' title='bbox 3054 5075 3327 5129; x_wconf 88' lang='lat' dir='ltr'>deductus</span> <span class='ocrx_word' id='word_1_701' title='bbox 3359 5073 3560 5127; x_wconf 89' lang='lat' dir='ltr'>abiret.</span> 
     </span>
    </p>
   </div>
   <div class='ocr_carea' id='block_1_96' title="bbox 2013 5165 3347 5238">
    <p class='ocr_par' dir='ltr' id='par_1_96' title="bbox 2013 5165 3347 5238">
     <span class='ocr_line' id='line_1_97' title="bbox 2013 5165 3347 5238; baseline -0.006 -15"><span class='ocrx_word' id='word_1_702' title='bbox 2013 5170 2121 5223; x_wconf 91' lang='lat' dir='ltr'>Ore</span> <span class='ocrx_word' id='word_1_703' title='bbox 2148 5184 2263 5222; x_wconf 92' lang='lat' dir='ltr'>uno</span> <span class='ocrx_word' id='word_1_704' title='bbox 2295 5176 2523 5238; x_wconf 87' lang='lat' dir='ltr'>stupeas</span> <span class='ocrx_word' id='word_1_705' title='bbox 2552 5167 2817 5221; x_wconf 90' lang='lat' dir='ltr'>millenas</span> <span class='ocrx_word' id='word_1_706' title='bbox 2845 5181 3072 5219; x_wconf 89' lang='lat' dir='ltr'>currere</span> <span class='ocrx_word' id='word_1_707' title='bbox 3104 5165 3347 5233; x_wconf 88' lang='lat' dir='ltr'>linguas.</span> 
     </span>
    </p>
   </div>
   <div class='ocr_carea' id='block_1_97' title="bbox 2011 5251 3489 5322">
    <p class='ocr_par' dir='ltr' id='par_1_97' title="bbox 2011 5251 3489 5322">
     <span class='ocr_line' id='line_1_98' title="bbox 2011 5251 3489 5322; baseline -0.005 -12"><span class='ocrx_word' id='word_1_708' title='bbox 2011 5258 2263 5311; x_wconf 90' lang='lat' dir='ltr'>Tandem</span> <span class='ocrx_word' id='word_1_709' title='bbox 2297 5257 2567 5311; x_wconf 88' lang='lat' dir='ltr'>distortus</span> <span class='ocrx_word' id='word_1_710' title='bbox 2592 5262 2861 5310; x_wconf 85' lang='lat' dir='ltr'>vacuatus</span> <span class='ocrx_word' id='word_1_711' title='bbox 2890 5261 2945 5307; x_wconf 89' lang='lat' dir='ltr'>et</span> <span class='ocrx_word' id='word_1_712' title='bbox 2969 5254 3194 5322; x_wconf 88' lang='lat' dir='ltr'>hospite</span> <span class='ocrx_word' id='word_1_713' title='bbox 3225 5258 3281 5305; x_wconf 91' lang='lat' dir='ltr'>et</span> <span class='ocrx_word' id='word_1_714' title='bbox 3306 5251 3489 5315; x_wconf 91' lang='lat' dir='ltr'>hoste,</span> 
     </span>
    </p>
   </div>
   <div class='ocr_carea' id='block_1_98' title="bbox 2006 5427 3701 5503">
    <p class='ocr_par' dir='ltr' id='par_1_98' title="bbox 2006 5427 3701 5503">
     <span class='ocr_line' id='line_1_99' title="bbox 2006 5427 3701 5503; baseline -0.004 -17"><span class='ocrx_word' id='word_1_715' title='bbox 2006 5433 2239 5502; x_wconf 84' lang='lat' dir='ltr'>jectam,</span> <span class='ocrx_word' id='word_1_716' title='bbox 2295 5433 2541 5503; x_wconf 85' lang='lat' dir='ltr'>explicat</span> <span class='ocrx_word' id='word_1_717' title='bbox 2584 5436 2783 5487; x_wconf 89' lang='lat' dir='ltr'>Petrus</span> <span class='ocrx_word' id='word_1_718' title='bbox 2824 5432 2893 5486; x_wconf 90' lang='lat' dir='ltr'>de</span> <span class='ocrx_word' id='word_1_719' title='bbox 2928 5431 3098 5486; x_wconf 90' lang='lat' dir='ltr'>Maria</span> <span class='ocrx_word' id='word_1_720' title='bbox 3116 5429 3233 5503; x_wconf 82' lang='lat' dir='ltr'>sub</span> <span class='ocrx_word' id='word_1_721' title='bbox 3278 5428 3453 5483; x_wconf 78' lang='lat' dir='ltr'>tinem</span> <span class='ocrx_word' id='word_1_722' title='bbox 3487 5427 3616 5483; x_wconf 90' lang='lat' dir='ltr'>libri</span> <span class='ocrx_word' id='word_1_723' title='bbox 3661 5444 3701 5499; x_wconf 70' lang='grc' dir='ltr'>ι,</span> 
     </span>
    </p>
   </div>
   <div class='ocr_carea' id='block_1_99' title="bbox 275 5499 3200 5575">
    <p class='ocr_par' dir='ltr' id='par_1_99' title="bbox 275 5499 3200 5575">
     <span class='ocr_line' id='line_1_100' title="bbox 275 5499 3200 5575; baseline 0.002 -24"><span class='ocrx_word' id='word_1_724' title='bbox 275 5504 300 5543; x_wconf 86' lang='lat' dir='ltr'>b</span> <span class='ocrx_word' id='word_1_725' title='bbox 331 5500 689 5568; x_wconf 88' lang='lat' dir='ltr'>Vasconiam,</span> <span class='ocrx_word' id='word_1_726' title='bbox 722 5516 841 5555; x_wconf 65' lang='lat' dir='ltr'>(evo</span> <span class='ocrx_word' id='word_1_727' title='bbox 876 5499 1103 5555; x_wconf 85' lang='lat' dir='ltr'>Milonis</span> <span class='ocrx_word' id='word_1_728' title='bbox 1134 5500 1383 5571; x_wconf 81' lang='lat' dir='ltr'>Regibus</span> <span class='ocrx_word' id='word_1_729' title='bbox 1412 5501 1736 5571; x_wconf 69' lang='lat' dir='ltr'>Aquitaniae</span> <span class='ocrx_word' id='word_1_730' title='bbox 1765 5502 1897 5557; x_wconf 90' lang='lat' dir='ltr'>suh-</span> <span class='ocrx_word' id='word_1_731' title='bbox 1944 5501 1984 5554; x_wconf 94' lang='lat' dir='ltr'>D</span> <span class='ocrx_word' id='word_1_732' title='bbox 2009 5499 2069 5559; x_wconf 81' lang='lat' dir='ltr'>et</span> <span class='ocrx_word' id='word_1_733' title='bbox 2097 5504 2325 5558; x_wconf 90' lang='lat' dir='ltr'>initium</span> <span class='ocrx_word' id='word_1_734' title='bbox 2357 5499 2651 5575; x_wconf 79' lang='lat' dir='ltr'>sequentis</span> <span class='ocrx_word' id='word_1_735' title='bbox 2686 5504 2890 5560; x_wconf 83' lang='lat' dir='ltr'>Hister.</span> <span class='ocrx_word' id='word_1_736' title='bbox 2927 5500 3200 5557; x_wconf 69' lang='lat' dir='ltr'>Bearniaz.</span> 
     </span>
    </p>
   </div>
  </div>
