4078 6180
439 275 540 324 959
1667 268 1948 324 MILOle
1990 269 2306 322 MONACHI
2345 268 2400 321 S.
2445 268 2710 321 AMANDI
3802 274 3886 324 960

435 401 543 466 Qui
573 402 832 472 ingratus
865 401 1090 454 rediens
1118 417 1368 453 animam
1400 401 1678 454 violenter
1701 403 1912 471 abegit,

432 489 847 560 Abducensque
879 489 1012 542 facit
1040 504 1227 541 secum
1264 495 1561 558 penetrare
1594 492 1938 558 gehennam.

435 578 541 640 Qui
570 578 676 630 fuit
707 579 964 630 incentor
995 578 1196 645 culpai,
1225 577 1291 629 fit
1318 581 1501 629 tortor
1530 577 1588 629 in
1618 578 1768 646 igne.

437 668 500 718 Et
533 666 666 734 quia
690 671 822 717 sunt
852 681 966 718 non
999 667 1123 717 lmta
1144 665 1300 730 satis,
1334 681 1463 734 quze
1487 666 1806 730 scribimus,
1839 667 2122 736 liincjam,

432 754 708 807 Tristibus
739 755 981 817 omissis,
1015 755 1084 806 ad
1118 754 1301 807 dulcia
1336 759 1536 822 pergat
1565 755 1805 808 arundo.
2073 737 2080 744 ’

505 845 554 894 3.
602 843 745 910 Ergo
783 842 882 894 ubi
916 859 1054 911 gens
1087 848 1280 895 sancto
1316 847 1549 895 vacuata
1579 844 1781 896 decore
1820 843 2015 896 relicta
2043 850 2128 898 est

433 929 697 999 Antiquis
732 931 1002 995 tenebris,
1038 930 1218 982 voluit
1246 930 1380 999 quia
1412 947 1680 999 spernere
1720 931 1901 984 lucem

433 1019 845 1071 Transmissam
889 1019 1135 1083 sibimet,
1173 1035 1344 1087 quam
1379 1035 1435 1070 se
1462 1020 1824 1071 substernere
1867 1020 2018 1073 luci:

437 1106 658 1158 Lucifer
689 1107 782 1158 ille
812 1107 1020 1169 nitens,
1052 1122 1180 1158 cum
1207 1107 1325 1174 jam
1358 1108 1658 1176 repedaret
1689 1109 1759 1160 ab
1795 1108 1929 1173 illis,

433 1194 696 1246 Pervenit
727 1194 1033 1262 quamdam
1069 1194 1301 1247 tandem
1326 1194 1563 1246 lassatus
1594 1196 1662 1248 ad
1692 1196 1911 1256 urbem,

434 1280 608 1350 Cujus
638 1282 968 1334 honorificis
1001 1283 1215 1350 excepit
1243 1283 1541 1352 episcopus
1573 1283 1734 1336 illum

434 1369 753 1438 Obsequiis,
791 1371 1108 1439 meritoque
1137 1371 1328 1423 colens
1362 1377 1683 1423 reverenter
1712 1372 1956 1440 honore,

434 1459 495 1510 In
527 1459 793 1510 manibus
823 1458 992 1510 sacris
1027 1459 1213 1511 latices
1244 1459 1515 1528 perfudit,
1551 1465 1605 1512 et.
1635 1462 1787 1528 ipsos

435 1546 734 1599 Custodem
769 1546 988 1598 monuit
1019 1547 1220 1599 clausis
1252 1547 1461 1600 inferre
1493 1549 1729 1600 sacellis.

433 1633 684 1688 Antistes
714 1650 963 1704 namque
995 1635 1042 1686 is
1069 1641 1153 1688 sat
1185 1635 1363 1688 fidens
1391 1636 1621 1702 exstitit,
1656 1637 1768 1688 illis

433 1722 694 1790 Optatam
729 1722 990 1774 invalidis
1031 1723 1274 1791 praeberi
1306 1740 1470 1793 posse
1502 1724 1802 1776 medelam.

434 1809 574 1879 Spes
606 1826 792 1879 neque
825 1816 937 1863 tam
974 1813 1167 1864 firmos
1201 1812 1420 1864 animos
1450 1812 1765 1865 certissima
1795 1813 1948 1865 lusit.

431 1899 706 1968 Tempore
743 1915 857 1968 quo
892 1900 1125 1969 quidam
1160 1901 1442 1954 residebat
1472 1903 1539 1954 ad
1573 1901 1718 1954 ostia
1751 1902 1949 1972 templi

431 1987 735 2053 Mendicns,
773 1988 939 2040 rebus
966 2004 1202 2057 pauper,
1240 1989 1338 2041 sed
1369 1989 1586 2041 lumine
1619 1990 1820 2043 frontis

428 2075 758 2144 Panperior,
795 2092 964 2145 quem
998 2075 1102 2128 hac
1134 2076 1338 2128 affatur
1369 2092 1503 2128 voce
1538 2077 1835 2130 sacerdos:

431 2164 473 2217 Ο
501 2164 692 2230 homo,
727 2164 771 2215 si
803 2164 936 2218 fidei
970 2164 1179 2218 retines
1211 2167 1267 2216 in
1295 2170 1524 2234 pectore
1559 2166 1764 2230 lucem,

428 2248 608 2301 Ablue
641 2265 790 2318 aqua
816 2250 1034 2303 clausos
1063 2252 1278 2316 oculos,
1313 2268 1425 2320 qua
1457 2258 1684 2304 sanctus
1713 2251 2006 2304 Amandus

429 2337 625 2389 Abluit
663 2337 757 2390 ille
792 2354 1030 2391 manus:
1073 2340 1179 2392 hoc
1209 2339 1460 2408 spondeo
1493 2345 1546 2391 te
1590 2340 1980 2392 renovandum

431 2425 716 2493 nguine,
750 2426 843 2478 lux
869 2426 1094 2478 rediens
1120 2426 1283 2479 caecis
1313 2427 1501 2478 infusa
1525 2427 1786 2479 fenestris

432 2512 784 2578 Monstrabit,
813 2514 1001 2566 Sancti
1033 2520 1312 2583 quantum
1345 2515 1662 2567 benedictio
1690 2515 1861 2584 digna
1894 2520 2011 2568 est:

431 2600 543 2651 Nec
575 2616 787 2652 vacuus
819 2601 1055 2654 credens
1085 2602 1215 2654 fidei
1246 2603 1455 2654 virtute
1488 2602 1715 2655 redibis.

433 2688 561 2740 Haec
591 2688 886 2757 promissa,
933 2705 1131 2742 carens
1175 2706 1299 2742 mox
1345 2707 1562 2758 pauper
1607 2690 1842 2756 lumine,
1887 2690 2122 2743 credens

431 2775 688 2845 Sumpsit
717 2793 912 2846 aquas,
935 2777 1252 2847 faciemque
1289 2779 1444 2842 lavit,
1482 2778 1762 2832 medicina
1795 2780 2014 2832 lavacro

431 2865 525 2916 Est
553 2863 822 2917 comitata
855 2865 967 2934 pio.
1004 2867 1046 2920 O
1081 2883 1272 2918 rerum
1299 2867 1616 2919 conversio!
1659 2867 1803 2920 Caeci

2165 405 2211 454 Α
2241 401 2390 454 Felix
2417 402 2514 454 illa
2547 400 2655 454 fuit
2684 401 2789 453 sub
2820 405 2977 453 tanto
3009 400 3204 453 schola
3239 401 3537 469 magistro,

2239 489 2317 540 De
2351 503 2462 556 qua
2493 489 2836 556 multiplices
2868 489 3184 558 procedunt
3208 491 3336 558 jure
3366 492 3657 560 sophistae,

2237 575 2574 628 Pontificum
2610 592 2916 629 numerosa
2954 578 3173 642 cohors,
3205 578 3468 648 doctique
3503 581 3721 632 Patroni

2237 664 2519 732 Ecclesiae,
2557 666 2741 719 verbis
2771 667 2921 736 puri,
2964 667 3248 737 gestisque
3275 668 3536 723 nitentes.

2238 754 2435 820 Gallia,
2459 755 2579 824 jam
2611 756 2782 808 rediit
2818 756 3078 821 Sanctus,
3110 757 3322 822 lzetare,
3353 758 3667 828 benignum
3693 765 3784 824 est,

2235 841 2450 911 Sparge
2479 843 2652 895 alacri
2682 842 2866 904 flores,
2908 845 3131 897 timibet
3158 845 3392 898 salvatio
3424 848 3598 899 venit.

2238 931 2350 983 Hac
2381 929 2592 982 etenim
2625 947 2740 982 non
2766 936 2928 1000 parte
2955 932 3127 998 cadis,
3162 948 3274 1001 qua
3306 933 3478 985 turris
3511 933 3744 1003 Olympo

2237 1017 2444 1070 Contra
2470 1017 2811 1087 sanguineas
2837 1019 2987 1072 acies
3015 1025 3070 1071 et
3102 1019 3246 1072 bella
3279 1021 3535 1072 Damasci

2237 1107 2398 1159 Forte
2431 1107 2560 1158 tulit
2589 1111 2774 1175 caput,
2811 1108 2961 1160 ultra
2989 1113 3045 1160 et
3077 1108 3258 1159 sidera
3287 1108 3540 1160 constitit
3574 1107 3711 1177 ipsa.

2238 1195 2378 1247 Nam
2408 1196 2453 1247 si
2481 1195 2780 1264 pervalida:
2815 1195 3022 1249 Oceani
3053 1195 3121 1248 de
3155 1201 3312 1265 parte
3340 1196 3608 1264 procellae

2234 1283 2530 1350 Irruerint,
2563 1285 2721 1336 nullo
2748 1283 2995 1354 quibth
3023 1284 3423 1336 transcendere
3453 1290 3638 1352 pacto,

2235 1371 2498 1424 Passibus
2533 1372 2780 1441 egregiis
2813 1387 2925 1441 qua
2957 1388 3214 1440 gressum
3247 1371 3367 1424 fixit
3396 1371 3723 1424 Amandus:

2231 1459 2289 1512 Si
2323 1467 2513 1513 tamen
2540 1460 2759 1529 egregii
2790 1460 3017 1512 secteris
3038 1461 3194 1529 jussa
3217 1459 3488 1528 Magistri.

2235 1548 2328 1600 Est
2357 1563 2560 1616 neque,
2597 1548 2748 1616 quod
2778 1548 2978 1599 timeas
3014 1547 3254 1600 ferventi
3283 1547 3342 1599 in
3375 1547 3624 1612 turbine,
3655 1547 3782 1599 freta

2234 1636 2350 1689 Hoc
2379 1636 2610 1689 ductore
2643 1642 2762 1698 tuo,
2791 1637 2888 1706 qui
2919 1653 3032 1689 non
3062 1637 3303 1689 debellat
3340 1636 3573 1705 iniquos

2162 1692 2202 1744 Β
2232 1723 2440 1790 Armis,
2473 1725 2567 1777 sed
2599 1724 2815 1776 meritis
2843 1724 2974 1777 hinc
3007 1741 3184 1794 usque
3207 1725 3274 1778 ad
3304 1725 3489 1776 sidera
3518 1723 3687 1776 notis.

2302 1814 2350 1864 5.
2370 1813 2660 1882 Tempore
2688 1828 2802 1882 quo
2825 1813 3090 1882 princeps
3110 1819 3349 1880 regnum
3379 1812 3694 1866 Hildericus
3720 1810 3888 1880 agebat

2233 1901 2572 1970 Invasasque
2607 1901 2762 1970 gravi
2796 1902 2945 1954 bello
2976 1901 3253 1954 tractabat
3282 1901 3556 1968 habenas,

2233 1989 2374 2042 Dum
2409 1989 2720 2042 fremerent
2749 1989 2992 2058 reliqua),
3022 1990 3210 2043 Martis
3242 1989 3554 2042 certamine
3587 1993 3790 2058 gentes,

2231 2079 2294 2130 Et
2326 2077 2501 2146 gladii
2530 2077 2767 2145 gladios,
2805 2078 3084 2131 umbones
3116 2079 3382 2131 redderet
3410 2078 3619 2143 umbo;

2229 2169 2306 2218 Ac
2336 2166 2508 2218 frater
2538 2167 2794 2230 fratrem,
2826 2167 3054 2235 genitus
3087 2171 3375 2235 premeret
3406 2167 3744 2236 genitorem,

2229 2253 2500 2324 Saevaque
2526 2259 2769 2306 vastaret
2801 2256 3043 2323 populos
3071 2255 3366 2324 populatio
3397 2255 3629 2318 multos,

2229 2343 2588 2410 Tempestate
2621 2343 2779 2411 gravi
2810 2348 2993 2394 totum
3028 2349 3319 2412 grassante
3347 2359 3450 2411 per
3476 2343 3703 2406 orbem;

2231 2431 2352 2483 Non
2383 2431 2550 2484 turbo
2581 2432 2670 2483 hic
2700 2431 2902 2496 tenuit,
2935 2432 3197 2500 Justique
3223 2431 3496 2500 ligamine
3529 2430 3705 2483 vmxit

2230 2519 2486 2584 Brachia,
2516 2535 2619 2572 nec
2651 2525 2808 2574 tanta
2835 2536 3024 2572 rerum
3057 2520 3335 2589 vertigine
3365 2520 3565 2586 victus,

2233 2606 2421 2676 Liquit
2447 2623 2590 2676 opus
2622 2613 2890 2675 emptum,
2925 2608 3097 2660 lucris
3130 2608 3396 2661 fidelibus
3429 2608 3651 2660 ardens.

2229 2693 2338 2747 Sed
2377 2710 2568 2764 regem
2599 2696 2743 2764 petit
2767 2696 2886 2762 jam
2913 2696 3124 2748 dictum
3156 2712 3402 2749 cernuus
3428 2697 3544 2763 ille,

2228 2781 2519 2844 Quatenus
2551 2783 2633 2835 illi
2663 2784 2914 2852 aliquem
2948 2784 3228 2852 praeberet
3254 2785 3384 2853 jure
3414 2785 3691 2837 locellum.

2229 2870 2399 2924 Sacra
2431 2872 2760 2924 monasterii
2794 2877 3040 2925 strueret
3069 2889 3197 2942 quae
3226 2879 3411 2941 cmpta
3437 2872 3684 2934 venusti;

432 2953 576 3005 Dum
616 2954 916 3022 splendent
951 2955 1120 3021 oculi,
1156 2956 1272 3006 fera
1305 2956 1501 3007 mortis
1534 2955 1724 3024 imago
1758 2957 1985 3025 repulsa
2015 2961 2116 3009 est.
2160 2983 2200 3038 ρ
2231 2960 2411 3022 Quem
2440 2976 2570 3012 mox
2602 2966 2665 3012 ut
2695 2961 2860 3028 petiit
2886 2960 3148 3029 princeps
3181 2960 3364 3024 dedit;
3405 2959 3539 3012 inde
3581 2963 3800 3026 repente

430 3041 546 3109 Dic,
579 3057 742 3111 rogo,
777 3042 1034 3111 quisquis
1070 3043 1220 3106 ades,
1254 3050 1467 3112 quanta
1496 3044 1702 3096 virtute
1735 3046 1966 3096 Beatum

430 3130 590 3182 Nunc
622 3130 846 3182 fulsisse
881 3136 1066 3199 putas,
1100 3147 1227 3182 cum
1260 3148 1510 3200 praesens
1541 3148 1780 3200 corpore
1808 3131 2049 3196 adesset,

427 3221 505 3271 Ac
537 3233 700 3286 prece
733 3234 904 3286 quam
938 3220 1182 3272 celerem
1214 3221 1459 3289 quivisse
1499 3221 1711 3272 referre
1744 3221 2046 3287 medelam,

428 3307 601 3375 Cujus
631 3308 867 3376 lympha
895 3324 1096 3360 manus
1127 3309 1264 3359 lucis
1298 3309 1534 3377 largitur
1565 3308 1882 3360 honorem?

429 3395 575 3449 Cede
607 3397 754 3459 loco,
791 3397 1028 3456 medice,
1062 3397 1196 3448 trito
1227 3412 1354 3447 cum
1384 3398 1634 3464 pulvere,
1663 3395 1797 3465 quid
1831 3397 1978 3448 stas?

427 3484 665 3535 Pulvere
706 3484 859 3534 enim
891 3483 1091 3535 caecari
1123 3484 1317 3535 oculos
1346 3499 1433 3534 res
1467 3485 1655 3535 notior
1685 3487 1881 3536 exstat.

428 3572 558 3623 Haec
591 3571 635 3621 si.
661 3571 863 3635 credis,
897 3586 1058 3639 aquae
1086 3577 1356 3639 superant
1387 3570 1619 3640 collyria
1649 3577 1870 3635 cuncta,

431 3656 615 3719 Quam
651 3657 880 3709 mundae
913 3657 1120 3710 sordes.
1150 3658 1191 3712 Ο
1225 3675 1395 3726 quam
1426 3660 1693 3727 purgatio
1726 3665 1894 3728 pura!

429 3745 609 3808 Quam
637 3745 834 3798 doctus
866 3747 1135 3810 medicus,
1169 3762 1281 3816 quo
1317 3753 1513 3800 cuncta
1546 3749 1784 3800 obscura
1812 3748 2117 3818 refulgent,

433 3834 511 3886 De
543 3835 705 3903 cujus
735 3833 930 3899 digitis
965 3834 1181 3887 stillant
1210 3835 1588 3888 medicamina
1618 3835 1904 3905 pulchris!

430 3921 587 3975 Talia
614 3922 777 3991 signa
808 3924 895 3975 sui
931 3923 1179 3992 produnt
1205 3924 1440 3991 vestigia
1466 3924 1616 3992 regis

428 4010 589 4072 Quod
624 4010 902 4080 sequitur,
936 4027 1140 4080 perpes
1170 4011 1302 4064 hinc
1335 4013 1555 4065 Christo
1587 4011 1769 4080 gloria
1797 4027 2046 4076 summo,

431 4100 648 4168 Dignus
687 4100 874 4152 honor
902 4101 1083 4166 Justo,
1117 4117 1230 4169 quo
1262 4117 1372 4153 non
1401 4101 1700 4169 pretiosior
1730 4101 1874 4152 alter

429 4188 513 4240 Ad
544 4187 666 4240 caali
693 4204 935 4256 regnum
967 4188 1246 4240 sociorum
1279 4205 1338 4240 ex
1366 4189 1592 4257 agmine
1625 4189 1798 4241 venit.

431 4275 641 4328 Obvius
675 4281 876 4328 ornata
902 4276 1037 4329 dum
1073 4292 1279 4344 sponso
1321 4277 1580 4344 lampade
1613 4277 1816 4345 pergit,

432 4364 621 4416 Manat
649 4363 919 4416 oliviferis
952 4380 1082 4415 mox
1109 4365 1309 4433 igneus
1339 4364 1508 4417 ardor
1533 4365 1602 4417 ab
1635 4365 1810 4429 ulnis,

430 4451 759 4504 Accendens
791 4452 1021 4520 propria
1048 4453 1398 4521 reliquorum
1432 4453 1500 4506 de
1532 4454 1649 4506 face
1682 4454 1876 4521 taedas,

433 4539 674 4593 Fulserit
701 4544 755 4592 et
784 4546 999 4610 quanto
1032 4541 1425 4595 demonstrant
1453 4525 1598 4595 facta
1625 4543 1848 4596 decore.

1101 4699 1326 4754 CAPUT
1367 4701 1433 4754 II.

432 4845 763 4898 Monasteria
792 4858 825 4895 a
866 4843 921 4898 S.
971 4843 1218 4898 Amando
1249 4849 1543 4896 exstructa.
1591 4843 1894 4897 Periculum
1933 4845 2120 4897 mortis

1006 4915 1211 4967 caelitus
1241 4913 1540 4982 depulsum.

501 5074 554 5125 4.
592 5073 852 5141 Dumque
884 5071 992 5124 iter
1019 5072 1329 5141 inemptum
1351 5071 1519 5124 variis
1549 5071 1854 5126 virtutibus
1885 5072 2011 5138 iret,

434 5163 780 5216 Francorum
811 5161 880 5214 ad
910 5177 1154 5231 regnum
1178 5161 1329 5214 felici
1354 5161 1579 5214 tramite
1611 5161 1784 5226 venit,

434 5249 732 5319 Elegitque
759 5249 967 5313 locum,
1001 5265 1112 5318 quo
1143 5250 1375 5302 verbum
1412 5256 1706 5318 spargeret
1737 5256 1956 5319 aptum,

433 5339 498 5390 In
522 5353 656 5406 quo,
688 5337 886 5390 devota
911 5337 1147 5390 fratrum
1180 5337 1488 5390 comitante
1519 5337 1767 5406 cohorte,

436 5425 542 5487 Qui
576 5426 758 5478 varias
787 5426 996 5480 Christi
1021 5427 1269 5480 tulerant
1295 5442 1395 5495 pro
1430 5426 1662 5478 nomine
1694 5443 1907 5496 ρωηαε,

434 5513 601 5566 Sacra
627 5515 959 5586 monasterii
987 5515 1302 5569 construxit
1325 5515 1570 5568 claustra
1597 5515 1824 5568 novelli.

2232 3048 2462 3100 Talibus
2497 3048 2557 3100 in
2583 3049 2752 3102 rebus
2780 3049 3050 3118 quoniam
3083 3050 3189 3101 fuit
3228 3049 3477 3117 impiger
3507 3047 3603 3100 ille

2233 3136 2495 3189 Ecclesiae.
2519 3137 2658 3204 jecit
2687 3137 3023 3190 fundamina
3054 3153 3212 3190 more
3242 3137 3446 3206 sagaci.

2233 3225 2498 3294 Dumque
2525 3225 2737 3277 ibidem
2771 3225 2965 3295 coeptis
2998 3231 3275 3294 perstaret
3300 3227 3493 3278 Justus
3526 3224 3585 3276 in
3617 3222 3741 3286 illis,

2229 3313 2575 3365 anmulus
2599 3313 2827 3366 invidia:
2860 3315 3075 3366 facibus
3103 3315 3429 3366 flammatus
3461 3313 3694 3378 acerbis,

2235 3401 2372 3453 Urbs
2405 3400 2724 3453 Ozindinsis
2751 3402 2912 3471 cujus
2940 3402 3214 3470 subjecta.
3250 3402 3424 3454 sedile

2229 3488 2481 3541 Ornabat
2501 3490 2712 3543 celsum
2741 3491 3030 3542 variorum
3063 3490 3322 3559 gramine
3350 3490 3577 3542 florum.

2231 3576 2542 3645 Indignans
2572 3579 2819 3645 graviter
2853 3578 3122 3630 Sanctum
3155 3579 3490 3647 impetrasse
3522 3577 3791 3631 locellum.

2231 3665 2490 3717 Evomuit
2522 3665 2684 3718 furiis
2717 3672 3055 3735 conceptum
3089 3672 3278 3719 mente
3307 3683 3612 3728 venenum,

2231 3753 2558 3823 Direxitque
2589 3769 2719 3806 suos
2747 3754 3075 3806 stimulante
3107 3755 3298 3808 furore
3325 3754 3618 3807 ministros

2227 3841 2486 3894 Audaces
2526 3841 2733 3894 animis
2763 3847 2932 3911 atque
2965 3843 3140 3894 armis
3166 3843 3413 3910 amplius
3445 3848 3666 3895 auctos:

2233 3929 2319 3982 llli
2350 3945 2559 3981 acuens
2594 3929 2836 3998 gladios,
2870 3930 2969 3999 qui
3001 3931 3154 3999 pacis
3186 3931 3332 3983 lator
3362 3931 3420 3982 in
3454 3931 3612 3983 omni

2230 4016 2375 4070 Orbe
2406 4017 2528 4078 fuit,
2562 4018 2750 4086 superi
2785 4018 2884 4087 qui
2915 4019 3191 4087 prompsit
3224 4035 3433 4088 pascua
3454 4018 3632 4088 regni.

2230 4105 2408 4171 Hunc,
2438 4105 2666 4158 inimice
2693 4106 2869 4168 ferox,
2904 4123 3004 4159 cur
3030 4109 3128 4160 tali
3158 4108 3354 4161 fraude
3384 4122 3700 4177 repugnans

2229 4194 2614 4264 Persequeris,
2649 4210 2960 4264 carumque
2999 4197 3110 4248 Deo
3145 4196 3437 4249 insectaris
3477 4193 3793 4248 alumnum?

2160 4275 2203 4327 D
2229 4282 2526 4349 Audieras,
2559 4283 2662 4336 tibi
2701 4301 2828 4352 quae
2859 4301 3165 4337 scansurus
3195 4286 3265 4337 ad
3298 4290 3449 4336 astra
3480 4283 3738 4353 magister

2231 4372 2504 4425 Pacificus
2536 4372 2755 4425 dederit
2785 4373 3075 4425 servandae
3105 4373 3311 4426 foedera
3338 4372 3492 4441 pacis
3517 4387 3530 4423 :

2230 4460 2575 4535 Cur'pignus
2603 4461 2725 4518 hoc.
2761 4462 2897 4514 dum
2933 4461 3225 4513 meditaris
3253 4460 3465 4528 inania,
3496 4457 3734 4511 scindis?

2230 4549 2341 4601 Cur
2369 4554 2421 4601 te
2455 4552 2608 4601 tanta
2639 4553 2791 4601 tenet
2821 4549 3048 4601 sceleris
3081 4550 3353 4601 scelerata
3375 4548 3623 4616 cupido?

2231 4636 2431 4688 Nonne
2463 4635 2668 4688 decens
2695 4636 2882 4688 fuerat
2911 4636 3145 4688 sudores
3173 4642 3395 4703 tergere
3428 4641 3634 4700 tantos,

2228 4728 2306 4776 Ac
2335 4740 2640 4777 commune
2670 4724 2887 4777 bonum
2922 4725 3115 4777 sociali
3143 4740 3347 4778 ornare
3378 4725 3610 4777 labore?

2229 4812 2332 4876 Qui
2359 4812 2566 4865 facient
2594 4812 2711 4878 alii,
2745 4813 2880 4866 dum
2911 4812 3140 4882 quaeris,
3176 4813 3471 4882 Episcope,
3506 4812 3675 4878 bella,

2229 4904 2305 4953 Ac
2326 4901 2581 4954 humana
2609 4906 2772 4953 tuum
2799 4902 2845 4953 si
2878 4917 2991 4954 non
3024 4907 3225 4953 natura
3256 4907 3471 4954 reatum

2231 4988 2592 5058 Comprimit,
2639 4989 2804 5054 ordo,
2836 4989 3067 5057 gradus,
3103 5005 3290 5059 neque
3323 4996 3377 5042 te
3428 4987 3656 5042 dilectio
3692 4982 3879 5040 frenat?

2229 5075 2483 5144 Suspice,
2512 5076 2774 5129 fulminei
2805 5076 3038 5129 venient
3067 5078 3135 5130 de
3161 5077 3411 5130 nubibus
3437 5077 3666 5139 imbres,

2231 5165 2595 5235 Placabitque
2625 5171 2752 5218 tuos
2781 5165 3019 5219 caelestis
3046 5165 3214 5219 turbo
3245 5165 3483 5230 furores,

2228 5253 2526 5322 Angelicas
2555 5253 2720 5321 acies,
2750 5259 3016 5320 armatas,
3050 5253 3408 5319 auxiliantes,

2231 5342 2397 5394 Ferre
2426 5340 2641 5393 videbis
2671 5358 2836 5410 opem
2867 5341 3044 5411 signis
3072 5341 3394 5394 victricibus
3421 5342 3687 5411 amplam.

2231 5429 2398 5481 Ferre
2430 5444 2627 5481 necem
2653 5430 2778 5482 telis
2808 5429 2897 5482 cui
2933 5445 3082 5482 nunc
3114 5430 3398 5482 minitaris
3422 5429 3654 5499 iniquis.

2231 5516 2536 5571 Carniﬁces
2580 5533 2809 5586 quoque
2847 5517 3014 5586 pulso
3043 5518 3307 5587 loquens,
3345 5517 3445 5586 qui
3467 5517 3627 5587 jussa
3649 5512 3875 5568 volebant
