4078 6180
178 309 271 357 961

177 440 432 500 Patrare,
463 443 521 489 et
550 436 780 488 sceleris
811 435 1028 505 pariter
1060 435 1343 488 consortia
1374 435 1520 489 ferre
1547 453 1558 488 :

177 527 332 588 Quos
363 525 550 577 aliena
582 541 705 576 reos
735 523 972 576 adduxit
999 523 1192 575 missio
1228 541 1406 588 noxae,

177 614 282 678 Qui
318 614 560 666 calleute
589 613 718 665 dolo
749 628 806 664 se
839 612 1034 665 fallere
1071 629 1234 682 posse
1263 619 1526 681 putantes

176 705 365 768 Illum,
400 703 602 771 plenus
635 706 755 753 erat
784 700 884 769 qui
916 701 1044 769 puri
1079 701 1332 753 fluminis
1365 701 1591 754 haustu.

180 793 500 861 l-‘iugebaut
531 791 671 842 falso
707 790 936 842 fallaces
967 789 1176 842 famine
1209 791 1365 854 falsa,

173 884 440 950 Aptaque
471 895 606 932 rura
634 878 768 930 satis
799 894 856 930 se
887 878 1090 932 Sancto
1125 879 1422 931 Ostendere
1456 894 1620 946 posse
1650 893 1661 931 :

174 968 232 1021 Si
263 967 573 1021 comitetur
602 982 697 1018 eos
728 981 926 1018 caussa
957 967 1261 1036 studioque
1294 965 1508 1020 tuendi.
1601 954 1608 958 ’

177 1055 429 1109 Callidus
467 1060 524 1107 et
552 1069 882 1123 quanquam
917 1054 1077 1107 miles
1108 1054 1462 1107 simulaverit
1495 1070 1613 1121 ore,

177 1144 429 1197 Finxerit
457 1148 512 1195 et
545 1147 700 1195 tanto
729 1142 1025 1195 mendacia
1058 1143 1208 1195 dicta
1242 1144 1564 1212 Prophetas,

173 1232 356 1294 Quem
393 1233 749 1283 monstrante
782 1231 892 1282 Deo
925 1229 1003 1282 uil
1030 1230 1306 1294 clausum,
1338 1229 1532 1298 nilque
1562 1229 1773 1283 latebat

177 1322 477 1373 Occultum
511 1318 689 1382 fibris,
727 1318 801 1370 nil
837 1322 1049 1370 tectum
1083 1317 1327 1386 pectoris
1358 1318 1554 1370 antris.

175 1408 425 1462 Auribus
456 1407 514 1458 in
541 1409 704 1475 cujus
735 1406 813 1458 sic
845 1423 1002 1458 mens
1033 1413 1097 1458 ut
1128 1406 1325 1475 lingua
1354 1407 1630 1472 sonabat;

181 1496 304 1548 Non
340 1505 531 1548 tamen
563 1495 790 1564 injustis
821 1494 1099 1546 scelerum
1130 1494 1410 1546 latoribus
1443 1495 1560 1562 ipse

176 1583 431 1647 Obstitit,
463 1589 559 1635 aut
586 1583 748 1635 saevis
783 1581 1118 1634 monstravit
1149 1588 1308 1650 terga
1336 1582 1626 1636 ministris.

176 1673 357 1724 Tanta
386 1688 488 1724 nec
521 1672 758 1723 invictos
794 1670 1016 1722 animos
1045 1669 1291 1721 formido
1325 1686 1627 1737 pererrans

180 1759 452 1827 Dispulit,
477 1766 574 1811 aut
603 1758 862 1810 stabilem
896 1759 1066 1826 liquit
1093 1761 1411 1809 constantia
1442 1763 1692 1810 mentem
1721 1773 1732 1811 :

177 1847 431 1916 Martyrii
455 1848 672 1916 jugiter
703 1845 980 1916 quoniam
1011 1845 1264 1898 fervebat
1295 1862 1509 1898 amore.

180 1937 244 1987 Et
274 1952 605 2005 quanquam
635 1935 854 1988 dederit
884 1951 1034 1987 nunc
1077 1936 1356 2003 temporis
1387 1935 1544 2003 optio
1575 1941 1770 1990 votum

181 2024 461 2092 Martyris,
497 2024 735 2076 emerito
767 2040 881 2076 non
913 2028 1000 2075 est
1031 2022 1322 2076 fraudatus
1354 2025 1593 2076 honore.

180 2112 320 2164 Hinc
353 2112 577 2180 superis
610 2111 788 2179 magis
815 2117 900 2162 est
935 2111 1218 2164 laudanda
1252 2112 1511 2180 potentia
1540 2113 1766 2174 Christi,

176 2201 338 2263 Quod
375 2200 534 2252 dedit
563 2200 692 2252 huic
729 2200 979 2268 palmam
1014 2200 1192 2268 gratis
1223 2201 1344 2252 sine
1390 2201 1620 2252 vulnere
1655 2201 1872 2254 mortis.

251 2325 303 2374 6.
337 2323 577 2392 Jamque
608 2322 975 2390 supercilium
1005 2322 1216 2375 montis
1245 2323 1340 2391 pia
1370 2323 1596 2376 victima
1620 2324 1798 2378 adivit

174 2413 591 2480 Percussorque
624 2411 797 2474 ferus,
832 2427 936 2464 ceu
967 2412 1260 2480 quondam
1291 2419 1519 2465 sanctus
1545 2413 1719 2478 Isaac,

181 2501 363 2569 thue
399 2499 650 2569 maligna
678 2516 879 2552 manus
908 2501 1154 2552 nimium
1189 2502 1430 2553 crudelis
1463 2503 1644 2554 [esum

175 2588 415 2651 Quando
446 2588 638 2641 furore
671 2589 876 2654 calens,
911 2589 979 2641 ad
1012 2589 1220 2641 montis
1251 2590 1502 2642 culmina
1531 2595 1740 2643 nostra:

174 2680 484 2729 Auctorem
517 2676 644 2728 vitae
675 2677 953 2744 pertraxit
985 2677 1482 2746 praecipitandum,

175 2765 231 2818 Si
266 2770 399 2818 tunc
428 2780 614 2833 posse,
637 2766 791 2817 velut
821 2764 1193 2818 furibundum
1227 2766 1387 2831 velle,
1422 2766 1728 2820 habuisset.

179 2853 341 2906 Haud
372 2869 530 2905 secus
563 2853 652 2906 hic
680 2854 891 2919 Justus,
928 2869 1057 2905 cum
1090 2859 1262 2906 staret
1293 2855 1466 2919 mitis,
1503 2861 1565 2908 ut
1599 2872 1800 2924 agnus.

179 2941 490 2995 Subvacuis
523 2941 728 3010 pietate
762 2942 931 3010 lupis,
972 2958 1102 2994 mox
1129 2943 1349 2996 coalitus
1391 2948 1526 2996 atra:

176 3029 441 3082 Collectae
471 3029 650 3082 nubes
682 3031 876 3082 oculos
906 3031 1160 3082 clausere
1193 3031 1496 3097 malorum,

177 3117 287 3170 Nec
321 3117 563 3186 phoebea
601 3121 753 3186 patet
785 3117 959 3186 digno
991 3119 1125 3170 satis
1156 3118 1358 3172 ordine
1387 3121 1607 3189 lampas
1640 3139 1655 3172 :

177 3205 270 3257 His
303 3204 546 3256 retrahit
572 3204 742 3272 jubar
768 3209 825 3256 et
855 3204 1041 3257 radios
1071 3205 1350 3258 convertit
1379 3206 1436 3258 in
1467 3206 1718 3273 umbras,

172 3291 282 3356 Qui
311 3292 486 3345 rutilo
515 3292 760 3361 spoliare
792 3291 1022 3345 student
1053 3293 1354 3361 splendore
1386 3294 1693 3358 lucernam,

173 3381 389 3435 Lucida
420 3380 731 3450 diffugiunt
761 3381 958 3447 oculis,
984 3397 1094 3433 nox
1123 3381 1340 3450 ingruit
1371 3383 1561 3452 ampla
1591 3403 1606 3435 :

168 3471 616 3540 Tempestasque
648 3469 762 3522 ruit
792 3469 1092 3522 commisto
1125 3470 1405 3539 grandine
1439 3471 1691 3541 grandis.

172 3561 319 3627 Ergo
356 3559 478 3610 solo
509 3557 668 3610 strati
697 3558 924 3626 culpam
954 3557 1294 3628 justumque
1326 3560 1575 3612 fatentur

169 3645 554 3715 Supplicium,
589 3646 814 3699 veniam
845 3648 1099 3715 rogitant
1136 3664 1147 3700 :
1184 3653 1450 3702 curvatur
1479 3650 1718 3703 adorans

169 3736 233 3788 In
264 3740 478 3788 terram
508 3736 720 3801 Justus,
751 3735 978 3804 pietatis
1003 3752 1197 3790 amore
1227 3739 1480 3806 repletus
1514 3755 1527 3791 :

169 3827 250 3875 Ac
284 3823 544 3875 membra
575 3823 894 3892 herbigeris
927 3825 1240 3893 prosternit
1267 3826 1324 3877 in
1354 3842 1562 3895 aggere
1593 3827 1802 3897 glebis;

167 3911 284 3963 Nec
315 3911 474 3981 prius
507 3911 726 3964 absistit
755 3911 942 3964 studio
977 3916 1222 3982 votoque
1254 3915 1543 3983 precandi,

171 3999 363 4051 Donec
391 3999 626 4051 aetherei
654 4015 711 4051 se
743 3999 1055 4053 submisere
1088 4001 1330 4065 furores,

175 4087 515 4140 Nimborum
540 4087 904 4157 tonitrusque
929 4089 1102 4141 etiam
1136 4106 1350 4142 cessere
1383 4091 1656 4160 fragores.

175 4176 442 4244 Dumque
473 4191 673 4228 serena
702 4175 813 4228 illis
838 4193 895 4229 se
929 4177 1171 4230 reddunt
1203 4179 1416 4232 aethera
1452 4177 1746 4247 miuﬂris,

173 4259 429 4313 Noscant
468 4277 641 4330 quam
682 4263 885 4314 merito
925 4264 995 4315 sit
1034 4263 1272 4316 Sanctus
1315 4266 1526 4318 honore
1568 4267 1868 4320 vbrendus.

176 4349 255 4400 lte
288 4349 526 4401 domum
561 4350 738 4410 missi,
774 4351 1099 4420 factumque
1134 4353 1338 4406 referte
1374 4356 1639 4413 Patrono,

171 4437 484 4491 Carnifices
513 4438 655 4490 alios
686 4455 756 4491 ne
787 4445 914 4508 post
937 4457 1035 4493 vos
1068 4441 1255 4494 mittat
1285 4443 1565 4496 Amando.

241 4565 299 4613 7.
334 4561 377 4614 Ο
409 4561 674 4629 nimium,
705 4563 906 4616 dilecte
935 4565 1071 4629 Deo,
1107 4565 1195 4617 cui
1228 4565 1433 4618 militat
1464 4567 1660 4632 aztlier,

171 4648 351 4717 Cujus
377 4649 433 4701 in
465 4651 671 4703 auxilio
704 4651 945 4704 co3lestis
975 4653 1233 4705 machina
1264 4654 1530 4707 frendens

174 4737 332 4790 Bella
361 4744 543 4806 parat,
579 4739 773 4792 lumen
803 4741 1057 4806 retrahit,
1095 4741 1427 4812 lethumque
1458 4744 1730 4796 minatur.

170 4827 284 4878 Pro
316 4826 472 4878 lituis
503 4829 769 4894 tonitrus,
813 4845 916 4898 pro
957 4829 1082 4882 telis
1115 4830 1320 4898 igneus
1351 4832 1553 4899 imber,

169 4917 282 4967 Pro
314 4915 527 4983 parmis
559 4933 829 4985 quassans
860 4917 1266 4970 immurmurat
1295 4920 1506 4972 arduus
1537 4920 1676 4973 axis.

167 5002 321 5065 Quid
353 5003 563 5055 mirum
590 5014 672 5055 est
705 5005 939 5056 servisse
971 5006 1083 5058 tuis
1116 5008 1615 5077 terrestriajussis,

169 5091 415 5154 Quando
453 5092 736 5145 elementa
764 5093 933 5145 simul
966 5095 1326 5162 quatiuntur,
1363 5097 1538 5149 fervet
1580 5097 1871 5166 Olympus.

171 5180 317 5231 Cum
353 5179 475 5244 tibi,
513 5180 623 5232 fida
659 5180 766 5232 tuis
797 5198 941 5250 spes,
975 5199 1126 5235 mors
1159 5183 1368 5252 injusta
1399 5191 1648 5254 paratur.

173 5267 237 5319 Et
265 5283 599 5337 quanquam
631 5269 746 5321 sint
776 5286 983 5340 magna
1003 5272 1154 5335 satis,
1190 5289 1318 5342 quae
1348 5273 1588 5343 gesserit
1616 5278 1767 5338 ante,

247 5417 272 5440 ³
307 5409 394 5462 Ita
446 5409 565 5475 Ms.,
630 5411 828 5466 Elnou.
901 5414 1141 5467 alterum
1208 5415 1376 5468 habet
1427 5418 1763 5476 Rossomtus;
1821 5419 1878 5469 at

176 5481 515 5557 Ressontum,
553 5497 652 5534 seu
692 5485 1000 5550 Rcssonum,
1042 5487 1286 5553 posteris
1334 5486 1445 5538 dici
1489 5503 1661 5555 supra
1705 5491 1876 5540 nota-

176 5565 387 5602 Vllnus.

1375 306 1462 358 DE
1505 306 1660 358 VlTA
1695 308 1750 360 S.
1795 305 2084 360 AMANDI.
2112 306 2329 359 —LIB.
2376 308 2460 358 ιν.

3582 313 3683 364 962

1914 441 1960 490 Α
1988 438 2120 490 Plus
2155 442 2344 490 tamen
2386 437 2494 489 ista
2539 436 2739 503 nitent,
2774 453 2904 506 quae
2951 437 3077 490 coeli
3109 455 3175 490 ex
3220 454 3346 491 arce
3382 438 3681 508 refulgent.

1991 527 2231 579 Pulcher
2259 525 2492 594 ubique,
2529 527 2675 593 polo,
2708 531 2877 590 terra,
2913 533 3202 594 pontoque
3234 543 3556 592 coruscans,

1991 615 2224 684 Respice
2255 613 2493 667 dill'usos
2513 614 2753 682 jamjam
2783 614 3102 666 miserando
3133 614 3358 678 fideles;

1991 703 2203 772 Hisque
2229 703 2430 771 jugem
2466 702 2729 771 precibus
2761 703 2932 753 sacris
2963 703 3202 771 deposce
3235 703 3503 768 salutem;

1988 789 2280 851 Quatenus
2309 789 2546 842 invictas
2572 789 2880 842 retinentes
2909 800 3134 858 pectore
3165 791 3328 852 vires,

1992 877 2103 930 Nec
2147 878 2298 930 mala
2346 893 2450 930 nos
2496 878 2782 946 frangant,
2837 893 2942 930 nec
2975 883 3226 931 mentem
3275 895 3547 949 prospera
3593 896 3684 933 ra-

3480 967 3681 1038 [ptent.

2654 1072 2878 1126 CAPUT
2921 1072 3018 1124 III.

1990 1178 2235 1232 Caecitate
2265 1180 2313 1229 et
2342 1177 2593 1244 paralysi
2630 1177 2834 1244 puniti,
2874 1179 3145 1228 sanantur
3181 1192 3276 1244 ope
3316 1179 3371 1232 S.
3415 1179 3676 1232 Amandi.

2061 1304 2112 1354 8.
2151 1301 2336 1353 Instar
2367 1301 2494 1367 iter,
2519 1300 2875 1370 jamjamque
2910 1301 3208 1370 sequentia
3234 1307 3571 1372 retorquent

1988 1390 2268 1443 Carminis
2297 1405 2617 1455 excursum,
2643 1389 2867 1441 canitur
2901 1405 2990 1441 res
3025 1390 3199 1458 digna
3231 1391 3435 1444 relatu.

1995 1477 2200 1531 Mentio
2232 1493 2479 1545 namque
2512 1477 2618 1529 viri
2645 1478 2984 1530 venerandis
3019 1479 3278 1530 laudibus
3309 1485 3442 1548 apta
3473 1485 3579 1547 est,

1991 1569 2246 1634 Namque
2279 1566 2649 1633 Evangelium
2685 1566 2896 1635 populo
2929 1566 3062 1618 dum
3097 1567 3367 1633 praedicat
3397 1569 3576 1634 omni,

1990 1654 2219 1707 Nescius
2250 1654 2478 1723 incoepti
2512 1670 2705 1706 curam
2738 1654 2925 1705 laxare
2959 1654 3186 1717 laboris,

1920 1732 1961 1784 Β
1994 1745 2359 1812 Lassatosque
2393 1748 2547 1795 artus
2589 1743 2810 1794 modica
2844 1758 3106 1810 reparare
3138 1744 3350 1812 quiete,

1989 1833 2342 1884 Perlustrans
2375 1831 2506 1900 pagi
2530 1830 2777 1883 confinia
2808 1829 3253 1894 Bellovacensis;

1985 1928 2009 1951 ει
2038 1920 2350 1972 Rossontus
2381 1921 2538 1971 locus
2568 1923 2671 1982 est,
2705 1935 2817 1987 quo
2849 1918 3086 1972 Sanctus
3115 1919 3267 1971 venit
3300 1919 3539 1972 anhelus

1985 2007 2106 2070 Qua
2139 2007 2395 2059 modicus
2423 2008 2562 2076 ripis
2596 2006 2800 2069 reﬂuit,
2834 2008 2931 2059 sed
2963 2023 3180 2059 massus
3212 2007 3417 2076 opimis
3446 2011 3470 2050 b

1989 2097 2167 2149 Ubere
2196 2096 2470 2148 frumenti
2495 2096 2709 2166 copiosi
2743 2102 2799 2148 et
2830 2111 3067 2148 munere
3095 2097 3294 2148 Bacchi
3329 2113 3341 2148 :

1986 2187 2091 2237 Nec
2122 2185 2318 2252 procul
2353 2201 2384 2236 a
2414 2189 2618 2248 tractu,
2662 2199 2834 2252 quem
2863 2199 3060 2236 cursus
3100 2186 3346 2252 complet
3377 2197 3396 2219 ε
3433 2186 3681 2239 Oroan

1988 2273 2085 2324 Hic
2117 2272 2302 2325 fuerat
2333 2273 2540 2324 mulier
2569 2272 2812 2341 geminis
2843 2272 3073 2325 viduata
3095 2273 3339 2326 lucernis
3373 2289 3384 2326 :

1988 2361 2192 2414 Fronte
2225 2361 2574 2414 subobscura
2603 2359 2785 2412 noctis
2817 2359 3106 2413 simulatio
3134 2377 3280 2423 vera,

1985 2449 2156 2518 Cujus
2186 2465 2394 2518 nempe
2427 2449 2662 2501 modum
2697 2449 2832 2501 dum
2858 2449 3048 2500 Justus
3077 2449 3338 2501 cominus
3369 2449 3584 2503 instans

1984 2539 2298 2604 Scrutatur,
2329 2538 2529 2591 didicit
2560 2553 2755 2589 causas
2787 2542 3128 2605 tempusque
3159 2542 3380 2605 negata:

1985 2627 2176 2690 Ducis,
2207 2631 2264 2678 et
2292 2625 2548 2694 auguriis
2577 2627 2759 2692 justas
2791 2624 3061 2692 quzesisse
3093 2626 3376 2689 tenebras,

1986 2715 2374 2768 Frondicomze
2409 2715 2536 2767 Deae
2568 2731 2625 2766 se
2657 2713 2972 2766 deseruisse
3005 2727 3323 2766 renarrans.

1986 2803 2148 2856 Ducit
2177 2819 2301 2855 eam
2327 2802 2527 2871 rigidis
2559 2817 2849 2854 ramorum
2884 2800 3122 2853 flexibus
3157 2801 3347 2868 arbor,

1984 2892 2106 2954 Quo
2137 2895 2306 2961 caput
2336 2892 2616 2943 extulerat
2649 2906 2912 2959 perversa
2942 2889 3106 2958 fruge
3136 2890 3353 2942 colonis

1986 2981 2159 3034 Noxia
2189 2979 2517 3033 lethiferum
2551 2979 2791 3048 gignens
2822 2977 3009 3030 radice
3042 2993 3343 3040 venenum,

1984 3069 2214 3122 Rustica
2241 3068 2399 3137 plebs
2429 3067 2615 3136 prisco
2637 3081 2810 3136 quam
2841 3071 3269 3119 cousecraverat
3296 3065 3460 3119 hosti.

1983 3157 2152 3209 Fudit
2182 3161 2239 3210 et
2279 3161 2339 3209 ut
2373 3156 2578 3208 mulier
2609 3157 2883 3225 plangens
2927 3155 3358 3224 lacrymansque
3395 3154 3676 3224 querelas,

1983 3244 2250 3299 Reddidit
2276 3243 2362 3297 his
2393 3244 2631 3298 Sanctus
2662 3244 2956 3297 miseranti
2988 3249 3212 3312 pectore
3236 3259 3397 3296 voces
3431 3258 3442 3296 :

1985 3335 2106 3387 Non
2138 3332 2401 3386 miranda
2427 3333 2622 3398 refers,
2657 3331 2865 3396 mulier
2894 3336 3100 3384 caecata
3134 3337 3292 3384 reatu

1983 3421 2122 3474 Cum
2150 3420 2382 3489 proprio
2417 3420 2639 3490 plangis
2673 3418 3002 3472 discrimina
3023 3418 3260 3470 crimine
3293 3424 3464 3472 creta.

1981 3509 2182 3578 Magna
2209 3509 2307 3562 sed
2341 3508 2591 3560 admiror
2621 3523 2797 3577 quam
2820 3507 2890 3559 sit
2911 3507 3215 3560 clementia
3237 3506 3464 3571 Christi,

1982 3597 2152 3664 Cujus
2182 3598 2340 3666 larga
2372 3597 2540 3650 nimis
2572 3602 2626 3650 te
2650 3597 2770 3664 jam
2800 3594 3078 3664 patientia
3107 3598 3316 3664 portat,

1983 3685 2156 3754 Cujus
2189 3685 2259 3738 ad
2288 3685 2563 3737 offensam
2597 3683 2826 3753 proprio
2858 3684 3205 3737 famulabilis
3238 3685 3387 3738 hosti

1983 3774 2297 3827 Emeritum
2328 3773 2534 3826 retines
2566 3773 3196 3842 damnumjustumque
3225 3773 3527 3842 pudorem.

1984 3867 2052 3917 At
2082 3863 2185 3916 tibi
2216 3862 2262 3914 si
2294 3866 2554 3930 superest
2583 3861 2803 3913 amissa:
2835 3876 2971 3912 cura
3002 3860 3198 3912 salutis

1981 3955 2289 4004 Assensum
2324 3950 2664 4018 nostrisjam
2695 3955 2830 4001 tunc
2851 3949 3104 4017 praebere
3133 3949 3393 4018 loquelis.

1983 4041 2166 4110 Ocyus
2197 4040 2464 4092 audacter
2496 4040 2608 4090 Dea
2639 4054 2752 4107 quo
2785 4041 2896 4090 stat
2927 4037 3215 4106 pestifera,
3248 4038 3349 4100 ito,

1987 4130 2096 4198 Spe
2143 4128 2329 4181 stabili
2373 4128 2646 4180 confirma
2685 4125 2966 4190 animum,
3004 4126 3376 4194 dextramque
3419 4123 3677 4194 bipenni,

1983 4217 2164 4272 Arbor
2195 4222 2257 4270 ut
2288 4217 2356 4269 ad
2390 4216 2706 4284 terrasjam
2737 4220 2971 4286 proruat
3001 4219 3124 4266 acta
3151 4213 3354 4277 securi,

1914 4321 1957 4372 ι)
1983 4307 2162 4368 Quam
2195 4305 2481 4358 veneraris
2513 4323 2528 4356 :
2566 4304 2720 4357 enim
2752 4303 2917 4357 citius
2949 4303 3221 4372 promitto
3249 4302 3509 4355 futurum

1987 4395 2226 4448 Credula
2256 4394 2300 4446 si
2333 4393 2528 4460 fueris,
2563 4394 2749 4446 felicia
2776 4399 2903 4445 vota
2937 4399 3251 4462 reportans,

1986 4482 2147 4544 Quod
2179 4481 2366 4550 capies
2396 4481 2636 4533 celerem
2683 4480 3076 4532 membrorum
3115 4479 3438 4549 animaeque
3485 4479 3680 4533 mede-

3521 4568 3680 4637 llam,

1991 4659 2102 4710 Nec
2132 4673 2291 4709 mora
2317 4656 2456 4709 dum
2489 4657 2755 4724 properat
2781 4653 3007 4721 mulier,
3037 4653 3278 4706 ducente
3311 4655 3523 4723 puella,

1984 4745 2296 4798 Arboream
2329 4749 2591 4796 truncare
2625 4743 2818 4807 Deam,
2851 4741 3235 4811 frondensque
3263 4758 3536 4794 cacumen

1986 4832 2304 4901 Relligioue
2333 4847 2529 4886 carens
2551 4829 2828 4883 succisum
2853 4829 3074 4882 tradere
3102 4830 3377 4895 flammis;

1985 4921 2336 4990 Perspicieus
2361 4919 2598 4972 Sanctus
2629 4917 2762 4970 fidei
2794 4917 3112 4971 venerabile
3144 4918 3342 4970 lumen

1986 5007 2227 5060 Interius
2258 5008 2493 5075 fulgere,
2528 5006 2705 5059 crucis
2728 5007 3065 5058 celebrabile
3097 5005 3324 5073 signum

1987 5097 2048 5148 In
2081 5096 2281 5149 frontis
2314 5096 2500 5148 medio
2528 5095 2756 5164 gemina
2785 5095 2932 5147 inter
2966 5100 3220 5162 tempora
3247 5092 3502 5162 sculpsit,

1988 5186 2110 5237 Mox
2143 5201 2368 5253 quoque
2401 5186 2737 5253 conspicuus
2771 5185 2991 5236 delatus
3022 5184 3240 5234 cwlitus
3273 5181 3420 5251 ignis

1984 5273 2302 5342 Splenduit,
2339 5278 2395 5326 et
2419 5273 2622 5326 clausas
2652 5277 2890 5342 patuere
2918 5271 2976 5322 in
3004 5271 3185 5322 fronte
3218 5272 3498 5324 fenestras.

2056 5414 2339 5484 1'ltlargini
2382 5415 2614 5468 alterius
2653 5416 2773 5480 Ms,
2827 5414 3176 5484 adscriptum
3226 5420 3365 5480 erat,
3405 5419 3675 5484 lluviolus.

2056 5493 2076 5515 ο
2105 5485 2245 5552 Imo,
2275 5487 2530 5552 Arondae,
2567 5491 2628 5539 ut
2657 5501 2832 5555 supra
2859 5486 3215 5539 adnotatum.
