4048 6170
436 302 540 353 963
1670 294 1951 350 MILONIS
1994 293 2310 350 MONACHI
2349 295 2407 348 S.
2458 296 2732 350 AMANDI
3115 307 3121 313 '
3819 304 3903 354 96';

443 432 533 486 Sic
560 430 882 485 veneranda
910 443 1113 481 manus
1134 426 1308 495 jubar
1337 424 1527 491 infert,
1552 430 1721 496 atque
1747 425 2023 495 relinquit

450 523 564 574 Nox
597 520 817 583 oculos,
852 517 1122 586 exsulque
1155 515 1276 569 dies
1306 514 1592 567 illuminat
1623 515 1809 582 orbes,

445 612 522 662 Ac
547 607 750 661 mediis
780 604 1027 658 tenebris
1059 618 1265 656 aurora
1295 603 1627 671 crepuscula
1655 603 1921 667 fundens,

447 697 679 749 Miratur
710 693 897 747 radios
918 693 1075 746 frons
1102 693 1389 745 illustrata
1419 708 1667 757 serenos,

445 784 624 847 Quam
668 787 860 835 tamen
900 781 1236 835 instructam
1268 784 1484 833 veteres
1515 785 1882 833 contemnere
1910 780 2132 849 Clllpth;

442 871 619 925 Noxia
650 870 777 941 quis
808 870 1027 941 pridem
1057 872 1356 923 creverunt
1386 869 1623 921 vulnera
1653 867 1712 920 in
1740 868 1856 934 illa,

441 959 795 1013 Incolumem
822 958 1107 1029 linquens,
1139 956 1390 1026 reliquos
1420 956 1643 1009 visurus
1671 956 1906 1021 amicos,

444 1049 672 1103 Dimisit
700 1048 960 1112 Sanctus,
992 1046 1138 1100 tanti
1165 1046 1404 1115 largitor
1434 1045 1688 1099 honoris.

513 1194 564 1245 9.
597 1189 861 1243 Historias
890 1188 1188 1241 manifesta
1222 1188 1381 1253 ﬁdes,
1418 1188 1513 1240 sed
1546 1186 1814 1257 mysticus
1843 1187 1926 1241 illi

442 1280 765 1334 Intellectus
787 1278 935 1331 inest
955 1277 1110 1329 silvis
1140 1276 1435 1330 umbratus
1467 1276 1676 1345 opacis,

444 1369 624 1433 Quem
654 1367 883 1421 tentabo
916 1366 1156 1435 loquens
1186 1364 1389 1418 festino
1424 1380 1676 1433 pangere
1708 1379 1874 1417 versu
1909 1380 1922 1417 :

445 1458 515 1510 Ut
543 1470 816 1509 resonans
848 1453 1083 1523 antiqua
1114 1469 1261 1506 novo
1294 1453 1635 1523 symphonia
1662 1451 1798 1504 ﬂatu

443 1546 683 1615 Impleat
715 1546 937 1595 arentes
969 1558 1175 1611 supero
1206 1541 1519 1609 spiramine
1550 1556 1762 1594 versus.

442 1632 627 1686 Arbor
652 1630 833 1701 prisca
860 1628 987 1694 fuit,
1018 1645 1132 1698 qua
1162 1628 1334 1681 vitam
1366 1627 1615 1696 perdidit
1645 1629 1775 1693 Eva,

446 1723 665 1775 Nomen
692 1719 908 1772 habens
938 1719 1088 1782 vitae,
1113 1718 1159 1770 si
1182 1716 1364 1785 culpis
1395 1715 1779 1768 abstinuisset.

442 1808 551 1861 Pro
578 1804 764 1860 dolor!
795 1804 1049 1875 anguino
1079 1804 1325 1858 nimium
1351 1805 1587 1873 decepta
1618 1821 1787 1858 suasu

443 1897 508 1949 In
537 1896 756 1949 lethum
788 1895 946 1963 lapsa
977 1898 1081 1957 est,
1111 1892 1349 1946 vetitum
1384 1893 1519 1946 dum
1548 1893 1797 1961 sumpsit
1828 1892 2138 1960 edendum,

442 1984 524 2039 Ad
558 1988 773 2037 certum
806 1998 908 2052 per
942 1983 1096 2034 lucra
1134 1997 1307 2034 ruens
1333 1982 1478 2035 male
1509 1980 1739 2034 credula
1771 1981 2068 2034 damnum.

442 2072 553 2127 Sed
584 2072 765 2126 crucis
798 2072 857 2124 in
889 2071 1047 2140 ligno
1072 2070 1189 2122 vita
1219 2070 1519 2133 moriente,
1550 2068 1691 2137 piati

443 2160 586 2215 Sunt
614 2162 892 2214 scelerum
924 2156 1131 2224 morbi,
1167 2162 1223 2211 et
1251 2158 1411 2211 vetiti
1441 2156 1821 2227 transgressio
1854 2157 2033 2227 pomi.

442 2249 660 2320 Aspicis
692 2248 987 2318 antiquam
1018 2246 1289 2316 praesenti
1322 2247 1380 2298 in
1406 2245 1597 2315 stipite
1628 2246 1895 2309 formam,

441 2338 709 2408 Auguriis
742 2336 949 2390 mulier
986 2335 1075 2388 cui
1105 2336 1239 2388 dum
1267 2334 1576 2387 famulatur
1608 2333 1842 2402 ineptis,

443 2427 593 2481 Scire
610 2414 817 2479 ‘futura
847 2426 1063 2490 volens,
1091 2430 1148 2475 et
1173 2424 1291 2492 jam
1318 2421 1624 2492 praesentia
1646 2420 1854 2490 perdit,

444 2518 521 2567 Ac
554 2513 786 2566 meritas
816 2517 1021 2565 caecata
1052 2513 1203 2579 capit
1235 2528 1340 2580 pro
1370 2513 1493 2563 luce
1526 2511 1813 2563 tenebras.

445 2602 552 2655 Sed
587 2602 823 2655 Sanctus
857 2598 1091 2652 veniens
1118 2615 1340 2651 errores
1363 2598 1598 2667 dispulit
1623 2604 1797 2663 atros,

442 2688 671 2743 Arboris
697 2692 753 2741 et
784 2687 977 2740 docuit
1004 2686 1181 2739 flexus
1213 2686 1501 2740 succidere
1532 2686 1702 2753 ferro,

448 2777 526 2830 De
559 2792 673 2846 quo
707 2776 1047 2845 magniﬁcus
1082 2774 1285 2827 cecinit
1311 2774 1556 2842 Baptista
1582 2775 1845 2839 Joannes,

444 2862 681 2917 Arboris
713 2862 983 2916 eximiam
1016 2862 1193 2915 radici
1223 2862 1436 2915 instare
1470 2862 1714 2915 securim

444 2952 706 3021 Fulgenti
734 2967 943 3005 nocuos
976 2967 1105 3021 qum
1136 2954 1363 3004 truncat
1395 2950 1660 3004 acumine
1694 2966 1909 3016 succos,

444 3042 510 3094 Et
541 3044 770 3109 reparat
798 3040 1040 3094 celerem
1072 3040 1168 3109 pia
1190 3055 1293 3109 per
1313 3040 1549 3109 collyria
1577 3040 1779 3103 visum,

444 3130 716 3199 Unguif‘er
758 3133 813 3183 et
844 3128 1099 3182 medicus
1131 3128 1210 3181 sic
1242 3127 1461 3182 lumina
1491 3128 1683 3182 reddit
1709 3127 2027 3181 Amandus.

516 3253 599 3305 lO.
658 3252 885 3321 Hocque
943 3251 1097 3322 quod
1126 3251 1515 3318 [accumulans
1560 3250 1796 3303 laudum
1848 3250 2137 3321 praeconia

444 3340 753 3409 Magniﬁcis
810 3340 982 3409 gestis
1031 3338 1354 3408 complevit,
1406 3338 1515 3392 rite
1572 3355 1864 3391 canamus.
1909 3338 2134 3411 [Justus,

443 3429 503 3481 In
535 3444 707 3497 grege
744 3427 1045 3497 multiplici
1072 3427 1299 3480 Domini
1329 3443 1501 3497 quem
1529 3427 1659 3479 fecit
1684 3427 1952 3481 alumnus

445 3516 672 3569 Divium
702 3520 932 3584 portare
960 3515 1186 3584 jugum,
1221 3515 1431 3567 servire
1461 3515 1726 3581 Tonanti,

444 3604 600 3656 Unus
631 3610 750 3655 erat
777 3603 1009 3671 reliquis
1041 3604 1309 3671 praelatus
1338 3603 1555 3656 honore
1587 3604 1847 3669 catervis,

446 3691 515 3744 Ut
544 3690 753 3744 victum
785 3691 951 3743 sociis
982 3696 1037 3744 et
1066 3707 1322 3761 congrua
1349 3696 1552 3745 cuncta
1581 3696 1809 3762 pararet
1838 3708 1850 3745 :

443 3778 549 3843 Qui
584 3779 721 3833 dum
754 3784 946 3833 monte
983 3784 1209 3833 tumens
1237 3779 1409 3849 jussis
1439 3796 1640 3850 parere
1674 3780 1932 3851 magistri

441 3868 688 3937 Despicit
720 3873 776 3921 et
806 3869 1002 3921 vinum
1034 3868 1301 3939 plaustris
1332 3871 1691 3938 portantibus
1724 3874 1889 3923 utens

438 3956 525 4011 Ad
558 3958 777 4010 Fratres
808 3957 1028 4010 deferre
1060 3973 1190 4010 suos
1220 3957 1541 4028 Sancteque
1574 3974 1803 4027 negare,

439 4046 601 4109 Quod
633 4046 860 4099 sibimet
891 4045 1152 4100 deessent
1183 4046 1424 4116 quaesita
1455 4046 1729 4109 vehicula,
1765 4046 1975 4116 pergit,

442 4133 939 4187 Sterniturinfelix
972 4134 1147 4187 subiti
1178 4134 1507 4187 discrimine
1540 4135 1748 4201 morbi,

442 4223 507 4275 Et
536 4222 655 4274 fera
686 4222 961 4291 paralysis
990 4228 1214 4275 vastans
1248 4222 1555 4275 crudeliter
1578 4226 1734 4275 artus

443 4310 705 4378 Occupat,
742 4314 797 4362 et
824 4309 963 4361 laxis
993 4308 1050 4361 in
1085 4309 1359 4362 membris
1392 4314 1597 4379 regnat
1629 4310 1905 4379 habenis;

441 4397 711 4468 Elataque
745 4397 916 4450 nimis
942 4402 1198 4467 sumptos
1228 4398 1443 4451 cervice
1476 4398 1691 4468 rigores

441 4485 624 4555 Ocyus
652 4486 940 4539 excutiens
970 4486 1159 4540 herbis
1191 4486 1553 4539 flaccentibus
1589 4492 1779 4557 aequat
1815 4503 1827 4540 :

452 4575 529 4627 Ac
550 4574 821 4627 miserum
855 4591 1058 4645 corpus
1089 4574 1281 4627 lethali
1309 4575 1466 4628 clade
1494 4580 1796 4645 gravatum

439 4664 619 4717 Pestis
649 4664 851 4717 acerba
879 4663 1011 4716 feris
1034 4662 1260 4733 stringit
1286 4662 1419 4716 hinc
1448 4664 1581 4717 inde
1614 4664 1848 4730 catenis,

440 4752 740 4822 Sanguinis
763 4752 997 4805 arebant
1028 4751 1233 4804 siccato
1258 4750 1498 4804 flumine
1526 4768 1707 4816 venre,

438 4840 734 4911 Languida
766 4844 820 4892 et
852 4839 1100 4893 attractis
1137 4838 1465 4892 marcebant
1497 4839 1727 4892 brachia
1756 4838 1978 4906 nervis;

436 4932 513 4983 Ac
541 4934 770 4983 tenuem
807 4928 1005 4981 flatum
1034 4928 1102 4980 de
1134 4943 1269 4980 nare
1296 4927 1653 4997 frequentius
1686 4928 1907 4992 efﬂans,

438 5018 731 5089 Singultus
760 5018 995 5071 miseros
1018 5021 1209 5070 mutus
1236 5030 1498 5070 sermone
1516 5017 1776 5071 iterabat.

438 5109 559 5162 Jam
593 5123 821 5178 quoque
853 5105 1230 5176 progrediens
1257 5105 1464 5157 anima:
1489 5106 1640 5158 calor
1664 5105 1807 5159 ostia
1830 5105 1958 5159 vitae

439 5195 777 5261 Transibat;
807 5195 905 5248 sed
932 5194 1120 5249 adhuc
1154 5192 1410 5247 medicus
1440 5192 1664 5247 vivebat
1692 5194 2004 5263 Amandus,

444 5283 614 5352 Cujus
636 5286 757 5336 erat
786 5281 1005 5334 meritis
1034 5297 1186 5351 ωςτο
1218 5279 1525 5334 tribuenda
1555 5280 1795 5334 medela.

447 5370 498 5422 Is
528 5369 873 5425 monasterio
908 5371 1161 5424 Fratrum
1198 5370 1509 5423 famulante
1531 5368 1781 5422 cohorte.

517 5549 540 5574 ⁸
572 5543 695 5608 Ms.,
720 5543 917 5597 Elnon.
945 5544 1141 5613 pudor.

2167 429 2208 479 A
2242 425 2477 494 Navigio
2511 425 2784 478 deductus
2812 428 2952 489 erat,
2985 441 3117 479 cum
3133 426 3242 478 rite
3271 428 3515 496 peractis

2245 515 2474 581 Officiis,
2511 514 2722 568 mensis
2744 514 3016 568 resideret
3043 514 3302 580 Sanctus,
3336 515 3572 570 edendis

2246 604 2511 657 Esuriens
2543 604 2747 673 epulis,
2785 604 3047 673 dapibus,
3072 605 3167 658 sed
3200 610 3396 674 pastus
3418 606 3655 675 olympi.

2249 692 2630 763 Discipuliqne
2658 695 2823 746 Pater
2853 708 3092 746 noscens
3124 693 3448 747 miserabile
3480 695 3709 758 vulnus,

2250 782 2474 835 Leniter
2507 782 2765 836 arridens
2799 782 3094 835 miseranti
3127 787 3355 852 pectore
3382 782 3535 836 fatur
3568 799 3582 835 :

2245 870 2446 941 Magna
2470 870 2704 940 quidem
2740 872 2976 940 patitur,
3008 871 3105 925 sed
3139 871 3322 925 adhuc
3342 872 3568 941 potiora
3601 877 3852 937 meretur,

2246 961 2407 1013 Hunc
2438 962 2711 1029 quoniam
2745 959 2910 1013 nobis
2932 960 3206 1029 jactantia
3222 975 3369 1014 vana
3388 959 3663 1013 rebellem

2247 1050 2735 1120 Contemptusque
2766 1050 2917 1114 facit,
2954 1049 3199 1103 nimium
3233 1050 3361 1120 quis
3393 1050 3621 1104 deditus
3655 1054 3812 1106 extat.

2244 1138 2396 1192 Dixit
2422 1144 2479 1193 et
2507 1140 2750 1192 electum
2783 1140 3042 1192 Fratrum
3073 1140 3141 1192 de
3172 1140 3338 1209 plebe
3368 1139 3619 1209 benigna

2247 1228 2668 1296 Presbyterum,
2703 1232 2909 1296 optata!
2945 1228 3209 1296 gerulum
3234 1227 3401 1297 jubet
3427 1244 3549 1281 esse
3582 1228 3826 1293 medelas,

2246 1318 2410 1369 Parte
2440 1317 2570 1369 data
2602 1316 2785 1385 panis,
2821 1316 3008 1369 calicis
3029 1332 3260 1387 quoque
3289 1316 3495 1386 pocula
3525 1317 3661 1383 lasti,

2248 1404 2418 1469 Vade,
2456 1405 2554 1469 ait,
2588 1409 2643 1457 et
2676 1406 2953 1458 monacho
2986 1404 3070 1458 fer
3103 1406 3222 1458 hth
3256 1405 3525 1459 mandata
3550 1406 3779 1475 jacenti,

2250 1493 2485 1547 llauriat
2522 1496 2583 1546 ut
2613 1493 2845 1546 calicem
2878 1509 3007 1545 cum
3040 1493 3199 1546 missi
3234 1494 3518 1563 fragmine
3550 1495 3734 1564 panis,

2250 1580 2507 1635 Crastina
2534 1597 2778 1651 cumque
2810 1581 2929 1634 dies
2958 1586 3265 1635 nocturnas
3296 1582 3567 1650 sparserit
3598 1582 3833 1647 umbras,

2252 1670 2314 1721 Et
2338 1670 2417 1721 sol
2440 1668 2860 1721 ﬁammicomus
2891 1684 3034 1737 puro
3067 1668 3387 1721 rutilaverit
3418 1674 3573 1733 ortu,

2180 1726 2218 1778 Β
2248 1757 2597 1827 Visurusque
2632 1756 2799 1810 illum
2831 1757 2996 1811 celeri
3033 1773 3410 1827 properavero
3432 1773 3661 1826 gressu;

2253 1846 2527 1899 Excussus
2556 1846 2807 1916 propriis
2838 1846 3005 1916 pulso
3038 1846 3318 1914 languore
3353 1846 3625 1914 grabatis,

2251 1934 2557 1987 Incolumis
2590 1940 2787 2004 surgat
2816 1934 3089 2000 solidatis,
3129 1934 3370 2004 impero,
3406 1936 3614 2000 nervis,

2250 2021 2460 2076 Obvius
2491 2038 2553 2074 ac
2593 2038 2730 2075 sano
2762 2022 3029 2091 procedat
3058 2037 3296 2091 corpore
3331 2022 3516 2075 nobis.

2248 2110 2393 2173 Quid
2426 2126 2693 2163 sermone
2724 2126 2934 2175 moror,
2968 2126 3098 2162 cum
3130 2126 3241 2163 non
3264 2110 3551 2163 medicina
3582 2111 3851 2164 moretur?

2250 2199 2413 2253 Missa
2447 2198 2657 2251 etenim
2691 2198 2970 2252 monacho
3003 2198 3186 2252 Patris
3216 2198 3533 2253 benedictio
3562 2198 3733 2252 vitam

2252 2287 2536 2347 Reddidit,
2571 2292 2627 2341 et
2656 2287 2803 2340 vires
2833 2286 3055 2340 medico
3088 2286 3395 2340 mandante
3426 2288 3651 2357 recepit

2252 2376 2393 2429 Hinc
2422 2376 2571 2429 celer
2601 2376 2782 2428 exiliit
2807 2392 3031 2428 summo
3061 2374 3359 2428 conamine
3390 2376 3580 2445 (tellus

2248 2465 2371 2517 Jam
2403 2481 2582 2534 prope
2614 2464 2825 2531 functa,
2862 2463 2979 2516 suis
3010 2464 3169 2517 enisa
3197 2464 3419 2517 adstare
3452 2464 3749 2533 columnis)

2253 2552 2363 2605 Nec
2389 2557 2683 2606 cunctatus
2712 2552 2822 2605 iter
2848 2553 3072 2622 jussum
3104 2568 3415 2621 properare
3444 2553 3647 2617 viator,

2253 2640 2606 2693 Adventante
2637 2640 2756 2693 viro
2788 2640 3099 2710 procedens
3129 2640 3328 2693 obvius
3350 2641 3501 2693 almo

2252 2728 2508 2782 Occurrit
2546 2745 2736 2795 sanus,
2771 2733 3075 2798 gratesque
3104 2729 3369 2798 rependit
3396 2727 3613 2798 epimas
3644 2744 3657 2782 :

2252 2816 2583 2887 Linguaque
2616 2833 2885 2886 percussa
2916 2817 3053 2870 dum
3086 2816 3298 2870 format
3328 2817 3497 2870 verba
3518 2819 3722 2887 palato,

2250 2906 2508 2958 Insonuit
2536 2921 2722 2958 sermo
2757 2905 2905 2957 claro
2942 2904 3011 2957 de
3042 2905 3205 2957 fauce
3237 2905 3547 2975 loquentis,

2178 3016 2217 3068 ρ
2251 2992 2573 3047 Surrexisse
2599 2993 2807 3046 dehinc
2836 2992 2948 3045 vita
2978 2998 3271 3047 remeante
3295 2994 3551 3047 cadaver.

2246 3081 2554 3135 Admirans
2586 3082 2847 3134 Fratrum
2879 3080 3084 3134 cecinit
3109 3098 3240 3134 cum
3270 3082 3441 3135 laude
3471 3086 3706 3135 caterva.

2246 3169 2354 3233 Qui
2383 3173 2574 3223 tamen
2606 3170 2931 3223 admonitus
2962 3185 3151 3223 mores
3182 3175 3406 3223 mutare
3438 3176 3725 3240 protervos

2249 3258 2456 3328 Sospes
2490 3273 2619 3311 cum
2651 3258 2818 3311 venia
2848 3257 3015 3311 sociis
3048 3258 3394 3312 mirantibus
3422 3259 3543 3323 ivit,

2248 3347 2492 3401 Materia:
2518 3348 2676 3399 locus
2704 3350 2788 3399 est
2812 3346 3159 3415 triplicatum
3185 3352 3376 3400 texere
3402 3347 3620 3413 funem,

2248 3435 2461 3505 Pagina
2494 3435 2588 3488 sed
2624 3435 2805 3488 multo
2827 3450 2993 3487 versu
3023 3434 3305 3503 completa
3338 3434 3637 3488 redundat.

2247 3524 2356 3576 Nec
2386 3522 2539 3592 capit
2567 3522 2804 3575 ulterius
2835 3522 3023 3575 ﬁnalis
3054 3523 3309 3576 clausula
3338 3522 3492 3587 libri,

2247 3611 2510 3665 Pluribus
2544 3615 2601 3663 et
2626 3626 2957 3681 quanquam
2987 3611 3331 3665 studuissem
3366 3627 3617 3680 pangere
3645 3610 3816 3664 verbis

2248 3700 2413 3753 Gesta
2441 3697 2568 3763 viri,
2604 3699 2851 3769 quivisse
2874 3704 3068 3753 tamen
3096 3715 3213 3753 non
3235 3705 3437 3753 cuncta
3461 3706 3660 3753 notare

2248 3786 2534 3842 Conﬁteor
2569 3804 2580 3839 :
2612 3803 2715 3841 nec
2745 3787 2901 3840 enim
2929 3791 3047 3840 tam
3077 3803 3251 3856 parva
3282 3788 3526 3857 peregit,
3558 3791 3621 3840 ut
3644 3787 3767 3840 ullis

2248 3876 2443 3929 Dicere
2478 3874 2754 3928 sufficiam
2788 3875 3010 3945 scriptis
3041 3879 3139 3928 aut
3168 3891 3437 3945 promere
3470 3876 3696 3941 metris;

2246 3963 2408 4027 Quod
2443 3962 2574 4017 ﬁdei
2606 3963 2845 4029 donum,
2882 3962 3152 4017 meritum
3180 3977 3482 4033 moresque
3512 3961 3761 4033 benigni;

2248 4052 2469 4115 Quanta
2501 4066 2601 4121 per
2632 4056 2873 4121 aegrotos
2903 4051 3145 4117 curatio,
3176 4052 3359 4119 gratia
3386 4057 3622 4121 quanta,

2245 4141 2456 4206 Virtus,
2490 4140 2661 4206 bella,
2695 4141 2872 4208 labor,
2906 4140 3203 4210 patientia,
3238 4141 3449 4209 palma,
3485 4138 3813 4210 triumphus.

2925 4245 3146 4299 CAPUT
3186 4245 3274 4298 IV.

2388 4330 2443 4384 S.
2480 4329 2722 4384 Amandi
2742 4344 2905 4388 mors,
2932 4330 3230 4453 sgpulltura.
3262 4327 3508 4383 Elevatio
3538 4330 3782 4399 corporis.

2998 4416 3054 4453 οι
3078 4415 3229 4453 onus.

2994 4415 3229 4468 puogus.

2320 4492 2401 4542 ll.
2438 4490 2716 4542 Hactenus
2746 4488 2817 4542 ad
2840 4488 3013 4541 ﬁnem
3048 4488 3302 4541 celerans
3329 4488 3513 4541 oratio
3545 4488 3705 4542 ducta
3732 4504 3783 4539 es

2245 4576 2495 4630 Tramite
2521 4576 2760 4640 difficili,
2792 4576 2889 4629 sed
2921 4591 3074 4629 nunc
3103 4592 3205 4645 per
3237 4576 3401 4628 devia
3429 4582 3679 4647 emptum

2249 4665 2447 4719 Flectis
2478 4665 2607 4731 iter,
2633 4664 2865 4718 tumidis
2895 4669 2952 4718 et
2982 4670 3035 4717 te
3066 4664 3345 4717 convertis
3372 4664 3610 4717 habenis
3641 4682 3653 4717 :

2248 4756 2461 4807 Forsan
2494 4754 2566 4805 ob
2590 4754 2719 4820 hoc,
2744 4752 3015 4806 subtriste
3029 4752 3245 4822 aliquid
3260 4752 3397 4821 quia
3418 4756 3578 4822 gesta
3600 4753 3888 4823 loquuntur,

2247 4843 2397 4896 Proh
2420 4852 2444 4876 τι
2473 4842 2667 4896 dolor!
2702 4847 2785 4895 est
2817 4841 2990 4895 rutilo
3023 4846 3315 4910 comptum
3344 4841 3569 4910 fulgore
3601 4842 3829 4903 beatum,

2249 4932 2517 5001 Egregios
2548 4931 2710 5000 cujus
2745 4946 2931 4983 mores
2965 4929 3371 4999 descripsimus
3404 4945 3587 4999 usque
3618 4930 3721 4983 huc

2247 5018 2499 5081 Qualiter
2527 5018 2598 5071 ad
2625 5017 2798 5071 vitam
2826 5034 2929 5087 per
2959 5017 3160 5071 mortis
3188 5017 3365 5070 limen
3397 5018 3588 5071 eundo

2247 5106 2573 5173 Transierit,
2602 5106 2797 5176 superi
2826 5107 3123 5176 ponendus
3153 5106 3212 5159 in
3243 5106 3473 5159 aetheris
3504 5108 3654 5171 aula,

2248 5196 2554 5266 Diffugere,
2593 5200 2649 5250 et
2677 5196 2850 5249 ﬁnem
2883 5196 3197 5265 lacrymoso
3232 5210 3482 5263 pangere
3516 5199 3678 5247 cantu

2249 5286 2583 5341 Calcetenns
2609 5285 2844 5338 ductum
2874 5288 3137 5337 metuens
3167 5282 3505 5336 concludere
3534 5287 3759 5336 textum.

2249 5370 2304 5424 Si
2340 5370 2557 5439 refugis
2590 5371 2870 5437 functum,
2895 5372 2979 5425 vel
3007 5370 3096 5424 dic
3124 5386 3225 5440 per
3250 5370 3457 5423 saecula
3481 5370 3617 5422 vivit
3643 5386 3654 5421 :
