4078 6180
179 226 278 275 965

183 360 329 414 Vivit
362 361 516 414 enim
547 361 819 430 angelicis
847 360 1089 415 sociatus
1121 360 1227 414 rite
1261 362 1517 415 catervis.

180 449 484 501 Tristitiam
520 449 687 519 liquit
721 451 994 517 moriens,
1025 450 1439 519 planctumque
1470 466 1573 518 per
1603 466 1773 503 arva:

182 537 461 590 Lzetitiam
488 537 621 590 fecit
648 538 968 591 coelestibus
999 538 1221 590 arcibus
1254 538 1502 606 amplam
1539 556 1550 592 :

183 627 352 678 Terra
384 628 541 679 tenet
570 631 805 691 terram,
834 626 1144 679 concrescit
1175 626 1408 695 pulvere
1440 626 1647 695 pulvis,

184 715 436 767 Mortuus
466 714 524 766 in
557 715 781 767 tumulo
812 714 1093 767 recubans
1124 730 1228 782 per
1258 714 1408 766 dona
1434 719 1713 766 coruscat.

182 806 280 855 Ast
313 803 570 871 speciosa
601 802 786 855 choris
816 802 1009 854 anima
1041 807 1123 854 est
1154 803 1454 871 conjuncta
1484 803 1766 871 supernis.

258 892 341 943 12.
376 891 590 958 Nempe
621 890 984 943 monasteriis
1014 906 1116 958 per
1147 906 1280 943 rura
1307 906 1409 956 per
1429 890 1641 960 oppida
1669 888 1877 960 sparsis

186 978 403 1032 Celsior
432 983 488 1031 et
518 978 724 1031 melior
750 994 870 1031 sese
902 983 1187 1032 structura
1215 978 1425 1031 levavit

185 1068 458 1120 Helnonis
489 1068 712 1120 nostris.
748 1068 926 1120 Locus
958 1072 1042 1120 est
1076 1067 1144 1120 de
1176 1066 1416 1121 flumine
1448 1066 1654 1132 dictus,

186 1156 347 1218 Quod
388 1156 589 1227 recipit
618 1156 891 1226 largoque
919 1156 1051 1209 sinu
1080 1156 1250 1210 Scarb
1278 1154 1479 1225 purior
1510 1154 1671 1207 effert
1702 1171 1714 1207 :

184 1243 291 1306 Qui
321 1243 477 1297 fonte
507 1260 573 1297 ex
605 1245 834 1314 gemino
864 1244 1124 1298 Jordanis
1151 1260 1311 1297 more
1344 1248 1615 1308 meantes,

182 1330 385 1385 Dulcia
412 1333 728 1386 commistis
758 1333 1118 1402 conjungunt
1152 1332 1309 1384 basia
1343 1332 1535 1385 lauris.

184 1420 307 1483 Quo
336 1420 629 1474 tumulum
662 1420 872 1473 retinet
904 1420 1141 1473 Sanctus
1171 1419 1474 1472 virtutibus
1506 1422 1752 1472 auctum.

182 1510 289 1572 Qui
324 1510 482 1562 locus
510 1510 793 1562 immenso
825 1509 1125 1561 decoratus
1156 1509 1373 1560 honore
1408 1508 1653 1574 nitescit,

181 1598 297 1649 Pax
331 1597 568 1662 ibidem,
606 1596 807 1665 pietas,
844 1596 1089 1664 bonitas,
1122 1596 1423 1649 concordia
1450 1597 1647 1665 pollet,

181 1684 457 1754 Spesque,
487 1685 648 1751 ﬁdes,
681 1684 967 1737 fraternus
997 1700 1178 1749 amor,
1210 1684 1438 1737 dilectio
1471 1700 1713 1737 summa.

181 1773 365 1828 Omne
396 1773 607 1826 bonum
643 1772 919 1835 retinens,
950 1773 1020 1826 ad
1046 1773 1173 1826 coeli
1201 1772 1455 1826 culmina
1483 1772 1672 1825 tendis
1706 1788 1718 1825 :

184 1862 369 1917 Omne
400 1862 616 1915 malum
649 1861 852 1927 vitans,
888 1861 1220 1915 discrimina
1253 1861 1422 1914 noxia
1451 1861 1630 1931 pellit.

184 1950 350 2004 Nulla
380 1950 595 2018 pericla
626 1966 854 2019 pavens,
888 1950 990 2003 ubi
1020 1949 1221 2003 debilis
1249 1949 1434 2002 omnis
1466 1954 1523 2002 et
1553 1964 1709 2019 aeger

188 2040 329 2092 Vota
362 2040 561 2109 petita,
594 2039 705 2092 ﬁde
733 2039 792 2091 in
822 2039 1078 2092 medium
1107 2042 1390 2103 currente,
1426 2042 1701 2107 reportat.

186 2127 229 2181 O
263 2124 455 2180 locus!
490 2143 522 2179 o
554 2126 690 2179 felix
721 2126 963 2180 fecundo
993 2126 1252 2196 germine
1284 2126 1513 2196 cespesl

187 2216 419 2269 Cunctis
447 2220 631 2268 macte
663 2215 830 2268 bonis
861 2220 1076 2268 aeterna
1108 2215 1165 2267 in
1199 2215 1405 2268 smcula
1437 2214 1607 2267 salve.

188 2305 373 2371 Veste,
409 2320 533 2371 ove,
572 2320 776 2369 messe,
811 2304 970 2370 bove,
1020 2304 1175 2371 alite,
1225 2303 1417 2368 melle,
1477 2318 1602 2372 ape,
1649 2300 1887 2354 ﬂumine

1692 2390 1887 2459 [pisce,

185 2480 424 2543 Glande,
453 2495 574 2545 sue,
606 2479 770 2548 ﬂore,
798 2479 1014 2543 fronde,
1046 2479 1251 2545 imber,
1287 2479 1566 2548 gramine,
1604 2479 1745 2543 vite;

185 2568 471 2623 Omnibus
504 2568 594 2621 his
624 2568 807 2638 polles
837 2568 937 2621 tali
970 2568 1305 2622 moderante
1340 2568 1562 2621 colono.

189 2657 475 2712 Omnibus
500 2657 588 2710 his
623 2657 833 2711 retines
864 2657 969 2710 hoc
998 2656 1345 2710 fecundante
1377 2658 1646 2710 Patrono.

191 2746 461 2799 Flumina
491 2746 631 2798 dant
659 2745 866 2815 pisces,
901 2750 1121 2815 segetes
1155 2744 1445 2799 terrestria
1482 2745 1713 2797 solvunt
1749 2759 1761 2795 :

188 2833 347 2887 Escis
373 2849 582 2904 nempe
610 2850 768 2887 cares
798 2833 993 2898 nullis,
1029 2834 1167 2903 quia
1196 2834 1358 2902 fruge
1393 2832 1700 2886 redundes.

190 2922 389 2977 Incola
418 2938 666 2992 namque
697 2922 908 2975 famem
940 2938 1053 2975 non
1084 2938 1203 2984 ore,
1236 2921 1333 2975 sed
1365 2920 1598 2973 auribus
1630 2916 1843 2972 haurit.

189 3012 336 3065 Rem
368 3010 626 3063 canimus
660 3010 885 3075 miram,
923 3026 1051 3080 qua:
1082 3010 1313 3063 credula
1339 3009 1510 3062 corda
1536 3006 1798 3077 requirit,

189 3100 397 3152 Vivere
427 3103 557 3168 post
587 3104 830 3152 mortem
859 3098 1073 3168 poteris
1106 3099 1212 3151 hac
1237 3097 1378 3150 scire
1410 3099 1663 3150 Beatum.

191 3196 217 3221 ⁸
250 3187 548 3242 Curricnla
580 3202 863 3240 annorum
898 3190 1127 3239 centum
1162 3190 1432 3254 vergente
1464 3200 1695 3238 recursu

190 3275 581 3341 Transierant,
614 3291 891 3329 numerus
924 3274 1140 3344 pariter
1170 3272 1413 3344 partitus
1444 3278 1499 3327 et
1528 3272 1701 3326 idem.

191 3364 448 3418 Transiit
477 3363 785 3418 aatbeream
817 3379 932 3433 quo
965 3362 1052 3415 vir
1077 3361 1441 3416 venerandus
1472 3361 1542 3414 ad
1577 3361 1787 3427 aulam,

192 3453 336 3506 Cum
371 3468 577 3522 corpus
608 3451 819 3505 tumuli
848 3451 1081 3521 disjecta
1116 3451 1261 3503 mole
1290 3449 1540 3502 levatum

192 3542 493 3595 Incolume
523 3540 819 3593 inventum
853 3543 955 3606 est,
981 3543 1037 3592 et
1059 3539 1199 3592 deus
1229 3538 1482 3591 sublatus
1516 3537 1583 3590 ab
1617 3553 1714 3590 ore

193 3629 368 3683 Fudit
403 3628 748 3698 sanguineas
779 3632 843 3682 ut
871 3628 996 3681 vivo
1027 3644 1057 3680 e
1084 3642 1320 3696 corpore
1351 3630 1562 3696 guttas.

190 3717 457 3787 Abneget
486 3716 593 3769 hoc
621 3715 785 3768 facile
818 3718 920 3781 est,
954 3712 1214 3784 quisquis
1247 3713 1315 3766 de
1347 3727 1583 3781 corpore
1616 3711 1744 3765 Iesu

191 3805 262 3858 In
294 3820 462 3858 cruce
492 3804 703 3857 conﬁxi
730 3819 997 3873 percusso
1029 3802 1230 3855 militis
1260 3802 1443 3861 hasta,

194 3894 328 3947 Non
359 3892 540 3947 credit
570 3908 828 3946 manasse
858 3907 1044 3945 sacras
1068 3906 1196 3943 cum
1229 3889 1507 3960 sanguine
1538 3888 1820 3959 lymphas.

194 3981 254 4035 Si
289 3980 503 4051 quaeris
532 3986 729 4048 testes,
764 3980 897 4034 fidei
923 3980 1129 4033 virtute
1159 3979 1450 4043 vacillans,

193 4070 321 4122 Huc
353 4068 565 4134 venias,
600 4084 839 4135 moneo;
870 4068 1111 4139 aspicies
1142 4066 1363 4121 diversa
1394 4066 1649 4119 virorum

192 4157 450 4227 Agmina
481 4156 943 4227 multiplicesque
976 4172 1138 4210 senes
1169 4160 1332 4209 aetate
1362 4154 1643 4208 verendos
1678 4170 1692 4206 :

194 4246 307 4298 Vas
338 4261 571 4314 quoque
604 4248 892 4315 susceptos
921 4244 1135 4314 poterit
1167 4246 1483 4296 monstrare
1515 4258 1764 4296 cruores.

274 4336 360 4386 l3.
399 4334 441 4387 Ο
472 4334 718 4402 genitor,
752 4338 963 4404 pastor,
1001 4333 1215 4398 doctor,
1250 4331 1521 4397 nutritor,
1559 4330 1810 4385 amator!

192 4423 323 4487 Quo
356 4423 510 4474 locus
539 4422 644 4474 iste
673 4422 819 4475 nitet
848 4426 1137 4474 tantorum
1171 4420 1329 4473 dives
1360 4419 1666 4471 honorum.

192 4512 383 4575 Quem
410 4509 536 4563 οωιὶ
566 4526 811 4579 regnum
844 4508 1168 4562 veneranda
1200 4524 1336 4576 pace
1366 4512 1661 4575 receptum

192 4599 444 4665 Exaltat,
479 4598 729 4663 decorat,
762 4597 1064 4662 collaudat,
1101 4597 1366 4660 honorat,
1395 4595 1634 4649 adornat
1667 4611 1679 4648 :

192 4687 497 4741 Intercede
530 4686 640 4757 piis
671 4687 853 4739 veniae
881 4685 1223 4739 commercia
1253 4684 1448 4751 servis,

190 4778 277 4831 Ac
310 4775 521 4844 largire
552 4775 662 4828 tuis
685 4775 968 4828 consortia
997 4774 1139 4826 lucis
1169 4772 1435 4826 alumnis.

190 4866 461 4934 Cumque
495 4864 641 4916 Deus
672 4863 907 4917 veniens
938 4866 1207 4915 cunctum
1238 4859 1585 4913 concusserit
1614 4859 1835 4927 orbem,

189 4955 343 5008 Cum
374 4951 683 5004 tremulam
715 4955 927 5003 terram
960 4949 1120 5002 velox
1157 4949 1435 5001 exusserit
1464 4946 1636 5017 ignis,

190 5043 263 5096 Et
300 5040 386 5093 sol
417 5039 669 5093 detracta
702 5055 805 5092 ceu
832 5054 1023 5091 saccus
1056 5039 1178 5090 luce
1211 5036 1443 5103 carebit,

190 5128 561 5198 Lunarisque
589 5127 795 5198 globus
824 5126 986 5180 furvo
1023 5124 1319 5179 claudatur
1349 5123 1579 5191 amictu,

272 5280 298 5305 ι
331 5270 490 5323 Hanc
537 5268 913 5322 elevationem
965 5266 1270 5336 contigisse
1319 5282 1411 5320 an.
1455 5268 1570 5330 1‘23,
1612 5269 1739 5335 post
1772 5264 1901 5319 obi-

194 5350 331 5397 tum
355 5342 480 5408 ejus
518 5340 784 5404 diximus,
820 5342 847 5405 §

271 5416 298 5455 b
339 5406 674 5464 Addebatur
706 5426 718 5462 :
756 5410 999 5476 Explicit
1034 5409 1163 5462 Vita
1186 5407 1257 5462 B.
1293 5406 1900 5472 Amandz‘C‘on/ossoris

188 5484 444 5546 Christi,
480 5481 545 5533 de
567 5496 732 5548 prosa
761 5481 1003 5532 oratione
1024 5481 1082 5531 in
1107 5478 1406 5531 Heroicum
1435 5492 1647 5531 carmen
1682 5479 1900 5531 metrico

1351 225 1439 279 DE
1484 225 1640 280 VlTA
1686 228 1738 279 S.
1784 226 2075 281 AMANDI.
2105 256 2173 264 —-
2214 226 2343 279 LIB.
2385 226 2474 280 IV.

3577 236 3679 287 966

1906 365 1951 416 A
1977 362 2243 432 Sulphur,
2279 363 2394 433 pix,
2427 364 2649 429 horror,
2682 370 2882 432 tortor,
2919 370 3226 434 tormenta,
3281 369 3560 435 caminus,

1986 451 2283 517 Alfuerint,
2315 453 2609 522 Judexque
2650 454 3225 523 sedensjustissimus
3257 455 3394 521 illic,

1985 539 2442 610 Sanctorumque
2472 541 2672 594 cohors
2700 547 2901 595 ornata
2934 544 3134 596 sedilia
3164 544 3414 609 habebit,

1986 628 2141 681 Inter
2170 632 2224 681 et
2254 628 2356 681 hos
2388 644 2649 697 proceres
2679 646 2806 683 cum
2842 631 3054 683 celsum
3084 632 3213 700 jure
3246 632 3497 686 tribunal

1988 716 2326 769 Consulibus
2352 717 2567 786 junctis
2600 718 2923 770 consederis
2957 719 3181 773 Arbiter
3212 719 3389 787 orbis,

1985 804 2266 858 Judicium
2302 810 2358 858 et
2379 805 2599 875 justum
2632 806 2825 859 liberis
2855 808 3142 876 pandetur
3172 809 3405 877 apertis,

1989 893 2147 946 Eheu
2177 891 2313 963 quid
2342 892 2547 946 faciam
2580 893 2754 945 tunc?
2786 909 2877 945 me
2912 893 3040 962 quis
3067 894 3303 947 Sanctus
3333 896 3402 948 ab
3433 894 3519 948 ira

1989 981 2264 1052 Conteget
2294 981 2568 1035 instanti?
2600 998 2728 1051 qua:
2762 998 2852 1034 me
2885 981 3137 1035 defensio
3169 983 3339 1035 tantis

1989 1070 2253 1124 Cladibus
2283 1070 2524 1139 eripiet?
2558 1070 2729 1139 Cujus
2756 1071 2859 1123 sub
2891 1070 3143 1139 tegmine
3180 1071 3390 1123 montis

1987 1156 2436 1210 Abscondendus
2457 1172 2576 1223 ero,
2608 1156 2855 1209 flammis
2889 1172 2957 1209 ne
2990 1172 3198 1209 exurar
3230 1157 3493 1211 acerbis?

1990 1243 2152 1308 Quod
2182 1260 2272 1297 me
2299 1248 2433 1297 tunc
2465 1244 2654 1313 operis
2680 1244 2823 1312 justi
2853 1244 3113 1296 velamen
3144 1249 3407 1315 opertum

1992 1331 2210 1385 Eximet
2238 1335 2296 1385 et
2325 1332 2469 1384 tanti
2501 1336 2760 1385 secernet
2792 1331 2862 1384 ab
2894 1331 3025 1401 igne
3056 1332 3309 1385 camini?

1991 1419 2124 1485 Oro,
2165 1420 2249 1472 tui
2280 1424 2435 1485 tunc,
2470 1424 2660 1472 sancte
2694 1420 2879 1483 Pater,
2915 1420 3183 1473 miserere
3217 1424 3423 1488 poetae,

1994 1508 2217 1560 Dcxtris
2251 1512 2422 1578 atque
2452 1512 2614 1561 tuum
2651 1508 2856 1560 turmis
2884 1506 3169 1576 conjunge
3203 1509 3495 1562 Milonem.

1992 1597 2318 1649 Extremum
2349 1602 2435 1649 sat
2464 1596 2571 1649 erit
2600 1597 2683 1648 vel
2719 1597 3125 1650 commeruisse
3156 1597 3444 1649 locellum.

1918 1657 1963 1711 Β
1994 1687 2091 1739 Est
2121 1685 2296 1738 etiam
2322 1684 2589 1738 mihimet
2618 1684 2829 1737 ﬁducia
2856 1700 3065 1754 magna
3096 1684 3339 1749 misello,

1993 1775 2107 1827 Hoc
2138 1788 2311 1843 opere
2342 1774 2661 1826 horrendos
2694 1772 2949 1842 extingui
2982 1789 3147 1842 posse
3177 1771 3417 1837 furores,

1991 1861 2288 1914 Schemate
2320 1862 2471 1931 quod
2502 1860 2599 1913 vili
2630 1860 2905 1930 scriptum
2947 1865 3061 1927 est;
3092 1861 3187 1913 sed
3214 1864 3338 1913 vate
3368 1859 3541 1913 fideli.

1994 1953 2204 2005 Parvus
2235 1952 2418 2004 honor
2448 1966 2679 2004 carmen
2710 1950 2979 2003 stolidum
3008 1954 3109 2013 est,
3144 1950 3240 2003 sed
3264 1949 3500 2019 grandia
3528 1964 3682 2001 amo-

1993 2040 2139 2094 Sunt
2167 2040 2309 2093 mihi
2340 2044 2468 2092 vota
2498 2039 2610 2092 tuis
2638 2039 2696 2091 in
2728 2039 3017 2103 laudibus,
3051 2038 3267 2108 optime
3300 2040 3511 2092 Pastor.
3585 2036 3685 2105 [ris

2000 2131 2065 2184 Et
2096 2130 2141 2182 si
2174 2129 2444 2198 respicias
2474 2128 2651 2181 animi
2683 2127 3001 2198 praecordia
3031 2127 3231 2181 nostri.

1998 2219 2061 2271 In
2097 2217 2186 2271 his
2217 2234 2345 2287 qua:
2377 2216 2562 2270 fuerat
2591 2215 2758 2269 nobis
2789 2216 2993 2269 devota
3014 2217 3296 2281 voluntas,

2000 2306 2123 2359 Non
2155 2305 2478 2359 damnanda
2503 2304 2705 2370 aderit,
2740 2304 2895 2357 velut
2925 2305 3164 2369 aestimo,
3202 2320 3375 2373 parva
3419 2302 3676 2358 facultas.

1996 2394 2159 2449 Orbis
2187 2395 2395 2457 honor,
2432 2398 2806 2463 nostrumque
2844 2393 3033 2447 decus.
3073 2394 3237 2446 Pater
3267 2393 3435 2457 alme,
3480 2392 3684 2459 valeto,

1998 2486 2144 2537 Ante
2176 2487 2337 2535 tuum
2366 2483 2653 2535 tumulum
2680 2482 2897 2552 jugiter
2927 2482 3267 2544 recinemus,
3301 2484 3476 2535 Avcto
3498 2522 3511 2545 ,

1998 2573 2076 2625 Tu
2110 2572 2319 2640 dignus
2343 2571 2515 2637 salve,
2550 2571 2713 2623 nobis
2744 2570 2999 2639 praebeto
3033 2570 3239 2623 valere.

2072 2661 2156 2713 14.
2216 2661 2299 2712 En
2350 2675 2515 2728 opus,
2567 2659 2714 2711 alme
2763 2660 2929 2726 Deus,
2982 2658 3283 2711 hominum
3317 2657 3481 2711 Sator
3521 2661 3691 2727 atque

3286 2745 3691 2817 [Redemptor;

1998 2835 2079 2889 Ad
2108 2835 2339 2888 laudem
2371 2833 2683 2887 obtulimus
2712 2834 2972 2903 praeclari
3004 2833 3264 2902 praesulis
3294 2833 3468 2900 istud,

1998 2924 2423 2992 Acceptumque
2455 2922 2567 2974 tuis
2603 2927 2662 2975 ut
2686 2921 2758 2975 sit
2786 2922 3184 2991 conspectibus
3225 2937 3325 2974 oro

2000 3010 2197 3064 Omnis
2224 3009 2283 3062 in
2315 3009 2612 3063 ecclesiam
2649 3009 2897 3062 mundus
2928 3025 3029 3061 sua
3065 3024 3304 3061 munera
3336 3007 3537 3061 defert.

2000 3100 2097 3152 Ille
2126 3097 2271 3151 nitet
2300 3113 2468 3151 sensu
2496 3098 2649 3150 velut
2678 3113 2838 3159 auro,
2876 3112 3083 3150 munus
3109 3101 3165 3149 et
3195 3097 3340 3150 alter

1999 3186 2234 3257 Argenti
2268 3186 2494 3256 eloquio
2526 3190 2761 3255 portans
2791 3185 3078 3238 candescit
3111 3185 3372 3250 honesto,

2002 3274 2428 3344 Cantorumque
2458 3275 2664 3327 chorus
2694 3274 2870 3326 vocali
2906 3272 3152 3327 concinit
3182 3289 3314 3338 aere,

2003 3365 2202 3418 Fertur
2235 3364 2304 3417 ab
2330 3363 2436 3416 hoc
2465 3378 2663 3416 coccus
2693 3361 2926 3432 gemino
2954 3362 3042 3415 bis
3073 3360 3283 3414 tinctus
3314 3375 3531 3427 amore,

2001 3452 2179 3507 Offert
2211 3457 2267 3506 et
2295 3456 2502 3505 tortam
2533 3452 2721 3505 carnis
2752 3450 3060 3504 maceratio
3093 3451 3346 3521 byssum,

2004 3542 2249 3612 Lignum
2278 3541 2677 3611 incorruptum
2709 3539 2801 3593 hic
2830 3555 3035 3609 corpus
3066 3537 3213 3608 gerit
3240 3537 3695 3602 immaculatum,

2006 3629 2239 3683 Actibus
2265 3628 2362 3682 ille
2390 3628 2500 3698 piis
2531 3616 2633 3682 eeu
2664 3628 2906 3697 pulchro
2939 3626 3203 3696 splendet
3235 3626 3404 3691 olivo,

2004 3717 2422 3786 Perfusumque
2450 3717 2604 3769 bono
2637 3720 2696 3768 ut
2726 3715 3087 3768 thimiamato
3118 3715 3336 3783 fragrat
3366 3715 3563 3768 odore.

2002 3808 2102 3860 Ast
2140 3821 2279 3875 ergo
2312 3804 2596 3858 muniﬁcis
2627 3804 2914 3857 commisti
2946 3803 3178 3856 coetibus
3214 3819 3403 3855 assum

2004 3896 2251 3965 Pauper,
2268 3910 2502 3964 egenus,
2520 3893 2704 3963 inops,
2725 3892 3039 3962 trepidans,
3060 3890 3349 3956 confusus,
3367 3895 3423 3943 et
3442 3905 3693 3960 angens:

2004 3984 2112 4047 Qui
2142 3983 2261 4036 fero
2292 3982 2373 4035 nil
2399 3982 2696 4051 placitum,
2730 3982 2883 4051 quod
2910 3980 2970 4033 in
3000 3996 3097 4033 ara
3124 3995 3338 4050 ponere
3370 3979 3453 4032 fas
3484 3978 3572 4031 sit.

2008 4071 2176 4125 Pellis
2204 4071 2275 4124 ob
2317 4070 2425 4124 hoc
2454 4069 2595 4123 mihi
2628 4070 2800 4123 rubra
2840 4085 3013 4139 genas
3046 4068 3388 4122 verecundia
3417 4065 3624 4137 pingit.

2006 4162 2120 4214 Hoc
2150 4175 2381 4213 carmen
2411 4163 2630 4213 textum
2658 4157 2905 4228 caprinis
2936 4157 3110 4211 offero
3141 4156 3291 4226 pilis,

1938 4252 1982 4305 D
2011 4250 2208 4319 Meque
2240 4249 2411 4301 simul
2436 4248 2658 4301 hircum
2689 4263 2793 4317 pro
2825 4246 3063 4300 crimine
3098 4244 3579 4298 mortificandum.

2010 4337 2118 4391 Sed
2150 4337 2249 4407 qui
2280 4353 2385 4406 pro
2420 4336 2658 4389 minimo
2688 4335 2914 4390 viduam
2948 4334 3264 4405 quadrante
3292 4332 3494 4397 beasti,

2008 4425 2239 4478 Munera
2269 4441 2399 4494 quas
2431 4425 2587 4477 solvo
2619 4424 2840 4493 placato
2873 4424 3093 4492 suspice
3124 4422 3305 4487 vultu,

2009 4510 2075 4565 Et
2100 4517 2197 4564 tua
2229 4512 2351 4564 laus
2383 4516 2578 4564 nostro
2610 4512 2877 4581 perduret
2905 4511 2966 4563 in
2996 4527 3092 4564 ore
3124 4527 3226 4580 per
3258 4526 3466 4576 aevum,

2009 4600 2117 4663 Qui
2147 4600 2331 4652 solum
2364 4615 2725 4669 regnumque
2757 4604 2916 4651 tenes
2945 4615 3048 4668 per
3080 4601 3241 4651 saecla
3270 4613 3606 4669 supernum.

2007 4688 2207 4752 Chare,
2240 4702 2433 4740 meum
2469 4687 2788 4756 completur
2816 4686 2948 4754 iter,
2976 4686 3292 4757 requiesce,
3328 4687 3511 4740 viator
3544 4688 3587 4737 b.

1929 2957 1969 3010 C

2771 4835 2955 4849 ——

2141 4928 2501 4984 VERSICULI
2542 4927 2969 5052 WLFAOI})
3004 4926 3573 4981 CONFIRMATIONE

2011 5122 2280 5178 Carmina
2309 5121 2527 5175 sideros
2559 5118 2766 5175 merito
2808 5120 3138 5173 scandentia
3168 5135 3422 5189 campos,

2010 5264 2146 5329 style
2177 5263 2480 5328 transfusa,
2515 5261 2714 5314 habens
2747 5259 2953 5314 libellos
3007 5260 3061 5326 4,
3095 5262 3154 5314 in
3184 5259 3379 5327 quibus
3427 5261 3703 5312 continen-

2013 5340 2101 5387 tur
2129 5347 2313 5386 versus
2350 5334 2503 5385 1818.

2084 5412 2103 5437 ο
2143 5404 2378 5472 Wlfajus
2438 5402 2769 5465 monachus,
2828 5401 2879 5453 a1
2914 5401 3218 5472 AWl/agus,
3280 5398 3705 5472 condiscipulus

2008 5478 2137 5528 ante
2183 5470 2403 5526 Milonis
2452 5473 2556 5525 sub
2588 5473 2871 5525 Haimino.
2904 5470 3232 5525 Subsecutis
3276 5486 3407 5524 mox
3455 5470 3704 5540 tempori
