4048 6170
463 244 565 295 967

537 376 606 428 Ut
636 373 828 444 vigant
857 375 1075 435 nostro,
1105 367 1236 421 Milo
1268 367 1459 421 favore
1480 365 1648 435 petis.

466 464 716 526 Quorum
759 461 843 514 vis
873 463 1029 511 tanta
1063 461 1164 522 est,
1199 457 1415 525 talique
1447 455 1692 522 refulget
1721 454 1958 519 honore,

538 554 606 605 Ut
637 553 926 618 nequeant
958 551 1152 599 nostro
1185 545 1362 598 dicier
1392 543 1641 613 eloquio.

463 644 645 694 Aurea
679 637 944 690 materies
975 640 1213 704 argento
1246 632 1497 702 cingitur
1527 632 1678 694 albo,

533 727 708 780 Ornat
729 729 784 777 et
814 723 1113 793 eloquium
1140 721 1325 775 lucida
1358 736 1539 773 massa
1570 734 1757 772 suum.

460 814 586 867 Non
615 829 758 882 opus
788 817 854 865 ut
882 810 1062 864 nostri
1095 809 1435 863 decorentur
1467 805 1681 859 famine
1713 803 1888 857 verbi.

533 901 664 971 Ejus
697 901 911 954 honore
943 899 1158 968 vigent,
1193 898 1354 965 cujus
1385 909 1578 948 amore
1610 893 1814 946 nitent.

462 992 589 1044 Haec
617 987 988 1059 archipraesul
1012 991 1130 1040 toto
1164 985 1492 1039 notissimus
1523 984 1659 1037 orbe

530 1090 552 1114 ίι
593 1079 940 1148 Ilingmarus
973 1075 1161 1127 verbis
1188 1074 1419 1126 sustulit
1448 1071 1695 1125 eximiis.

459 1171 589 1224 Haec
620 1170 788 1221 Pater
821 1171 876 1218 et.
909 1166 1183 1219 Dominus
1215 1164 1533 1217 Cameracae
1565 1160 1748 1230 gloria
1773 1159 1956 1230 plebis

531 1257 680 1311 Mitis
714 1254 1028 1308 Adalardus
1059 1252 1259 1305 extulit
1291 1267 1387 1304 ore
1420 1251 1535 1320 pio.

528 1349 553 1387 Ι)
592 1344 902 1398 Teudricus
933 1343 1032 1395 tali
1069 1342 1234 1393 laude
1267 1340 1453 1393 beavit
1483 1355 1655 1391 ovans
1686 1354 1698 1390 :

461 1433 726 1486 Carmina
748 1431 1042 1484 dulcismio
1071 1428 1317 1481 nimium
1349 1426 1636 1479 currentia
1665 1425 1897 1494 plectro,

532 1520 714 1590 Digna
744 1519 935 1588 palere
967 1518 1118 1587 polo,
1159 1521 1339 1568 macta
1367 1516 1553 1567 valere
1587 1515 1722 1567 Deo.

458 1610 708 1663 Praebuit
736 1608 824 1661 his
856 1608 1122 1676 stipulam
1155 1605 1461 1674 praeclarus
1496 1604 1804 1672 Episcopus
1833 1611 1854 1635 ο
1889 1603 2101 1665 Emmo,

455 1733 561 1786 bus
617 1731 788 1784 fuisse
835 1730 1086 1799 aliquem
1140 1728 1444 1781 Vulfadum
1499 1727 1765 1799 abbatem
1811 1726 2145 1779 monasterii

458 1802 824 1856 Resbacensis
853 1797 1027 1853 tra—dit
1056 1801 1255 1855 Claud.
1295 1800 1497 1852 ltober.
1533 1813 1706 1866 agens
1736 1797 1804 1850 de
1844 1814 1910 1849 eo
1946 1813 2145 1849 mona—

457 1874 666 1926 sterio:
703 1889 765 1925 ac
794 1873 971 1924 alium
1017 1870 1400 1938 Vulphadum,
1461 1885 1556 1920 seu
1590 1868 2016 1936 Vulphandum,
2050 1885 2145 1919 ar—

454 1945 638 2014 chicp.
674 1943 904 2018 Bituric.
938 1943 1237 2018 proferunt
1272 1940 1423 2018 idem
1461 1940 1738 1991 Itobertus
1789 1942 1843 1990 et
1870 1939 1951 1992 Jo.
2003 1938 2143 1991 Che—

454 2031 532 2068 nu
566 2011 753 2083 {quos
784 2013 854 2065 ab
882 2014 988 2065 hoc
1021 2013 1273 2065 diversos
1299 2011 1664 2062 arbitramur.

454 2087 924 2209 ad38lsléncmarus
959 2082 1210 2150 archiep.
1250 2081 1587 2134 Rhemensis
1619 2079 1764 2132 sedit
1811 2078 1880 2132 ab
1913 2095 2007 2132 an.
2041 2082 2144 2132 835

451 2158 520 2209 ad
556 2158 678 2209 882.

521 2229 546 2269 ι)
586 2227 645 2280 Β.
707 2224 1082 2278 Theodericus
1143 2239 1232 2291 ep.
1293 2221 1579 2275 Camerac.
1644 2221 1713 2274 ab
1768 2237 1858 2274 an.
1923 2221 2026 2273 832
2075 2219 2143 2273 ad

451 2300 572 2351 863.
609 2302 858 2365 Agemus
890 2295 958 2348 de
991 2311 1056 2346 eo
1148 2291 1405 2365 Augusti.

519 2376 541 2402 °
584 2361 800 2431 Enimo,
856 2367 941 2418 vel
1001 2366 1121 2417 Imo
1181 2361 1268 2433 ep.
1332 2361 1748 2430 Noviomensis,
1809 2361 2143 2415 interfectus

451 2454 481 2490 a
516 2437 859 2490 Normannis
889 2451 978 2488 an.
1015 2437 1140 2497 859,
1175 2440 1276 2486 aut
1304 2450 1462 2502 sequ.

521 2508 548 2548 d
591 2508 738 2560 Varii
771 2523 836 2558 co
871 2511 1126 2573 tempore
1161 2506 1394 2556 fuerunt
1415 2503 1684 2555 Adalardi
1717 2502 1967 2555 abbates.
1997 2504 2142 2556 Tem-

444 2578 672 2646 poribus
735 2577 977 2630 Lotharii
1027 2577 1215 2642 imper.
1261 2573 1474 2626 devenit
1523 2573 1770 2646 Abbatia
1798 2573 1854 2626 S.
1896 2573 2138 2646 Votuisti,

449 2644 506 2702 in
547 2662 738 2700 manus
775 2647 1055 2698 Adalardi
1087 2647 1335 2697 comitis:
1389 2650 1443 2695 et
1473 2644 1703 2712 quidem
1757 2659 1845 2696 an.
1899 2645 2002 2695 852
2045 2645 2141 2695 sub

449 2720 568 2786 ejus
616 2723 878 2787 potestate
927 2716 1195 2787 cwnobita;
1234 2721 1414 2787 erant,
1443 2714 1551 2787 puti
1605 2713 1817 2766 dictum
1872 2729 1955 2780 sui
1985 2714 2138 2787 rain

449 2783 584 2842 hist.
616 2783 1033 2841 miraculorum
1064 2785 1118 2839 8.
1155 2785 1400 2837 Vedasti.
1437 2786 1681 2836 Praeerat
1711 2789 1767 2836 et
1795 2799 1962 2837 comes
1985 2783 2139 2836 Ada-

450 2859 641 2913 lardus
695 2858 922 2912 cmnobio
971 2858 1024 2911 S.
1084 2857 1358 2926 Quentini,
1414 2857 1570 2921 regni
1619 2855 1800 2909 Cm'oli
1837 2854 1994 2909 Calvi
2054 2856 2136 2920 13,

1649 234 1936 289 ADDlTlO
1975 236 2068 288 AD
2113 233 2319 288 VITAM
2362 232 2414 305 8.
2459 233 2722 287 AMANDI
3805 248 3882 298 968

2185 369 2231 420 A
2334 362 2602 432 Aftligens
2634 362 2824 431 digitis
2851 363 3088 432 pulchra
3118 365 3399 418 elementa
3431 367 3564 420 suis.

2263 453 2392 505 Haec
2417 459 2581 521 pater
2611 457 2666 504 et
2691 456 2883 521 pastor
2910 453 3060 506 clero
3093 453 3460 522 gravissimus
3491 456 3638 509 omni

2334 541 2478 594 Mitis
2497 541 2522 581 ἀ
2554 539 2868 593 Adalardus
2897 541 3098 594 extulit
3124 558 3218 594 ore
3248 542 3365 611 pio.

2263 630 2389 682 Haec
2416 633 2548 680 tuus
2574 627 2809 697 hincque
2839 643 3000 681 meus
3030 637 3050 662 ε
3081 630 3519 699 Haiminusjure
3550 633 3803 702 magister,

2331 717 2453 780 Quo
2483 717 2624 770 duce
2658 717 2906 770 firmavit
2936 717 3101 771 devia
3127 735 3298 772 nemo
3325 720 3487 788 petit.

2261 805 2507 874 Corpore
2531 805 2929 874 praemodicus,
2955 806 3051 859 sed
3083 807 3291 860 mentis
3321 807 3577 861 acumine
3603 825 3824 880 magnus.

2332 892 2350 926 τ
2376 893 2706 963 Teudingus
2734 893 2988 960 dextram
3013 894 3260 964 praebuit
3284 895 3407 964 ipse
3435 913 3614 962 suam,

2259 981 2395 1045 Quae
2418 982 2641 1047 domus,
2669 998 2792 1049 oro,
2827 987 2955 1035 ruat
2984 984 3158 1036 tantis
3185 984 3414 1038 suffulta
3443 985 3726 1052 columnis,

2333 1069 2593 1123 Flumina
2615 1071 2770 1122 nulla
2794 1075 2980 1140 pavet,
3011 1071 3247 1125 tlamina
3273 1073 3433 1126 nulla
3458 1074 3632 1127 timet.

2259 1158 2368 1212 Sed
2393 1164 2583 1211 tamen
2613 1163 2674 1210 ut
2696 1175 2970 1212 numerus
2993 1165 3262 1230 septenus
3294 1161 3366 1215 sit
3394 1162 3689 1231 perfectus,

2329 1245 2584 1315 Septima
2605 1262 2729 1298 sum
2755 1251 2922 1308 tecto,
2956 1248 3108 1310 Milo,
3136 1249 3406 1302 columna
3433 1256 3548 1304 tuo.

2259 1334 2401 1388 Sunt
2431 1334 2696 1403 equidem
2721 1340 2918 1388 nostro
2949 1339 3044 1388 tua
3070 1337 3327 1390 carmina
3358 1338 3533 1407 digna
3559 1343 3792 1408 patrono,

2329 1421 2547 1475 Iudicio
2572 1428 2787 1487 nostro,
2821 1423 2982 1492 cujus
3024 1425 3242 1478 honore
3271 1425 3506 1479 micant.

2260 1511 2476 1580 Virgilii
2501 1511 2738 1580 pulchro
2771 1512 2926 1564 foras
2945 1513 3064 1581 jam
3092 1513 3257 1583 cinge
3288 1515 3591 1581 cothurno,

2332 1599 2440 1653 Sed
2475 1615 2682 1668 supera
2702 1599 2907 1652 falsum
2932 1616 3061 1653 vera
3090 1602 3346 1654 canendo
3376 1602 3584 1655 virum.

2258 1728 2406 1796 apud
2463 1728 2838 1780 Heremaaum.
2894 1727 3053 1780 Alius
3103 1728 3211 1780 fuit
3261 1729 3578 1782 Adalardus
3605 1728 3760 1782 abbas
3800 1745 3889 1781 mo-

2257 1800 2489 1851 nasterii
2520 1798 2571 1850 8.
2626 1799 2840 1851 Bertini
2881 1799 3032 1867 apud
3073 1798 3440 1864 Sithivenses,
3493 1800 3550 1852 in
3602 1801 3890 1853 monasterio

2259 1871 2457 1922 Elnon.
2495 1874 2753 1921 mortuus
2783 1885 2873 1920 an.
2902 1871 3024 1922 864.
3080 1869 3156 1922 De
3183 1886 3248 1922 eo
3301 1870 3420 1938 agis
3467 1872 3614 1940 lper.
3648 1873 3703 1922 in
3730 1871 3890 1923 Chron.

2259 1940 2470 1992 Bertin.
2510 1940 2601 1992 Ms.
2659 1956 2781 2007 cap.
2818 1941 2900 1996 l3.
2939 1940 3003 1991 14
3043 1945 3098 1992 et
3159 1942 3238 1992 15.
3295 1940 3501 1992 Eodem
3542 1947 3778 2010 tempore
3825 1942 3892 1992 El-

2256 2010 2607 2063 nonensibus
2630 2009 2921 2077 praefuisse
2953 2009 3305 2063 Adalardum
3332 2011 3618 2075 abbatem,
3659 2009 3715 2063 ac
3741 2013 3890 2062 deces-

2255 2080 2390 2132 sisse
2421 2096 2512 2132 an.
2548 2081 2670 2142 863,
2703 2080 2900 2132 scribit
2929 2081 3009 2134 Jo.
3042 2081 3348 2148 Cognatus,
3383 2083 3416 2134 l.
3444 2097 3506 2150 ιι,
3536 2083 3667 2134 hist.
3705 2083 3890 2133 Tornac.

2255 2167 2317 2221 ex
2347 2151 2556 2204 Chron.
2592 2152 2790 2202 Elnon.
2826 2156 2908 2218 ut,
2943 2151 3052 2202 nisi
3087 2166 3190 2218 per
3234 2167 3488 2203 errorem
3535 2152 3799 2221 aliquibus
3832 2159 3891 2202 ta-

2251 2220 2401 2274 bulis
2445 2221 2518 2272 sit
2555 2221 2832 2286 intrusus,
2875 2221 3234 2288 suspicemur
3263 2224 3535 2274 eumdem
3583 2220 3714 2274 esse.
3761 2221 3892 2274 Paulo

2253 2293 2340 2344 his
2361 2291 2718 2359 antiquiores
2743 2291 2920 2344 fuere.
2951 2292 3006 2344 S.
3037 2291 3358 2344 Adalardus
3387 2292 3639 2345 Corbeia:
3667 2294 3891 2345 Francica

2253 2362 2459 2427 Abbas,
2493 2362 2654 2429 cujus
2693 2361 2866 2413 vitam
2901 2361 3163 2432 dedimus
3200 2366 3251 2414 2.
3309 2363 3435 2415 Jan.
3491 2364 3726 2432 ejusque
3762 2363 3891 2414 discis

2252 2433 2418 2502 pulus
2470 2432 2808 2498 Adalardus,
2866 2431 3119 2485 Corbeiaa
3151 2433 3442 2485 Saxonicae.
3487 2431 3705 2502 primus
3743 2433 3892 2486 abbas.

2323 2511 2343 2536 °
2376 2503 2432 2555 F.
2478 2503 2771 2554 tlaiminus
2819 2502 3132 2571 discipulus
3175 2503 3419 2569 Alcuini,
3473 2505 3774 2556 monachus
3815 2504 3894 2552 Vc-

2252 2573 2530 2637 dastinus,
2562 2573 2722 2640 cujus
2756 2574 2971 2624 calamo
2995 2573 3256 2625 dedimus
3299 2589 3470 2642 supra
3513 2574 3784 2642 descripta
3817 2572 3894 2623 mi-

2252 2644 2442 2695 racula
2557 2643 2780 2695 Vedasti
2808 2659 2820 2695 :
2853 2643 2951 2694 ubi
2982 2643 3230 2695 diximus
3262 2643 3469 2696 obiisse
3495 2661 3649 2696 anno
3671 2646 3776 2697 8i3.

2321 2712 2342 2748 ί
2381 2715 2445 2766 In
2477 2714 2715 2782 antiquo
2741 2713 3006 2767 Chronici
3040 2714 3435 2767 Blaudinensis
3475 2716 3796 2785 Fragmenta
3829 2713 3893 2764 in-

2249 2783 2335 2836 fra
2389 2785 2457 2837 de
2503 2800 2570 2836 eo
2615 2785 2825 2852 agitur,
2878 2789 2932 2835 et
2963 2785 3224 2850 traditur,
3269 2800 3410 2838 anno
3473 2783 3610 2839 850.
3658 2787 3894 2848 Teati-ngas

2249 2854 2535 2908 ordinatus
2571 2871 2664 2906 Vlll
2691 2854 2828 2907 Idus
2855 2857 3062 2907 martii.

1900 3053 2494 3162 ADDITIO

1134 3233 1270 3304 AD
1357 3229 1900 3303 LIBELLUM
1972 3229 2254 3300 VIT/E
2331 3228 2719 3301 SANCTI
2799 3231 3251 3311 AMANDI.

1623 3365 1798 3428 (Apud
1824 3364 2017 3412 Mabill.
2047 3364 2176 3412 Acta
2204 3363 2292 3412 SS.
2319 3363 2434 3412 ord.
2467 3363 2519 3413 S.
2550 3364 2764 3427 Bened.)

520 3552 566 3603 1.
605 3548 844 3601 Praelato
865 3546 1058 3600 libello
1088 3546 1155 3598 de
1182 3544 1487 3598 virtutibus
1514 3543 1702 3598 Sancti
1730 3543 1933 3610 edicto,
1963 3544 2138 3596 scien-
2177 3543 2216 3597 C
2248 3544 2380 3597 viris
2411 3549 2465 3597 et
2487 3544 2708 3599 Christo
2752 3545 2969 3600 sincere
3010 3546 3464 3601 desiderantibus
3493 3549 3756 3614 militare,
3805 3563 3894 3599 mo.

447 3637 583 3691 dum
611 3642 695 3689 est
725 3640 972 3705 quantus
1005 3634 1091 3686 vir
1121 3633 1295 3697 idem,
1330 3638 1387 3686 ct
1431 3632 1592 3702 cujus
1624 3633 1859 3685 honoris
1911 3632 2138 3685 habitus

446 3729 531 3779 est
556 3723 702 3794 apud
724 3723 1009 3789 homines,
1043 3721 1173 3775 licet
1198 3721 1318 3790 ipse
1339 3720 1624 3773 declinare
1656 3720 1905 3772 honores
1936 3719 2140 3772 mundi

445 3828 671 3884 semper
703 3811 1072 3864 desideraret.
1112 3811 1252 3863 Nam
1291 3824 1452 3878 reges
1487 3812 1544 3860 et
1589 3807 1801 3876 regina;
1832 3807 2139 3876 pluresque

445 3903 697 3956 illustres
726 3900 830 3954 viri
864 3900 916 3953 ei
958 3898 1386 3952 venerationem
1437 3901 1492 3949 et
1540 3897 1779 3965 gratiam
1823 3895 2138 3965 plurimum

444 3990 780 4060 impendere
816 3988 1184 4052 studuerunt,
1229 3989 1282 4037 ct
1331 3984 1399 4037 de
1443 3983 1807 4036 facultatibus
1855 3982 1971 4034 suis
2017 3981 2139 4035 vivo

447 4079 630 4132 adhuc
663 4078 825 4130 illum
860 4076 917 4129 in
948 4089 1182 4144 corpore
1213 4077 1547 4125 manentem
1586 4087 1698 4123 non
1730 4070 1947 4123 modice
1993 4069 2137 4123 dita-

446 4171 678 4231 verunt;
716 4165 879 4217 villas
913 4179 1141 4232 quoque
1171 4167 1226 4213 et
1256 4160 1472 4228 praedia
1509 4175 1571 4211 ac
1603 4157 1864 4228 proprias
1896 4158 2136 4211 haeredi-

447 4260 609 4315 tates,
645 4254 1059 4323 cognoscentes
1091 4264 1222 4299 eum
1257 4263 1375 4299 esse
1419 4263 1644 4299 servum
1693 4246 1943 4311 Domini,
1990 4246 2138 4300 ﬁde-

447 4344 664 4398 lissima
697 4339 1000 4395 devotione
1035 4336 1086 4389 ei
1118 4352 1174 4389 se
1206 4335 1466 4388 conferre
1497 4335 1843 4405 gaudebant.
1882 4335 1985 4389 Ubi
2015 4335 2137 4404 ipse

446 4433 536 4487 vir‘
562 4429 791 4485 Domini
837 4427 1125 4480 Amandus
1173 4424 1534 4494 sagacissima
1567 4423 1844 4476 industria
1872 4423 2138 4478 tidclibus

517 4566 542 4591 ⁸
566 4559 775 4610 Praeter
806 4551 1216 4606 monasterium
1257 4549 1618 4604 Blandinium
1655 4550 1706 4602 S.
1751 4549 2045 4603 Amandus
2078 4548 2139 4604 in

445 4635 628 4683 castro
660 4625 921 4680 Gandavo
952 4621 1268 4675 construxit
1297 4621 1618 4675 coenobium
1659 4620 1915 4673 Gandam
1945 4621 2140 4690 appel-

445 4701 646 4763 latum,
680 4702 880 4766 postea
907 4694 956 4748 S.
1002 4692 1238 4766 Bavonis
1270 4692 1504 4766 dictum.
1557 4692 1632 4766 De
1671 4691 2042 4766 Marcianensi
2080 4691 2138 4743 in

443 4771 593 4825 Actis
623 4761 1015 4828 S.-Rictri1dis,
1045 4765 1112 4817 de
1144 4763 1418 4816 Lutofano
1473 4763 1529 4814 in
1563 4761 1859 4814 Hannonia
1919 4767 1975 4813 et
2003 4761 2135 4814 Bot-

442 4840 702 4896 nascensi
755 4838 813 4890 in
857 4837 1167 4890 Bracbanto
1213 4833 1554 4892 constitutis,

442 4913 682 4980 collegia
724 4907 1154 4980 canonicorum,
1198 4903 1474 4980 legendus
1509 4901 2038 4980 Baldericusepisc.
2073 4904 2130 4956 in

441 4973 650 5037 Chron.
704 4982 992 5032 Camerac.
1029 4981 1084 5028 et
1131 4976 1326 5027 Atrcb.
1384 4974 1485 5026 lib.
1542 4990 1597 5033 ιι,
1635 4990 1757 5041 cap.
1821 4973 1888 5026 43
1923 4977 1978 5024 et
2009 4989 2128 5042 seq.

440 5054 542 5107 His
572 5053 807 5120 insuper
842 5049 896 5102 S.
932 5045 1175 5120 Amandi
1207 5043 1440 5120 consilio
1475 5049 1531 5095 et
1574 5044 1863 5120 instinctu-
1901 5043 1979 5120 8.Δ
2002 5044 2131 5120 Vin:

440 5125 659 5178 centius
688 5114 789 5174 seu
827 5117 1208 5184 Madelgarius
1260 5114 1573 5182 Sogniense
1619 5114 1678 5164 in
1713 5114 2023 5167 Bracbanto
2063 5115 2132 5166 ad

440 5196 678 5248 ﬂuvium
708 5192 984 5252 Sennam;
1035 5189 1090 5240 8.
1129 5184 1422 5240 Gertrudis
1475 5184 1789 5236 Nivialense
1842 5185 2042 5236 itidem
2073 5185 2131 5236 in

443 5263 781 5327 Brabantia;
818 5262 869 5313 8.
917 5260 1180 5312 Gistenus
1214 5255 1466 5309 Cellense
1497 5253 1564 5327 in_
1611 5253 1959 5327 llanrionia,_
1981 5271 2129 5308 nunc

441 5334 753 5387 conditoris
772 5323 870 5382 'sui
897 5329 1125 5381 nomine
1149 5327 1508 5389 decoratum;
1535 5323 1589 5377 8.
1618 5323 1994 5377 Waldetrndis
2025 5327 2128 5380 Ca-

444 5404 797 5467 strilocensc;
833 5401 885 5454 S.
921 5399 1206 5452 Vicentius
1238 5396 1363 5465 ejus
1410 5395 2126 5467 maritus__Altimontense;

443 5471 497 5525 S.
536 5465 884 5541 Aldegundis
931 5468 1338 5541 Melbodiense,
1391 5471 1446 5518 et
1476 5465 1589 5541 alii
1616 5465 1757 5541 alia_
1782 5468 2129 5541 monasteria

443 5535 844 5599 condiderunt,
878 5544 941 5593 ut
965 5541 1022 5592 in
1056 5537 1304 5608 propriis
1337 5551 1536 5590 eorum
1566 5535 1714 5588 Actis
1744 5535 1974 5604 legitur.

2249 3633 2496 3685 nasterio
2533 3633 2915 3687 construendo
2961 3634 3376 3689 studiosissime
3407 3636 3755 3690 elaborabat.
3792 3636 3894 3688 Nam

2249 3721 2660 3774 monasterium
2720 3722 2871 3792 quod
2929 3723 3136 3776 dicitur
3199 3723 3589 3790 Blandinium,
3646 3726 3701 3778 in
3746 3725 3892 3778 Castra

2249 3808 2512 3861 Gandavo
2541 3808 2736 3875 situm,
2763 3819 2787 3843 ιι
2818 3809 3088 3880 aliudque
3128 3812 3280 3880 quod
3327 3817 3560 3866 vocatur
3617 3813 3894 3874 Marcianas,

2247 3912 2475 3950 necnon
2498 3901 2555 3949 et
2588 3896 2734 3950 illud
2774 3898 2864 3950 cui
2892 3897 3011 3968 ipse
3053 3904 3277 3952 sanctus
3333 3900 3420 3953 vir
3473 3902 3676 3955 Lotosa
3725 3913 3892 3953 nomen

2248 3983 2556 4054 imposuit;
2587 4002 2687 4038 seu
2717 3987 2988 4054 Rotnace,
3019 3988 3168 4056 quod
3197 3993 3281 4041 est
3312 3989 3554 4058 praefato
3582 4006 3725 4060 pene
3755 3987 3894 4041 conti-

2249 4089 2462 4143 guum;
2513 4074 2895 4144 cellulamque
2942 4091 3069 4145 quae
3112 4082 3477 4146 nuncupatur
3531 4078 3824 4131 Barisiacus
3861 4077 3891 4136 ἔτ,

2250 4178 2422 4232 quem
2454 4163 2641 4216 locum
2684 4179 2815 4216 cum
2861 4164 3250 4233 adjacentibus
3281 4166 3389 4218 sibi
3429 4166 3778 4236 appendiciis
3816 4163 3895 4217 Hil-

2247 4251 2469 4305 dericus
2519 4261 2656 4305 rexc
2686 4256 2742 4305 et
2787 4252 3195 4306 Himnechildis
3227 4253 3428 4323 regina
3471 4256 3581 4308 visi
3627 4259 3752 4308 sunt
3794 4268 3892 4304 con—

2249 4340 2531 4393 donasse:
2591 4344 2793 4394 cuncta
2851 4341 2973 4394 haec
3030 4341 3100 4394 ab
3165 4341 3289 4410 ipso
3341 4341 3438 4396 Dei
3487 4344 3616 4396 viro
3667 4340 3897 4396 aediﬁcata

2247 4428 2422 4483 fuisse
2451 4444 2596 4498 pene
2629 4429 2898 4483 omnibus
2929 4435 3127 4483 notum
3156 4435 3258 4495 est,
3305 4430 3364 4484 in
3409 4431 3624 4501 quibus
3669 4430 3769 4484 loci
3799 4429 3893 4481 Fra-

2317 4556 2342 4596 b
2373 4555 2433 4606 In
2464 4554 2586 4607 vico
2622 4554 2922 4621 Barisiaco,
2954 4557 3188 4623 Barysy,
3240 4554 3499 4608 dioecesis
3550 4550 3894 4610 Laudunensis

2248 4625 2320 4677 ab
2351 4625 2576 4693 oppidis
2606 4625 2838 4678 Cociaco
2879 4632 2936 4678 et
2992 4627 3221 4680 Calneio
3270 4642 3332 4678 ac
3384 4625 3561 4680 ﬂuvio
3614 4626 3769 4680 Oesia
3811 4636 3894 4675 una

2248 4695 2365 4768 fere
2399 4697 2554 4768 leuca
2586 4695 2871 4768 disparata
2909 4701 3088 4768 exstat
3137 4696 3306 4768 etiam
3338 4713 3489 4749 nunc
3527 4698 3800 4768 priuratus
3828 4694 3894 4744 ait»-

2248 4765 2417 4818 batiae
2477 4766 2780 4818 Elnouensi
2835 4782 2930 4818 seu
2976 4766 3028 4820 8.
3067 4767 3309 4820 Amandi
3339 4765 3895 4820 attributus:cuiAn-

1609 4848 1737 4905 quae
1797 4846 1951 4905 nunc
2001 4836 2132 4905 sunt
2172 4843 2214 4896 Ι)
2251 4837 2413 4889 dreas
2434 4836 2489 4890 8.
2513 4836 3104 4905 Amandidiscipulus,
3135 4842 3328 4904 postea
3365 4838 3704 4891 Elnonensis
3739 4835 3889 4892 abbas,

2242 4907 2312 4961 ab
2339 4907 2462 4976 ipso
2484 4907 2742 4959 Amando
2776 4907 2993 4975 primus
3016 4908 3316 4976 prmfectus
3346 4914 3448 4960 est.

2313 4985 2332 5010 ο
2365 4975 2506 5039 Quis
2535 4977 2607 5028 sit
2656 4977 2973 5029 Hildericus
3019 4975 3131 5030 iste
3168 4984 3222 5030 et
3269 4978 3683 5032 Himnecbildis
3735 4975 3891 5044 regina

2241 5046 2311 5099 lis
2342 5052 2424 5099 est
2453 5048 2599 5098 inter
2625 5047 2896 5100 eruditos.
2957 5047 3346 5100 Henschenins
3397 5049 3457 5101 in
3498 5051 3811 5102 Comment.
3850 5044 3890 5094 in

2239 5117 2424 5169 Vitam
2457 5118 2510 5170 8.
2541 5117 2805 5180 Amandi,
2854 5133 3014 5171 num.
3063 5120 3125 5170 10
3161 5123 3217 5170 et
3263 5119 3421 5184 alibi,
3463 5125 3659 5172 censet
3702 5114 3893 5172 Childe—

2239 5188 2421 5258 ricum
2453 5187 2622 5239 istum
2656 5203 2775 5240 esse
2825 5187 3090 5255 Sigiberti
3135 5187 3340 5252 tilium,
3374 5189 3473 5258 qui
3520 5206 3650 5242 cum
3699 5189 3894 5241 Hmine-

2240 5257 2422 5310 childe
2463 5262 2642 5310 matre
2671 5262 2798 5326 post
2829 5258 3096 5326 Sigiberti
3129 5258 3348 5311 obitum
3396 5257 3718 5312 Austrasios
3766 5268 3894 5326 rexe_-_

2240 5328 2332 5380 rit.
2387 5328 2497 5380 Alii
2526 5323 2919 5382 Childericuni
2945 5345 3066 5381 esse
3097 5330 3294 5381 volunt
3343 5329 3650 5383 Chlodovei
3703 5323 3895 5380 secundi

2240 5397 2466 5450 tilium:
2518 5404 2575 5451 et
2627 5399 3036 5452 Himnechildis
3077 5399 3198 5452 loco
3255 5400 3644 5468 reponendam
3694 5414 3803 5468 esse
3829 5394 3893 5468 vel

2241 5468 2581 5546 Balthildem
2634 5475 2876 5522 matrem
2924 5470 3013 5523 vel
3048 5465 3453 5523 Blidechildem
3497 5467 3792 5523 Childerici
3827 5465 3892 5534 ip-

2241 5553 2359 5592 SlllS
2389 5553 2625 5592 uxorem
2635 5581 2645 5591 .
