4048 6170
164 182 264 231 969

1368 173 1653 229 ADDITIO
1692 174 1785 227 AD
1828 174 2039 245 VITAM
2078 176 2131 230 S.
2175 176 2467 232 AMANDI.

3564 185 3666 237 970

162 308 345 359 tribus
393 307 479 359 vel
525 304 817 358 monachis
847 303 950 357 sub
986 302 1234 373 regulari
1274 319 1472 357 norma
1504 305 1849 372 constitutis,
1891 311 1936 361 Α
1964 306 2132 359 latam
2183 307 2356 360 ﬁdem
2400 308 2589 362 conati
2618 314 2752 363 sunt
2780 308 3097 365 innectere.
3133 312 3356 382 Quippe
3392 315 3666 384 quoniam

162 396 654 465 superpositisque
711 394 1009 447 abbatibus
1066 397 1121 445 et.
1184 392 1452 446 omnibus
1507 394 1653 446 bene
1702 394 1854 447 ordi-

162 487 332 551 natis,
392 487 465 538 ad
521 492 877 554 postremum
936 482 1191 535 Helnone
1243 482 1499 535 coenobio
1557 484 1855 547 aedificato,

160 574 281 642 ipse
332 574 546 627 ibidem
595 589 725 626 cum
770 572 885 625 suis
932 587 1112 641 usque
1159 570 1229 623 ad
1276 570 1618 623 sanctissimi
1668 572 1858 624 obitus

161 660 311 714 diem
347 662 573 716 Christo
600 661 842 713 feliciter
875 659 1162 712 militavit.

233 751 383 819 Ergo
438 754 493 801 et
552 747 705 818 apud
764 748 1067 801 Martinum
1122 745 1542 800 sanctissimum
1604 763 1668 799 ac
1726 747 1858 801 bea-

159 837 449 890 tissimum
499 852 704 907 papam
758 844 967 889 sanctae
1019 841 1073 888 et
1117 838 1440 905 apostolicae
1496 836 1645 889 sedis
1705 836 1861 889 urbis

164 928 388 991 Romae,
424 927 521 996 qui
551 918 1009 995 septuagesiritus
1040 925 1274 994 quintus
1298 930 1425 994 post
1460 926 1689 978 Petrum
1720 941 1859 994 apo-

160 1018 377 1068 stolum
420 1017 737 1068 Romanam
780 1016 921 1067 rexit
970 1014 1296 1077 Ecclesiam,
1347 1015 1652 1083 plurimam
1690 1014 1859 1066 fami-

160 1104 430 1156 liaritatis
477 1119 541 1156 ac
588 1102 920 1157 reverentiae
958 1102 1202 1171 gratiam
1237 1102 1501 1154 obtinuit.
1539 1101 1640 1156 Cui
1690 1103 1862 1155 etiam

160 1193 435 1263 praefatus
484 1193 824 1262 apostolicus
880 1192 1029 1243 inter
1074 1198 1278 1243 cretera
1317 1195 1488 1243 tanta:
1544 1189 1863 1243 dilectionis

161 1282 338 1351 digna
373 1282 597 1347 exenia,
636 1280 843 1333 direxit
888 1280 1156 1332 volumen
1197 1278 1557 1348 synodalium
1606 1280 1859 1332 decreto-

159 1386 290 1422 rum
324 1385 455 1439 quae
508 1370 629 1437 ipse
660 1368 861 1433 edidit,
907 1373 1107 1436 utpote
1138 1371 1334 1435 pastor
1368 1366 1858 1435 vigilantissimus,

161 1459 492 1511 custodiens
541 1474 671 1510 cum
714 1472 939 1509 summa
983 1454 1362 1508 sollicitudine
1407 1454 1463 1506 in
1497 1459 1660 1507 nocte
1692 1455 1862 1523 hujus

161 1546 361 1600 saeculi
403 1546 625 1615 vigilias
656 1561 828 1614 supra
860 1559 1092 1613 gregem
1130 1542 1488 1596 Dominicum
1529 1544 1635 1595 sibi
1678 1543 1861 1596 credi-

161 1640 284 1689 tum
345 1635 613 1689 adversus
662 1636 828 1703 lupos
871 1649 935 1685 ac
977 1632 1329 1703 praedatores
1376 1632 1632 1686 Ecclesiae
1683 1632 1862 1685 haere-

162 1724 305 1776 ticos
334 1725 543 1791 Cyrum
573 1721 1022 1775 Alexandrinum
1050 1722 1405 1790 episcopum,
1439 1720 1701 1789 Sergium
1728 1723 1865 1773 Con-

164 1811 741 1881 stantinopolitanum
782 1810 1138 1880 episcopum,
1176 1810 1478 1878 Pyrrhum,
1509 1810 1863 1878 Paulumque

162 1900 572 1969 patriarcham,
634 1913 984 1951 successores
1046 1897 1242 1967 ipsius,
1309 1902 1710 1950 concurrentes
1760 1896 1865 1950 sibi

162 1989 416 2042 vicissim
471 1988 528 2040 in
595 1991 703 2040 hoc
758 1994 1066 2051 certamen,
1128 2001 1297 2038 unam
1360 1984 1755 2053 operationem
1805 1985 1864 2037 in

162 2077 394 2131 Christo
441 2076 682 2130 Domino
733 2081 925 2128 nostro
975 2075 1085 2128 Deo
1128 2074 1444 2127 divinitatis
1489 2078 1543 2125 et
1592 2072 1863 2126 humani-

165 2167 298 2219 tatis
332 2166 589 2236 profiteri
622 2166 929 2217 audentes:
976 2179 1105 2216 cum
1139 2161 1463 2216 orthodoXa
1493 2161 1635 2214 ﬁdes
1671 2162 1865 2214 Eccle—

163 2256 264 2309 siae.
314 2254 607 2308 catholicae
653 2254 750 2323 pio
792 2269 962 2305 sensu
996 2252 1335 2304 confiteatur
1377 2251 1518 2303 duas
1549 2251 1607 2303 in
1646 2251 1867 2305 Christo

162 2344 574 2398 convenientes
603 2348 835 2395 naturas
864 2346 918 2394 et
948 2341 1330 2409 operationes.
1370 2339 1650 2409 Operatur
1677 2339 1867 2409 itaque

164 2438 416 2502 utraque
462 2432 648 2484 forma
681 2430 875 2483 divina
924 2435 1094 2499 atque
1126 2428 1377 2480 humana
1407 2428 1465 2480 in
1514 2445 1625 2480 una
1674 2428 1864 2481 Salva-

165 2521 313 2575 toris
356 2520 531 2573 nostri
562 2534 809 2589 persona
840 2534 968 2570 cum
1002 2517 1237 2570 alterius
1269 2517 1677 2569 communione
1713 2516 1867 2586 quod

163 2610 474 2680 proprium
520 2613 621 2674 est,
674 2607 855 2661 Verbo
902 2606 1136 2675 quidem
1183 2611 1457 2674 operante
1510 2605 1661 2675 quod
1706 2605 1870 2658 Verbi

164 2704 273 2762 est,
345 2713 513 2750 carne
567 2700 759 2748 autem
811 2699 1156 2763 exsequente
1208 2693 1361 2763 quod
1415 2692 1601 2745 carnis
1650 2698 1761 2758 est;
1816 2696 1871 2745 et

162 2802 357 2839 unum
398 2784 607 2837 horum
637 2786 896 2836 coruscat
938 2782 1253 2843 miraculis,
1302 2781 1456 2833 aliud
1501 2787 1688 2834 autem
1742 2798 1865 2833 suc-

1968 395 2149 464 ipsam
2172 396 2469 450 excludere
2486 405 2878 467 properantes,
2898 400 3299 454 haereticorum
3324 402 3662 472 dogmatum

1970 492 2168 535 contra
2206 486 2543 539 catholicam
2593 487 2691 539 Dei
2739 488 3039 541 Ecclesiam
3074 489 3470 544 confusionem
3520 507 3663 545 con—

1968 573 2364 638 ciunaverunt,
2399 576 2780 628 anathematis
2816 577 3032 629 ultione
3058 578 3313 646 percussi
3345 583 3496 632 sunt.

2042 662 2325 716 Praeterea
2414 663 2687 716 Martinus
2771 680 2919 733 papa
3006 665 3366 720 beatissimus
3453 666 3664 721 faciens

1970 752 2321 820 exemplaria
2354 752 2613 819 praedicti
2648 753 2956 806 voluminis
2984 754 3293 823 synodalis,
3328 771 3432 825 per
3466 771 3667 810 omnes

1972 843 2183 891 tractus
2216 839 2464 893 Orientis
2497 846 2551 892 et
2582 840 2905 894 Occidentis
2934 842 3163 907 direxit,
3205 860 3385 913 eaque
3417 860 3520 913 per
3555 860 3670 898 ma-

1973 942 2077 978 nus
2106 928 2555 980 orthodoxorum
2579 928 2833 981 ﬁdelium
2863 928 3273 986 disseminavit.
3301 932 3474 1001 Cujus
3496 933 3665 987 etiam

1973 1015 2265 1083 exemplar
2319 1015 2376 1067 in
2426 1016 2693 1085 papyreis
2738 1016 2957 1070 schedis
3000 1017 3216 1071 editum
3265 1020 3419 1073 Patri
3470 1026 3667 1075 nostro

1972 1102 2078 1154 sibi
2122 1102 2490 1156 dilectissimo
2536 1105 2794 1173 pontifici
2832 1106 3037 1159 direxit
3064 1108 3342 1174 Amando,
3386 1114 3669 1178 quatenus

1972 1190 2150 1258 ipsius
2179 1190 2531 1244 industriosa
2568 1193 2953 1247 sollicitudine
2997 1194 3251 1263 ejusdem
3300 1203 3670 1251 sacrosanctae

1972 1283 2029 1331 et
2082 1278 2437 1331 intemeratae
2492 1280 2627 1333 fidei
2676 1281 3169 1351 promulgationes
3218 1284 3530 1338 Galliarum
3580 1301 3669 1339 ec-

1971 1366 2155 1419 clesiis
2188 1368 2578 1437 vulgarentur.
2614 1368 2674 1420 In
2719 1371 2888 1439 hujus
2918 1370 3153 1440 insuper
3192 1374 3305 1425 fine
3339 1374 3669 1439 voluminis,

1973 1457 2125 1525 quod
2157 1472 2271 1509 uno
2314 1456 2548 1523 quidem
2584 1473 2842 1526 corpore,
2879 1460 2971 1512 sed
3007 1460 3262 1531 quinque
3294 1462 3671 1516 incisionibus

1975 1544 2251 1596 librorum
2276 1544 2519 1598 divisum
2557 1550 2660 1610 est,
2696 1547 3032 1616 saepedictus
3065 1550 3338 1602 Martinus
3368 1551 3671 1621 episcopus

1974 1636 2181 1685 sanctae
2231 1633 2377 1686 sedis
2424 1635 2746 1702 apostolicae
2797 1637 2967 1689 etiam
3017 1638 3316 1707 specialem
3367 1641 3669 1708 epistolam

1975 1720 2097 1776 viro
2153 1721 2249 1774 Dei
2292 1722 2608 1775 transmisit
2636 1725 2915 1790 Amando,
2960 1741 3063 1795 per
3102 1743 3274 1796 quam
3320 1728 3545 1781 decreta
3578 1746 3668 1799 sy-

1974 1809 2220 1873 nodalia,
2257 1826 2535 1880 suamque
2575 1827 2711 1880 erga
2742 1812 2929 1881 ipsum
2964 1814 3273 1884 benignam
3308 1817 3669 1870 dilectionem

1975 1896 2110 1949 satis
2150 1898 2492 1967 abundeque
2541 1900 2895 1965 monstravit,
2948 1918 3009 1954 ac
3042 1918 3110 1955 ne
3160 1904 3531 1958 afflictionum
3567 1921 3668 1958 an-

1975 1986 2209 2056 goribus
2251 1993 2567 2040 coarctatus
2597 2003 2629 2039 a
2676 1988 2772 2056 pio
2808 1990 3016 2043 mentis
3056 1994 3349 2061 proposito
3380 1994 3673 2047 recederet

1977 2074 2295 2139 admonuit,
2356 2082 2411 2128 et
2463 2076 2819 2130 sermonibus
2870 2078 3107 2148 insuper
3156 2080 3555 2134 exhortatoriis
3601 2082 3670 2135 ad

1974 2162 2338 2215 tolerantiam
2372 2162 2810 2217 tribulationum
2844 2165 3050 2233 quibus
3081 2183 3111 2217 a
3142 2167 3441 2220 contrariis
3464 2167 3672 2221 divina:

1976 2250 2239 2318 religioni
2271 2250 2613 2321 presbyteris
2644 2267 2744 2305 seu
2798 2252 3148 2321 diaconibus,
3194 2254 3435 2324 aliisque
3490 2272 3672 2309 sacer-

1979 2338 2183 2391 dotalis
2215 2338 2389 2392 officii
2426 2340 2706 2392 ministris
2738 2341 3103 2410 gravabatur,
3138 2342 3392 2395 animare
3432 2344 3671 2397 studuit.

1981 2428 2087 2480 Pro
2129 2443 2376 2497 quorum
2425 2434 2622 2497 postea
2666 2430 3108 2498 augescentibus
3158 2431 3217 2483 in
3260 2431 3512 2485 deterius
3554 2448 3674 2486 sce-

1978 2514 2287 2567 leratorum
2340 2522 2571 2569 actuum
2621 2515 3110 2586 incorrigibilibus
3151 2520 3474 2573 excessibus
3516 2520 3678 2589 (sicut

1978 2603 2189 2656 librum
2236 2604 2361 2657 vitae
2400 2605 2523 2674 ejus
2552 2605 2878 2674 legentibus
2911 2606 3113 2676 liquet)
3146 2608 3318 2661 etiam
3348 2608 3676 2662 cathedram

1979 2691 2255 2761 episcopii
2309 2692 2417 2746 sibi
2461 2694 2751 2746 commissi
2803 2694 3072 2761 deseruit,
3120 2697 3531 2767 pulveremque
3570 2715 3674 2768 pe-

1980 2780 2115 2833 dum
2158 2796 2394 2833 suorum
2430 2797 2605 2850 super
2633 2788 3051 2852 contemptores
3098 2800 3215 2837 suae
3246 2786 3677 2854 praedicationis

163 2873 393 2927 cumbit
448 2872 717 2941 injuriis:
781 2876 842 2923 ut
892 2871 966 2923 sit
1014 2872 1331 2940 proprietas
1389 2869 1592 2923 divinae
1650 2876 1869 2922 naturas
1909 2904 1948 2958 Ο
1974 2866 2137 2936 juxta
2162 2868 2553 2937 evangelicum
2579 2869 2805 2922 Domini
2829 2871 3255 2939 praeceptumin
3282 2872 3677 2926 testimonium

164 2962 404 3024 Christi,
447 2960 714 3012 divinitus
760 2975 889 3013 eum
922 2959 1063 3011 velle
1111 2964 1168 3011 et
1211 2958 1435 3027 operari
1478 2957 1695 3023 divina;
1732 2974 1867 3027 pro-

162 3051 388 3121 prietas
435 3065 568 3101 vero
602 3050 869 3101 humanae
899 3050 1139 3113 naturae,
1180 3048 1431 3099 humana
1464 3047 1604 3099 velle
1637 3052 1693 3099 et
1734 3062 1869 3115 ope-

160 3141 285 3191 rari
323 3138 596 3203 humane,
628 3142 692 3189 ut
720 3136 1072 3205 approbetur
1101 3137 1157 3188 in
1190 3151 1305 3187 una
1337 3134 1571 3204 quidem
1603 3150 1865 3203 persona,

160 3228 266 3281 sed
302 3226 364 3279 in
393 3226 614 3279 duabus
645 3224 864 3277 naturis
896 3225 1037 3276 Deus
1068 3229 1124 3276 et
1154 3223 1324 3276 homo
1358 3222 1698 3274 naturaliter
1729 3238 1867 3275 esse.

159 3316 356 3379 Quam
413 3315 737 3366 columnam
790 3312 1117 3364 orthodoxae
1180 3309 1312 3362 ﬁdei
1376 3315 1571 3362 sancta
1618 3310 1869 3378 synodus

158 3402 651 3460 Chalcedonensis
691 3384 905 3463 statuit,
949 3400 1463 3467 universorumque
1503 3398 1708 3451 chorus
1762 3400 1871 3451 Pa—

158 3497 328 3546 trum
360 3490 770 3544 catholicorum
802 3488 1176 3541 confirmavit.

237 3582 307 3633 In
379 3578 822 3632 destructionem
888 3578 1079 3646 itaque
1135 3575 1529 3645 suprascripta:
1586 3576 1871 3629 haereseos

156 3674 347 3739 atque
378 3666 865 3737 expugnationem
899 3662 1179 3733 superbia:
1219 3669 1414 3716 contra
1444 3664 1737 3717 scientiam
1774 3664 1873 3717 Dei

158 3774 223 3813 se
281 3756 579 3820 elevantis,
617 3772 713 3809 seu
745 3759 800 3807 et
829 3753 1325 3807 confirmationem
1359 3753 1693 3822 dogmatum
1730 3753 1870 3805 divi-

156 3861 407 3911 norum,
445 3860 618 3915 supra
641 3843 970 3896 nominatus
1003 3841 1275 3895 Martinus
1302 3840 1528 3911 pietatis
1550 3842 1870 3904 advocatus,

161 3935 324 3990 sicut
360 3934 421 3986 in
450 3932 629 3987 Gestis
655 3929 1077 4000 pontificalibus
1104 3930 1332 3999 legitur,
1368 3929 1523 3982 misit
1555 3934 1610 3982 et
1640 3944 1875 3997 congre-

157 4023 333 4095 gavit
363 4022 422 4075 in
457 4021 597 4074 urbe
626 4022 807 4073 Roma
830 4019 1128 4088 episcopos
1155 4024 1387 4071 centum
1417 4022 1469 4071 et
1506 4018 1786 4087 quinque,
1820 4023 1876 4069 et

157 4112 311 4165 fecit
360 4110 645 4180 synodum
706 4108 1019 4162 secundum
1071 4108 1331 4160 instituta
1388 4108 1621 4160 Patrum
1676 4106 1872 4159 ortho-

157 4199 645 4268 doxorumjuxta
674 4197 1031 4267 episcopium
1064 4196 1464 4261 Lateranense,
1497 4194 1875 4248 residentibus
1918 4201 1959 4253 D

155 4288 483 4360 episcopis,
518 4285 863 4357 presbyteris
903 4284 1221 4338 astantibus
1253 4283 1588 4337 diaconibus
1620 4299 1681 4335 ac
1723 4283 1874 4335 clero

155 4376 443 4431 universo
471 4391 483 4427 :
519 4379 572 4427 et
601 4374 1129 4427 condemnaverunt
1163 4372 1392 4441 Cyrum,
1428 4370 1877 4425 Alexandrinum

154 4465 534 4537 episcopum,
559 4468 614 4515 et
634 4463 914 4533 Sergium,
940 4461 1633 4530 Constantinopolitanum
1658 4459 1877 4529 episco-

154 4569 338 4626 pum,
376 4552 655 4622 Pyrrhum
689 4552 860 4603 etiam
890 4565 1270 4603 successorem
1304 4550 1444 4619 ejus,
1482 4549 1718 4602 Paulum
1744 4564 1879 4617 quo—

155 4658 287 4714 que
324 4640 583 4710 ejusdem
614 4639 771 4693 urbis
801 4639 1206 4708 patriarcham,
1235 4638 1357 4708 qui,
1384 4637 1564 4690 inflati
1594 4636 1879 4706 superbiae

156 4730 409 4802 spiritu,
452 4729 720 4781 adversus
767 4733 916 4780 recta
947 4732 1154 4779 sanctae
1192 4727 1290 4778 Dei
1325 4724 1581 4779 Ecclesiae
1611 4724 1881 4793 dogmata

157 4820 453 4874 audacter
487 4820 970 4886 praesumpserunt
1004 4816 1253 4885 paternis
1284 4813 1713 4867 definitionibus
1747 4828 1879 4864 con-

158 4909 377 4969 traire,
422 4911 590 4975 atque
623 4904 890 4957 novitatis
921 4908 1314 4956 commentum
1356 4907 1554 4955 contra
1604 4902 1877 4953 immacu-

245 5024 273 5047 δ
329 5012 430 5065 Hic
475 5012 741 5069 calculus,
807 5008 1171 5079 quantumvis
1235 5008 1485 5079 studiose
1536 5006 1602 5058 ab
1653 5012 1884 5079 auctore

161 5085 513 5151 indagatus,
544 5088 689 5134 stare
724 5078 870 5133 haud
897 5095 1183 5149 quaquam
1216 5085 1421 5151 potest.
1459 5078 1597 5131 Cum
1631 5078 1785 5130 enim
1816 5094 1884 5130 ex

164 5149 604 5212 Baiid'emuudo
660 5152 805 5221 (vide
854 5152 1219 5215 Patro/ogium
1266 5149 1339 5221 ad
1383 5165 1472 5200 an.
1510 5150 1689 5221 A679),
1723 5156 1783 5221 et
1819 5164 1884 5201 ex

165 5230 312 5297 ipso
363 5226 569 5277 Milone
605 5219 773 5297 infra,
806 5223 1096 5297 Amandus
1140 5221 1209 5273 ad
1242 5219 1889 5297 Theudoria-principa-

166 5289 308 5352 tum
344 5295 694 5368 pervenerit,
728 5293 1215 5368 supervixeritque
1237 5289 1729 5368 Childericohaud
1758 5296 1887 5368 ante

164 5360 411 5423 annu'm
464 5368 566 5418 613
598 5360 913 5429 interfecto,
962 5366 1198 5416 omnino
1229 5360 1474 5414 Amandi
1519 5361 1706 5413 obitus
1744 5362 1888 5413 ultra

164 5441 363 5493 istum
411 5452 629 5489 annum
680 5434 1080 5503 producendus
1130 5437 1233 5485 est.
1286 5431 1377 5485 Sic
1424 5430 1600 5503 igitur
1642 5430 1889 5484 Amandi

165 5516 325 5565 etas
367 5502 788 5576 componenda.
836 5506 1090 5558 Mortuus
1139 5509 1223 5555 est
1273 5502 1567 5555 Amandus
1613 5507 1888 5569 regnante

552 5597 827 5660 PATROL.
884 5595 1086 5660 CXXI.

1978 2955 2091 3009 illis
2155 2956 2465 3023 excutiens,
2518 2957 2590 3010 ad
2645 2958 2767 3010 loca
2811 2959 2919 3010 alia
2965 2958 3326 3028 demigravit.
3399 2962 3677 3015 Praeterea

1980 3044 2150 3097 etiam
2167 3044 2288 3113 jam
2312 3044 2491 3097 dictus
2510 3045 2860 3114 apostolicus
2879 3046 3134 3115 ejusdem
3162 3048 3338 3100 Patris
3355 3064 3504 3101 cura:
3520 3048 3679 3118 Sige-

1980 3132 2206 3186 bertum
2238 3133 2541 3202 Dagoberti
2566 3133 2773 3201 ﬁlium,
2808 3150 3002 3204 regem
3034 3134 3293 3188 videlicet
3331 3137 3675 3191 Francorum

1980 3220 2380 3273 commendare
2413 3220 2654 3287 studuit,
2678 3223 2777 3291 qui
2808 3223 2941 3275 olim
2970 3223 3158 3276 adhuc
3190 3223 3396 3290 infans,
3430 3225 3677 3279 necdum

1983 3308 2167 3361 adhuc
2198 3309 2722 3378 quadragenarium
2773 3310 2994 3363 dierum
3025 3311 3300 3364 excedens
3344 3328 3674 3380 numerum,

1987 3396 2123 3450 dum
2156 3412 2188 3450 a
2227 3397 2287 3449 Β.
2337 3397 2599 3451 Amando
2632 3397 3085 3465 benediceretur,
3120 3404 3289 3455 Amen
3333 3401 3495 3455 dulce
3526 3402 3680 3472 quod

1982 3485 2226 3540 necdum
2273 3485 2527 3555 corporis
2570 3502 2675 3539 usu
2717 3487 3149 3558 didicerat,pro
3201 3490 3344 3542 tanti
3377 3492 3678 3562 paedagogi

1984 3574 2189 3627 merito
2218 3573 2579 3640 declarando,
2613 3575 2763 3627 clara
2793 3592 2923 3628 voce
2970 3583 3098 3646 post
3128 3594 3300 3631 sacras
3343 3579 3518 3632 ﬁnem
3550 3596 3679 3634 ora-

1985 3660 2155 3713 tionis
2187 3661 2597 3729 pronuntiavit.
2651 3662 2718 3714 Ut
2754 3678 2887 3714 vero
2924 3664 3209 3733 prmdictaz
3242 3667 3543 3720 locutionis
3576 3683 3679 3721 no-

1985 3752 2113 3801 straa
2154 3748 2388 3801 assertio
2428 3748 2651 3801 deterso
2694 3747 2999 3802 dubietatis
3045 3751 3240 3804 nubilo
3287 3754 3678 3823 conﬁrmetur,

1984 3836 2280 3906 praefatam
2316 3836 2618 3905 epistolam
2652 3837 2907 3904 ejusdem
2938 3854 3101 3908 papae
3142 3840 3213 3893 ad
3248 3842 3304 3894 Β.
3353 3843 3679 3896 Amandum

1986 3925 2259 3980 directam
2312 3925 2445 3978 huic
2503 3931 2698 3978 nostro
2748 3928 2999 3981 sermoni
3046 3928 3394 3999 subjungere
3440 3931 3678 4000 placuit,

1985 4013 2145 4083 cujus
2186 4015 2288 4067 iste
2323 4014 2525 4067 modus
2564 4018 2682 4067 est:

2062 4124 2083 4151 ι
2131 4102 2507 4156 Dilectissimo
2542 4102 2703 4156 fratri
2734 4106 2969 4158 AMANDO
3010 4105 3306 4160 Mammas.

2069 4214 2095 4241 ‹‹
2138 4192 2532 4245 Fraternitatis
2576 4198 2710 4254 tuae,
2759 4212 2785 4243 ι)
2839 4199 2943 4247 etc.
2995 4194 3158 4263 (Vide
3212 4197 3349 4251 hanc
3400 4199 3682 4266 epistolam

1984 4281 2125 4332 inter
2151 4280 2329 4347 Opera
2358 4281 2414 4333 S.
2440 4281 2675 4334 Martini
2694 4296 2854 4349 papa:
2876 4283 2919 4347 Ι,
2945 4283 3147 4336 Patrol.
3175 4288 3294 4338 tom.
3346 4286 3679 4356 LXXXVII,

1985 4368 2083 4420 col.
2120 4369 2264 4435 135.)

1990 4522 2253 4563 TITULUS
2312 4524 2384 4561 DE
2448 4523 2635 4563 OBlTU
2691 4524 2879 4563 BBATI
2929 4526 3169 4566 AMANDI
3226 4528 3678 4572 CONFESSORIS.

2058 4634 2223 4686 Anno
2264 4632 2668 4686 incarnationis
2703 4633 2931 4687 Domini
2960 4635 3142 4688 nostri
3170 4637 3301 4691 Jesu
3334 4639 3541 4692 Christi
3566 4656 3684 4693 sex-

1989 4722 2300 4775 centesimo
2366 4722 2713 4791 sexagesiino
2761 4722 2948 4790 primo
2993 4733 3036 4789 α,
3092 4726 3401 4781 indictione
3461 4735 3679 4798 quarta,

1991 4818 2189 4881 epacta
2223 4810 2421 4880 quinta
2468 4810 2708 4873 decima,
2761 4819 3135 4865 concurrente
3184 4820 3407 4883 quarto,
3436 4816 3681 4871 termino

1994 4901 2331 4955 duodecimo
2375 4900 2654 4952 Kalendas
2702 4899 2929 4967 Aprilis,
2964 4901 3177 4954 Pascha
3227 4902 3427 4971 quinto
3469 4906 3680 4959 Kalen-

1993 5012 2125 5077 post
2172 5004 2551 5079 Cbilrdericum
2586 5004 2957 5079 Theoderico,
3001 5022 3066 5059 ex
3115 5006 3295 5073 dictis,
3345 5013 3402 5061 et
3449 5010 3681 5079 quidem

1996 5079 2086 5131 die
2142 5078 2434 5129 Dominica
2483 5078 2539 5126 in
2592 5076 2743 5127 diem
2795 5083 3012 5128 sextum
3069 5079 3361 5131 Februarii
3411 5076 3597 5133 littera
3643 5084 3681 5135 Β

1996 5148 2299 5217 praeditum
2338 5146 2639 5211 ineidentc,
2677 5153 2738 5199 ut
2768 5148 3101 5214 prmlaudali
3124 5154 3382 5202 auctores
3408 5152 3682 5206 scribunt.

1994 5219 2134 5272 Toto
2181 5217 2511 5269 'l'lieodorici
2563 5220 2712 5285 regis
2751 5217 3070 5286 principatu
3117 5220 3236 5271 dies
3283 5221 3597 5283 Dominica
3626 5224 3686 5277 in

1997 5294 2215 5341 sextum
2254 5287 2546 5340 Februarii
2594 5288 2792 5340 incidit
2820 5290 2983 5340 anuis
3021 5290 3297 5343 duntaxat
3328 5293 3429 5345 679
3477 5300 3531 5345 et
3560 5296 3684 5348 690.

1998 5360 2283 5434 Posterior
2320 5374 2507 5434 annus
2537 5359 2781 5434 Amandi
2811 5358 3029 5411 obitum
3062 5362 3242 5434 serius
3283 5362 3511 5434 differt:
3559 5382 3689 5434 pro-

1998 5430 2128 5483 inde
2176 5429 2509 5482 relincudus
2568 5428 2867 5497 posterior,
2920 5431 3400 5499 quemadmodum
3455 5428 3690 5489 Carolus

1999 5502 2068 5555 Le
2103 5501 2284 5554 Cointc
2306 5507 2457 5553 recte
2481 5499 2696 5554 statuit.

3255 5601 3330 5657 31
