4078 6180
417 267 511 317 971
1620 261 1899 317 ΑΒΟΙΤΙΟ
1940 262 2033 315 AD
2069 262 2106 316 ν

2220 261 2281 314 .M
2321 261 2373 317 S.
2413 262 2701 317 ΑΜΑΝὖΙ.
3800 277 3883 325 972

418 400 621 452 darum
653 399 953 469 Aprilium,
998 398 1132 448 luna
1177 395 1440 448 vicesima
1471 396 1674 465 prima,
1729 402 1925 449 octavo
1975 396 2105 449 Idus
2143 395 2386 461 Arium,
2435 397 2667 450 tertium
2716 398 3068 462 Mauricium,
3120 406 3385 468 quartum
3433 402 3704 465 Phocam,
3754 405 3894 473 cujus

418 488 729 553 Februarii,
766 486 855 539 die
889 484 1200 551 Dominica,
1238 485 1367 536 luna
1396 484 1597 553 prima,
1631 484 1773 539 obiit
1803 485 1855 540 S.
1889 488 2105 539 Aman-

415 576 520 629 dus
550 590 830 628 annorum
863 572 1087 626 circiter
1114 572 1450 641 nonaginta.

416 688 775 726 ARGUMENTUM
836 687 944 730 QUO
996 686 1240 723 TEMPORE
1300 686 1509 723 BEATUS
1561 686 1866 724 CONFESSOR
1925 688 2107 724 AMAN-

734 758 835 795 DUS
876 758 973 794 νει
1012 758 1178 795 NATUS
1224 758 1316 793 νει
1356 757 1656 795 ΒΗΡἪΝΕΪΟΞ
1697 759 1791 794 SIT.

488 842 563 895 De
593 846 851 910 tempore
898 839 1208 893 nativitatis
1249 845 1304 891 et
1335 855 1503 891 cursu
1553 838 1683 892 vitae
1725 844 1894 909 atque
1948 839 2110 893 obitu

412 929 568 983 beati
596 928 881 997 pontiﬁcis
912 926 1120 981 Christi
1159 926 1422 991 Amandi,
1463 926 1656 995 aliqua
1689 925 1920 979 lectioni
1950 926 2107 979 inse-

413 1034 539 1071 rere
571 1018 644 1070 ob
695 1017 922 1087 plenam
954 1014 1343 1084 cognitionem
1378 1015 1689 1083 legentium
1724 1016 2106 1067 necessarium

415 1106 720 1160 duximus:
756 1105 853 1175 qui
889 1104 1031 1157 sicut
1066 1102 1351 1174 probabili
1378 1106 1723 1172 argumento
1757 1103 2011 1156 historiis
2048 1117 2110 1154 ac

414 1194 696 1248 chronicis
731 1194 840 1245 sibi
875 1193 1305 1245 concinentibus
1338 1192 1823 1262 investigavimus,
1858 1208 2007 1244 anno
2039 1191 2109 1244 ab

418 1282 813 1336 lncarnatione
847 1281 1075 1334 Domini
1105 1281 1283 1333 nostri
1314 1282 1441 1333 Jesu
1472 1280 1675 1335 Christi
1707 1281 2107 1350 quinquagen-

415 1371 619 1424 tesimo
642 1370 1061 1439 septuagesimo
1078 1370 1283 1438 primo,
1308 1371 1481 1422 Nonis
1502 1370 1628 1423 Maii
1651 1369 1879 1433 mensis,
1902 1369 1959 1421 in
1984 1385 2110 1437 pro-

415 1458 599 1511 vincia
645 1458 1109 1528 Aquitaniorum,
1162 1462 1216 1509 et
1247 1473 1397 1526 pago
1430 1458 1676 1527 praefatw
1713 1458 1961 1527 regionis
2013 1474 2107 1510 vo-

416 1548 617 1600 cabulo
650 1546 1011 1611 Herbatilico,
1038 1562 1104 1598 ex
1142 1552 1304 1615 patre
1335 1546 1567 1611 Sereno,
1598 1546 1873 1616 genitrice
1901 1549 2106 1600 Aman-

416 1635 521 1700 tia;
554 1633 861 1689 nativitatis
908 1634 1137 1687 initium
1168 1633 1384 1695 habuit,
1428 1652 1579 1687 anno
1612 1634 1826 1687 scilicet
1869 1634 2109 1703 septimo

417 1740 530 1794 quo
558 1723 859 1776 Justiniani
888 1738 1177 1775 successor
1208 1722 1464 1775 Justinus
1496 1722 1701 1786 minor,
1734 1738 1863 1775 cum
1899 1722 2110 1791 Sophia

415 1814 658 1882 conjuge
685 1813 813 1881 jure
846 1811 1077 1880 publico
1105 1827 1292 1864 arcem
1327 1811 1558 1880 imperii
1594 1812 1839 1877 tenebat,
1876 1828 1989 1881 quo
2024 1811 2110 1865 vi-

416 1900 622 1954 delicet
663 1906 922 1969 tempore
966 1900 1211 1952 Joannes
1241 1899 1494 1968 pontifex
1531 1901 1799 1953 Romamre
1853 1899 2109 1953 Ecclesiae

419 1990 474 2042 in
518 1988 719 2043 ordine
770 1988 1102 2058 pontiﬁcum
1134 1987 1517 2057 sexagesimus
1552 1988 1750 2041 tertius
1781 1988 2110 2041 cathedram

415 2078 674 2147 ejusdem
711 2077 867 2130 urbis
918 2093 1065 2130 anno
1113 2076 1200 2129 sui
1247 2078 1584 2145 prmsulatus
1635 2082 1832 2129 octavo
1879 2082 2109 2130 strenue

417 2165 789 2234 gubernabat.
835 2164 1251 2233 Computantur
1291 2168 1482 2216 autem
1517 2164 1586 2216 ab
1618 2180 1768 2217 anno
1802 2164 2111 2217 nativitatis

416 2253 636 2323 prmfati
662 2252 767 2305 viri
801 2252 899 2305 Dei
930 2252 1177 2305 Amandi
1208 2268 1388 2321 usque
1420 2252 1490 2305 ad
1516 2252 1737 2305 obitum
1768 2252 1947 2322 ipsius
1977 2269 2112 2321 pon-

419 2340 594 2394 tiﬁces
652 2341 924 2394 Romanae
989 2340 1135 2394 sedis
1180 2340 1485 2408 sexdecim,
1536 2358 1565 2393 a
1619 2342 1833 2394 Joanne
1900 2342 2112 2394 scilicet

417 2430 755 2499 incipientes
794 2430 1105 2493 numerari,
1140 2430 1300 2498 cujus
1339 2434 1535 2483 octavo
1565 2446 1714 2483 anno
1744 2430 2110 2500 pontilicatus

419 2522 585 2570 natus
612 2522 717 2581 ost,
753 2516 860 2570 hoc
908 2518 1077 2570 modo
1110 2534 1121 2569 :
1172 2518 1394 2587 primus
1426 2517 1579 2571 idem
1609 2519 1870 2583 Joannes,
1904 2535 2110 2572 secun-

416 2605 520 2659 dus
570 2604 925 2670 Benedictus,
973 2604 1174 2658 tertius
1234 2606 1514 2675 Pelagius,
1553 2612 1791 2677 quartus
1832 2607 2111 2662 mirabilis

418 2694 615 2748 doctor
644 2693 909 2747 Ecclesia:
943 2693 1267 2762 Gregorius,
1308 2695 1364 2746 in
1398 2695 1559 2763 cujus
1597 2695 1971 2748 ordinationis
2002 2696 2111 2749 ini—

417 2783 497 2836 tio
541 2782 627 2835 vir
674 2782 774 2836 Dei
827 2783 1124 2835 Amandus
1173 2782 1508 2836 vicesimum
1561 2784 1873 2837 secundum
1932 2784 2112 2837 {etatis

419 2872 623 2941 agebat
649 2886 884 2939 annum,
917 2870 975 2923 in
1007 2869 1165 2924 obitu
1187 2886 1316 2923 vero
1340 2870 1518 2941 ipsius
1550 2887 1729 2941 prope
1752 2872 2109 2942 trigesimum

420 2960 705 3031 quintum,
742 2960 839 3029 qui
871 2965 992 3013 erat
1021 2976 1203 3013 annus
1231 2976 1261 3013 a
1292 2960 1585 3013 nativitate
1618 2960 1845 3014 Domini
1877 2978 2113 3015 sexceu-
2152 2983 2193 3037 ρ

418 3049 654 3102 tesimus
703 3049 955 3118 quintus,
1003 3048 1165 3118 regni
1216 3054 1404 3102 autem
1440 3050 1636 3103 Phocae
1669 3050 1901 3103 Caesaris
1931 3067 2111 3103 annus

420 3138 724 3203 secundus,
778 3137 921 3190 sicut
956 3138 1101 3191 Beda
1136 3137 1489 3191 Venerabilis
1523 3139 1824 3208 presbyter
1854 3140 1913 3192 in
1947 3139 2109 3191 chro-

421 3225 559 3277 nicis
590 3225 705 3277 suis
736 3224 928 3277 refert.
964 3226 1029 3277 Et
1060 3230 1124 3277 ut
1155 3230 1405 3293 coeptum
1451 3241 1763 3296 persequar
1808 3227 2107 3292 calculum,

421 3329 707 3367 successor
763 3312 1025 3382 Gregorii
1086 3314 1373 3382 pontiﬁcis
1442 3314 1679 3383 quintus
1749 3314 2108 3381 Sabinianus,

420 3408 608 3455 sextus
637 3402 976 3467 Bonifacius,
1015 3401 1289 3470 septimus
1330 3402 1473 3454 alter
1504 3402 1845 3469 Bonifacius,
1885 3409 2111 3456 octavus

422 3489 748 3553 Deusdedit,
801 3505 987 3541 nonus
1016 3489 1355 3553 Bonifacius,
1392 3489 1646 3542 decimus
1672 3492 1971 3553 Honorius,
2006 3508 2110 3544 un-

420 3577 673 3630 decimus
700 3576 1018 3642 Severinus,
1050 3577 1422 3630 duodecimus
1449 3578 1712 3639 Joannes,
1738 3580 1936 3632 tertius
1960 3580 2109 3633 deci—

420 3678 546 3715 mus
561 3664 911 3729 Theodorus,
935 3668 1169 3733 quartus
1192 3664 1447 3718 decimus
1471 3666 1761 3732 Martinus,
1783 3668 2110 3723 BAmando

421 3742 919 3817 familiarissimus,
981 3752 1214 3822 quintus
1263 3753 1519 3808 decimus
1560 3756 1867 3825 Eugenius,
1916 3766 2110 3811 sextus

420 3839 675 3893 decimus
724 3839 1055 3904 Vitalianus,
1112 3842 1273 3911 cujus
1322 3842 1490 3895 tertio
1540 3859 1688 3896 anno
1747 3845 2110 3912 pontiﬁcatus

418 3928 479 3982 Β.
516 3928 806 3982 Amandus
852 3934 935 3982 est
966 3929 1282 3995 defunctus,
1336 3937 1532 3984 octavo
1575 3932 1706 3985 Idus
1753 3934 1963 3986 mensis
2010 3933 2104 3987 Fe-

418 4017 669 4072 bruarii:
723 4022 893 4087 atque
942 4018 1017 4070 ita
1064 4020 1375 4087 computati
1405 4019 1473 4072 ab
1505 4035 1654 4072 anno
1696 4021 2109 4074 Incarnationis

423 4106 731 4160 Dominicee
790 4106 1286 4176 quingentesimus
1346 4108 1799 4177 septuagesimus
1863 4109 2104 4178 primus,

420 4195 518 4265 qui
568 4200 688 4247 erat
736 4210 921 4247 annus
967 4200 1194 4247 octavus
1244 4197 1583 4264 praesulatus
1634 4196 1865 4249 Joannis
1917 4213 2104 4267 papae,

2216 486 2464 538 secundo
2497 502 2648 539 anno
2671 486 2919 556 imperii,
2950 489 3143 557 utjaui
3173 489 3439 557 diximus,
3473 492 3709 560 quierat
3732 510 3894 545 annus

2219 572 2444 624 Domini
2477 575 2925 635 sexcentesimus
2952 577 3207 646 quintus,
3241 578 3545 647 Gregorius
3572 596 3720 649 papa
3752 580 3893 641 obiit.

2217 666 2343 730 post
2376 678 2547 730 quem
2608 664 2664 715 Β.
2722 665 3031 730 Amandus,
3090 666 3229 717 vixit
3277 668 3441 719 annis
3494 668 3893 737 quinquaginta

2217 765 2344 814 sex;
2376 750 2641 819 quintum
2675 752 2921 806 Romani
2953 754 3177 822 imperii
3220 755 3536 823 principem
3573 757 3893 819 Heraclitum,

2218 843 2435 890 sextum
2476 840 2916 892 Constantinum
2956 844 3000 906 b,
3035 842 3341 911 septimum
3371 844 3625 911 ejusdem
3660 846 3892 899 nominis

2218 927 2676 993 Constantinum,
2724 928 2886 996 cujus
2936 945 3086 981 anno
3136 930 3293 999 regni
3343 929 3617 1000 vigesimo
3670 933 3834 986 tertio
3862 943 3894 997 τ,

2219 1014 2315 1084 qui
2337 1020 2456 1067 erat
2480 1032 2660 1067 annus
2695 1015 3004 1069 Dominicze
3032 1017 3439 1071 Incarnationis
3476 1021 3895 1073 sexcentesimus

2217 1103 2601 1171 sexagesimus
2634 1103 2854 1171 primus
2886 1105 3151 1158 ultimum
3199 1107 3495 1176 praseutis
3536 1109 3638 1160 aevi
3686 1114 3895 1179 tempus

2218 1207 2367 1259 saepe
2397 1191 2580 1244 dictus
2608 1193 2772 1245 Pater
2797 1193 3061 1262 explevit.

2289 1279 2447 1342 Quod
2484 1280 2530 1332 si
2583 1286 2631 1333 et
2686 1281 2975 1351 principes
3016 1282 3179 1351 regni
3233 1284 3576 1337 Francorum
3629 1286 3729 1354 qui
3766 1290 3897 1339 tem—

2216 1383 2357 1437 pore
2415 1369 2542 1421 vitm
2592 1369 2714 1438 ejus
2764 1369 2987 1438 regium
3031 1376 3363 1440 tenuerunt,
3413 1372 3623 1442 aliquis
3657 1390 3897 1443 quaerere

2218 1456 2460 1509 voluerit
2515 1460 2861 1527 (quanquam
2915 1459 2969 1511 id
3019 1476 3133 1511 non
3175 1460 3333 1512 facile
3378 1471 3613 1531 propter
3646 1463 3896 1515 historia-

2219 1560 2346 1597 rum
2401 1546 2777 1615 semiplenam
2828 1546 3163 1615 indaginem
3209 1549 3475 1601 videatur
3522 1549 3648 1602 ﬁeri
3698 1556 3891 1619 posse).

2218 1632 2547 1702 diligentius
2608 1634 2784 1686 animi
2858 1635 3156 1688 vivacitate
3224 1637 3599 1706 perspiciens,
3665 1640 3895 1709 reperiet

2221 1726 2480 1791 tempore
2510 1721 2639 1775 vitae
2675 1722 2796 1791 ejus
2833 1723 2933 1776 hos
2964 1724 3114 1792 apud
3153 1725 3393 1777 Francos
3442 1726 3654 1779 honore
3690 1728 3897 1780 functos

2220 1808 2380 1878 regio
2418 1809 2523 1862 hoc
2564 1809 2801 1862 ordine:
2858 1809 3107 1879 primum
3143 1811 3547 1881 Chilpericum,
3589 1815 3891 1869 secundum

2225 1897 2579 1963 Lotharium,
2628 1899 2861 1951 tertium
2907 1900 3311 1969 Dagobertum,
3346 1908 3617 1971 quartum
3648 1903 3895 1973 Sigeber-

2221 1990 2365 2050 tum,
2411 1986 2649 2056 ejusque
2681 1987 2915 2040 fratrem
2950 1988 3271 2041 l.odoveum
3302 1990 3591 2059 quintum,
3622 1994 3783 2060 cujus
3811 1991 3897 2044 ﬁlii

2221 2073 2454 2127 fuerunt
2496 2073 2577 2139 hi,
2624 2075 2944 2142 Lotharius,
2998 2076 3330 2139 llildericus,
3378 2093 3441 2129 ac
3482 2079 3896 2131 Theodoricus:

2222 2163 2318 2215 sed
2353 2161 2613 2216 Lothario
2658 2163 2716 2215 in
2752 2164 3050 2232 juventute
3086 2171 3333 2231 mortuo,
3369 2182 3430 2217 ac
3477 2166 3682 2219 deinde
3727 2167 3893 2220 Hilde-

2222 2251 2337 2304 rico
2388 2268 2419 2303 a
2478 2252 2822 2304 Francorum
2872 2253 3213 2321 primatibus
3267 2254 3584 2320 interfecto,
3639 2255 3897 2325 regalem,

2220 2356 2393 2409 quam
2446 2356 2631 2409 nuper
2661 2344 2985 2393 tonsoratus
3017 2342 3304 2405 amiserat,
3346 2343 3733 2396 Theodoricus
3760 2360 3899 2395 rece-

2222 2428 2306 2497 pit
2335 2426 2673 2498 dignitatem
2700 2445 2711 2481 :
2746 2429 2812 2482 ad
2854 2430 3015 2498 cujus
3048 2447 3229 2500 usque
3272 2437 3529 2501 tempora
3568 2431 3799 2484 beatum
3828 2433 3899 2483 vi-

2222 2517 2368 2569 xisse
2408 2516 2733 2569 Amandum
2778 2518 3103 2570 chartarum
3150 2518 3546 2572 instrumentis
3594 2536 3723 2589 quae
3769 2519 3902 2588 apud

2222 2622 2325 2658 nos
2368 2605 2641 2657 hactenus
2673 2606 2961 2659 habentur
2998 2606 3287 2659 docemur.
3336 2607 3553 2670 Quibus
3586 2609 3759 2660 etiam
3792 2607 3897 2660 die-

2223 2695 2325 2748 bus
2375 2694 2649 2747 Ebroinus
2693 2695 3082 2771 majordomus
3130 2696 3401 2749 nefandas
3444 2713 3621 2766 regno
3666 2698 3904 2750 Franco-

2224 2799 2350 2835 rum
2398 2782 2625 2835 fraudes
2672 2781 2948 2836 inferebat
2989 2784 3358 2851 calamitates,
3392 2800 3609 2854 augens
3641 2786 3708 2838 de
3744 2785 3828 2838 die
3854 2784 3901 2835 in

2223 2870 2374 2923 diem
2406 2886 2588 2941 usque
2623 2871 2690 2924 ad
2733 2887 2915 2924 seram
2949 2872 3218 2925 scelerata
3252 2873 3474 2941 piacula
3516 2879 3792 2937 mortem;
3818 2872 3903 2942 qui

2223 2960 2454 3028 regibus
2505 2975 2634 3012 cum
2677 2960 2834 3012 omni
2882 2962 3097 3030 populo
3142 2961 3484 3030 perturbatis
3537 2962 3605 3014 ad
3648 2963 3902 3014 ultimum

2222 3048 2479 3100 omnium
2510 3048 2793 3100 malorum
2828 3064 3061 3101 suorum
3088 3050 3379 3101 cumulum
3411 3050 3469 3101 B.
3504 3049 3902 3119 Leodegarium
3944 3044 3955 3051 “

2221 3136 2456 3190 diversis
2509 3140 2930 3189 tormentorum
3001 3137 3180 3207 poenis
3242 3138 3627 3190 excruciatum
3704 3136 3905 3191 Christi

2221 3229 2529 3294 martyrem
2562 3225 2707 3277 fecit.
2739 3225 2793 3278 Si
2831 3225 2959 3294 quis
2989 3241 3122 3278 vero
3154 3226 3305 3278 hunc
3337 3242 3659 3279 sermonem
3694 3227 3767 3279 ab
3802 3225 3904 3278 exi-

2221 3314 2437 3383 guitate
2460 3314 2733 3383 ingenioli
2759 3314 2936 3365 nostri
2962 3313 3366 3384 depromptum
3391 3315 3552 3385 quasi
3584 3316 3776 3367 minus
3798 3314 3903 3366 ido-

2220 3417 2393 3455 neum
2438 3417 2500 3453 ac
2532 3402 2765 3454 veritate
2799 3400 3094 3455 suﬁ‘ultum
3126 3403 3410 3471 probabili
3444 3409 3787 3472 argumento
3817 3402 3899 3455 in-

2220 3491 2502 3559 vestigare
2535 3489 2800 3553 voluerit,
2844 3490 2995 3542 hunc
3027 3506 3350 3553 monemus,
3384 3497 3445 3543 ut
3475 3492 3668 3559 primo
3702 3506 3905 3545 annum

2221 3579 2409 3633 obitus
2438 3577 2658 3648 praefati
2688 3578 3024 3630 confessoris
3053 3578 3260 3632 Christi
3292 3580 3557 3642 Amandi,
3591 3580 3694 3649 qui
3730 3580 3837 3633 fuit
3879 3594 3906 3630 a

2220 3667 2510 3720 nativitate
2545 3666 2773 3719 Domini
2800 3669 3243 3719 sexcentesimus
3274 3668 3663 3735 sexagesimus
3696 3669 3905 3736 primus

2220 3756 2522 3823 diligenter
2574 3754 2868 3806 memoriae
2900 3753 3055 3822 ligat,
3105 3754 3239 3824 quia
3270 3754 3326 3807 in
3375 3770 3462 3821 eo,
3501 3755 3645 3808 sicut
3696 3756 3905 3824 priores

2220 3844 2401 3898 nostri
2434 3842 2598 3896 nobis
2645 3859 2761 3895 non
2811 3843 2997 3895 solum
3036 3842 3091 3895 in
3146 3842 3326 3909 libris,
3371 3842 3469 3896 sed
3502 3844 3674 3895 etiam
3706 3842 3903 3913 lapidi-

2219 3933 2324 3986 bus
2375 3948 2446 3985 ne
2496 3930 2790 3984 obliterari
2840 3938 3033 3999 posset
3081 3933 3357 4000 scriptum
3408 3932 3792 4001 reliquerunt,
3844 3931 3905 3983 ab

2219 4021 2323 4074 hoc
2363 4020 2577 4073 mundo
2619 4020 2686 4073 ad
2724 4021 3024 4073 Dominum
3058 4019 3303 4072 transiit.
3341 4020 3497 4073 Unde
3528 4022 3637 4073 hoc
3670 4034 3904 4073 numero

2219 4108 2380 4178 quasi
2399 4107 2773 4161 fundamento
2789 4108 2844 4160 in
2869 4108 3061 4160 animo
3077 4108 3357 4162 stabiliter
3370 4110 3669 4173 collocato,
3694 4109 3765 4161 ab
3789 4109 3903 4179 ipso

2219 4198 2451 4251 demum
2479 4196 2547 4250 ad
2582 4197 2880 4265 superiora
2912 4197 3245 4249 calculando
3276 4198 3594 4266 nonaginta
3624 4212 3900 4251 annorum

416 4299 599 4353 usque
631 4283 700 4336 ad
751 4298 966 4335 annum
1019 4283 1246 4335 Domini
1304 4283 1777 4337 sexcentesimum
1819 4286 2103 4354 sexagesi-
2145 4279 2188 4332 Ι)
2217 4287 2423 4358 quibus
2455 4285 2595 4338 vixit
2635 4300 2939 4339 numerum
2972 4290 3287 4355 computet,
3322 4291 3377 4338 et
3418 4286 3498 4337 sic
3528 4287 3595 4339 ad
3626 4289 3902 4357 quingen-

418 4386 577 4423 mum
609 4370 884 4439 primum,
930 4369 1027 4439 qui
1061 4376 1182 4423 erat
1212 4387 1394 4424 annus
1437 4371 1799 4441 episcopatus
1845 4374 2107 4447 Vitaliani

416 4474 579 4528 papm
621 4459 822 4511 tertius
864 4472 908 4522 ιι,
956 4474 1068 4528 quo
1109 4459 1162 4513 S.
1196 4461 1486 4513 Amandus
1519 4461 1682 4525 obiit,
1734 4462 2109 4515 inveniuntur

417 4546 553 4599 a'uui
582 4545 711 4599 vitae
742 4547 963 4616 praefati
994 4548 1220 4617 patroni
1246 4549 1585 4619 nonaginta,
1620 4550 1827 4619 quibus
1861 4566 2107 4619 praesen-

418 4634 489 4687 tis
518 4636 648 4688 vitae
682 4651 890 4689 munus
918 4636 1180 4705 explevit.

486 4723 669 4777 Simili
734 4724 905 4777 etiam
972 4725 1140 4778 modo
1216 4725 1260 4778 si
1331 4725 1660 4794 reipublicae
1730 4726 2106 4796 imperatores

417 4813 696 4879 revolvas,
771 4818 987 4882 septem
1044 4814 1102 4865 in
1162 4819 1418 4882 tempore
1469 4814 1596 4867 vitae
1644 4814 1861 4884 praefati
1924 4816 2105 4869 Patris

412 4901 653 4956 Amandi
705 4902 861 4970 regio
910 4901 1095 4955 ofﬁcio
1140 4902 1362 4954 functos
1414 4902 1670 4955 invenies
1720 4904 1826 4956 hoc
1860 4905 2102 4958 ordine:

410 4990 667 5059 primum
709 4989 1014 5042 Justiniani
1041 5006 1419 5042 successorem
1471 4992 1754 5045 Justinum
1790 4992 2103 5062 juniorem,

412 5078 576 5147 cujus
606 5078 849 5148 septimo
880 5094 1030 5131 anno
1064 5079 1224 5147 regni
1254 5082 1419 5131 natus
1450 5084 1559 5144 est;
1595 5082 1906 5135 secundum
1938 5082 2107 5136 Tibe-

482 5230 507 5295 ἓ
546 5221 809 5295 Ϋίιειὶεῃί
851 5222 1216 5290 pontiﬁcatus
1254 5222 1481 5276 initium
1509 5224 1690 5295 illigat
1721 5233 1918 5280 auctor
1948 5243 2101 5282 anno

411 5294 533 5346 658.
574 5292 847 5346 Baronius
871 5308 1003 5345 vero
1044 5309 1196 5345 anno
1225 5296 1345 5347 655.

481 5365 506 5403 ﬁ
550 5364 917 5415 Heraclonam
953 5364 1305 5417 Constantini
1338 5365 1540 5429 lilium,
1570 5366 1927 5422 Constantini
1954 5370 2099 5423 alte-

409 5432 528 5484 rius
561 5449 657 5485 seu
691 5434 1009 5489 Constantis
1040 5434 1271 5488 fratrem
1303 5437 1531 5489 omittit.

481 5512 501 5533 “
548 5519 683 5571 ergo
716 5505 1118 5558 Constantinus
1164 5522 1227 5557 ex
1261 5512 1449 5559 mente
1480 5508 1728 5561 auctoris
1759 5524 1909 5562 anno
1939 5510 2097 5564 Chri-

411 5571 481 5624 sti
512 5574 613 5624 639
668 5588 909 5641 regnum
947 5575 1093 5629 iniit.
1136 5575 1241 5629 Cui
1286 5578 1499 5631 calculo
1530 5578 1679 5632 favet
1724 5580 2098 5648 Fredegarius

2216 4376 2485 4429 tesimum
2514 4374 2997 4443 septuagesimum
3031 4375 3283 4443 primum
3308 4375 3622 4428 nativitatis
3654 4374 3905 4429 Domini-

2216 4481 2294 4517 (ταὶ
2324 4479 2537 4516 annum
2574 4479 2686 4532 quo
2718 4468 2884 4515 natus
2915 4467 2996 4514 est
3025 4479 3173 4529 saepe
3201 4463 3383 4515 dictus
3421 4464 3589 4517 Pater
3630 4464 3903 4533 gradatim

2216 4552 2524 4622 perveniet.
2561 4550 2654 4603 His
2701 4550 2879 4619 igitur
2931 4550 3153 4605 duobus
3185 4552 3435 4613 calculis,
3480 4568 3595 4605 uno
3627 4558 3804 4615 ortus,
3854 4553 3904 4602 et

2215 4643 2393 4694 altero
2428 4640 2616 4693 obitus
2640 4640 2944 4708 diligenter
2966 4640 3156 4692 animo
3175 4640 3613 4707 commendatis,
3642 4641 3902 4694 adhibeat

2217 4730 2324 4783 sibi
2355 4728 2620 4782 historias
2654 4744 2856 4797 regum
2903 4727 3001 4798 qui
3033 4744 3100 4780 eo
3132 4733 3388 4797 tempore
3426 4730 3522 4798 jus
3572 4734 3792 4798 regium
3833 4736 3903 4781 te-

2214 4822 2485 4883 nuerunt,
2521 4818 2759 4887 insuper
2801 4822 2857 4869 et
2883 4816 3175 4869 chronicas
3208 4817 3620 4870 venerabilium
3654 4820 3900 4881 Patrum,

2212 4922 2433 4961 necnon
2487 4911 2541 4958 et
2592 4906 2804 4958 librum
2859 4905 2927 4957 de
2981 4905 3353 4958 Pontiﬁcibus
3402 4908 3731 4975 apostolicm
3766 4907 3905 4959 sedis

2213 4995 2429 5048 editum
2460 5010 2470 5046 :
2515 5009 2725 5063 eosque
2756 4992 2919 5062 quasi
2959 4999 3088 5045 ante
3120 4998 3174 5045 et
3221 4999 3369 5045 retro
3402 4996 3659 5046 oculatus
3690 4995 3828 5047 hinc
3855 4998 3906 5046 et

2214 5083 2343 5136 inde
2384 5098 2583 5135 sensus
2613 5081 2907 5134 vivacitate
2939 5081 3380 5150 circumspiciat,
3416 5086 3589 5151 atque
3634 5083 3733 5153 qui
3769 5098 3906 5152 apo-

2212 5228 2269 5280 in
2303 5227 2513 5281 Chron.
2568 5241 2690 5294 cap.
2727 5227 2811 5291 81,
2858 5224 2955 5293 qui
2998 5224 3307 5277 Heraclona
3352 5224 3423 5278 ob
3467 5225 3627 5289 regni
3658 5224 3907 5277 brevita-

2211 5304 2325 5351 tem
2368 5297 2631 5348 similiter
2677 5301 2981 5363 expuncto,
3017 5296 3455 5349 Constantinum
3492 5297 3785 5349 Constanti
3834 5297 3906 5347 lo-

2210 5385 2337 5420 cum
2372 5368 2595 5420 dedisse
2642 5383 2790 5418 anno
2841 5366 3003 5435 regni
3050 5366 3357 5419 Chlodovei
3385 5367 3628 5436 junioris
3658 5366 3907 5419 secundo

2210 5438 2493 5491 afﬁrmat:
2548 5437 2774 5490 tametsi
2830 5436 3109 5490 Baronius
3152 5436 3475 5490 Constantis
3522 5436 3904 5507 principatum

2208 5510 2278 5563 ab
2306 5526 2456 5563 anno
2492 5509 2584 5561 641
2620 5508 2859 5560 orditur.
