4078 6180
172 315 269 362 973

1233 311 1462 366 SEBMO
1505 312 1594 368 DE
1635 312 2159 368 TRANSLATIONE
2201 314 2256 367 S.
2299 311 2586 367 AMANDI.

3564 320 3667 371 974

170 445 374 509 stolici,
416 445 585 515 quive
617 445 993 514 imperatores
1039 446 1127 500 vel
1170 446 1457 517 principes
1494 449 1553 501 Β.
1601 450 1857 502 Amando
1898 452 1939 503 A
1972 448 2095 503 nire
2139 448 2404 519 quiverit,
2453 466 2817 521 nequaquam
2850 450 2971 504 haec
3016 455 3207 505 nostra
3248 451 3398 506 dicta
3446 452 3664 524 qualia-

172 533 232 585 in
274 549 516 603 corpore
547 534 732 588 adhuc
762 535 981 588 vivente
1012 535 1227 588 fuerint
1259 536 1497 590 solerter
1527 538 1864 591 consideret.

172 620 290 673 Etsi
321 626 450 690 post
491 621 709 675 nullam
741 622 954 676 laboris
988 639 1224 692 operam
1265 624 1349 678 rei
1380 624 1675 678 veritatem
1704 626 1865 678 inve-

1977 554 2201 608 cunque
2228 542 2380 604 sunt,
2407 542 2470 591 ut
2500 538 2730 607 opinor,
2766 538 3116 608 reprobabit.

788 861 1164 964 SERMO
1232 861 1376 963 DE
1437 862 2310 967 TBANSLATIONE
2389 866 2475 967 S.
2558 866 3037 969 AMANDI.

289 1026 577 1101 Qualiter
607 1045 838 1105 corpus
866 1028 939 1087 B.
978 1027 1255 1087 Amandi
1288 1027 1350 1086 in
1384 1027 1522 1087 loco
1556 1046 1682 1105 quo
1719 1047 1886 1090 nunc
1918 1030 2261 1106 requiescit
2290 1030 2477 1091 fuerit
2514 1032 2913 1105 translatum,
2946 1036 3007 1091 et
3037 1032 3115 1091 de
3146 1033 3544 1096 dedicatione

617 1107 896 1167 basilicas
929 1111 1037 1166 aut
1067 1108 1148 1167 de
1182 1108 1580 1167 ordinatione
1612 1108 2022 1187 episcopatus
2053 1109 2257 1187 ipsius
2298 1110 2572 1189 septimo
2606 1112 2874 1171 Kalend.
2913 1112 3226 1173 Novemb.

238 1277 402 1328 Diem
453 1273 794 1327 hodiernam
842 1276 1213 1327 sacrosanctae
1262 1272 1581 1327 festivitatis
1621 1274 1866 1327 solemni

163 1363 468 1415 devotione
512 1362 917 1431 religiosorum
951 1362 1257 1416 conventui
1306 1362 1703 1415 celebrabilem
1746 1362 1866 1431 ipse

164 1451 412 1504 revoluti
436 1452 716 1521 temporis
746 1466 945 1504 cursus
972 1450 1191 1503 indicit.
1229 1450 1293 1503 Et
1323 1451 1598 1519 quoniam
1631 1450 1866 1519 plurimi

165 1540 225 1592 in
276 1541 385 1593 hac
432 1539 597 1609 plebe
642 1540 811 1608 hujus
850 1539 1081 1608 penitus
1125 1543 1383 1607 expertes
1419 1539 1603 1591 adhuc
1646 1543 1870 1591 exstant

162 1628 429 1687 rationis,
465 1644 580 1681 non
613 1629 859 1680 otiosum
892 1627 1159 1680 duximus
1189 1628 1271 1680 eis
1306 1627 1568 1679 notitiam
1600 1632 1773 1680 tantae
1805 1643 1869 1680 ac

163 1722 287 1771 tam
320 1722 500 1786 gratae
533 1715 784 1785 pandere
825 1716 1187 1769 celebritatis.
1247 1716 1484 1785 Dignum
1519 1715 1714 1785 igitur,
1750 1716 1866 1769 imo

170 1805 566 1859 necessarium
598 1805 907 1871 credimus,
937 1810 998 1857 ut
1027 1804 1127 1874 qui
1156 1805 1262 1857 ista
1293 1804 1580 1856 celebrant
1606 1810 1662 1856 et
1693 1820 1868 1873 quare

163 1894 463 1947 celebrent
491 1893 779 1963 ignorent,
833 1892 1223 1962 cognitionem
1261 1891 1430 1961 hujus
1481 1892 1563 1944 rei
1619 1891 1865 1960 capiant,

165 1988 222 2037 et
256 1982 358 2053 qui
409 1984 683 2035 hactenus
732 1980 924 2033 minus
972 1986 1104 2033 nota
1135 1979 1334 2033 festivo
1387 1980 1572 2032 studio
1622 1980 1868 2032 honora-

165 2073 330 2137 bant,
365 2070 668 2140 gloriosius
701 2084 763 2122 ac
798 2068 1149 2122 reverentius
1172 2068 1292 2137 jam
1338 2075 1473 2121 nota
1503 2068 1760 2122 excolere
1793 2075 1872 2122 at-

163 2176 283 2232 que
327 2158 592 2211 venerari
641 2158 878 2210 discant.
932 2157 1078 2220 Quia
1120 2174 1256 2226 ergo
1305 2156 1441 2209 Vitae
1486 2161 1574 2209 ter
1606 2157 1755 2210 beati
1806 2173 1869 2210 ac

162 2248 369 2303 dilecti
401 2246 741 2300 confessoris
773 2245 981 2299 Christi
1007 2245 1251 2298 Amandi
1283 2244 1509 2297 libellus
1539 2244 1673 2297 satis
1698 2244 1867 2313 plene

160 2336 637 2404 sufﬁcienterque
674 2334 1009 2387 disseruisse
1050 2333 1429 2402 cognoscitur,
1464 2332 1646 2402 qualis
1679 2348 1868 2401 quan-

161 2433 383 2494 tusque
415 2424 566 2476 idem
600 2423 739 2475 dum
781 2422 969 2475 adhuc
1001 2421 1366 2474 mortalitatis
1399 2421 1561 2473 istius
1594 2421 1868 2473 aerumnis

159 2518 472 2566 teneretur
529 2510 830 2576 exstiterit,
891 2509 1271 2579 qualibusque
1320 2509 1468 2561 inter
1525 2508 1869 2577 caliginosos

157 2603 343 2671 hujus
403 2601 597 2654 szeculi
660 2599 945 2652 anfractus
1008 2597 1280 2650 virtutum
1343 2596 1518 2666 signis
1579 2596 1866 2664 claruerit,

156 2707 393 2744 necnon
425 2692 482 2743 et
511 2704 682 2759 quam
716 2688 886 2757 longe
908 2687 1047 2739 sitos
1077 2686 1465 2747 illustraverit,
1494 2688 1663 2755 atque
1695 2685 1763 2738 de
1791 2690 1868 2737 te-

157 2780 415 2833 nebrosa
443 2777 617 2847 hujus
663 2776 855 2829 seaculi
903 2776 1167 2844 Egypto,
1219 2776 1485 2827 columna
1515 2774 1676 2842 legis,
1724 2773 1865 2826 divi-

159 2884 378 2937 naeque
411 2854 609 2936 gratiae
642 2864 996 2934 proiectione
1028 2867 1340 2931 praeeunte,
1373 2878 1473 2932 per
1497 2862 1611 2913 vias
1639 2861 1867 2929 piorum

158 2958 538 3025 prot‘ectuum
600 2952 921 3006 mansiones
989 2954 1058 3003 ad
1125 2957 1337 3003 terram
1406 2948 1867 3018 repromissionis

160 3050 299 3113 (per
330 3058 506 3112 quam
538 3042 723 3111 patria
753 3039 1065 3092 viventium
1092 3038 1394 3108 ﬁguratur)
1428 3035 1585 3106 quali
1612 3037 1726 3089 ﬁne
1760 3036 1866 3088 mi-

158 3132 449 3201 graverit;
488 3131 571 3183 his
602 3130 833 3182 interim
879 3128 1240 3197 posthabitis,
1292 3126 1359 3179 ad
1392 3125 1716 3195 indaganda
1760 3124 1865 3177 ali-

159 3237 285 3290 qua
338 3220 409 3273 de
440 3218 633 3272 multis
664 3218 989 3271 divinorum
1041 3230 1281 3285 operum
1329 3214 1694 3283 magnalibus
1737 3229 1865 3283 qua

157 3312 321 3363 circa
364 3308 556 3377 ipsum
588 3306 826 3376 ejusque
872 3305 1275 3373 corpusculum
1324 3309 1453 3372 post
1487 3302 1610 3370 ejus
1646 3301 1866 3354 obitum

157 3398 367 3451 divina
414 3395 739 3460 clementia,
792 3408 1125 3463 quanquam
1176 3391 1501 3461 impolitum
1549 3390 1866 3459 dirigamus

156 3484 459 3539 sermonis
490 3484 764 3537 ofﬁcium.
810 3484 883 3536 Ea
923 3498 1060 3551 ergo
1092 3497 1221 3551 quas
1270 3480 1590 3547 referimus,
1626 3496 1657 3533 a
1686 3478 1866 3532 Patri-

151 3576 269 3629 bus
306 3573 554 3627 ﬁdeliter
596 3571 975 3626 referentibus
1024 3570 1367 3631 audivimus,
1409 3584 1653 3639 quorum
1693 3568 1866 3621 ﬁdem

152 3662 557 3732 omnipotenti
584 3661 806 3715 Christo
839 3659 1270 3717 committimus,
1306 3658 1455 3728 apud
1485 3674 1655 3727 quem
1692 3657 1863 3709 etiam

1976 1279 2214 1345 patuere
2266 1277 2497 1345 palatia,
2540 1293 2644 1347 pro
2697 1277 2907 1347 quibus
2955 1277 3077 1348 ipse
3121 1280 3179 1332 in
3239 1280 3404 1333 terris
3451 1280 3667 1349 positus

1976 1376 2115 1414 voce
2172 1369 2497 1417 cantaverat
2553 1364 2833 1418 indefessa
2888 1382 2900 1419 :
2964 1368 3145 1430 Quam
3198 1368 3463 1421 amabilia
3516 1373 3665 1434 sunt,

1979 1449 2267 1519 inquiens,
2301 1452 2539 1505 Domine
2572 1452 2871 1518 virtutum,
2910 1454 3278 1508 tabernacula
3308 1455 3434 1508 tua!
3470 1471 3671 1509 concu-

1978 1538 2147 1608 piscit
2194 1545 2251 1592 et
2303 1540 2491 1593 deﬁcit
2520 1542 2578 1593 in
2629 1541 2717 1594 his
2751 1543 2945 1595 anima
2993 1559 3137 1596 mea.
3184 1544 3487 1613 Requievit
3535 1561 3668 1598 vero

1979 1643 2131 1680 anno
2168 1628 2350 1681 aetatis
2381 1645 2494 1682 suae
2549 1631 2943 1700 nonagesimo,
2978 1647 3174 1685 mense
3212 1632 3541 1699 Februario,
3588 1633 3669 1687 fe-

1980 1714 2097 1767 bris
2141 1719 2322 1768 tactus
2373 1717 2757 1781 incommodo,
2806 1719 2895 1772 die
2938 1736 3167 1790 quoque
3211 1720 3525 1786 Dominico,
3578 1721 3669 1775 cui

1979 1819 2132 1855 mors
2178 1804 2267 1857 via
2298 1804 2368 1859 ad
2418 1805 2687 1874 patriam,
2731 1822 2795 1859 ac
2836 1808 3135 1875 praesentis
3182 1807 3311 1860 vita“:
3344 1808 3548 1875 exitus,
3583 1824 3669 1860 se-

1980 1892 2206 1961 quentis
2253 1908 2316 1945 ac
2363 1909 2662 1963 nunquam
2714 1894 2978 1948 ﬁnienda:
3030 1896 3209 1948 factus
3253 1900 3335 1948 est
3380 1896 3667 1949 introitus.

1976 1980 2058 2033 Ad
2092 1996 2263 2050 quam
2311 1982 2724 2051 multiplicibus
2754 1982 2927 2052 hujus
2956 1984 3156 2036 mundi
3202 1984 3475 2036 aerumnis
3508 1983 3668 2037 abso-

1977 2069 2154 2136 lutus,
2187 2071 2273 2121 sui
2310 2070 2535 2122 Domini
2562 2070 2875 2137 obtutibus,
2908 2072 3094 2141 plenis
3125 2073 3251 2125 oleo
3286 2072 3668 2141 lampadibus,

1978 2156 2250 2210 virtutum
2287 2159 2501 2212 scilicet
2540 2160 2768 2229 piarum
2800 2160 3108 2227 fertilitate,
3143 2161 3356 2214 meruit
3394 2176 3669 2230 apparere

1978 2261 2266 2300 coruscus.
2316 2248 2583 2317 Sepultus
2624 2264 2757 2301 sane
2790 2254 2873 2301 est
2903 2249 3095 2302 debito
3144 2248 3400 2302 ﬁdelium
3448 2249 3669 2301 honore

1978 2333 2037 2387 in
2070 2335 2328 2388 coenobio
2360 2352 2392 2388 a
2422 2352 2478 2389 se
2512 2336 2809 2403 tediﬁcato,
2845 2337 2935 2389 cui
2967 2354 3031 2390 ex
3063 2338 3296 2390 nomine
3344 2334 3559 2389 ﬂuvioli
3591 2335 3670 2389 ibi

1978 2424 2329 2478 decurrentis
2364 2426 2631 2479 Helnonis
2657 2427 2996 2480 vocabulum
3038 2427 3220 2480 haesit.
3256 2426 3435 2490 Quem
3480 2426 3670 2479 videli-

1977 2519 2067 2565 cet
2109 2513 2299 2566 locum
2349 2513 2641 2583 quondam
2676 2513 2784 2583 ipsi
2835 2516 2954 2567 viro
2992 2515 3087 2568 Dei
3136 2516 3479 2569 Francorum
3516 2514 3671 2584 prin-

1977 2617 2108 2671 ceps
2142 2602 2495 2671 Dagobertus
2529 2601 2771 2655 silvestri
2802 2618 2966 2655 coma
2996 2619 3111 2656 non
3152 2602 3456 2673 indignum
3489 2617 3671 2673 prona

1975 2688 2197 2759 indigni
2229 2690 2471 2743 contulit
2502 2691 2827 2756 devotione,
2852 2697 2977 2744 rata
3006 2692 3200 2760 legum
3227 2691 3521 2744 sanctione
3555 2696 3669 2745 sta-

1975 2777 2223 2831 bilitum.
2248 2778 2420 2847 Cujus
2444 2779 2578 2832 licet
2597 2779 2795 2832 crebra
2817 2779 3199 2849 plurimorum
3229 2778 3502 2849 opinione
3525 2779 3669 2833 didi-

1976 2866 2116 2918 cerit
2146 2868 2527 2933 sanctitatem,
2580 2867 2824 2936 amplius
2859 2872 3049 2920 tamen
3099 2868 3180 2937 (ut
3213 2867 3270 2919 in
3306 2867 3497 2920 libello
3531 2868 3669 2920 Vitae

1977 2954 2099 3023 ejus
2148 2954 2378 3023 legitur)
2426 2955 2692 3008 eumdem
2748 2955 2929 3007 isdem
2986 2955 3252 3024 princeps
3301 2955 3361 3007 in
3416 2954 3519 3007 ﬁlii
3579 2955 3666 3009 sui

1976 3042 2255 3111 Sigeberti
2289 3047 2487 3096 contra
2518 3048 2782 3097 naturam
2819 3043 3065 3096 mirabili
3100 3048 3335 3113 propter
3367 3042 3671 3096 infantiam

1974 3130 2281 3194 locutione,
2317 3129 2421 3182 sub
2469 3146 2571 3182 sua
2601 3131 2908 3199 praesentia
2948 3131 3169 3184 Christo
3204 3134 3462 3183 sanctum
3496 3145 3664 3182 suum

1976 3217 2339 3281 miriﬁcante,
2374 3217 2584 3271 meruit
2614 3234 2923 3288 agnoscere
2969 3218 3348 3272 manifestam.
3388 3218 3663 3271 Praedicta

1973 3306 2150 3375 igitur
2178 3307 2236 3359 in
2266 3307 2391 3359 loco
2419 3306 2555 3376 quia
2576 3306 2820 3376 amplius
2851 3307 3039 3377 ipsum
3069 3307 3290 3360 caeteris
3320 3323 3352 3359 a
3382 3322 3439 3359 se
3465 3305 3667 3359 consti-

1974 3395 2111 3448 tutis
2156 3394 2449 3463 diligendo
2495 3396 2757 3461 excoluit,
2803 3396 2976 3449 etiam
3028 3394 3432 3465 corpusculum
3482 3394 3668 3463 ipsius

1974 3482 2387 3552 discipulorum
2415 3498 2650 3536 suorum
2681 3483 2953 3552 obsequio
2984 3483 3271 3535 tumulum
3302 3481 3565 3551 sumpsit,
3599 3480 3669 3534 si-

1975 3577 2088 3634 cut,
2140 3571 2310 3625 etiam
2363 3575 2701 3626 testamento
2751 3571 2990 3623 terribili
3040 3572 3250 3640 scripto
3302 3586 3404 3640 pro
3456 3570 3559 3623 hac
3601 3586 3664 3624 re

1974 3660 2142 3728 (Vide
2192 3661 2513 3728 Patrologiee
2558 3664 2682 3713 tom.
2730 3661 3073 3726 LXXXVII,
3130 3661 3227 3713 col.
3286 3659 3457 3728 1271),
3504 3658 3658 3730 quod

151 3761 404 3823 peracta
452 3751 613 3821 quasi
659 3750 950 3815 instantia,
1002 3754 1056 3802 et
1101 3764 1205 3818 pro
1239 3748 1617 3816 praesentibus
1667 3745 1863 3799 haberi
1903 3755 1942 3808 C.
1974 3747 2033 3800 in
2064 3746 2314 3800 archivio
2344 3746 2528 3799 nostri
2561 3747 2891 3800 monasterii
2937 3748 3212 3800 hactenus
3253 3752 3528 3813 servatur,
3562 3748 3660 3802 de-

150 3844 364 3896 futura
397 3840 678 3894 credimus
711 3856 722 3892 :
759 3839 848 3892 cui
880 3837 1266 3901 mendacium,
1306 3836 1441 3906 quia
1472 3852 1537 3888 ex
1573 3835 1723 3887 malo
1759 3838 1862 3898 est,

150 3931 473 4002 displicere
528 3928 940 3999 cognoscimus.
1001 3927 1125 3979 Non
1186 3926 1337 3978 enim
1396 3924 1548 3977 beati
1598 3923 1705 3975 viri
1745 3937 1863 3975 me-

151 4020 275 4073 rita
318 4024 383 4071 ut
416 4018 567 4070 clara
617 4016 942 4070 hominibus
989 4018 1306 4083 appareant
1339 4012 1648 4065 mendaciis
1698 4014 1869 4079 egent

151 4107 376 4173 astrui,
430 4106 527 4158 sed
558 4105 839 4174 ampliora
884 4119 1056 4173 quam
1096 4100 1363 4171 explicari
1400 4100 1586 4153 verbis
1632 4102 1865 4169 queant,

148 4202 396 4250 remota
428 4194 586 4247 omni
619 4192 993 4261 ambiguitate
1037 4190 1245 4244 debent
1274 4189 1449 4242 credi.
1498 4188 1602 4242 Sed
1637 4188 1767 4257 quia
1799 4187 1867 4240 de

147 4287 250 4339 his
288 4300 414 4337 non
445 4299 548 4352 pro
580 4282 667 4335 sui
699 4281 875 4351 (quod
910 4278 1262 4349 impossibile
1308 4278 1407 4345 est.)
1442 4277 1738 4347 dignitate,
1772 4276 1871 4329 sed

144 4391 269 4447 pro
310 4372 497 4426 nostri
536 4375 871 4441 paupertate
916 4368 1194 4437 ingenioli
1225 4367 1418 4437 aliqua
1461 4365 1868 4434 praeloquendo

144 4463 505 4532 tetigimus;
540 4476 690 4512 nunc
716 4458 907 4511 divina
936 4473 1041 4509 nos
1074 4461 1367 4526 praeeunte
1399 4454 1702 4507 clementia
1736 4468 1868 4523 pro-

141 4552 431 4623 positum
465 4546 630 4600 nobis
657 4549 766 4599 iter
794 4560 1111 4614 carpamus.

224 4644 413 4693 Anno
446 4635 623 4706 igitur
657 4634 1065 4688 incarnationis
1099 4631 1408 4685 Dominicee
1456 4628 1870 4684 sexcentesimo

139 4726 534 4796 sexagesimo
565 4724 751 4794 primo
784 4740 896 4793 qua
928 4722 1203 4776 Conditor
1234 4725 1289 4773 et
1319 4719 1667 4788 Redemptor
1699 4733 1873 4770 mun-

136 4819 352 4872 danos
389 4814 691 4866 miseratus
737 4827 956 4864 errores
989 4810 1257 4863 humana:
1293 4808 1559 4878 dignatus
1603 4811 1689 4859 est
1723 4804 1873 4857 uniri

134 4912 418 4966 naturae,
476 4902 591 4954 Deo
649 4900 932 4969 bonisque
988 4898 1207 4951 cunctis
1269 4896 1531 4950 amabilis
1579 4893 1873 4949 Amandus

132 5000 289 5067 post
330 4992 517 5045 multa
551 4990 832 5043 bonorum
862 4994 1091 5041 actuum
1135 4987 1385 5056 insignia
1418 4986 1484 5039 ad
1519 4985 1645 5038 θαέιὶ
1682 4984 1871 5036 aulam

128 5080 510 5155 perenniter
558 5095 687 5132 cum
722 5077 966 5141 Christo,
1014 5076 1104 5129 cui
1138 5076 1333 5128 devote
1383 5074 1629 5136 servivit,
1674 5088 1875 5141 regna-

128 5180 328 5227 turus
381 5166 665 5221 ascendit.
701 5167 812 5219 Nec
853 5164 1138 5218 immerito
1184 5164 1235 5216 ei
1266 5160 1584 5215 introeunti
1626 5161 1874 5214 ccelestia

214 5326 242 5348 δ
275 5316 354 5369 In
413 5326 593 5380 regno
644 5311 990 5363 Francorum
1040 5307 1174 5381 solis
1222 5305 1453 5381 regibus
1495 5304 1875 5381 ﬂagellqcri:

130 5391 339 5450 nium,
396 5373 767 5450 utvloquitur
806 5381 1039 5449 Gregor.
1091 5373 1312 5452 Tui-on:
1348 5379 1551 5452 litum,
1597 5391 1643 5428 c.
1697 5375 1783 5452 2t,
1817 5373 1873 5425 id

132 5467 230 5513 est
290 5447 559 5525 prolixos
586 5447 841 5525 capillos
880 5447 1079 5525 gerere
1131 5450 1356 5525 licebat.
1408 5447 1547 5499 Hinc
1597 5447 1875 5514 praadium

135 5518 503 5585 Elndnense
534 5518 847 5593 rege—haud
881 5518 1182 5593 indignum
1216 5518 1442 5593 dicitur.

218 5603 249 5643 b
288 5594 538 5652 Milonis
602 5594 882 5647 calculum
943 5594 1049 5645 hoc

1109 5590 1280 5644 etiam
1332 5588 1392 5642 in
1442 5588 1566 5642 loco
1614 5585 1878 5639 aberrare

1974 3835 2167 3889 crevit.
2201 3836 2323 3888 Non
2367 3839 2558 3887 tamen
2593 3835 2650 3887 in
2682 3835 2805 3903 ipsa
2831 3851 2943 3904 qua
2989 3851 3141 3888 nunc
3173 3835 3479 3905 requiescit
3508 3836 3658 3905 posi-

1973 3929 2064 3978 tus
2093 3928 2177 3976 est
2228 3922 2481 3983 basilica,
2532 3923 2628 3976 sed
2681 3923 2738 3974 in
2773 3922 2949 3976 altera
2993 3922 3093 3992 qui
3143 3923 3325 3977 adhuc
3380 3929 3659 3992 superest,

1975 4012 2251 4082 principis
2300 4011 2690 4080 apostolorum
2728 4011 2877 4065 Petri
2913 4011 3147 4064 nomine
3192 4012 3486 4080 dedicata;
3534 4028 3662 4082 quae

1976 4100 2250 4172 quoniam
2278 4117 2382 4169 pro
2407 4100 2493 4153 sui
2522 4101 2800 4169 parvitate
2829 4102 2971 4153 tanti
3002 4099 3265 4169 praesulis
3296 4102 3519 4154 tumulo
3547 4101 3665 4154 visa

1977 4190 2082 4244 fuit
2123 4189 2460 4257 incongrua,
2517 4193 2685 4257 atque
2716 4186 2887 4241 etiam
2938 4187 3185 4241 secundo
3234 4187 3393 4239 sexui
3431 4194 3667 4258 propter

1980 4277 2388 4330 monachorum
2454 4276 2775 4329 habitacula
2833 4275 3135 4341 inaccessa,
3190 4274 3475 4345 frequenti
3533 4276 3664 4329 reli-

1977 4365 2272 4435 giosorum
2303 4366 2557 4418 virorum
2581 4365 2888 4418 conventui
2918 4365 3100 4418 visum
3129 4369 3213 4417 est
3243 4364 3412 4417 aliam
3437 4364 3668 4434 magni-

1977 4454 2174 4507 tudine
2202 4458 2566 4522 praestantem
2598 4453 2801 4507 debere
2832 4453 3124 4517 tediiicari,
3155 4469 3283 4522 quae
3325 4470 3393 4506 ex
3422 4459 3668 4524 utroque

1980 4557 2115 4595 sexu
2147 4559 2177 4594 a
2208 4540 2517 4594 confluenti
2552 4540 2648 4593 illo
2677 4541 2964 4594 sufﬁceret
2997 4541 3350 4594 multitudini
3378 4542 3665 4612 populari.

1981 4629 2277 4698 Completo
2342 4628 2533 4697 itaque
2599 4629 2709 4681 Deo
2785 4629 3121 4682 devotorum
3194 4634 3424 4699 sumptu
3499 4645 3671 4700 opere

1980 4718 2132 4771 illius
2160 4716 2404 4782 aediﬁcii,
2459 4721 2682 4786 tempus
2713 4716 2909 4770 aderat
2950 4734 3061 4788 quo
3093 4718 3190 4771 ille
3223 4718 3457 4772 deberet
3485 4723 3669 4771 trans—

1980 4805 2135 4859 ferri.

2053 4893 2169 4948 Illis
2202 4893 2381 4963 igitur
2410 4892 2610 4945 diebus
2655 4897 2950 4962 supererat
2980 4894 3167 4948 adhuc
3206 4893 3473 4947 humanis
3504 4892 3675 4946 rebus

1980 4983 2338 5036 venerandus
2379 4981 2589 5035 Christi
2621 4983 2911 5035 confessor
2938 4982 3405 5051 mirabiliumque
3433 4998 3673 5051 operum

1915 5047 1958 5100 D
1982 5076 2239 5142 patrator
2269 5067 2487 5137 Eligius
2528 5071 2572 5134 ι),
2609 5070 2709 5139 qui
2754 5071 3081 5123 beatissimo
3113 5047 3369 5140 pontifici
3414 5047 3675 5123 Ainando

1984 5161 2122 5215 dum
2152 5158 2442 5212 adviveret
2490 5156 2677 5211 fuerat
2715 5158 3216 5223 familiarissimus,
3250 5174 3312 5211 ac
3362 5157 3678 5211 sanctitatis

1985 5304 2219 5353 constat.
2269 5299 2490 5368 Quippe
2542 5304 2678 5351 teste
2710 5298 2763 5352 S.
2818 5298 3090 5351 Audonco
3122 5297 3180 5350 in
3232 5297 3370 5350 Vitae
3404 5297 3457 5351 S.
3514 5297 3683 5367 Eligii

1988 5371 2081 5424 lib.
2114 5384 2171 5436 1t,
2198 5386 2247 5422 c.
2282 5374 2326 5421 1.
2369 5370 2581 5438 Eligius
2615 5375 2834 5421 tantum
2868 5384 3038 5435 usque
3067 5369 3141 5421 ad
3174 5370 3392 5420 initium
3414 5372 3568 5433 regni
3586 5372 3683 5435 ju-

1984 5445 2157 5495 nioris
2207 5441 2461 5493 Lotharii
2504 5443 2709 5493 mansit
2754 5442 2811 5492 in
2859 5454 3096 5507 corpore.
3136 5439 3255 5491 Non
3307 5455 3443 5509 ergo
3497 5440 3686 5510 attigit

1984 5512 2317 5566 Theodorici
2355 5511 2503 5581 regis
2533 5510 2949 5581 principatum,
2976 5525 3089 5580 quo
3112 5516 3369 5579 tempore
3395 5514 3687 5564 Amandus

1988 5583 2228 5637 denatus
2276 5587 2377 5636 est.
2428 5580 2597 5635 Certe
2647 5582 2878 5650 vulgato
2930 5580 2986 5633 S.
3038 5581 3283 5635 Amandi
3344 5586 3688 5635 testamento
