4078 6180
447 307 550 358 975

1506 303 1741 358 SERMO
1782 303 1868 357 DE
1911 301 2443 358 TRANSLATIONE
2487 302 2541 355 S.
2585 302 2873 356 AMANDI.
3840 306 3922 357 976

447 437 626 506 ipsius
657 453 773 490 non
798 437 1051 505 ignarus.
1085 433 1394 503 Hicitaque
1423 433 1494 486 ad
1519 433 1937 487 dedicationem
1973 447 2132 487 novae
2171 439 2215 490 Α
2245 433 2491 486 Amandi
2550 435 2886 501 corpusculo
2955 433 3387 502 incorruptione
3432 434 3826 487 membrorum
3880 441 3920 487 et

447 525 696 578 ecclesiae
745 530 914 594 atque
961 524 1028 576 ad
1070 522 1492 574 transferendas
1525 521 1582 574 in
1631 522 1787 575 illam
1821 523 1962 575 sacri
2012 538 2136 577 cor-

447 613 603 682 poris
653 611 925 681 reliquias
955 611 1014 663 in
1047 612 1186 664 urbe
1223 611 1664 679 Noviomagensi
1694 616 1965 676 venerat;
2009 613 2138 680 plu-

446 701 594 753 rima
623 700 837 770 quippe
867 699 924 751 in
965 715 1081 752 sum
1116 699 1372 751 dimcesis
1403 699 1786 752 sollicitudine
1818 700 2140 768 sagacitatis

446 789 724 842 industria
774 789 1040 857 pollebat.
1094 788 1200 841 Ubi
1233 802 1361 839 vero
1410 789 1633 840 tumulo
1684 804 1841 840 sacro
1893 789 2142 841 removit

443 879 868 947 cooperculum,
935 876 1146 946 reperit
1210 876 1564 944 insperatum
1642 875 1849 928 divinae.
1911 877 2141 930 virtutis

447 964 805 1027 miraculum,
852 964 1250 1033 corpusculum
1283 963 1493 1016 scilicet
1523 964 1698 1016 sancti
1738 965 1939 1028 Patris,
1970 972 2027 1018 ut
2061 966 2140 1019 ibi

444 1059 574 1105 ante
617 1053 898 1106 sexdecim
947 1068 1127 1104 annos
1180 1052 1424 1121 positum
1483 1051 1667 1104 fuerat
1717 1053 2135 1123 incorruptum.

443 1141 582 1194 Tum
613 1142 845 1194 demum
871 1145 987 1193 tam
1022 1140 1303 1209 inopinati
1348 1140 1698 1208 stupefactus
1746 1141 1996 1194 novitate
2030 1142 2135 1195 mi-

443 1231 644 1293 raculi,
681 1230 891 1298 gratias
919 1230 1036 1298 egit
1074 1245 1310 1282 summae
1344 1229 1654 1293 Divinitati,
1702 1230 1835 1299 quia
1869 1231 2140 1284 sanctitas

447 1317 544 1387 qui
588 1319 646 1370 in
675 1318 928 1370 claritate
957 1317 1258 1379 claruerat,
1289 1317 1347 1368 in
1385 1321 1611 1368 mortuo
1645 1333 1758 1368 non
1792 1319 2021 1371 latebat.
2060 1321 2139 1374 Ne

444 1406 535 1478 cpi
580 1407 723 1460 forte
776 1406 881 1459 hoc
926 1405 1253 1475 prodigium
1305 1404 1566 1457 videatur
1613 1405 1968 1472 incredibile,
2024 1423 2138 1460 non

444 1493 620 1548 defuit
665 1495 848 1548 adhuc
879 1493 977 1562 qui
1019 1492 1337 1545 mirabilius
1370 1492 1589 1562 aliquid
1629 1492 1689 1544 in
1739 1493 1919 1562 ipsius
1963 1494 2139 1547 sancti

445 1583 548 1635 viri
580 1582 961 1635 sacratissimo
991 1597 1226 1651 corpore
1261 1586 1456 1633 nostra
1489 1580 1546 1632 in
1580 1586 1744 1633 astate
1791 1581 2138 1635 miraculum

447 1687 504 1724 se
536 1671 836 1723 confirmat
864 1669 1065 1722 vidisse
1097 1685 1108 1720 :
1144 1668 1293 1738 quod
1329 1669 1503 1721 etiam
1541 1668 1598 1720 in
1640 1670 1816 1722 altero
1847 1670 1913 1722 de
1950 1671 2138 1724 eleva-

444 1759 601 1814 tione
634 1758 960 1828 incorrupti
995 1757 1286 1810 cadaveris
1320 1758 1441 1826 ejus
1487 1773 1750 1810 sermone
1789 1758 2005 1822 habito,
2038 1758 2138 1828 qui

442 1847 690 1900 voluerit
748 1852 935 1898 nostra
992 1845 1414 1915 qualiacunque
1483 1845 1596 1897 sint
1661 1846 1873 1914 legere,
1930 1847 2141 1916 poterit

443 1951 802 2005 cognoscere.
849 1932 904 1986 Si
953 1935 1107 1986 enim
1157 1938 1413 1985 aromata
1455 1933 1970 2002 pigmentariorum
2019 1943 2139 1988 arte

445 2026 685 2076 conticta
733 2024 986 2074 humana
1038 2036 1404 2090 nequaquam
1463 2027 1589 2088 post
1649 2028 1893 2074 mortem
1945 2022 2142 2076 sinunt

446 2117 774 2183 putrescere
867 2110 1177 2174 cadavera;
1247 2109 1430 2162 multo
1496 2110 1678 2179 magis
1764 2111 1914 2164 credi
1981 2113 2140 2167 decet

446 2201 592 2254 tanti
665 2198 890 2269 latroni
965 2198 1169 2250 merita
1245 2196 1596 2249 mirabilium
1668 2213 1908 2267 operum
1984 2200 2140 2254 indi-

443 2289 544 2342 ciis
609 2289 892 2342 declarata
958 2301 1181 2340 servare
1246 2287 1499 2354 potuisse
1568 2287 1845 2352 membra,
1915 2291 2141 2342 vascula

446 2377 709 2431 videlicet
786 2391 886 2429 sua
960 2375 1019 2426 in
1086 2373 1296 2444 quibus
1379 2373 1811 2442 habitaverant,
1883 2377 2139 2431 inconta-

447 2467 680 2518 minata.
718 2465 1091 2533 Deportatum
1136 2462 1329 2532 itaque
1373 2461 1525 2514 beati
1566 2463 1850 2530 pontiticis
1894 2465 2140 2518 Amandi

448 2555 846 2623 corpusculum
881 2551 990 2604 sibi
1032 2556 1363 2620 praeparatae
1395 2551 1712 2620 eademque
1745 2552 1835 2604 die
1868 2553 2139 2606 dedicata:

445 2641 695 2695 basilicae
725 2638 960 2692 intravit
1007 2638 1418 2690 habitaculum.
1454 2637 1536 2690 lbi
1583 2653 1761 2706 usque
1796 2639 1854 2690 in
1893 2655 2136 2710 sequen-

446 2736 563 2784 tem
596 2730 748 2784 diem
798 2727 1176 2782 famulantum
1206 2732 1289 2779 est
1331 2725 1604 2795 obsequio
1635 2727 2002 2792 custoditum,
2040 2729 2137 2782 do-

449 2836 552 2872 nec
604 2818 887 2888 completa
937 2833 967 2868 a
1022 2815 1255 2884 prmfato
1297 2815 1552 2868 antistite
1604 2815 1783 2885 Eligio
1834 2821 2140 2871 missarum

449 2907 691 2960 solemni
739 2905 1141 2966 celebratione,
1195 2903 1397 2972 ingens
1439 2907 1826 2972 spectaculum
1859 2904 2140 2960 universae

448 2995 602 3067 plebi
635 2994 883 3065 praebuit
913 2993 979 3046 ad
1014 2993 1112 3044 has
1139 2992 1436 3061 exsequias
1466 3000 1846 3062 congregatae.
1897 2993 2140 3047 Colloca-

448 3091 572 3138 tum
604 3083 819 3137 etenim
853 3081 908 3134 in
943 3081 1131 3134 medio
1163 3081 1362 3150 templi
1391 3081 1536 3134 atrio
1568 3098 1752 3134 coram
1788 3083 1988 3135 altario
2015 3099 2140 3136 cor-

449 3189 556 3242 pus
599 3171 984 3225 honoriticum
1034 3170 1303 3222 omnibus
1344 3169 1844 3222 circumstantibus
1899 3171 2144 3240 praebuit

449 3259 983 3329 contemplandum,
1033 3259 1404 3327 ejusdemque
1470 3258 1854 3311 venerabilem
1923 3261 2148 3313 vultum-

450 3350 735 3404 detectum
784 3347 1147 3418 cupientibus
1178 3347 1361 3399 turbis
1404 3347 1746 3400 monstravit
1779 3349 2139 3414 intuendum,

452 3440 730 3507 paciferos
778 3438 1010 3504 insuper
1057 3435 1234 3505 ipsius
1286 3435 1469 3487 sancti
1515 3435 1688 3504 pedes
1734 3441 1906 3505 atque
1941 3453 2143 3489 manus

451 3526 734 3579 concessit
820 3523 1061 3578 osculari
1137 3522 1411 3574 virtutum
1500 3523 1861 3592 operatrices.
1951 3524 2144 3586 Qualis

452 3618 815 3682 quantusque
864 3611 944 3664 ibi
993 3615 1193 3680 stupor
1225 3609 1432 3680 gaudio
1481 3610 1681 3663 mistus
1712 3611 1904 3677 fuerit,
1955 3616 2144 3665 excel-

450 3703 627 3757 lentia
657 3706 771 3755 tam
799 3699 1078 3753 mirabilis
1105 3699 1236 3751 facti
1269 3699 1474 3767 prodit.
1513 3698 1898 3752 Ineuarrabile
1931 3700 2142 3754 etenim

451 3797 586 3860 tunc
619 3790 968 3843 Christicolis
998 3789 1183 3840 inerat
1209 3788 1506 3856 gaudium,
1541 3803 1669 3840 cum
1706 3788 1922 3856 gemini
1953 3805 2143 3841 sacer-

449 3880 610 3933 dotes
659 3877 949 3931 Amandus
991 3883 1159 3945 atque
1210 3875 1425 3943 Eligius
1459 3874 1659 3927 ordine
1708 3880 1763 3927 et
1793 3877 1998 3929 merito
2048 3877 2144 3929 in—

450 3968 605 4037 clyti,
641 3967 792 4019 velut
830 3966 943 4018 duo
978 3963 1282 4017 luminaria
1316 3963 1520 4016 mundi
1565 3964 1814 4017 coelestia
1847 3965 2062 4018 meritis
2089 3969 2145 4018 et

449 4062 678 4110 terrena
733 4054 1084 4122 complentes
1137 4052 1412 4104 virtutum
1462 4051 1658 4116 radiis,
1709 4068 1900 4104 coram
1949 4052 2141 4105 divino

450 4145 649 4197 altario
681 4141 850 4211 positi
881 4139 1146 4209 sutl'ragia
1172 4139 1497 4192 orationum
1529 4155 1759 4192 suarum
1795 4140 2143 4208 largirentur

450 4231 635 4284 turbae
684 4228 1113 4291 circumstanti;
1166 4243 1312 4278 unus
1355 4226 1562 4279 horum
1607 4233 1873 4295 superata
1917 4229 2141 4297 antiqui

453 4319 632 4372 hostis
663 4316 965 4386 tyrannide
1010 4314 1129 4383 jam
1162 4316 1297 4367 dum
1347 4314 1567 4368 Christo
1611 4315 1825 4368 scilicet
1873 4331 2005 4386 rege
2039 4334 2139 4370 suo

451 4410 509 4461 in
545 4407 757 4461 caelesti
789 4404 973 4474 gloria
1005 4404 1387 4474 triumphans,
1431 4404 1573 4456 alter
1609 4405 1756 4457 inter
1789 4406 1942 4458 varia
1974 4407 2142 4476 hujus

451 4496 652 4550 mundi
698 4493 1010 4546 certamina
1053 4509 1158 4562 pro
1191 4493 1390 4545 eodem
1441 4498 1505 4544 ut
1543 4493 1888 4546 invincibilis
1939 4495 2140 4564 agoni-

455 4587 612 4639 theta
645 4583 927 4637 desudans
958 4600 969 4635 ε
1007 4599 1152 4634 unus
1197 4598 1259 4634 ex
1294 4582 1381 4635 his
1412 4587 1476 4633 ut
1519 4584 1788 4634 emeritus
1832 4583 1992 4635 miles
2019 4584 2137 4652 jam

453 4675 573 4726 sine
607 4672 798 4725 labore
827 4670 1066 4740 praemia
1099 4669 1436 4722 indefectiva
1479 4685 1791 4733 recensens,
1825 4672 1968 4722 alter
2006 4687 2138 4722 con-

448 4767 535 4815 tra
565 4777 904 4814 numerosos
935 4761 1106 4827 hujus
1129 4759 1254 4811 vitae
1288 4758 1510 4811 labores
1531 4775 1592 4811 ac
1627 4759 1962 4828 multiplicia
1997 4760 2141 4830 peri-

448 4851 573 4904 cula
643 4849 864 4902 sudoris
925 4852 1190 4916 gravatus
1244 4847 1529 4898 anxietate
1580 4847 1889 4916 persistens
1933 4864 1942 4900 :
1991 4865 2137 4901 unus

448 4939 653 4990 horum
699 4939 825 5005 jure
858 4935 1194 5004 pontiﬁcali,
1249 4927 1403 4987 more
1436 4935 1699 4987 videlicet
1747 4952 1869 5000 suo,
1909 4941 2138 5004 peracto

447 5023 634 5078 officio
680 5041 972 5094 repnsans,
1028 5025 1170 5075 alter
1205 5024 1443 5075 necdum
1490 5024 1808 5076 terminatis
1843 5024 2136 5076 solemniis

447 5118 508 5166 ut
555 5113 807 5184 pontifex
853 5111 1138 5164 Christum
1188 5111 1526 5180 poutilicnm
1576 5112 1908 5180 pontiﬁcem
1959 5112 2134 5164 inter-

445 5203 685 5274 pellans.
729 5201 1038 5269 Fragrante
1084 5199 1260 5266 igitur
1290 5200 1349 5252 in
1391 5201 1773 5253 sacratissimo
1804 5199 2005 5253 famuli
2038 5199 2135 5252 Dei

447 5342 866 5396 Mummolenus
922 5343 1222 5408 episcopus,
1298 5339 1460 5407 Eligii
1513 5356 1816 5406 successor,
1888 5341 2133 5394 subscri-

444 5415 619 5479 psisse
651 5413 879 5481 legitur.
920 5413 1038 5464 Non
1071 5427 1206 5479 ergo
1255 5409 1497 5464 Amandi
1527 5411 1763 5462 elevatio
1812 5412 1987 5465 tribui
2035 5429 2132 5480 po-

443 5488 551 5534 test
579 5485 776 5549 Eligio.
809 5483 917 5537 Sed
949 5498 1050 5534 nec
1081 5482 1188 5550 ipsi
1215 5483 1386 5534 etiam
1419 5482 1818 5547 Mummoleno,
1847 5484 1945 5551 qui
1976 5499 2128 5536 anno

442 5553 590 5605 circa
654 5555 757 5605 68’s
822 5553 1077 5618 decessit,
1133 5557 1263 5604 ante
1332 5567 1512 5606 annos
1573 5552 1799 5605 circiter
1861 5552 2129 5606 undecim

2249 522 2607 586 meritorum,
2661 520 2835 589 siqui
2886 520 3199 574 intererant
3245 522 3342 589 qui
3391 537 3458 573 eo
3495 523 3719 574 vivente
3767 525 3834 575 de
3871 525 3921 574 si-

2247 625 2495 678 gnorum
2537 609 2711 677 ipsius
2747 610 3138 677 magnitudine
3171 610 3592 672 dubitaverant,
3626 612 3685 663 in
3716 618 3921 664 mortuo

2248 699 2399 767 quod
2455 697 2756 766 multiplici
2793 698 3013 749 timoris
3061 700 3343 750 anxietate
3374 705 3744 768 pavescerent
3786 700 3924 751 vide-

2247 786 2401 839 bant.
2455 786 2561 850 Qui
2627 794 2815 838 autem
2860 802 2924 838 eo
2975 787 3170 839 audito
3225 803 3338 838 non
3401 787 3825 855 obtemperasse
3879 803 3924 839 se

2249 877 2371 944 ejus
2421 875 2743 928 salubribus
2794 875 3024 927 monitis
3070 877 3474 942 meminerant,
3509 893 3563 927 se
3596 875 3719 928 haec
3762 876 3925 945 parvi-

2248 963 2514 1033 pendisse
2561 979 2786 1016 summo
2836 963 3096 1016 mceroris
3145 964 3392 1015 lamento
3445 964 3813 1033 plangebant.
3871 968 3923 1016 At

2248 1053 2346 1122 qui
2380 1053 2501 1121 ejus
2535 1051 2862 1120 magisterio
2891 1058 3177 1121 praecepta
3207 1051 3399 1103 vitalia
3430 1052 3717 1103 nuntianti
3755 1051 3920 1104 inhre-

2248 1147 2457 1205 serant,
2507 1157 2563 1193 se
2598 1140 2718 1193 haec
2749 1146 2804 1193 et
2852 1141 3084 1194 auribus
3133 1140 3377 1192 audiisse
3411 1147 3469 1192 et
3516 1140 3733 1192 actibus
3784 1156 3926 1192 exer-

2247 1230 2430 1283 cuisse
2463 1230 2806 1299 gaudebant.
2859 1230 2926 1281 Ut
2959 1245 3092 1281 vero
3121 1229 3302 1281 turbis
3337 1229 3596 1298 quamvis
3624 1230 3812 1281 adhuc
3848 1230 3926 1281 de-

2247 1319 2633 1372 siderantibus
2682 1318 2992 1387 praedictus
3031 1318 3267 1370 antistes
3303 1319 3511 1386 Eligius
3543 1319 3701 1370 duxit
3739 1317 3927 1370 satisfa-

2245 1414 2424 1474 ctum,
2463 1407 2942 1476 pretiosissimnm
2975 1406 3220 1474 depositi
3250 1406 3572 1475 corpusculi
3606 1406 3926 1458 thesaurum

2250 1496 2415 1547 altius
2463 1494 2656 1548 telluri
2695 1495 2778 1562 (ut
2828 1501 2964 1547 tunc
3007 1495 3183 1566 moris
3227 1502 3369 1565 erat)
3420 1496 3660 1549 credidit
3708 1496 3925 1549 abscon-

2247 1583 2521 1648 dendum,
2573 1583 2828 1636 videlicet
2861 1588 2923 1635 ut
2967 1583 3235 1636 omnibus
3265 1600 3379 1636 non
3429 1585 3522 1653 pie
3557 1585 3926 1654 quaerentibus

2247 1671 2578 1724 inveniendi
2641 1671 2786 1724 illud
2850 1677 3157 1740 negaretur
3209 1673 3463 1725 facultas.
3539 1673 3693 1726 Illius
3748 1674 3926 1744 itaque

2249 1760 2642 1813 translationis
2673 1776 2735 1813 ac
2780 1761 3087 1830 sepulturae
3120 1761 3290 1813 decus
3337 1767 3390 1814 et
3426 1761 3526 1831 qui
3567 1762 3804 1814 aderant
3847 1779 3925 1814 vo-

2247 1847 2320 1899 tis
2359 1847 2716 1900 celebravere
2761 1847 3114 1900 solemnibus
3145 1853 3314 1917 atque
3355 1849 3471 1900 suis
3502 1850 3746 1918 posteris
3791 1852 3923 1901 cele-

2248 1936 2528 1989 brandum
2571 1935 2810 1988 decretis
2857 1941 3106 1989 statuere
3137 1936 3480 2000 salubribus,
3513 1953 3682 1990 sacrae
3733 1939 3926 1990 scilicet

2251 2024 2531 2077 encaenias
2575 2024 2846 2090 basilicae,
2883 2029 3050 2094 atque
3084 2025 3173 2077 die
3219 2026 3414 2078 eadem
3462 2026 3742 2093 deportati
3774 2027 3926 2079 cada-

2248 2113 2395 2166 veris
2429 2113 2758 2182 prodigium
2795 2113 3184 2178 memorabile,
3219 2115 3372 2183 quod
3402 2115 3675 2166 hactenus
3703 2131 3736 2167 a
3775 2114 3926 2167 nobis

2249 2217 2554 2254 numeroso
2623 2202 2968 2271 populorum
3011 2207 3156 2255 coetu
3204 2204 3271 2255 ad
3316 2205 3433 2254 hinc
3472 2204 3748 2255 solemnia
3813 2220 3926 2255 con-

2249 2292 2484 2356 fluente,
2533 2291 2920 2343 anniversarie
2965 2292 3208 2360 septimo
3259 2291 3640 2344 Kalendarum
3698 2293 3925 2345 Novem-

2249 2379 2440 2433 brium
2483 2378 2593 2443 die,
2628 2379 2815 2431 debito
2850 2379 3169 2432 Celebratur
3212 2380 3450 2432 honore.
3501 2380 3790 2432 Ordinatis
3842 2380 3927 2448 igi-

2249 2474 2343 2520 tur
2391 2467 2661 2520 omnibus
2701 2475 2868 2536 atque
2915 2467 3196 2519 universis
3239 2483 3366 2536 qua:
3406 2467 3477 2520 ad
3520 2474 3784 2520 ornatum
3834 2467 3925 2520 loci

2251 2555 2364 2608 sive
2398 2555 2682 2625 stipendia
2720 2555 2940 2608 ordinis
2981 2557 3281 2608 monastici
3313 2557 3694 2625 pertinebant,
3731 2574 3832 2625 pro
3859 2557 3928 2609 fa-

2251 2645 2459 2697 cultate
2504 2660 2605 2697 sua
2652 2645 2800 2697 bene
2842 2650 3342 2714 congruenterque
3389 2646 3691 2713 dispositis,
3731 2645 3924 2714 singuli

2252 2731 2466 2801 quique
2514 2731 2772 2784 fidelium
2819 2731 2886 2783 ad
2928 2731 3160 2800 propria
3209 2733 3558 2800 repedarunt
3605 2734 3924 2800 gaudentes,

2251 2821 2462 2888 gratias
2486 2827 2695 2872 sanctae
2728 2825 2782 2872 et
2810 2819 3121 2872 individuae
3154 2820 3412 2872 Trinitati
3451 2837 3621 2889 super
3647 2823 3925 2874 inenarra-

2251 2908 2463 2960 bilibus
2495 2907 2614 2975 ejus
2645 2913 2874 2976 agentes
2920 2907 3274 2972 muneribus,
3305 2907 3515 2976 quibus
3545 2909 3615 2961 ab
3642 2909 3804 2960 initio
3835 2924 3925 2960 sae-

2263 2998 2372 3050 culi
2397 2995 2661 3049 omnibus
2693 3012 2749 3047 se
2793 2996 2851 3048 in
2877 2996 3110 3049 veritate
3139 2997 3526 3065 quaerentibus
3570 3007 3653 3048 est
3679 2996 3924 3050 misereri

2255 3083 2538 3151 dignatus.
2590 3083 2888 3136 Rationem
2940 3089 3002 3135 ut
3032 3085 3315 3136 credimus
3347 3085 3636 3136 hodierna:
3685 3084 3926 3136 festivita-

2255 3173 2323 3225 tis
2356 3172 2733 3234 reddidimus,
2778 3189 2840 3224 ac
2872 3172 3008 3242 quid
3039 3172 3095 3224 in
3131 3187 3196 3224 ea
3228 3171 3488 3235 colimus,
3533 3178 3819 3241 utcunque
3849 3173 3924 3222 his

2253 3262 2610 3331 paucissimis
2660 3262 3020 3313 sermonibus
3069 3262 3496 3329 explicavimus,
3532 3277 3701 3312 sacra:
3741 3259 3923 3312 videli-

2252 3355 2339 3402 cet
2391 3350 2638 3402 basilicae
2699 3349 3113 3402 dedicationem
3170 3358 3339 3418 atque
3391 3350 3812 3402 translationem
3871 3349 3923 3399 in

2252 3438 2432 3506 ipsam
2467 3438 2753 3508 pontificis
2783 3437 2989 3492 Christi
3021 3440 3264 3490 Amandi
3296 3439 3748 3490 memorabilem.

2323 3528 2607 3578 Praeterea
2638 3531 2696 3578 ut
2731 3526 2901 3578 etiam
2935 3528 3261 3578 veneranda
3287 3526 3410 3593 ejus
3456 3526 3782 3577 solemnitas
3814 3521 3920 3574 diei

2251 3613 2401 3667 trino
2434 3629 2549 3666 non
2602 3613 2866 3667 indecora
2895 3614 2970 3666 sit.
3007 3615 3240 3677 calculo,
3275 3615 3442 3665 tertia
3475 3615 3807 3681 supradicta:
3837 3625 3920 3661 ce-

2253 3703 2502 3755 lebritati
2545 3718 2711 3754 causa
2743 3702 3046 3764 concurrit,
3100 3702 3434 3771 episcopalis
3466 3702 3677 3753 scilicet
3709 3698 3922 3752 honoris

2254 3790 2584 3859 assumptio,
2628 3789 2762 3858 quia
2786 3789 3162 3841 reverendum
3207 3794 3511 3857 patronum
3547 3793 3789 3839 nostrum
3825 3787 3920 3837 ho-

2254 3875 2451 3929 dierna
2479 3877 2568 3930 die
2608 3876 3009 3929 venerabiliter
3039 3877 3345 3928 recolimus
3390 3876 3732 3936 ordinatum,
3760 3879 3923 3942 atque

2253 3964 2420 4014 saluti
2450 3963 2828 4031 plurimorum
2860 3978 3103 4031 superna
3135 3962 3418 4032 dirigente
3453 3963 3754 4016 clementia
3777 3977 3921 4029 pon-

2253 4050 2463 4102 titicem
2495 4052 2714 4104 caelitus
2763 4051 2977 4105 datum.
3016 4051 3148 4104 Haec
3177 4067 3314 4120 ergo
3361 4068 3585 4104 summo
3619 4049 3922 4104 devotionis

2252 4139 2436 4191 ot‘ticio
2469 4137 2868 4190 honestissime
2902 4139 3275 4202 celebremus,
3312 4141 3692 4210 eumdemque
3723 4137 3919 4191 oratio-

2254 4242 2391 4278 num
2425 4231 2748 4279 nostrarum
2794 4228 3112 4297 adjutorcm
3146 4244 3208 4280 ac
3240 4229 3675 4295 sutl‘ragatorem
3704 4242 3918 4296 quaera-

2182 4319 2222 4371 D
2252 4331 2394 4368 mus.
2432 4315 2744 4367 Plurimum
2798 4316 3008 4385 quippe
3056 4316 3115 4368 in
3146 4317 3467 4370 coelestibus
3509 4317 3731 4370 sedibus
3773 4313 3919 4364 obti-

2253 4419 2386 4456 nere
2430 4419 2592 4473 posse
2634 4403 2885 4456 creditur
2908 4407 3030 4473 jam
3058 4421 3188 4458 cum
3233 4405 3457 4459 Christo
3491 4406 3719 4475 positus,
3749 4402 3832 4455 cui
3862 4402 3917 4451 in

2253 4492 2418 4544 terris
2459 4496 2822 4544 conversatus
2857 4492 2916 4544 in
2962 4492 3232 4544 omnibus
3275 4493 3442 4545 bonis
3472 4494 3688 4546 actibus
3725 4491 3918 4541 servire

2251 4581 2464 4634 studuit
2509 4580 2844 4633 indefessus.
2880 4580 2959 4633 Ab
3010 4581 3152 4649 ipsis
3195 4581 3482 4649 siquidem
3517 4581 3765 4651 pueritia:
3806 4591 3914 4629 sua

2249 4667 2574 4736 crepundiis
2617 4667 2834 4719 divinis.
2864 4667 3125 4720 famulari
3161 4669 3334 4737 elegit
3365 4670 3672 4738 obsequiis,
3724 4685 3779 4719 ac
3805 4670 3917 4715 toto

2249 4756 2417 4807 corde
2444 4755 2677 4807 viviticis
2708 4756 2935 4808 Domini
2967 4758 3049 4808 sui
3081 4758 3312 4810 obedire
3349 4759 3651 4810 mandatis.
3688 4757 3784 4810 Nec
3812 4755 3914 4804 iri.-

2249 4847 2450 4898 merito
2502 4847 2814 4915 apostolico
2859 4847 3128 4901 vocabulo
3171 4850 3360 4903 vivens
3394 4855 3606 4902 meruit
3649 4843 3911 4915 insigniri,

2247 4950 2492 5003 quorum
2544 4935 2804 5004 exempla
2833 4938 3159 5004 concupivit
3211 4939 3420 4991 imitari
3459 4953 3470 4990 :
3508 4940 3781 5008 siquidem
3822 4947 3912 4982 ex-

2245 5025 2402 5077 celsis
2463 5041 2659 5078 eorum
2711 5025 2927 5078 meritis
2987 5025 3193 5096 dignus
3239 5027 3467 5080 habitus
3520 5036 3604 5079 est
3656 5026 3912 5095 particeps

2245 5111 2389 5175 fieri,
2436 5112 2534 5182 qui
2566 5113 2768 5182 patria,
2806 5113 3135 5182 parentibus
3179 5129 3243 5166 ac
3275 5113 3545 5166 omnibus
3578 5112 3763 5166 mundi
3790 5123 3910 5177 pus-

2243 5199 2588 5253 sessionibus
2619 5200 2844 5270 spretis,
2885 5201 3088 5253 Christi
3123 5201 3297 5270 elegit
3327 5201 3641 5271 discipulus
3670 5199 3817 5256 eftici.
3850 5199 3912 5245 ut

2243 5356 2414 5410 quam
2458 5341 2511 5395 S.
2563 5340 2804 5395 Amaudi
2855 5359 3062 5412 corpus
3108 5361 3136 5396 e
3186 5343 3307 5397 loco
3358 5351 3682 5399 moveretur
3719 5358 3731 5393 :
3767 5336 3906 5414 quod

2241 5428 2391 5534 guno
2418 5417 2550 5534 post
2579 5415 2798 5466 obitum
2831 5411 2984 5466 sexto
3023 5414 3244 5469 decimo
3292 5415 3499 5469 factum
3535 5421 3634 5476 est,
3667 5414 3740 5466 uti
3771 5411 3906 5476 legi-

2269 5499 2336 5534 ur
2365 5499 2421 5534 in
2453 5499 2532 5534 ra.

2269 5499 2336 5534 ιη’
2365 5499 2532 5536 lnll‘a.
