4078 6180
199 290 300 338 977

1299 289 1535 347 SEBMO
1578 292 1666 346 DE
1708 289 1920 348 ELEVJ
1957 295 2156 351 CORP.
2198 295 2252 350 S.
2295 297 2586 352 AMANDI.

3599 304 3700 355 978

194 419 380 472 haeres
419 419 600 490 ipsius
639 424 957 475 mereretur
990 421 1253 486 inveniri,
1301 439 1401 492 pro
1443 439 1558 493 quo
1595 423 1886 478 universas
1924 437 1968 486 Α
1997 427 2171 481 etiam
2227 427 2496 498 angelicis
2546 428 2842 499 spiritibus
2900 445 2964 483 ac
3031 429 3312 484 universis
3373 432 3698 502 agminibus

195 508 758 577 voluptatescaduci
810 515 1230 581 contempserat
1275 511 1497 565 mundi.
1547 513 1656 566 Nec
1697 518 1892 566 tamen

194 601 423 650 tantum
458 599 786 667 apostolicis
817 600 1024 669 dignus
1045 600 1414 653 estlaudibus
1445 601 1756 671 adazquari,
1792 601 1885 654 sed

2002 515 2150 585 cceli,
2181 521 2288 570 etc.

715 801 1091 904 SEBMO
1151 804 1295 905 DE
1371 804 2104 908 EL'EVATIONE
2167 806 2713 910 CORPORIS
2775 808 3171 926 IPSIUS,

959 977 1100 1052 Qua?
1134 981 1303 1056 facta
1340 991 1426 1040 est
1469 1000 1505 1040 a
1554 981 1898 1042 LOTHARIO
1944 982 2182 1042 custode
2228 1001 2316 1042 xu
2348 981 2604 1042 Kalend.
2643 982 2931 1041 Octobris.

259 1185 402 1251 Quia
433 1204 606 1254 opera
637 1188 1045 1256 omnipotentis
1079 1191 1177 1242 Dei
1223 1207 1489 1243 enarrare
1532 1193 1653 1244 fore
1700 1193 1885 1245 hono—

185 1274 438 1340 riﬁcum,
472 1293 573 1344 per
613 1277 958 1346 Raphaelem
989 1278 1393 1348 archangelum
1436 1279 1678 1333 caelestis
1711 1281 1882 1333 medi-

183 1365 332 1417 cinae
367 1364 643 1417 docemur
687 1365 944 1434 bajulum
987 1367 1136 1434 (Tol).
1180 1383 1278 1432 xu,
1315 1372 1403 1436 ‘7);
1453 1369 1692 1437 dignum
1741 1370 1888 1422 arbi-

183 1461 432 1516 tramur,
478 1454 592 1505 imo
632 1455 1036 1520 necessarium,
1081 1457 1457 1510 elevationem
1499 1457 1752 1526 corporis
1798 1475 1881 1510 sa-

182 1541 492 1595 cratissimi
553 1542 832 1612 pontiﬁcis
893 1543 1097 1596 Christi
1154 1545 1396 1597 Amandi
1449 1545 1883 1598 memorabilem

182 1647 302 1683 non
335 1636 539 1684 tacere.
578 1633 667 1684 Est
701 1631 913 1702 quippe
947 1632 1004 1684 in
1038 1649 1102 1684 ea
1143 1639 1199 1685 et.
1237 1633 1411 1686 divini
1458 1633 1714 1686 miraculi
1748 1651 1883 1703 por—

182 1719 265 1772 tio
303 1735 418 1771 non
447 1718 706 1786 minima,
741 1725 795 1772 et
827 1720 1084 1783 eiusdem
1123 1720 1274 1774 beati
1307 1720 1411 1774 viri
1443 1719 1629 1774 laudis
1659 1738 1724 1774 ac
1755 1739 1881 1774 san-

181 1810 398 1862 ctitatis
431 1811 696 1863 materies
721 1810 965 1863 inﬁnita.

259 1899 442 1968 Igitur
481 1915 631 1951 anno
677 1900 843 1952 Verbi
874 1915 1103 1952 carnem
1152 1899 1305 1964 facti,
1360 1899 1573 1953 scilicet
1616 1899 1738 1954 Filii
1786 1901 1882 1953 Dei

180 2003 290 2058 pro
321 1987 501 2039 salute
533 2003 595 2039 ac
627 1986 1025 2055 redemptione
1060 1987 1298 2040 humani
1327 1989 1554 2058 generis
1577 1988 1881 2053 incarnati,

182 2075 663 2144 octingentesimo
695 2091 864 2140 nouo,
900 2075 997 2144 qui
1031 2082 1151 2128 erat
1181 2092 1366 2128 annus
1405 2095 1434 2127 a
1477 2078 1720 2130 transitu
1777 2077 1882 2129 viri

182 2163 286 2217 Dei
353 2163 596 2216 Amandi
649 2165 993 2216 centesimus
1042 2163 1576 2233 quinquagesimus,
1632 2164 1882 2233 plurima

181 2252 338 2304 ultra
371 2252 598 2304 solitum
617 2267 893 2321 aquarum
929 2251 1268 2304 iunundatio
1292 2252 1458 2316 facta,
1485 2252 1680 2304 multis
1713 2253 1772 2304 in
1795 2254 1878 2306 lo-

182 2341 265 2392 cis
297 2345 480 2392 metas
517 2357 646 2392 suas
678 2345 1013 2403 excesserat,
1051 2345 1220 2410 atque
1265 2341 1729 2410 circuinjacentes
1765 2343 1878 2394 ilu—

1995 1196 2101 1247 bus
2147 1195 2215 1247 ad
2268 1195 2470 1247 altiora
2509 1195 2854 1264 subrigeret,
2899 1196 3278 1265 eamdemque
3325 1197 3592 1267 deinceps
3622 1198 3691 1251 ab

1996 1283 2153 1336 omni
2219 1284 2322 1336 hac
2363 1283 2648 1336 alluvione
2699 1283 3038 1336 tutissimam
3101 1285 3413 1355 limosaque
3459 1288 3684 1356 pallude

1995 1371 2434 1424 secretissimam
2464 1387 2566 1423 sua
2598 1371 2916 1439 provisione
2951 1372 3230 1424 redderet.

2067 1459 2167 1514 Die
2200 1460 2380 1529 igitur
2410 1460 2718 1512 constituta
2741 1462 3080 1512 clericorum
3120 1467 3345 1514 caterva
3375 1463 3441 1516 ad
3471 1467 3689 1515 tantum

1994 1565 2136 1618 opus
2203 1554 2567 1617 congregata,
2643 1550 2884 1602 fossores
2971 1551 3320 1602 necessarios
3403 1551 3685 1614 adhibuit,

1993 1649 2164 1706 atque
2216 1638 2566 1707 sarcophago
2623 1638 2893 1691 elevando
2953 1639 3258 1708 plurimam
3327 1638 3684 1706 diligentiam

1996 1724 2297 1794 impendit.
2328 1724 2486 1787 Quod
2522 1741 2744 1778 summa
2777 1727 3017 1791 cautela,
3047 1730 3109 1778 ut
3141 1725 3377 1794 dignum
3412 1731 3550 1792 erat,
3601 1727 3684 1778 le-

1991 1819 2208 1879 vatum,
2235 1814 2293 1866 in
2325 1813 2554 1866 sinistra
2586 1818 2744 1882 parte
2777 1814 2988 1884 deponi
3019 1813 3171 1874 fecit,
3201 1829 3263 1865 ac
3311 1812 3510 1866 festiva
3541 1814 3682 1867 cele-

1993 1902 2197 1955 britate
2252 1919 2354 1972 per
2405 1903 2594 1971 ampla
2646 1903 2781 1956 aedis
2827 1903 3008 1971 spatia
3057 1902 3246 1972 lychni
3296 1901 3686 1955 relucentibus

1993 1992 2295 2044 missarum
2327 1991 2602 2044 solemnia
2634 2008 2736 2061 pro
2777 1993 2921 2044 tanti
2957 1992 3210 2061 praesulis
3251 1991 3471 2043 honore
3515 1991 3684 2043 devo-

1992 2078 2213 2132 tissime
2242 2095 2497 2145 exorsus,
2521 2094 2694 2148 super
2723 2079 2985 2132 eumdem
3015 2080 3298 2132 tumulum
3323 2078 3596 2147 implevit.
3628 2078 3689 2130 Et

1992 2167 2252 2236 quamvis
2271 2167 2325 2219 in
2346 2168 2585 2219 circuitu
2604 2166 2782 2236 ipsius
2805 2166 3047 2234 sepulcri
3084 2167 3351 2236 aquatilis
3365 2167 3575 2219 humor
3597 2181 3687 2218 ex-

1990 2255 2268 2309 trinsecus
2289 2256 2588 2308 fueritnon
2611 2261 2801 2308 tamen
2823 2254 3473 2308 intrinsecuslutulentis
3495 2254 3686 2308 sordi-

1989 2343 2095 2398 bus
2127 2360 2226 2396 seu
2257 2361 2420 2414 aquae
2452 2344 2690 2413 guttulis
2722 2344 2990 2396 introitus
3023 2344 3224 2412 patuit.
3265 2342 3686 2396 Necimmerito

182 2427 440 2480 minibus
493 2445 660 2498 agros
701 2429 974 2482 damnosa
1028 2436 1287 2498 segetum
1335 2430 1666 2484 vacuatione
1712 2430 1885 2483 nuda-
1923 2417 1963 2470 Β
1995 2431 2262 2485 credibile
2291 2437 2392 2494 est,
2431 2435 2605 2486 Deum
2639 2433 2738 2502 qui
2769 2432 3025 2485 omnium
3045 2437 3430 2484 creaturarum
3457 2437 3688 2484 naturas

181 2523 365 2570 verat.
418 2516 576 2579 Quod
622 2517 863 2586 periculi
912 2518 1122 2570 malum
1167 2519 1490 2587 adeousque
1541 2523 1882 2584 excreverat,

186 2609 247 2657 ut
278 2605 450 2658 etiam
484 2605 682 2658 incola:
729 2606 1061 2658 fluminibus
1106 2607 1351 2675 proximi
1387 2607 1707 2660 habitacula
1735 2607 1884 2660 avita

182 2697 530 2759 cogerentur
565 2693 846 2757 deserere,
895 2699 951 2745 et
996 2694 1054 2746 in
1085 2694 1423 2748 sublimibus
1455 2695 1745 2756 colliculis,
1780 2696 1880 2748 do-

182 2795 290 2832 nec
353 2780 762 2848 decrescerent,
852 2783 1082 2834 mutatis
1149 2783 1532 2836 tabernaculis
1601 2784 1877 2836 habitare.

183 2870 320 2922 Haac
373 2884 504 2920 vero
552 2870 993 2922 excrescentium
1049 2888 1326 2940 aquarum
1370 2872 1530 2940 copia
1572 2872 1638 2923 de
1691 2872 1778 2923 die
1823 2873 1882 2923 in

182 2957 342 3010 diem
392 2965 702 3026 augmento
741 2958 1014 3011 imbrium
1075 2959 1482 3025 intumescens,
1538 2960 1707 3012 etiam
1756 2976 1881 3013 oras

181 3044 346 3099 ﬂuvii
377 3045 650 3098 vocabulo
698 3047 870 3115 Scarp
914 3046 1205 3100 nimietate
1247 3065 1347 3100 sua
1393 3048 1748 3116 impleverat,
1783 3049 1881 3117 qui

179 3133 501 3188 beatissimi
535 3135 760 3204 patroni
803 3135 980 3188 nostri
1019 3136 1266 3188 Amaudi
1308 3139 1531 3189 tumulo
1573 3153 1716 3206 pene
1744 3152 1880 3189 con-

181 3223 401 3293 tiguus,
451 3239 564 3275 non
614 3224 859 3292 amplius
916 3224 987 3277 ab
1037 3241 1103 3277 eo
1156 3241 1326 3294 quam
1377 3225 1578 3295 viginti
1622 3222 1881 3293 passibus

183 3311 453 3364 distabat.
513 3311 617 3374 Qui
680 3312 1017 3382 quotidiano
1079 3317 1372 3366 cremento
1442 3315 1878 3382 supereflluens,

182 3400 246 3451 in
279 3403 506 3451 tantum
537 3399 796 3462 excrevit,
830 3405 892 3452 ut
934 3400 1001 3452 ad
1047 3407 1465 3452 sacrosanctam
1513 3399 1881 3452 sacratissimi

182 3487 445 3557 corporis
502 3489 854 3556 sepulturam
913 3488 1225 3553 accederet,
1289 3494 1460 3558 atque
1511 3505 1677 3542 omne
1739 3489 1879 3542 illud

182 3576 442 3630 aediculae
495 3575 672 3646 ipsius
721 3575 967 3645 spatium
1022 3577 1172 3647 quod
1231 3577 1377 3630 circa
1425 3577 1593 3648 pedes
1642 3577 1879 3647 adjacet,

182 3663 506 3734 superfusis
563 3664 726 3734 aquis
780 3665 1064 3733 impleret,
1123 3666 1450 3736 siccumque
1509 3667 1882 3736 pergentibus

182 3752 261 3806 ibi
297 3752 599 3821 gradiendi
629 3753 736 3805 iter
763 3758 1015 3822 negaret.

255 3841 441 3909 Hujus
484 3840 676 3910 itaque
719 3841 1199 3895 incommoditatis
1247 3841 1424 3895 tristis
1457 3848 1711 3907 eventus,
1754 3859 1877 3897 mo-

181 3929 500 3982 nachorum
557 3929 762 3982 animis
812 3945 1112 3984 maerorem
1165 3947 1280 3983 non
1331 3931 1614 3984 modicum
1663 3932 1874 3997 intulit,

179 4019 473 4087 prazcipue
503 4033 634 4069 vero
669 4019 1052 4072 venerabilem
1101 4019 1452 4084 Lotharium,
1487 4019 1629 4072 sacri
1676 4021 1877 4090 templi

177 4107 283 4159 illo
318 4107 378 4158 in
407 4110 664 4175 tempore
707 4107 1006 4171 edituum,
1053 4123 1167 4159 non
1210 4107 1571 4161 mediocriter
1613 4109 1874 4178 perculit.

178 4180 374 4265 Cujus
401 4196 617 4264 sagacis
665 4195 842 4248 animi
895 4195 1238 4249 industriam
1270 4212 1629 4266 operumque
1689 4197 1876 4251 efﬁca-

176 4283 357 4348 ciam,
391 4287 447 4334 et
483 4298 722 4351 corpora
769 4283 1048 4335 librorum
1092 4290 1286 4336 nostro
1317 4285 1545 4336 archivo
1580 4285 1780 4349 indita,
1818 4303 1880 4337 ac

177 4371 363 4424 totius
405 4370 644 4424 coeuobii
704 4370 760 4424 in
819 4372 1021 4424 melius
1069 4377 1452 4441 augmentata,
1506 4371 1726 4424 etiamsi
1773 4372 1878 4424 hu-

177 4475 360 4513 mana
404 4459 596 4529 lingua
641 4464 843 4523 taceat,
900 4460 1126 4513 fabricae
1176 4465 1459 4512 structura
1503 4461 1727 4513 clamat.
1785 4461 1881 4512 Hic

176 4549 368 4617 igitur
397 4547 611 4600 insoliti
658 4553 951 4618 permotus
983 4548 1230 4601 novitate
1273 4549 1493 4610 diluvii,
1539 4565 1729 4601 secum
1769 4565 1878 4602 caa-

175 4637 266 4706 pit
322 4641 667 4705 pertractare
717 4641 906 4689 mente
966 4636 1152 4706 sagaci
1197 4636 1406 4705 quibus
1456 4637 1637 4688 modis
1690 4637 1879 4690 immi-

175 4725 348 4779 nenti
381 4729 700 4776 sucurreret
726 4725 999 4794 periculo,
1035 4730 1131 4777 aut
1177 4724 1276 4777 tali
1311 4743 1371 4776 ac
1403 4730 1572 4778 tantae
1605 4725 1880 4795 perniciei

175 4813 344 4884 quali
393 4812 693 4865 obsisteret
741 4812 1034 4882 suil‘ragio.
1081 4812 1368 4867 Sollicitus
1419 4813 1574 4865 enim
1608 4819 1757 4879 .eiat,
1811 4828 1880 4865 ne

173 4917 371 4970 usque
404 4901 472 4951 ad
517 4899 912 4968 pretiosissimi
965 4900 1216 4952 thesauri
1248 4901 1590 4967 depositum,
1625 4900 1765 4952 sacri
1801 4900 1879 4952 vi-

174 4990 393 5042 delicet
413 4989 597 5041 Patris
625 4988 1049 5057 corpusculum,
1081 4988 1252 5041 altius
1281 4989 1489 5050 telluri,
1524 4992 1586 5042 ut
1617 4988 1673 5040 in
1708 4989 1884 5042 altero

174 5092 454 5130 sermone
487 5076 750 5139 diximus,
785 5093 815 5129 a
843 5077 1022 5129 beatze
1065 5077 1352 5129 memoriae
1394 5076 1648 5129 antistite
1691 5076 1883 5146 Elegio

175 5166 497 5228 defossum,
567 5165 767 5218 eadem
845 5181 1123 5234 aquarum
1183 5164 1476 5218 affluentia
1539 5167 1879 5233 penetraret,

180 5261 362 5324 atque
413 5254 600 5324 ipsum
649 5255 983 5307 circumtlua
1029 5255 1451 5308 humectatione
1504 5261 1560 5307 et
1623 5253 1884 5323 improbo

181 5359 328 5396 ausu
388 5341 769 5410 contingendo
831 5342 1084 5395 violaret.
1148 5343 1398 5396 Tandem
1461 5359 1596 5411 ergo
1649 5341 1885 5412 ancipiti

183 5431 488 5486 dubietate
529 5432 788 5483 submota
823 5430 890 5483 ad
924 5431 1033 5484 hoc
1078 5447 1135 5484 se
1170 5432 1397 5484 salubre
1429 5430 1732 5484 consilium
1765 5449 1884 5484 sus-

185 5521 340 5584 tulit,
398 5518 592 5572 divino
641 5521 724 5587 (ut
769 5520 924 5572 credi
994 5520 1172 5586 decet)
1237 5520 1507 5573 instinctu
1581 5521 1884 5587 animatus,

187 5613 483 5678 quatenus
511 5607 696 5676 ipsam
729 5607 875 5661 sacri
907 5607 1230 5676 corpusculi
1260 5623 1466 5662 urnam
1497 5610 1566 5663 de
1597 5609 1883 5663 inferiori-

1993 2537 2097 2590 pro
2146 2536 2248 2572 suo
2290 2521 2524 2572 arbitrio
2569 2520 2627 2572 in
2670 2536 3039 2590 quascunque
3086 2524 3205 2571 vult
3244 2535 3436 2572 rerum
3471 2518 3687 2587 species

1990 2609 2382 2677 transformat,
2405 2624 2468 2661 ac
2493 2608 2862 2660 tumescentia
2886 2607 3066 2659 maria
3086 2607 3315 2676 proprio
3333 2613 3478 2659 nutu
3500 2605 3686 2658 arenis

1991 2696 2153 2766 quasi
2177 2697 2414 2749 habenis
2432 2697 2753 2749 fortissimis
2780 2697 2981 2759 frenat,
3009 2695 3179 2748 etiam
3205 2694 3390 2748 dilecti
3415 2693 3500 2746 sui
3523 2693 3683 2745 cada-

1991 2786 2130 2849 veri,
2154 2785 2295 2836 tanti
2313 2784 2542 2837 honoris
2558 2785 2898 2837 beneﬁcium
2919 2790 3188 2853 praestare
3212 2783 3462 2852 potuisse
3485 2797 3496 2833 :
3525 2785 3584 2834 ut
3600 2780 3685 2832 in-

1989 2873 2267 2941 traipsius
2290 2889 2446 2924 urnae
2469 2875 2778 2938 vasculum,
2799 2889 2912 2942 quo
2935 2871 3246 2941 pretiosum
3270 2871 3572 2923 tenebatur
3588 2868 3683 2922 de-

1990 2961 2263 3032 positum,
2317 2961 2458 3013 nihil
2509 2961 2748 3014 intraret
2801 2961 3103 3014 sordium:
3159 2964 3220 3011 ut
3265 2957 3482 3010 cunctis
3523 2957 3686 3010 ﬁeret

1992 3050 2250 3120 ejusdem
2285 3049 2591 3102 venerandi
2645 3049 2927 3118 pontiﬁcis
2972 3048 3242 3101 meritum
3296 3045 3680 3099 manifestum.

2064 3139 2312 3208 Expletis
2341 3138 2518 3208 igitur
2549 3138 2849 3190 missarum
2887 3135 3200 3197 solemniis,
3245 3134 3437 3204 paucis
3490 3149 3681 3186 secum

1991 3243 2134 3296 quos
2162 3228 2339 3280 voluit
2377 3243 2442 3279 ex
2481 3226 2774 3279 monachis
2820 3225 3072 3290 retentis,
3118 3234 3353 3276 caateros
3379 3221 3680 3275 abscedere

1990 3316 2142 3380 fecit,
2211 3332 2274 3368 ac
2331 3331 2448 3367 non
2515 3318 2631 3367 tam
2697 3313 3002 3366 temerario
3059 3329 3219 3374 ausu,
3281 3326 3453 3381 quam
3498 3309 3683 3364 ﬁdelis

1991 3404 2166 3458 animi
2260 3403 2556 3457 devotione
2643 3403 2888 3466 fervens,
2986 3401 3280 3470 explorare
3353 3399 3682 3468 diligentius

1991 3493 2174 3546 amica
2225 3491 2550 3545 curiositate
2597 3491 2756 3543 duxit
2801 3506 3142 3561 congruum,
3193 3487 3331 3560 quid
3390 3488 3492 3539 sub
3547 3503 3680 3540 ocn-

1990 3582 2058 3650 lis
2100 3582 2349 3652 positum
2397 3581 2546 3634 intra
2594 3587 2822 3633 uterum
2866 3596 3030 3632 suum
3073 3582 3293 3632 teneret
3332 3577 3476 3629 vasis
3527 3592 3678 3628 rece-

1941 3710 1959 3726 -.
1991 3671 2313 3739 ptaculum;
2375 3672 2662 3738 simulque
2715 3669 3004 3722 aestimans
3069 3665 3450 3720 necessarium
3500 3669 3562 3717 ut
3613 3665 3679 3717 ad

1993 3758 2352 3812 devotionem
2416 3756 2804 3809 venerandam
2873 3756 3278 3825 quaerentium,
3330 3753 3399 3805 de
3448 3753 3682 3821 pulvere

1989 3846 2176 3900 carnis
2203 3846 2318 3898 sive
2349 3845 2418 3898 de
2444 3844 2668 3898 ossibus
2697 3844 2851 3897 illius
2883 3844 3106 3896 tolleret
3145 3844 3500 3911 aliquantam
3545 3857 3677 3909 por-

1990 3935 2301 3988 tiunculam
2337 3933 2729 4002 reliquiarum.
2778 3934 3001 3985 Interea
3024 3930 3181 3984 omni
3212 3928 3502 3982 dubietate
3547 3927 3679 3981 sub-

1989 4028 2162 4089 mota,
2197 4023 2347 4075 idem
2391 4022 2742 4075 archicustos
2779 4021 2844 4073 ad
2895 4019 3182 4072 tumulum
3223 4017 3342 4085 jam
3383 4013 3682 4084 superﬁcie

1987 4110 2304 4181 pavimenti
2354 4111 2601 4180 positum
2656 4108 2951 4162 humiliter
2993 4106 3243 4167 accessit,
3290 4110 3462 4174 atque
3512 4118 3676 4170 oper-

1988 4200 2115 4254 culo
2148 4199 2350 4269 lapidis
2379 4215 2493 4269 quo
2527 4197 2825 4268 tegebatur
2873 4201 3092 4248 remoto
3134 4193 3467 4263 diligentius
3497 4192 3681 4244 intro-

1989 4289 2188 4358 spexit.
2227 4289 2288 4341 Et
2333 4303 2458 4340 ecce
2507 4286 2714 4340 obtulit
2767 4302 2823 4337 se
2872 4283 3163 4338 obtutibus
3216 4281 3369 4334 illius
3419 4280 3502 4332 vir
3541 4294 3683 4331 cano

1989 4378 2170 4447 capite
2220 4376 2560 4429 reverendus
2615 4374 2969 4428 abstinentia:
3018 4388 3080 4424 ac
3129 4369 3480 4440 jejuniorum
3533 4384 3682 4421 mar-

1989 4481 2116 4518 core
2175 4465 2385 4534 quibus
2445 4464 2749 4516 comitibus
2809 4464 3024 4514 vixerat
3073 4460 3336 4530 pallidus,
3388 4457 3684 4511 sanctitate

1991 4568 2216 4605 morum
2287 4552 2744 4619 meritorumque
2831 4549 3171 4618 praecipuus,
3254 4545 3684 4615 incorruptione

1991 4657 2220 4712 quoque
2261 4639 2651 4692 membrorum
2708 4654 2876 4690 suave
2932 4636 3309 4705 fragrantium
3351 4635 3513 4706 quasi
3555 4649 3685 4686 aro-

1995 4729 2231 4781 maticus
2282 4744 2345 4778 ac
2394 4731 2515 4778 toto
2559 4741 2796 4795 corpore
2851 4723 3351 4786 incontaniinatus,
3412 4722 3522 4776 hoc
3570 4721 3686 4774 solo

1992 4816 2144 4887 quod
2177 4815 2235 4868 in
2273 4815 2532 4884 sepulcro
2568 4814 2794 4883 jacehat
2837 4811 3143 4865 dormienti
3193 4811 3545 4874 simillimus,
3592 4825 3684 4862 ve-

1992 4901 2277 4954 stimentis
2313 4900 2739 4970 pontiﬁcalibus
2780 4900 3017 4952 honesta
3062 4897 3486 4968 pulchritudine
3520 4897 3680 4950 ador-

1929 4986 2179 5043 Dnatus.
2233 4991 2340 5044 Res
2401 4990 2630 5042 raritate
2681 4988 2765 5040 sui
2799 4988 2957 5040 valde
3018 4985 3318 5050 mirabilis,
3366 4990 3537 5054 atque
3583 5001 3687 5054 pro

1993 5078 2081 5131 sui
2133 5077 2530 5148 magnitudine
2581 5078 2833 5130 humano
2883 5090 3146 5127 sermone
3193 5073 3280 5126 vix
3313 5072 3680 5140 explicabilis.

1993 5167 2100 5230 Qui
2128 5167 2281 5220 enim
2309 5172 2608 5236 potaverat
2633 5182 2690 5218 se
2721 5164 3052 5234 putrefactae
3084 5162 3287 5223 carnis,
3325 5160 3406 5212 uti
3444 5160 3505 5212 in
3535 5173 3687 5212 mor-

1995 5255 2106 5309 tuis
2136 5256 2261 5309 ﬁeri
2293 5256 2516 5321 assolet,
2555 5253 2822 5324 reliquias
2856 5253 3247 5312 inventurum,
3281 5248 3496 5317 reperit
3539 5248 3690 5300 ultra

1995 5343 2456 5408 aestimationem,
2491 5341 2748 5397 inviolati
2791 5340 3047 5412 corporis
3092 5335 3462 5392 memorabile
3495 5334 3687 5405 prodi-

1998 5435 2176 5503 gium.
2208 5431 2370 5496 Quali
2402 5433 2523 5486 haec
2553 5432 2690 5485 visio
2722 5431 2897 5500 digna
2931 5428 3230 5494 miraculo,
3263 5439 3552 5496 quamque
3576 5422 3688 5476 im-

1998 5537 2197 5574 menso
2247 5526 2476 5590 stupore
2516 5521 2778 5591 proxima
2818 5517 3010 5584 fuerit,
3059 5514 3392 5585 eloquentia
3448 5511 3690 5566 humani

1999 5608 2220 5680 ingenii
2247 5609 2406 5664 effari
2446 5609 2667 5679 nequit,
2713 5608 2811 5678 qui
2842 5607 3034 5661 minus
3081 5603 3314 5658 ariditas
3344 5600 3528 5656 nostri
3575 5613 3690 5654 ser-
