  <div class='ocr_page' id='page_1' title='image "/cluster/home/n/w/nwhite01/storage/ocr_20150623/121/hvd.32044054759832/495.png"; bbox 0 0 4078 6180; ppageno 0'>
   <div class='ocr_carea' id='block_1_1' title="bbox 432 281 536 331">
    <p class='ocr_par' dir='ltr' id='par_1_1' title="bbox 432 281 536 331">
     <span class='ocr_line' id='line_1_1' title="bbox 432 281 536 331; baseline -0.01 0"><span class='ocrx_word' id='word_1_1' title='bbox 432 281 536 331; x_wconf 85' lang='grc'>979</span> 
     </span>
    </p>
   </div>
   <div class='ocr_carea' id='block_1_2' title="bbox 1530 272 3905 333">
    <p class='ocr_par' dir='ltr' id='par_1_2' title="bbox 1530 272 3905 333">
     <span class='ocr_line' id='line_1_2' title="bbox 1530 272 3905 333; baseline 0.002 -4"><span class='ocrx_word' id='word_1_2' title='bbox 1530 275 1763 332; x_wconf 79' lang='lat' dir='ltr'>SERMO</span> <span class='ocrx_word' id='word_1_3' title='bbox 1803 276 1892 331; x_wconf 84' lang='lat' dir='ltr'>DE</span> <span class='ocrx_word' id='word_1_4' title='bbox 1934 273 2147 330; x_wconf 85' lang='lat' dir='ltr'><strong>ELEV.</strong></span> <span class='ocrx_word' id='word_1_5' title='bbox 2196 272 2400 329; x_wconf 84' lang='lat' dir='ltr'>CORP.</span> <span class='ocrx_word' id='word_1_6' title='bbox 2440 274 2495 328; x_wconf 92' lang='lat' dir='ltr'>S.</span> <span class='ocrx_word' id='word_1_7' title='bbox 2538 274 2831 330; x_wconf 76' lang='lat' dir='ltr'>AMANDI.</span> <span class='ocrx_word' id='word_1_8' title='bbox 3814 284 3905 333; x_wconf 82' lang='lat'>980</span> 
     </span>
    </p>
   </div>
   <div class='ocr_carea' id='block_1_3' title="bbox 434 404 3907 477">
    <p class='ocr_par' dir='ltr' id='par_1_3' title="bbox 434 404 3907 477">
     <span class='ocr_line' id='line_1_3' title="bbox 434 404 3907 477; baseline -0 -14"><span class='ocrx_word' id='word_1_9' title='bbox 434 408 625 463; x_wconf 89' lang='lat' dir='ltr'>monis</span> <span class='ocrx_word' id='word_1_10' title='bbox 679 409 801 464; x_wconf 75' lang='lat' dir='ltr'>haec</span> <span class='ocrx_word' id='word_1_11' title='bbox 854 407 1133 477; x_wconf 85' lang='lat' dir='ltr'>explicare</span> <span class='ocrx_word' id='word_1_12' title='bbox 1191 410 1251 460; x_wconf 87' lang='lat' dir='ltr'>ut</span> <span class='ocrx_word' id='word_1_13' title='bbox 1298 406 1479 473; x_wconf 81' lang='lat' dir='ltr'>decet,</span> <span class='ocrx_word' id='word_1_14' title='bbox 1533 407 1887 461; x_wconf 85' lang='lat' dir='ltr'>tenuissimis</span> <span class='ocrx_word' id='word_1_15' title='bbox 1932 407 2117 459; x_wconf 82' lang='lat' dir='ltr'>valeat</span> <span class='ocrx_word' id='word_1_16' title='bbox 2153 404 2535 475; x_wconf 81' lang='lat' dir='ltr'>Adeposuit:</span> <span class='ocrx_word' id='word_1_17' title='bbox 2592 405 2852 475; x_wconf 84' lang='lat' dir='ltr'>lapidum</span> <span class='ocrx_word' id='word_1_18' title='bbox 2912 405 3085 459; x_wconf 91' lang='lat' dir='ltr'>etiam</span> <span class='ocrx_word' id='word_1_19' title='bbox 3137 422 3394 473; x_wconf 65' lang='lat' dir='ltr'>censores,</span> <span class='ocrx_word' id='word_1_20' title='bbox 3444 423 3661 461; x_wconf 86' lang='lat' dir='ltr'>necnon</span> <span class='ocrx_word' id='word_1_21' title='bbox 3712 414 3767 462; x_wconf 92' lang='lat' dir='ltr'>et</span> <span class='ocrx_word' id='word_1_22' title='bbox 3811 426 3907 462; x_wconf 67' lang='lat' dir='ltr'>cae-</span> 
     </span>
    </p>
   </div>
   <div class='ocr_carea' id='block_1_4' title="bbox 435 495 2129 567">
    <p class='ocr_par' dir='ltr' id='par_1_4' title="bbox 435 495 2129 567">
     <span class='ocr_line' id='line_1_4' title="bbox 435 495 2129 567; baseline -0.002 -17"><span class='ocrx_word' id='word_1_23' title='bbox 435 498 642 552; x_wconf 91' lang='lat' dir='ltr'>verbis.</span> <span class='ocrx_word' id='word_1_24' title='bbox 687 496 1043 567; x_wconf 86' lang='lat' dir='ltr'>Stupefactus</span> <span class='ocrx_word' id='word_1_25' title='bbox 1086 495 1281 565; x_wconf 84' lang='lat' dir='ltr'>igitur,</span> <span class='ocrx_word' id='word_1_26' title='bbox 1335 498 1399 547; x_wconf 91' lang='lat' dir='ltr'>ut</span> <span class='ocrx_word' id='word_1_27' title='bbox 1442 511 1546 565; x_wconf 92' lang='lat' dir='ltr'>par</span> <span class='ocrx_word' id='word_1_28' title='bbox 1590 501 1727 562; x_wconf 90' lang='lat' dir='ltr'>erat,</span> <span class='ocrx_word' id='word_1_29' title='bbox 1772 502 1889 549; x_wconf 91' lang='lat' dir='ltr'>tam</span> <span class='ocrx_word' id='word_1_30' title='bbox 1938 495 2129 564; x_wconf 90' lang='lat' dir='ltr'>inopi-</span> 
     </span>
    </p>
   </div>
   <div class='ocr_carea' id='block_1_5' title="bbox 436 583 2129 655">
    <p class='ocr_par' dir='ltr' id='par_1_5' title="bbox 436 583 2129 655">
     <span class='ocr_line' id='line_1_5' title="bbox 436 583 2129 655; baseline -0.003 -15"><span class='ocrx_word' id='word_1_31' title='bbox 436 586 557 640; x_wconf 84' lang='lat' dir='ltr'><strong>nati</strong></span> <span class='ocrx_word' id='word_1_32' title='bbox 588 584 797 638; x_wconf 86' lang='lat' dir='ltr'>visione</span> <span class='ocrx_word' id='word_1_33' title='bbox 844 583 1119 655; x_wconf 84' lang='lat' dir='ltr'>portenti,</span> <span class='ocrx_word' id='word_1_34' title='bbox 1170 584 1549 653; x_wconf 78' lang='lat' dir='ltr'>omnipotenti</span> <span class='ocrx_word' id='word_1_35' title='bbox 1602 585 1713 636; x_wconf 94' lang='lat' dir='ltr'>Deo</span> <span class='ocrx_word' id='word_1_36' title='bbox 1760 583 1967 637; x_wconf 82' lang='lat' dir='ltr'>debitis</span> <span class='ocrx_word' id='word_1_37' title='bbox 2009 584 2129 635; x_wconf 90' lang='lat' dir='ltr'>lau-</span> 
     </span>
    </p>
   </div>
   <div class='ocr_carea' id='block_1_6' title="bbox 438 671 2132 741">
    <p class='ocr_par' dir='ltr' id='par_1_6' title="bbox 438 671 2132 741">
     <span class='ocr_line' id='line_1_6' title="bbox 438 671 2132 741; baseline -0.002 -14"><span class='ocrx_word' id='word_1_38' title='bbox 438 675 603 728; x_wconf 88' lang='lat' dir='ltr'>dibus</span> <span class='ocrx_word' id='word_1_39' title='bbox 660 672 967 738; x_wconf 83' lang='lat' dir='ltr'>benedixit,</span> <span class='ocrx_word' id='word_1_40' title='bbox 1046 677 1457 741; x_wconf 90' lang='lat' dir='ltr'>tantorumque</span> <span class='ocrx_word' id='word_1_41' title='bbox 1524 673 1805 725; x_wconf 90' lang='lat' dir='ltr'>donorum</span> <span class='ocrx_word' id='word_1_42' title='bbox 1872 671 2132 737; x_wconf 80' lang='lat' dir='ltr'>largitori</span> 
     </span>
    </p>
   </div>
   <div class='ocr_carea' id='block_1_7' title="bbox 437 760 2131 833">
    <p class='ocr_par' dir='ltr' id='par_1_7' title="bbox 437 760 2131 833">
     <span class='ocr_line' id='line_1_7' title="bbox 437 760 2131 833; baseline -0.001 -18"><span class='ocrx_word' id='word_1_43' title='bbox 437 763 651 833; x_wconf 82' lang='lat' dir='ltr'>gratias</span> <span class='ocrx_word' id='word_1_44' title='bbox 682 762 816 831; x_wconf 90' lang='lat' dir='ltr'>egit.</span> <span class='ocrx_word' id='word_1_45' title='bbox 854 762 1231 831; x_wconf 88' lang='lat' dir='ltr'>Congaudens</span> <span class='ocrx_word' id='word_1_46' title='bbox 1267 760 1439 813; x_wconf 89' lang='lat' dir='ltr'>etiam</span> <span class='ocrx_word' id='word_1_47' title='bbox 1473 762 1615 813; x_wconf 91' lang='lat' dir='ltr'>tanti</span> <span class='ocrx_word' id='word_1_48' title='bbox 1648 761 1977 813; x_wconf 80' lang='lat' dir='ltr'>inventione</span> <span class='ocrx_word' id='word_1_49' title='bbox 2000 762 2131 813; x_wconf 92' lang='lat' dir='ltr'>the-</span> 
     </span>
    </p>
   </div>
   <div class='ocr_carea' id='block_1_8' title="bbox 437 849 2132 918">
    <p class='ocr_par' dir='ltr' id='par_1_8' title="bbox 437 849 2132 918">
     <span class='ocr_line' id='line_1_8' title="bbox 437 849 2132 918; baseline -0.002 -14"><span class='ocrx_word' id='word_1_50' title='bbox 437 851 611 916; x_wconf 89' lang='lat' dir='ltr'>sauri,</span> <span class='ocrx_word' id='word_1_51' title='bbox 643 866 761 903; x_wconf 91' lang='lat' dir='ltr'>non</span> <span class='ocrx_word' id='word_1_52' title='bbox 792 850 1016 903; x_wconf 93' lang='lat' dir='ltr'>modico</span> <span class='ocrx_word' id='word_1_53' title='bbox 1048 851 1255 903; x_wconf 78' lang='lat' dir='ltr'>iterum</span> <span class='ocrx_word' id='word_1_54' title='bbox 1289 849 1461 918; x_wconf 83' lang='lat' dir='ltr'>coepit</span> <span class='ocrx_word' id='word_1_55' title='bbox 1491 849 1887 902; x_wconf 78' lang='lat' dir='ltr'>sollicitudinis</span> <span class='ocrx_word' id='word_1_56' title='bbox 1920 864 2132 918; x_wconf 85' lang='lat' dir='ltr'>angore</span> 
     </span>
    </p>
   </div>
   <div class='ocr_carea' id='block_1_9' title="bbox 437 937 2130 1007">
    <p class='ocr_par' dir='ltr' id='par_1_9' title="bbox 437 937 2130 1007">
     <span class='ocr_line' id='line_1_9' title="bbox 437 937 2130 1007; baseline -0.002 -14"><span class='ocrx_word' id='word_1_57' title='bbox 437 939 696 999; x_wconf 91' lang='lat' dir='ltr'>cruciari,</span> <span class='ocrx_word' id='word_1_58' title='bbox 736 940 913 992; x_wconf 91' lang='lat' dir='ltr'>multa</span> <span class='ocrx_word' id='word_1_59' title='bbox 944 938 1138 991; x_wconf 91' lang='lat' dir='ltr'>animo</span> <span class='ocrx_word' id='word_1_60' title='bbox 1171 938 1426 1004; x_wconf 90' lang='lat' dir='ltr'>volvens,</span> <span class='ocrx_word' id='word_1_61' title='bbox 1458 937 1597 1007; x_wconf 93' lang='lat' dir='ltr'>quid</span> <span class='ocrx_word' id='word_1_62' title='bbox 1629 954 1697 991; x_wconf 80' lang='lat' dir='ltr'>ex</span> <span class='ocrx_word' id='word_1_63' title='bbox 1729 938 1850 1007; x_wconf 91' lang='lat' dir='ltr'>ipso</span> <span class='ocrx_word' id='word_1_64' title='bbox 1876 937 1943 990; x_wconf 93' lang='lat' dir='ltr'>ad</span> <span class='ocrx_word' id='word_1_65' title='bbox 1977 953 2130 989; x_wconf 91' lang='lat' dir='ltr'>com-</span> 
     </span>
    </p>
   </div>
   <div class='ocr_carea' id='block_1_10' title="bbox 438 1026 2131 1097">
    <p class='ocr_par' dir='ltr' id='par_1_10' title="bbox 438 1026 2131 1097">
     <span class='ocr_line' id='line_1_10' title="bbox 438 1026 2131 1097; baseline -0.002 -15"><span class='ocrx_word' id='word_1_66' title='bbox 438 1028 916 1082; x_wconf 90' lang='lat' dir='ltr'>memorationem</span> <span class='ocrx_word' id='word_1_67' title='bbox 961 1026 1325 1097; x_wconf 88' lang='lat' dir='ltr'>sequentium</span> <span class='ocrx_word' id='word_1_68' title='bbox 1367 1042 1472 1095; x_wconf 92' lang='lat' dir='ltr'>pro</span> <span class='ocrx_word' id='word_1_69' title='bbox 1499 1042 1737 1079; x_wconf 91' lang='lat' dir='ltr'>munere</span> <span class='ocrx_word' id='word_1_70' title='bbox 1765 1026 2000 1079; x_wconf 87' lang='lat' dir='ltr'>deberet</span> <span class='ocrx_word' id='word_1_71' title='bbox 2029 1042 2131 1078; x_wconf 89' lang='lat' dir='ltr'>au-</span> 
     </span>
    </p>
   </div>
   <div class='ocr_carea' id='block_1_11' title="bbox 437 1118 593 1172">
    <p class='ocr_par' dir='ltr' id='par_1_11' title="bbox 437 1118 593 1172">
     <span class='ocr_line' id='line_1_11' title="bbox 437 1118 593 1172; baseline -0.013 0"><span class='ocrx_word' id='word_1_72' title='bbox 437 1118 593 1172; x_wconf 87' lang='lat' dir='ltr'>ferri.</span> 
     </span>
    </p>
   </div>
   <div class='ocr_carea' id='block_1_12' title="bbox 509 1202 2134 1258">
    <p class='ocr_par' dir='ltr' id='par_1_12' title="bbox 509 1202 2134 1258">
     <span class='ocr_line' id='line_1_12' title="bbox 509 1202 2134 1258; baseline -0.001 0"><span class='ocrx_word' id='word_1_73' title='bbox 509 1204 614 1258; x_wconf 91' lang='lat' dir='ltr'>Ubi</span> <span class='ocrx_word' id='word_1_74' title='bbox 664 1220 798 1257; x_wconf 87' lang='lat' dir='ltr'>vero</span> <span class='ocrx_word' id='word_1_75' title='bbox 854 1204 1224 1257; x_wconf 88' lang='lat' dir='ltr'>ﬂuctuantem</span> <span class='ocrx_word' id='word_1_76' title='bbox 1288 1203 1546 1256; x_wconf 89' lang='lat' dir='ltr'>animum</span> <span class='ocrx_word' id='word_1_77' title='bbox 1608 1202 1857 1256; x_wconf 86' lang='lat' dir='ltr'>anchora</span> <span class='ocrx_word' id='word_1_78' title='bbox 1912 1203 2134 1257; x_wconf 90' lang='lat' dir='ltr'>consilii</span> 
     </span>
    </p>
   </div>
   <div class='ocr_carea' id='block_1_13' title="bbox 440 1292 2132 1361">
    <p class='ocr_par' dir='ltr' id='par_1_13' title="bbox 440 1292 2132 1361">
     <span class='ocr_line' id='line_1_13' title="bbox 440 1292 2132 1361; baseline 0 -16"><span class='ocrx_word' id='word_1_79' title='bbox 440 1292 729 1357; x_wconf 86' lang='lat' dir='ltr'>stabilivit,</span> <span class='ocrx_word' id='word_1_80' title='bbox 781 1294 1029 1345; x_wconf 90' lang='lat' dir='ltr'>casulam</span> <span class='ocrx_word' id='word_1_81' title='bbox 1094 1308 1206 1361; x_wconf 91' lang='lat' dir='ltr'>qua</span> <span class='ocrx_word' id='word_1_82' title='bbox 1256 1296 1376 1344; x_wconf 91' lang='lat' dir='ltr'>erat</span> <span class='ocrx_word' id='word_1_83' title='bbox 1436 1292 1684 1359; x_wconf 81' lang='lat' dir='ltr'>indutus,</span> <span class='ocrx_word' id='word_1_84' title='bbox 1751 1292 2132 1346; x_wconf 89' lang='lat' dir='ltr'>sacratissimo</span> 
     </span>
    </p>
   </div>
   <div class='ocr_carea' id='block_1_14' title="bbox 441 1380 2134 1449">
    <p class='ocr_par' dir='ltr' id='par_1_14' title="bbox 441 1380 2134 1449">
     <span class='ocr_line' id='line_1_14' title="bbox 441 1380 2134 1449; baseline 0 -16"><span class='ocrx_word' id='word_1_85' title='bbox 441 1381 562 1448; x_wconf 86' lang='lat' dir='ltr'>ejus</span> <span class='ocrx_word' id='word_1_86' title='bbox 601 1381 747 1434; x_wconf 91' lang='lat' dir='ltr'>collo</span> <span class='ocrx_word' id='word_1_87' title='bbox 798 1381 1046 1445; x_wconf 88' lang='lat' dir='ltr'>abstulit,</span> <span class='ocrx_word' id='word_1_88' title='bbox 1093 1380 1477 1449; x_wconf 88' lang='lat' dir='ltr'>eumdemque</span> <span class='ocrx_word' id='word_1_89' title='bbox 1528 1380 1586 1432; x_wconf 91' lang='lat' dir='ltr'>in</span> <span class='ocrx_word' id='word_1_90' title='bbox 1630 1381 1777 1432; x_wconf 89' lang='lat' dir='ltr'>latus</span> <span class='ocrx_word' id='word_1_91' title='bbox 1822 1385 2134 1449; x_wconf 88' lang='lat' dir='ltr'>utrumque</span> 
     </span>
    </p>
   </div>
   <div class='ocr_carea' id='block_1_15' title="bbox 439 1468 2133 1538">
    <p class='ocr_par' dir='ltr' id='par_1_15' title="bbox 439 1468 2133 1538">
     <span class='ocr_line' id='line_1_15' title="bbox 439 1468 2133 1538; baseline 0.001 -18"><span class='ocrx_word' id='word_1_92' title='bbox 439 1483 692 1533; x_wconf 90' lang='lat' dir='ltr'>versans,</span> <span class='ocrx_word' id='word_1_93' title='bbox 728 1485 936 1521; x_wconf 88' lang='lat' dir='ltr'>cannas</span> <span class='ocrx_word' id='word_1_94' title='bbox 977 1468 1325 1521; x_wconf 88' lang='lat' dir='ltr'>arundinum</span> <span class='ocrx_word' id='word_1_95' title='bbox 1368 1468 1645 1533; x_wconf 88' lang='lat' dir='ltr'>ﬂuviales,</span> <span class='ocrx_word' id='word_1_96' title='bbox 1685 1485 1813 1537; x_wconf 59' lang='lat' dir='ltr'>quas</span> <span class='ocrx_word' id='word_1_97' title='bbox 1864 1468 1965 1521; x_wconf 90' lang='lat' dir='ltr'>sub</span> <span class='ocrx_word' id='word_1_98' title='bbox 2010 1469 2133 1538; x_wconf 89' lang='lat' dir='ltr'>ipso</span> 
     </span>
    </p>
   </div>
   <div class='ocr_carea' id='block_1_16' title="bbox 442 1557 2132 1626">
    <p class='ocr_par' dir='ltr' id='par_1_16' title="bbox 442 1557 2132 1626">
     <span class='ocr_line' id='line_1_16' title="bbox 442 1557 2132 1626; baseline -0.001 -15"><span class='ocrx_word' id='word_1_99' title='bbox 442 1558 578 1611; x_wconf 90' lang='lat' dir='ltr'>olim</span> <span class='ocrx_word' id='word_1_100' title='bbox 635 1558 833 1626; x_wconf 64' lang='lat' dir='ltr'>posita).</span> <span class='ocrx_word' id='word_1_101' title='bbox 892 1558 1118 1610; x_wconf 84' lang='lat' dir='ltr'>fuerant</span> <span class='ocrx_word' id='word_1_102' title='bbox 1161 1560 1397 1625; x_wconf 88' lang='lat' dir='ltr'>propter</span> <span class='ocrx_word' id='word_1_103' title='bbox 1446 1557 1748 1609; x_wconf 88' lang='lat' dir='ltr'>humorem</span> <span class='ocrx_word' id='word_1_104' title='bbox 1800 1557 2132 1626; x_wconf 91' lang='lat' dir='ltr'>aquatilem,</span> 
     </span>
    </p>
   </div>
   <div class='ocr_carea' id='block_1_17' title="bbox 442 1644 2135 1715">
    <p class='ocr_par' dir='ltr' id='par_1_17' title="bbox 442 1644 2135 1715">
     <span class='ocr_line' id='line_1_17' title="bbox 442 1644 2135 1715; baseline 0 -17"><span class='ocrx_word' id='word_1_105' title='bbox 442 1645 732 1710; x_wconf 84' lang='lat' dir='ltr'>subduxit,</span> <span class='ocrx_word' id='word_1_106' title='bbox 767 1646 937 1715; x_wconf 83' lang='lat' dir='ltr'>idque</span> <span class='ocrx_word' id='word_1_107' title='bbox 981 1644 1097 1697; x_wconf 88' lang='lat' dir='ltr'>suis</span> <span class='ocrx_word' id='word_1_108' title='bbox 1146 1644 1444 1697; x_wconf 90' lang='lat' dir='ltr'>desideriis</span> <span class='ocrx_word' id='word_1_109' title='bbox 1494 1645 1682 1697; x_wconf 91' lang='lat' dir='ltr'>minus</span> <span class='ocrx_word' id='word_1_110' title='bbox 1722 1661 1841 1698; x_wconf 90' lang='lat' dir='ltr'>esse</span> <span class='ocrx_word' id='word_1_111' title='bbox 1882 1661 2135 1714; x_wconf 91' lang='lat' dir='ltr'>perpen—</span> 
     </span>
    </p>
   </div>
   <div class='ocr_carea' id='block_1_18' title="bbox 440 1732 2128 1802">
    <p class='ocr_par' dir='ltr' id='par_1_18' title="bbox 440 1732 2128 1802">
     <span class='ocr_line' id='line_1_18' title="bbox 440 1732 2128 1802; baseline 0.001 -16"><span class='ocrx_word' id='word_1_112' title='bbox 440 1733 597 1797; x_wconf 88' lang='lat' dir='ltr'>dens,</span> <span class='ocrx_word' id='word_1_113' title='bbox 634 1732 743 1785; x_wconf 90' lang='lat' dir='ltr'>nisi</span> <span class='ocrx_word' id='word_1_114' title='bbox 774 1733 944 1785; x_wconf 87' lang='lat' dir='ltr'>etiam</span> <span class='ocrx_word' id='word_1_115' title='bbox 994 1749 1061 1785; x_wconf 84' lang='lat' dir='ltr'>ex</span> <span class='ocrx_word' id='word_1_116' title='bbox 1100 1748 1337 1800; x_wconf 90' lang='lat' dir='ltr'>corpore</span> <span class='ocrx_word' id='word_1_117' title='bbox 1377 1732 1631 1802; x_wconf 88' lang='lat' dir='ltr'>aliquam</span> <span class='ocrx_word' id='word_1_118' title='bbox 1674 1734 1899 1786; x_wconf 90' lang='lat' dir='ltr'>tolleret</span> <span class='ocrx_word' id='word_1_119' title='bbox 1947 1733 2128 1787; x_wconf 90' lang='lat' dir='ltr'>invio-</span> 
     </span>
    </p>
   </div>
   <div class='ocr_carea' id='block_1_19' title="bbox 440 1821 2135 1891">
    <p class='ocr_par' dir='ltr' id='par_1_19' title="bbox 440 1821 2135 1891">
     <span class='ocr_line' id='line_1_19' title="bbox 440 1821 2135 1891; baseline 0.001 -17"><span class='ocrx_word' id='word_1_120' title='bbox 440 1822 688 1875; x_wconf 90' lang='lat' dir='ltr'>latorum</span> <span class='ocrx_word' id='word_1_121' title='bbox 720 1821 1049 1891; x_wconf 88' lang='lat' dir='ltr'>portionem</span> <span class='ocrx_word' id='word_1_122' title='bbox 1095 1821 1511 1885; x_wconf 89' lang='lat' dir='ltr'>membrorum,</span> <span class='ocrx_word' id='word_1_123' title='bbox 1566 1821 1735 1874; x_wconf 88' lang='lat' dir='ltr'>vertit</span> <span class='ocrx_word' id='word_1_124' title='bbox 1776 1821 2037 1887; x_wconf 88' lang='lat' dir='ltr'>audaces,</span> <span class='ocrx_word' id='word_1_125' title='bbox 2073 1827 2135 1875; x_wconf 92' lang='lat' dir='ltr'>ut</span> 
     </span>
    </p>
   </div>
   <div class='ocr_carea' id='block_1_20' title="bbox 440 1908 2133 1980">
    <p class='ocr_par' dir='ltr' id='par_1_20' title="bbox 440 1908 2133 1980">
     <span class='ocr_line' id='line_1_20' title="bbox 440 1908 2133 1980; baseline 0.001 -19"><span class='ocrx_word' id='word_1_126' title='bbox 440 1908 519 1961; x_wconf 90' lang='lat' dir='ltr'>ita</span> <span class='ocrx_word' id='word_1_127' title='bbox 548 1909 753 1975; x_wconf 91' lang='lat' dir='ltr'>dicam,</span> <span class='ocrx_word' id='word_1_128' title='bbox 787 1910 857 1962; x_wconf 93' lang='lat' dir='ltr'>ad</span> <span class='ocrx_word' id='word_1_129' title='bbox 897 1910 1135 1962; x_wconf 90' lang='lat' dir='ltr'>cadaver</span> <span class='ocrx_word' id='word_1_130' title='bbox 1180 1908 1501 1962; x_wconf 88' lang='lat' dir='ltr'>venerabile</span> <span class='ocrx_word' id='word_1_131' title='bbox 1547 1925 1772 1970; x_wconf 90' lang='lat' dir='ltr'>manus,</span> <span class='ocrx_word' id='word_1_132' title='bbox 1796 1926 2133 1980; x_wconf 85' lang='lat' dir='ltr'>unguesque</span> 
     </span>
    </p>
   </div>
   <div class='ocr_carea' id='block_1_21' title="bbox 441 1997 2133 2068">
    <p class='ocr_par' dir='ltr' id='par_1_21' title="bbox 441 1997 2133 2068">
     <span class='ocr_line' id='line_1_21' title="bbox 441 1997 2133 2068; baseline 0.001 -19"><span class='ocrx_word' id='word_1_133' title='bbox 441 1997 750 2066; x_wconf 88' lang='lat' dir='ltr'>spiritualis</span> <span class='ocrx_word' id='word_1_134' title='bbox 783 1997 946 2051; x_wconf 86' lang='lat' dir='ltr'>vituli</span> <span class='ocrx_word' id='word_1_135' title='bbox 989 2013 1203 2051; x_wconf 90' lang='lat' dir='ltr'>cornua</span> <span class='ocrx_word' id='word_1_136' title='bbox 1251 1997 1622 2066; x_wconf 89' lang='lat' dir='ltr'>producentis</span> <span class='ocrx_word' id='word_1_137' title='bbox 1665 2003 1721 2051; x_wconf 89' lang='lat' dir='ltr'>et</span> <span class='ocrx_word' id='word_1_138' title='bbox 1770 2000 2015 2068; x_wconf 87' lang='lat' dir='ltr'>ungulas</span> <span class='ocrx_word' id='word_1_139' title='bbox 2045 2014 2133 2051; x_wconf 88' lang='lat' dir='ltr'>se-</span> 
     </span>
    </p>
   </div>
   <div class='ocr_carea' id='block_1_22' title="bbox 440 2085 2135 2156">
    <p class='ocr_par' dir='ltr' id='par_1_22' title="bbox 440 2085 2135 2156">
     <span class='ocr_line' id='line_1_22' title="bbox 440 2085 2135 2156; baseline 0.001 -17"><span class='ocrx_word' id='word_1_140' title='bbox 440 2085 573 2139; x_wconf 87' lang='lat' dir='ltr'>cuit.</span> <span class='ocrx_word' id='word_1_141' title='bbox 611 2085 746 2149; x_wconf 77' lang='lat' dir='ltr'>Qme</span> <span class='ocrx_word' id='word_1_142' title='bbox 780 2090 908 2156; x_wconf 90' lang='lat' dir='ltr'>post</span> <span class='ocrx_word' id='word_1_143' title='bbox 936 2085 1155 2139; x_wconf 90' lang='lat' dir='ltr'>obitum</span> <span class='ocrx_word' id='word_1_144' title='bbox 1200 2085 1353 2138; x_wconf 91' lang='lat' dir='ltr'>illius</span> <span class='ocrx_word' id='word_1_145' title='bbox 1400 2090 1597 2139; x_wconf 90' lang='lat' dir='ltr'>contra</span> <span class='ocrx_word' id='word_1_146' title='bbox 1628 2091 1893 2139; x_wconf 90' lang='lat' dir='ltr'>naturam</span> <span class='ocrx_word' id='word_1_147' title='bbox 1925 2086 2006 2139; x_wconf 91' lang='lat' dir='ltr'>ita</span> <span class='ocrx_word' id='word_1_148' title='bbox 2033 2102 2135 2140; x_wconf 81' lang='lat' dir='ltr'>ex-</span> 
     </span>
    </p>
   </div>
   <div class='ocr_carea' id='block_1_23' title="bbox 440 2174 2133 2245">
    <p class='ocr_par' dir='ltr' id='par_1_23' title="bbox 440 2174 2133 2245">
     <span class='ocr_line' id='line_1_23' title="bbox 440 2174 2133 2245; baseline 0.001 -18"><span class='ocrx_word' id='word_1_149' title='bbox 440 2178 753 2240; x_wconf 87' lang='lat' dir='ltr'>creverant,</span> <span class='ocrx_word' id='word_1_150' title='bbox 788 2179 851 2227; x_wconf 88' lang='lat' dir='ltr'>ut</span> <span class='ocrx_word' id='word_1_151' title='bbox 878 2174 1050 2228; x_wconf 89' lang='lat' dir='ltr'>etiam</span> <span class='ocrx_word' id='word_1_152' title='bbox 1093 2174 1344 2228; x_wconf 84' lang='lat' dir='ltr'>manicas</span> <span class='ocrx_word' id='word_1_153' title='bbox 1379 2190 1654 2227; x_wconf 85' lang='lat' dir='ltr'>manuum</span> <span class='ocrx_word' id='word_1_154' title='bbox 1689 2176 1813 2245; x_wconf 86' lang='lat' dir='ltr'>ejus</span> <span class='ocrx_word' id='word_1_155' title='bbox 1844 2182 2133 2229; x_wconf 90' lang='lat' dir='ltr'>cremento</span> 
     </span>
    </p>
   </div>
   <div class='ocr_carea' id='block_1_24' title="bbox 440 2262 2134 2332">
    <p class='ocr_par' dir='ltr' id='par_1_24' title="bbox 440 2262 2134 2332">
     <span class='ocr_line' id='line_1_24' title="bbox 440 2262 2134 2332; baseline 0.001 -17"><span class='ocrx_word' id='word_1_156' title='bbox 440 2278 542 2316; x_wconf 90' lang='lat' dir='ltr'>suo</span> <span class='ocrx_word' id='word_1_157' title='bbox 572 2267 957 2332; x_wconf 88' lang='lat' dir='ltr'>penetrarent.</span> <span class='ocrx_word' id='word_1_158' title='bbox 1012 2264 1245 2316; x_wconf 89' lang='lat' dir='ltr'>Necnon</span> <span class='ocrx_word' id='word_1_159' title='bbox 1290 2266 1345 2315; x_wconf 91' lang='lat' dir='ltr'>et</span> <span class='ocrx_word' id='word_1_160' title='bbox 1395 2262 1631 2315; x_wconf 83' lang='lat' dir='ltr'>barbam</span> <span class='ocrx_word' id='word_1_161' title='bbox 1673 2262 1979 2332; x_wconf 87' lang='lat' dir='ltr'>pontiﬁcis,</span> <span class='ocrx_word' id='word_1_162' title='bbox 2029 2279 2134 2316; x_wconf 87' lang='lat' dir='ltr'>no-</span> 
     </span>
    </p>
   </div>
   <div class='ocr_carea' id='block_1_25' title="bbox 442 2349 2136 2421">
    <p class='ocr_par' dir='ltr' id='par_1_25' title="bbox 442 2349 2136 2421">
     <span class='ocr_line' id='line_1_25' title="bbox 442 2349 2136 2421; baseline 0.002 -19"><span class='ocrx_word' id='word_1_163' title='bbox 442 2349 545 2402; x_wconf 89' lang='lat' dir='ltr'>stri</span> <span class='ocrx_word' id='word_1_164' title='bbox 602 2350 816 2403; x_wconf 90' lang='lat' dir='ltr'>scilicet</span> <span class='ocrx_word' id='word_1_165' title='bbox 861 2350 1121 2414; x_wconf 86' lang='lat' dir='ltr'>Aaronis,</span> <span class='ocrx_word' id='word_1_166' title='bbox 1169 2355 1297 2420; x_wconf 90' lang='lat' dir='ltr'>post</span> <span class='ocrx_word' id='word_1_167' title='bbox 1347 2352 1700 2421; x_wconf 87' lang='lat' dir='ltr'>sepulturam</span> <span class='ocrx_word' id='word_1_168' title='bbox 1746 2352 1899 2404; x_wconf 90' lang='lat' dir='ltr'>illius</span> <span class='ocrx_word' id='word_1_169' title='bbox 1951 2368 2136 2405; x_wconf 89' lang='lat' dir='ltr'>recre-</span> 
     </span>
    </p>
   </div>
   <div class='ocr_carea' id='block_1_26' title="bbox 443 2436 986 2489">
    <p class='ocr_par' dir='ltr' id='par_1_26' title="bbox 443 2436 986 2489">
     <span class='ocr_line' id='line_1_26' title="bbox 443 2436 986 2489; baseline 0.004 -2"><span class='ocrx_word' id='word_1_170' title='bbox 443 2440 693 2488; x_wconf 89' lang='lat' dir='ltr'>scentem</span> <span class='ocrx_word' id='word_1_171' title='bbox 724 2436 986 2489; x_wconf 88' lang='lat' dir='ltr'>totondit.</span> 
     </span>
    </p>
   </div>
   <div class='ocr_carea' id='block_1_27' title="bbox 514 2524 2137 2595">
    <p class='ocr_par' dir='ltr' id='par_1_27' title="bbox 514 2524 2137 2595">
     <span class='ocr_line' id='line_1_27' title="bbox 514 2524 2137 2595; baseline 0.001 -18"><span class='ocrx_word' id='word_1_172' title='bbox 514 2525 643 2577; x_wconf 68' lang='lat' dir='ltr'>Haec</span> <span class='ocrx_word' id='word_1_173' title='bbox 668 2540 799 2577; x_wconf 88' lang='lat' dir='ltr'>vero</span> <span class='ocrx_word' id='word_1_174' title='bbox 832 2525 1025 2577; x_wconf 89' lang='lat' dir='ltr'>omnia</span> <span class='ocrx_word' id='word_1_175' title='bbox 1068 2524 1177 2577; x_wconf 87' lang='lat' dir='ltr'>sibi</span> <span class='ocrx_word' id='word_1_176' title='bbox 1224 2540 1450 2578; x_wconf 85' lang='lat' dir='ltr'>summo</span> <span class='ocrx_word' id='word_1_177' title='bbox 1501 2525 1816 2579; x_wconf 86' lang='lat' dir='ltr'>devotionis</span> <span class='ocrx_word' id='word_1_178' title='bbox 1860 2525 2137 2595; x_wconf 92' lang='lat' dir='ltr'>obsequio</span> 
     </span>
    </p>
   </div>
   <div class='ocr_carea' id='block_1_28' title="bbox 439 2612 2135 2683">
    <p class='ocr_par' dir='ltr' id='par_1_28' title="bbox 439 2612 2135 2683">
     <span class='ocr_line' id='line_1_28' title="bbox 439 2612 2135 2683; baseline 0.002 -19"><span class='ocrx_word' id='word_1_179' title='bbox 439 2612 770 2675; x_wconf 86' lang='lat' dir='ltr'>recondens,</span> <span class='ocrx_word' id='word_1_180' title='bbox 820 2629 923 2665; x_wconf 91' lang='lat' dir='ltr'>nec</span> <span class='ocrx_word' id='word_1_181' title='bbox 960 2612 1065 2666; x_wconf 89' lang='lat' dir='ltr'>sibi</span> <span class='ocrx_word' id='word_1_182' title='bbox 1124 2618 1317 2667; x_wconf 87' lang='lat' dir='ltr'>tamen</span> <span class='ocrx_word' id='word_1_183' title='bbox 1358 2613 1587 2683; x_wconf 72' lang='lat' dir='ltr'>suisque</span> <span class='ocrx_word' id='word_1_184' title='bbox 1635 2614 1929 2667; x_wconf 91' lang='lat' dir='ltr'>desideriis</span> <span class='ocrx_word' id='word_1_185' title='bbox 1983 2614 2135 2667; x_wconf 78' lang='lat' dir='ltr'>suffi-</span> 
     </span>
    </p>
   </div>
   <div class='ocr_carea' id='block_1_29' title="bbox 441 2700 2136 2772">
    <p class='ocr_par' dir='ltr' id='par_1_29' title="bbox 441 2700 2136 2772">
     <span class='ocr_line' id='line_1_29' title="bbox 441 2700 2136 2772; baseline 0.002 -20"><span class='ocrx_word' id='word_1_186' title='bbox 441 2715 566 2752; x_wconf 89' lang='lat' dir='ltr'>cere</span> <span class='ocrx_word' id='word_1_187' title='bbox 595 2700 855 2767; x_wconf 89' lang='lat' dir='ltr'>credens,</span> <span class='ocrx_word' id='word_1_188' title='bbox 890 2701 959 2755; x_wconf 92' lang='lat' dir='ltr'>ad</span> <span class='ocrx_word' id='word_1_189' title='bbox 1008 2717 1069 2753; x_wconf 87' lang='lat' dir='ltr'>os</span> <span class='ocrx_word' id='word_1_190' title='bbox 1101 2700 1547 2754; x_wconf 85' lang='lat' dir='ltr'>sacratissimum</span> <span class='ocrx_word' id='word_1_191' title='bbox 1597 2718 1700 2771; x_wconf 91' lang='lat' dir='ltr'>per</span> <span class='ocrx_word' id='word_1_192' title='bbox 1736 2703 1885 2772; x_wconf 89' lang='lat' dir='ltr'>quod</span> <span class='ocrx_word' id='word_1_193' title='bbox 1928 2702 2136 2756; x_wconf 69' lang='lat' dir='ltr'>divinas</span> 
     </span>
    </p>
   </div>
   <div class='ocr_carea' id='block_1_30' title="bbox 438 2788 2134 2859">
    <p class='ocr_par' dir='ltr' id='par_1_30' title="bbox 438 2788 2134 2859">
     <span class='ocr_line' id='line_1_30' title="bbox 438 2788 2134 2859; baseline 0.002 -19"><span class='ocrx_word' id='word_1_194' title='bbox 438 2788 639 2857; x_wconf 88' lang='lat' dir='ltr'>pietati</span> <span class='ocrx_word' id='word_1_195' title='bbox 677 2788 888 2842; x_wconf 67' lang='lat' dir='ltr'>crebre:</span> <span class='ocrx_word' id='word_1_196' title='bbox 935 2788 1262 2843; x_wconf 88' lang='lat' dir='ltr'>orationum</span> <span class='ocrx_word' id='word_1_197' title='bbox 1313 2804 1509 2859; x_wconf 89' lang='lat' dir='ltr'>preces</span> <span class='ocrx_word' id='word_1_198' title='bbox 1562 2790 1791 2843; x_wconf 78' lang='lat' dir='ltr'>fuerant</span> <span class='ocrx_word' id='word_1_199' title='bbox 1848 2789 2010 2859; x_wconf 78' lang='lat' dir='ltr'>fusae,</span> <span class='ocrx_word' id='word_1_200' title='bbox 2070 2807 2134 2844; x_wconf 89' lang='lat' dir='ltr'>ac</span> 
     </span>
    </p>
   </div>
   <div class='ocr_carea' id='block_1_31' title="bbox 440 2875 2135 2946">
    <p class='ocr_par' dir='ltr' id='par_1_31' title="bbox 440 2875 2135 2946">
     <span class='ocr_line' id='line_1_31' title="bbox 440 2875 2135 2946; baseline 0.002 -19"><span class='ocrx_word' id='word_1_201' title='bbox 440 2875 611 2928; x_wconf 90' lang='lat' dir='ltr'>variis</span> <span class='ocrx_word' id='word_1_202' title='bbox 666 2876 895 2946; x_wconf 84' lang='lat' dir='ltr'>populis</span> <span class='ocrx_word' id='word_1_203' title='bbox 958 2876 1286 2946; x_wconf 86' lang='lat' dir='ltr'>frequentes</span> <span class='ocrx_word' id='word_1_204' title='bbox 1362 2876 1801 2945; x_wconf 59' lang='lat' dir='ltr'>praedicationes</span> <span class='ocrx_word' id='word_1_205' title='bbox 1884 2878 2135 2945; x_wconf 64' lang='lat' dir='ltr'>directas,</span> 
     </span>
    </p>
   </div>
   <div class='ocr_carea' id='block_1_32' title="bbox 444 2964 2134 3035">
    <p class='ocr_par' dir='ltr' id='par_1_32' title="bbox 444 2964 2134 3035">
     <span class='ocr_line' id='line_1_32' title="bbox 444 2964 2134 3035; baseline 0.002 -18"><span class='ocrx_word' id='word_1_206' title='bbox 444 2980 613 3018; x_wconf 90' lang='lat' dir='ltr'>ausus</span> <span class='ocrx_word' id='word_1_207' title='bbox 642 2968 727 3018; x_wconf 89' lang='lat' dir='ltr'>est</span> <span class='ocrx_word' id='word_1_208' title='bbox 756 2981 990 3018; x_wconf 88' lang='lat' dir='ltr'>manum</span> <span class='ocrx_word' id='word_1_209' title='bbox 1024 2965 1186 3018; x_wconf 88' lang='lat' dir='ltr'>mitte</span> <span class='ocrx_word' id='word_1_210' title='bbox 1202 2981 1286 3032; x_wconf 88' lang='lat' dir='ltr'>re,</span> <span class='ocrx_word' id='word_1_211' title='bbox 1318 2971 1491 3035; x_wconf 89' lang='lat' dir='ltr'>atque</span> <span class='ocrx_word' id='word_1_212' title='bbox 1522 2964 1569 3017; x_wconf 89' lang='lat' dir='ltr'>si</span> <span class='ocrx_word' id='word_1_213' title='bbox 1602 2966 1853 3035; x_wconf 86' lang='lat' dir='ltr'>aliquem</span> <span class='ocrx_word' id='word_1_214' title='bbox 1896 2968 1963 3020; x_wconf 84' lang='lat' dir='ltr'>de</span> <span class='ocrx_word' id='word_1_215' title='bbox 1996 2967 2134 3020; x_wconf 88' lang='lat' dir='ltr'>den-</span> 
     </span>
    </p>
   </div>
   <div class='ocr_carea' id='block_1_33' title="bbox 442 3053 2135 3123">
    <p class='ocr_par' dir='ltr' id='par_1_33' title="bbox 442 3053 2135 3123">
     <span class='ocr_line' id='line_1_33' title="bbox 442 3053 2135 3123; baseline 0.002 -17"><span class='ocrx_word' id='word_1_216' title='bbox 442 3054 593 3107; x_wconf 89' lang='lat' dir='ltr'>tibus</span> <span class='ocrx_word' id='word_1_217' title='bbox 626 3053 782 3107; x_wconf 88' lang='lat' dir='ltr'>illius</span> <span class='ocrx_word' id='word_1_218' title='bbox 830 3059 1021 3123; x_wconf 90' lang='lat' dir='ltr'>posset</span> <span class='ocrx_word' id='word_1_219' title='bbox 1068 3054 1335 3121; x_wconf 83' lang='lat' dir='ltr'>eximere,</span> <span class='ocrx_word' id='word_1_220' title='bbox 1380 3054 1598 3107; x_wconf 89' lang='lat' dir='ltr'>studuit</span> <span class='ocrx_word' id='word_1_221' title='bbox 1637 3060 1983 3123; x_wconf 82' lang='lat' dir='ltr'>pertentare.</span> <span class='ocrx_word' id='word_1_222' title='bbox 2026 3056 2135 3110; x_wconf 90' lang='lat' dir='ltr'>Sed</span> 
     </span>
    </p>
   </div>
   <div class='ocr_carea' id='block_1_34' title="bbox 443 3142 2137 3214">
    <p class='ocr_par' dir='ltr' id='par_1_34' title="bbox 443 3142 2137 3214">
     <span class='ocr_line' id='line_1_34' title="bbox 443 3142 2137 3214; baseline 0.001 -19"><span class='ocrx_word' id='word_1_223' title='bbox 443 3147 501 3195; x_wconf 90' lang='lat' dir='ltr'>et</span> <span class='ocrx_word' id='word_1_224' title='bbox 525 3158 651 3196; x_wconf 89' lang='lat' dir='ltr'>cum</span> <span class='ocrx_word' id='word_1_225' title='bbox 684 3142 793 3195; x_wconf 88' lang='lat' dir='ltr'>hoc</span> <span class='ocrx_word' id='word_1_226' title='bbox 822 3158 923 3211; x_wconf 90' lang='lat' dir='ltr'>pro</span> <span class='ocrx_word' id='word_1_227' title='bbox 960 3144 1293 3196; x_wconf 90' lang='lat' dir='ltr'>eorumdem</span> <span class='ocrx_word' id='word_1_228' title='bbox 1334 3142 1604 3196; x_wconf 86' lang='lat' dir='ltr'>ﬁrmitate</span> <span class='ocrx_word' id='word_1_229' title='bbox 1629 3144 1929 3214; x_wconf 74' lang='lat' dir='ltr'>nequierat</span> <span class='ocrx_word' id='word_1_230' title='bbox 1962 3145 2137 3213; x_wconf 85' lang='lat' dir='ltr'>perﬁ—</span> 
     </span>
    </p>
   </div>
   <div class='ocr_carea' id='block_1_35' title="bbox 443 3230 2137 3302">
    <p class='ocr_par' dir='ltr' id='par_1_35' title="bbox 443 3230 2137 3302">
     <span class='ocr_line' id='line_1_35' title="bbox 443 3230 2137 3302; baseline 0.002 -19"><span class='ocrx_word' id='word_1_231' title='bbox 443 3245 592 3295; x_wconf 89' lang='lat' dir='ltr'>cere,</span> <span class='ocrx_word' id='word_1_232' title='bbox 650 3230 838 3282; x_wconf 85' lang='lat' dir='ltr'>fabrili</span> <span class='ocrx_word' id='word_1_233' title='bbox 890 3230 1295 3296; x_wconf 91' lang='lat' dir='ltr'>instrumento,</span> <span class='ocrx_word' id='word_1_234' title='bbox 1364 3231 1547 3283; x_wconf 90' lang='lat' dir='ltr'>tenaci</span> <span class='ocrx_word' id='word_1_235' title='bbox 1609 3231 1870 3285; x_wconf 89' lang='lat' dir='ltr'>videlicet</span> <span class='ocrx_word' id='word_1_236' title='bbox 1922 3232 2137 3302; x_wconf 85' lang='lat' dir='ltr'>forcipe</span> 
     </span>
    </p>
   </div>
   <div class='ocr_carea' id='block_1_36' title="bbox 442 3318 2136 3388">
    <p class='ocr_par' dir='ltr' id='par_1_36' title="bbox 442 3318 2136 3388">
     <span class='ocr_line' id='line_1_36' title="bbox 442 3318 2136 3388; baseline 0.002 -18"><span class='ocrx_word' id='word_1_237' title='bbox 442 3334 600 3383; x_wconf 92' lang='lat' dir='ltr'>usus,</span> <span class='ocrx_word' id='word_1_238' title='bbox 632 3318 701 3372; x_wconf 92' lang='lat' dir='ltr'>de</span> <span class='ocrx_word' id='word_1_239' title='bbox 728 3318 974 3388; x_wconf 86' lang='lat' dir='ltr'>gingivis</span> <span class='ocrx_word' id='word_1_240' title='bbox 1000 3318 1369 3388; x_wconf 89' lang='lat' dir='ltr'>pulcherrimi</span> <span class='ocrx_word' id='word_1_241' title='bbox 1391 3320 1505 3372; x_wconf 90' lang='lat' dir='ltr'>oris</span> <span class='ocrx_word' id='word_1_242' title='bbox 1530 3320 1675 3373; x_wconf 90' lang='lat' dir='ltr'>duos</span> <span class='ocrx_word' id='word_1_243' title='bbox 1697 3321 1899 3374; x_wconf 89' lang='lat' dir='ltr'>dentes</span> <span class='ocrx_word' id='word_1_244' title='bbox 1923 3321 2136 3383; x_wconf 84' lang='lat' dir='ltr'>eduxit,</span> 
     </span>
    </p>
   </div>
   <div class='ocr_carea' id='block_1_37' title="bbox 444 3405 2136 3479">
    <p class='ocr_par' dir='ltr' id='par_1_37' title="bbox 444 3405 2136 3479">
     <span class='ocr_line' id='line_1_37' title="bbox 444 3405 2136 3479; baseline 0.002 -21"><span class='ocrx_word' id='word_1_245' title='bbox 444 3405 761 3459; x_wconf 90' lang='lat' dir='ltr'>rubicundo</span> <span class='ocrx_word' id='word_1_246' title='bbox 812 3406 1006 3473; x_wconf 91' lang='lat' dir='ltr'>ebore,</span> <span class='ocrx_word' id='word_1_247' title='bbox 1053 3413 1114 3460; x_wconf 91' lang='lat' dir='ltr'>ut</span> <span class='ocrx_word' id='word_1_248' title='bbox 1154 3408 1309 3460; x_wconf 87' lang='lat' dir='ltr'>credi</span> <span class='ocrx_word' id='word_1_249' title='bbox 1371 3407 1550 3473; x_wconf 90' lang='lat' dir='ltr'>decet,</span> <span class='ocrx_word' id='word_1_250' title='bbox 1601 3424 1663 3461; x_wconf 91' lang='lat' dir='ltr'>ac</span> <span class='ocrx_word' id='word_1_251' title='bbox 1719 3409 1956 3479; x_wconf 90' lang='lat' dir='ltr'>antiquo</span> <span class='ocrx_word' id='word_1_252' title='bbox 2003 3426 2136 3479; x_wconf 56' lang='lat' dir='ltr'>sap-</span> 
     </span>
    </p>
   </div>
   <div class='ocr_carea' id='block_1_38' title="bbox 445 3494 2139 3567">
    <p class='ocr_par' dir='ltr' id='par_1_38' title="bbox 445 3494 2139 3567">
     <span class='ocr_line' id='line_1_38' title="bbox 445 3494 2139 3567; baseline 0.002 -20"><span class='ocrx_word' id='word_1_253' title='bbox 445 3494 612 3564; x_wconf 89' lang='lat' dir='ltr'>phiro</span> <span class='ocrx_word' id='word_1_254' title='bbox 676 3494 1062 3563; x_wconf 88' lang='lat' dir='ltr'>pretiosiores.</span> <span class='ocrx_word' id='word_1_255' title='bbox 1122 3496 1324 3548; x_wconf 83' lang='lat' dir='ltr'>Mirum</span> <span class='ocrx_word' id='word_1_256' title='bbox 1385 3495 1536 3547; x_wconf 91' lang='lat' dir='ltr'>dictu</span> <span class='ocrx_word' id='word_1_257' title='bbox 1596 3496 1825 3550; x_wconf 82' lang='lat' dir='ltr'>fidelem</span> <span class='ocrx_word' id='word_1_258' title='bbox 1877 3513 2139 3567; x_wconf 66' lang='lat' dir='ltr'>quaerens</span> 
     </span>
    </p>
   </div>
   <div class='ocr_carea' id='block_1_39' title="bbox 447 3580 2137 3651">
    <p class='ocr_par' dir='ltr' id='par_1_39' title="bbox 447 3580 2137 3651">
     <span class='ocr_line' id='line_1_39' title="bbox 447 3580 2137 3651; baseline 0.004 -19"><span class='ocrx_word' id='word_1_259' title='bbox 447 3580 789 3647; x_wconf 89' lang='lat' dir='ltr'>auditorem,</span> <span class='ocrx_word' id='word_1_260' title='bbox 824 3583 977 3651; x_wconf 87' lang='lat' dir='ltr'>quod</span> <span class='ocrx_word' id='word_1_261' title='bbox 1012 3590 1210 3636; x_wconf 90' lang='lat' dir='ltr'>contra</span> <span class='ocrx_word' id='word_1_262' title='bbox 1254 3588 1521 3637; x_wconf 90' lang='lat' dir='ltr'>naturam</span> <span class='ocrx_word' id='word_1_263' title='bbox 1552 3583 1667 3636; x_wconf 90' lang='lat' dir='ltr'>est!</span> <span class='ocrx_word' id='word_1_264' title='bbox 1718 3585 1927 3637; x_wconf 89' lang='lat' dir='ltr'>mortui</span> <span class='ocrx_word' id='word_1_265' title='bbox 1966 3586 2137 3639; x_wconf 88' lang='lat' dir='ltr'>cada-</span> 
     </span>
    </p>
   </div>
   <div class='ocr_carea' id='block_1_40' title="bbox 446 3666 2136 3735">
    <p class='ocr_par' dir='ltr' id='par_1_40' title="bbox 446 3666 2136 3735">
     <span class='ocr_line' id='line_1_40' title="bbox 446 3666 2136 3735; baseline 0.005 -17"><span class='ocrx_word' id='word_1_266' title='bbox 446 3666 595 3720; x_wconf 85' lang='lat' dir='ltr'>veris</span> <span class='ocrx_word' id='word_1_267' title='bbox 643 3669 712 3721; x_wconf 91' lang='lat' dir='ltr'>de</span> <span class='ocrx_word' id='word_1_268' title='bbox 759 3669 1025 3723; x_wconf 89' lang='lat' dir='ltr'>dentibus</span> <span class='ocrx_word' id='word_1_269' title='bbox 1073 3670 1287 3724; x_wconf 90' lang='lat' dir='ltr'>eductis</span> <span class='ocrx_word' id='word_1_270' title='bbox 1344 3672 1508 3725; x_wconf 68' lang='lat' dir='ltr'>stillm</span> <span class='ocrx_word' id='word_1_271' title='bbox 1564 3672 1854 3725; x_wconf 78' lang='lat' dir='ltr'>fluxerunt</span> <span class='ocrx_word' id='word_1_272' title='bbox 1898 3674 2136 3735; x_wconf 89' lang='lat' dir='ltr'>cruoris,</span> 
     </span>
    </p>
   </div>
   <div class='ocr_carea' id='block_1_41' title="bbox 448 3754 2141 3829">
    <p class='ocr_par' dir='ltr' id='par_1_41' title="bbox 448 3754 2141 3829">
     <span class='ocr_line' id='line_1_41' title="bbox 448 3754 2141 3829; baseline 0.004 -21"><span class='ocrx_word' id='word_1_273' title='bbox 448 3754 733 3825; x_wconf 90' lang='lat' dir='ltr'>hujusque</span> <span class='ocrx_word' id='word_1_274' title='bbox 754 3759 1116 3812; x_wconf 90' lang='lat' dir='ltr'>monumenti</span> <span class='ocrx_word' id='word_1_275' title='bbox 1140 3775 1319 3829; x_wconf 91' lang='lat' dir='ltr'>usque</span> <span class='ocrx_word' id='word_1_276' title='bbox 1341 3759 1399 3813; x_wconf 92' lang='lat' dir='ltr'>in</span> <span class='ocrx_word' id='word_1_277' title='bbox 1421 3760 1571 3813; x_wconf 92' lang='lat' dir='ltr'>diem</span> <span class='ocrx_word' id='word_1_278' title='bbox 1604 3760 1942 3814; x_wconf 91' lang='lat' dir='ltr'>hodiernum</span> <span class='ocrx_word' id='word_1_279' title='bbox 1981 3763 2141 3816; x_wconf 89' lang='lat' dir='ltr'>testi-</span> 
     </span>
    </p>
   </div>
   <div class='ocr_carea' id='block_1_42' title="bbox 448 3844 2141 3921">
    <p class='ocr_par' dir='ltr' id='par_1_42' title="bbox 448 3844 2141 3921">
     <span class='ocr_line' id='line_1_42' title="bbox 448 3844 2141 3921; baseline 0.004 -24"><span class='ocrx_word' id='word_1_280' title='bbox 448 3844 711 3898; x_wconf 89' lang='lat' dir='ltr'>monium</span> <span class='ocrx_word' id='word_1_281' title='bbox 759 3862 952 3899; x_wconf 90' lang='lat' dir='ltr'>acerra</span> <span class='ocrx_word' id='word_1_282' title='bbox 1000 3848 1219 3916; x_wconf 63' lang='lat' dir='ltr'>praebet</span> <span class='ocrx_word' id='word_1_283' title='bbox 1265 3849 1494 3912; x_wconf 90' lang='lat' dir='ltr'>eborea,</span> <span class='ocrx_word' id='word_1_284' title='bbox 1543 3849 1729 3902; x_wconf 90' lang='lat' dir='ltr'>adhuc</span> <span class='ocrx_word' id='word_1_285' title='bbox 1785 3850 1987 3904; x_wconf 92' lang='lat' dir='ltr'>eodem</span> <span class='ocrx_word' id='word_1_286' title='bbox 2028 3868 2141 3921; x_wconf 93' lang='lat' dir='ltr'>quo</span> 
     </span>
    </p>
   </div>
   <div class='ocr_carea' id='block_1_43' title="bbox 448 3931 2141 4005">
    <p class='ocr_par' dir='ltr' id='par_1_43' title="bbox 448 3931 2141 4005">
     <span class='ocr_line' id='line_1_43' title="bbox 448 3931 2141 4005; baseline 0.004 -21"><span class='ocrx_word' id='word_1_287' title='bbox 448 3931 640 3985; x_wconf 90' lang='lat' dir='ltr'>infusa</span> <span class='ocrx_word' id='word_1_288' title='bbox 680 3933 865 3987; x_wconf 89' lang='lat' dir='ltr'>fuerat</span> <span class='ocrx_word' id='word_1_289' title='bbox 903 3935 1204 4005; x_wconf 90' lang='lat' dir='ltr'>sanguine,</span> <span class='ocrx_word' id='word_1_290' title='bbox 1242 3952 1368 3989; x_wconf 90' lang='lat' dir='ltr'>cum</span> <span class='ocrx_word' id='word_1_291' title='bbox 1410 3936 1489 3989; x_wconf 92' lang='lat' dir='ltr'>ibi</span> <span class='ocrx_word' id='word_1_292' title='bbox 1522 3937 1785 3991; x_wconf 88' lang='lat' dir='ltr'>servandi</span> <span class='ocrx_word' id='word_1_293' title='bbox 1839 3938 2141 3993; x_wconf 88' lang='lat' dir='ltr'>mitteren-</span> 
     </span>
    </p>
   </div>
   <div class='ocr_carea' id='block_1_44' title="bbox 449 4021 1549 4090">
    <p class='ocr_par' dir='ltr' id='par_1_44' title="bbox 449 4021 1549 4090">
     <span class='ocr_line' id='line_1_44' title="bbox 449 4021 1549 4090; baseline 0.004 -16"><span class='ocrx_word' id='word_1_294' title='bbox 449 4024 563 4087; x_wconf 88' lang='lat' dir='ltr'>tur,</span> <span class='ocrx_word' id='word_1_295' title='bbox 598 4021 856 4076; x_wconf 89' lang='lat' dir='ltr'>mirabile</span> <span class='ocrx_word' id='word_1_296' title='bbox 881 4022 1062 4076; x_wconf 84' lang='lat' dir='ltr'>dictu!</span> <span class='ocrx_word' id='word_1_297' title='bbox 1097 4027 1413 4090; x_wconf 90' lang='lat' dir='ltr'>cruentata,</span> <span class='ocrx_word' id='word_1_298' title='bbox 1446 4030 1549 4079; x_wconf 88' lang='lat' dir='ltr'>etc.</span> 
     </span>
    </p>
   </div>
   <div class='ocr_carea' id='block_1_45' title="bbox 520 4110 2140 4184">
    <p class='ocr_par' dir='ltr' id='par_1_45' title="bbox 520 4110 2140 4184">
     <span class='ocr_line' id='line_1_45' title="bbox 520 4110 2140 4184; baseline 0.003 -21"><span class='ocrx_word' id='word_1_299' title='bbox 520 4110 705 4180; x_wconf 89' lang='lat' dir='ltr'>Igitur</span> <span class='ocrx_word' id='word_1_300' title='bbox 729 4111 946 4165; x_wconf 90' lang='lat' dir='ltr'>ablatas</span> <span class='ocrx_word' id='word_1_301' title='bbox 974 4112 1043 4165; x_wconf 93' lang='lat' dir='ltr'>de</span> <span class='ocrx_word' id='word_1_302' title='bbox 1082 4128 1319 4181; x_wconf 92' lang='lat' dir='ltr'>corpore</span> <span class='ocrx_word' id='word_1_303' title='bbox 1368 4113 1474 4165; x_wconf 88' lang='lat' dir='ltr'>viri</span> <span class='ocrx_word' id='word_1_304' title='bbox 1523 4113 1618 4167; x_wconf 90' lang='lat' dir='ltr'>Dei</span> <span class='ocrx_word' id='word_1_305' title='bbox 1652 4114 1895 4168; x_wconf 84' lang='lat' dir='ltr'>Amandi</span> <span class='ocrx_word' id='word_1_306' title='bbox 1940 4131 2140 4184; x_wconf 89' lang='lat' dir='ltr'>supra-</span> 
     </span>
    </p>
   </div>
   <div class='ocr_carea' id='block_1_46' title="bbox 453 4200 2141 4270">
    <p class='ocr_par' dir='ltr' id='par_1_46' title="bbox 453 4200 2141 4270">
     <span class='ocr_line' id='line_1_46' title="bbox 453 4200 2141 4270; baseline 0.004 -19"><span class='ocrx_word' id='word_1_307' title='bbox 453 4205 798 4269; x_wconf 83' lang='lat' dir='ltr'>memoratas</span> <span class='ocrx_word' id='word_1_308' title='bbox 864 4200 1135 4270; x_wconf 86' lang='lat' dir='ltr'>reliquias</span> <span class='ocrx_word' id='word_1_309' title='bbox 1193 4217 1444 4270; x_wconf 89' lang='lat' dir='ltr'>congruo</span> <span class='ocrx_word' id='word_1_310' title='bbox 1494 4201 1618 4254; x_wconf 93' lang='lat' dir='ltr'>loco</span> <span class='ocrx_word' id='word_1_311' title='bbox 1680 4202 1869 4255; x_wconf 90' lang='lat' dir='ltr'>debito</span> <span class='ocrx_word' id='word_1_312' title='bbox 1925 4203 2141 4257; x_wconf 91' lang='lat' dir='ltr'>honore</span> 
     </span>
    </p>
   </div>
   <div class='ocr_carea' id='block_1_47' title="bbox 2241 495 3907 566">
    <p class='ocr_par' dir='ltr' id='par_1_47' title="bbox 2241 495 3907 566">
     <span class='ocr_line' id='line_1_47' title="bbox 2241 495 3907 566; baseline 0.001 -18"><span class='ocrx_word' id='word_1_313' title='bbox 2241 495 2552 549; x_wconf 89' lang='lat' dir='ltr'>mentarios</span> <span class='ocrx_word' id='word_1_314' title='bbox 2606 495 2889 561; x_wconf 87' lang='lat' dir='ltr'>adhibuit,</span> <span class='ocrx_word' id='word_1_315' title='bbox 2928 495 3152 565; x_wconf 91' lang='lat' dir='ltr'>aliaque</span> <span class='ocrx_word' id='word_1_316' title='bbox 3193 498 3483 566; x_wconf 89' lang='lat' dir='ltr'>perplura,</span> <span class='ocrx_word' id='word_1_317' title='bbox 3530 513 3657 566; x_wconf 74' lang='lat' dir='ltr'>qua:</span> <span class='ocrx_word' id='word_1_318' title='bbox 3703 498 3772 551; x_wconf 91' lang='lat' dir='ltr'>ad</span> <span class='ocrx_word' id='word_1_319' title='bbox 3814 498 3907 550; x_wconf 89' lang='lat' dir='ltr'>hoc</span> 
     </span>
    </p>
   </div>
   <div class='ocr_carea' id='block_1_48' title="bbox 2240 584 3911 656">
    <p class='ocr_par' dir='ltr' id='par_1_48' title="bbox 2240 584 3911 656">
     <span class='ocr_line' id='line_1_48' title="bbox 2240 584 3911 656; baseline 0.001 -19"><span class='ocrx_word' id='word_1_320' title='bbox 2240 600 2382 653; x_wconf 91' lang='lat' dir='ltr'>opus</span> <span class='ocrx_word' id='word_1_321' title='bbox 2404 590 2535 654; x_wconf 90' lang='lat' dir='ltr'>apta</span> <span class='ocrx_word' id='word_1_322' title='bbox 2561 584 2920 652; x_wconf 88' lang='lat' dir='ltr'>videbantur,</span> <span class='ocrx_word' id='word_1_323' title='bbox 2942 584 3260 654; x_wconf 82' lang='lat' dir='ltr'>exquisivit.</span> <span class='ocrx_word' id='word_1_324' title='bbox 3300 586 3519 656; x_wconf 89' lang='lat' dir='ltr'>Corpus</span> <span class='ocrx_word' id='word_1_325' title='bbox 3539 602 3668 639; x_wconf 88' lang='lat' dir='ltr'>vero</span> <span class='ocrx_word' id='word_1_326' title='bbox 3699 603 3911 640; x_wconf 82' lang='lat' dir='ltr'>venera-</span> 
     </span>
    </p>
   </div>
   <div class='ocr_carea' id='block_1_49' title="bbox 2239 673 3910 744">
    <p class='ocr_par' dir='ltr' id='par_1_49' title="bbox 2239 673 3910 744">
     <span class='ocr_line' id='line_1_49' title="bbox 2239 673 3910 744; baseline 0.001 -18"><span class='ocrx_word' id='word_1_327' title='bbox 2239 673 2353 726; x_wconf 89' lang='lat' dir='ltr'>bile</span> <span class='ocrx_word' id='word_1_328' title='bbox 2385 690 2415 725; x_wconf 90' lang='lat' dir='ltr'>a</span> <span class='ocrx_word' id='word_1_329' title='bbox 2447 674 2538 727; x_wconf 90' lang='lat' dir='ltr'>die</span> <span class='ocrx_word' id='word_1_330' title='bbox 2570 673 2910 727; x_wconf 88' lang='lat' dir='ltr'>duodecimo</span> <span class='ocrx_word' id='word_1_331' title='bbox 2945 675 3332 728; x_wconf 84' lang='lat' dir='ltr'>Kalendarum</span> <span class='ocrx_word' id='word_1_332' title='bbox 3364 675 3690 728; x_wconf 89' lang='lat' dir='ltr'>Octobrium</span> <span class='ocrx_word' id='word_1_333' title='bbox 3722 676 3910 744; x_wconf 87' lang='lat' dir='ltr'>quibus</span> 
     </span>
    </p>
   </div>
   <div class='ocr_carea' id='block_1_50' title="bbox 2240 762 3910 832">
    <p class='ocr_par' dir='ltr' id='par_1_50' title="bbox 2240 762 3910 832">
     <span class='ocr_line' id='line_1_50' title="bbox 2240 762 3910 832; baseline 0.001 -18"><span class='ocrx_word' id='word_1_334' title='bbox 2240 762 2521 815; x_wconf 89' lang='lat' dir='ltr'>clevatum</span> <span class='ocrx_word' id='word_1_335' title='bbox 2549 768 2653 827; x_wconf 87' lang='lat' dir='ltr'>est,</span> <span class='ocrx_word' id='word_1_336' title='bbox 2674 778 2852 832; x_wconf 89' lang='lat' dir='ltr'>usque</span> <span class='ocrx_word' id='word_1_337' title='bbox 2875 763 2946 814; x_wconf 92' lang='lat' dir='ltr'>ad</span> <span class='ocrx_word' id='word_1_338' title='bbox 2969 762 3253 815; x_wconf 89' lang='lat' dir='ltr'>decimum</span> <span class='ocrx_word' id='word_1_339' title='bbox 3280 764 3662 816; x_wconf 85' lang='lat' dir='ltr'>Kalendarum</span> <span class='ocrx_word' id='word_1_340' title='bbox 3689 765 3910 817; x_wconf 70' lang='lat' dir='ltr'>Novem-</span> 
     </span>
    </p>
   </div>
   <div class='ocr_carea' id='block_1_51' title="bbox 2239 850 3911 921">
    <p class='ocr_par' dir='ltr' id='par_1_51' title="bbox 2239 850 3911 921">
     <span class='ocr_line' id='line_1_51' title="bbox 2239 850 3911 921; baseline 0 -18"><span class='ocrx_word' id='word_1_341' title='bbox 2239 850 2429 904; x_wconf 88' lang='lat' dir='ltr'>brium</span> <span class='ocrx_word' id='word_1_342' title='bbox 2459 852 2669 921; x_wconf 88' lang='lat' dir='ltr'>quibus</span> <span class='ocrx_word' id='word_1_343' title='bbox 2714 851 3040 904; x_wconf 81' lang='lat' dir='ltr'>restitutum</span> <span class='ocrx_word' id='word_1_344' title='bbox 3074 856 3176 917; x_wconf 88' lang='lat' dir='ltr'>est,</span> <span class='ocrx_word' id='word_1_345' title='bbox 3218 867 3321 920; x_wconf 91' lang='lat' dir='ltr'>per</span> <span class='ocrx_word' id='word_1_346' title='bbox 3368 852 3600 921; x_wconf 88' lang='lat' dir='ltr'>triginta</span> <span class='ocrx_word' id='word_1_347' title='bbox 3640 852 3781 904; x_wconf 88' lang='lat' dir='ltr'>duos</span> <span class='ocrx_word' id='word_1_348' title='bbox 3807 853 3911 905; x_wconf 86' lang='lat' dir='ltr'>dies</span> 
     </span>
    </p>
   </div>
   <div class='ocr_carea' id='block_1_52' title="bbox 2241 939 3911 1010">
    <p class='ocr_par' dir='ltr' id='par_1_52' title="bbox 2241 939 3911 1010">
     <span class='ocr_line' id='line_1_52' title="bbox 2241 939 3911 1010; baseline 0.001 -18"><span class='ocrx_word' id='word_1_349' title='bbox 2241 956 2413 1010; x_wconf 90' lang='lat' dir='ltr'>supra</span> <span class='ocrx_word' id='word_1_350' title='bbox 2438 946 2650 993; x_wconf 90' lang='lat' dir='ltr'>terram</span> <span class='ocrx_word' id='word_1_351' title='bbox 2680 956 2911 993; x_wconf 90' lang='lat' dir='ltr'>manere</span> <span class='ocrx_word' id='word_1_352' title='bbox 2944 939 3226 1008; x_wconf 82' lang='lat' dir='ltr'>permisit,</span> <span class='ocrx_word' id='word_1_353' title='bbox 3260 956 3324 991; x_wconf 91' lang='lat' dir='ltr'>ac</span> <span class='ocrx_word' id='word_1_354' title='bbox 3354 940 3444 993; x_wconf 91' lang='lat' dir='ltr'>die</span> <span class='ocrx_word' id='word_1_355' title='bbox 3470 940 3695 1005; x_wconf 89' lang='lat' dir='ltr'>eodem,</span> <span class='ocrx_word' id='word_1_356' title='bbox 3724 957 3911 1010; x_wconf 82' lang='lat' dir='ltr'>magno</span> 
     </span>
    </p>
   </div>
   <div class='ocr_carea' id='block_1_53' title="bbox 2241 1028 3909 1097">
    <p class='ocr_par' dir='ltr' id='par_1_53' title="bbox 2241 1028 3909 1097">
     <span class='ocr_line' id='line_1_53' title="bbox 2241 1028 3909 1097; baseline -0.001 -16"><span class='ocrx_word' id='word_1_357' title='bbox 2241 1028 2398 1093; x_wconf 84' lang='lat' dir='ltr'>cieri,</span> <span class='ocrx_word' id='word_1_358' title='bbox 2434 1028 2748 1097; x_wconf 83' lang='lat' dir='ltr'>populique</span> <span class='ocrx_word' id='word_1_359' title='bbox 2779 1033 3058 1081; x_wconf 89' lang='lat' dir='ltr'>conventu</span> <span class='ocrx_word' id='word_1_360' title='bbox 3098 1034 3464 1096; x_wconf 82' lang='lat' dir='ltr'>congregato,</span> <span class='ocrx_word' id='word_1_361' title='bbox 3520 1028 3580 1080; x_wconf 90' lang='lat' dir='ltr'>in</span> <span class='ocrx_word' id='word_1_362' title='bbox 3622 1029 3744 1081; x_wconf 93' lang='lat' dir='ltr'>loco</span> <span class='ocrx_word' id='word_1_363' title='bbox 3782 1045 3909 1097; x_wconf 72' lang='lat' dir='ltr'>pra:-</span> 
     </span>
    </p>
   </div>
   <div class='ocr_carea' id='block_1_54' title="bbox 2240 1116 3914 1187">
    <p class='ocr_par' dir='ltr' id='par_1_54' title="bbox 2240 1116 3914 1187">
     <span class='ocr_line' id='line_1_54' title="bbox 2240 1116 3914 1187; baseline 0 -18"><span class='ocrx_word' id='word_1_364' title='bbox 2240 1122 2440 1187; x_wconf 90' lang='lat' dir='ltr'>parato</span> <span class='ocrx_word' id='word_1_365' title='bbox 2473 1116 2833 1169; x_wconf 85' lang='lat' dir='ltr'>recollocavit</span> <span class='ocrx_word' id='word_1_366' title='bbox 2864 1132 2875 1169; x_wconf 90' lang='lat'><strong>:</strong></span> <span class='ocrx_word' id='word_1_367' title='bbox 2902 1132 3220 1186; x_wconf 88' lang='lat' dir='ltr'>urnamque</span> <span class='ocrx_word' id='word_1_368' title='bbox 3249 1116 3517 1185; x_wconf 85' lang='lat' dir='ltr'>sepulcri,</span> <span class='ocrx_word' id='word_1_369' title='bbox 3542 1133 3658 1168; x_wconf 92' lang='lat' dir='ltr'>non</span> <span class='ocrx_word' id='word_1_370' title='bbox 3683 1122 3745 1169; x_wconf 91' lang='lat' dir='ltr'>ut</span> <span class='ocrx_word' id='word_1_371' title='bbox 3764 1125 3914 1170; x_wconf 86' lang='lat' dir='ltr'>antea</span> 
     </span>
    </p>
   </div>
   <div class='ocr_carea' id='block_1_55' title="bbox 2241 1202 3915 1273">
    <p class='ocr_par' dir='ltr' id='par_1_55' title="bbox 2241 1202 3915 1273">
     <span class='ocr_line' id='line_1_55' title="bbox 2241 1202 3915 1273; baseline -0.001 -16"><span class='ocrx_word' id='word_1_372' title='bbox 2241 1203 2429 1257; x_wconf 88' lang='lat' dir='ltr'>fuerat</span> <span class='ocrx_word' id='word_1_373' title='bbox 2459 1204 2516 1255; x_wconf 92' lang='lat' dir='ltr'>in</span> <span class='ocrx_word' id='word_1_374' title='bbox 2543 1202 3059 1273; x_wconf 89' lang='lat' dir='ltr'>profunditioribus</span> <span class='ocrx_word' id='word_1_375' title='bbox 3088 1202 3300 1272; x_wconf 90' lang='lat' dir='ltr'>posuit,</span> <span class='ocrx_word' id='word_1_376' title='bbox 3324 1204 3420 1255; x_wconf 91' lang='lat' dir='ltr'>sed</span> <span class='ocrx_word' id='word_1_377' title='bbox 3444 1204 3501 1255; x_wconf 91' lang='lat' dir='ltr'>in</span> <span class='ocrx_word' id='word_1_378' title='bbox 3527 1204 3915 1273; x_wconf 82' lang='lat' dir='ltr'>superioribus,</span> 
     </span>
    </p>
   </div>
   <div class='ocr_carea' id='block_1_56' title="bbox 2242 1290 3912 1357">
    <p class='ocr_par' dir='ltr' id='par_1_56' title="bbox 2242 1290 3912 1357">
     <span class='ocr_line' id='line_1_56' title="bbox 2242 1290 3912 1357; baseline -0.001 -12"><span class='ocrx_word' id='word_1_379' title='bbox 2242 1293 2321 1346; x_wconf 90' lang='lat' dir='ltr'>ita</span> <span class='ocrx_word' id='word_1_380' title='bbox 2352 1296 2416 1345; x_wconf 90' lang='lat' dir='ltr'>ut</span> <span class='ocrx_word' id='word_1_381' title='bbox 2469 1292 2907 1345; x_wconf 88' lang='lat' dir='ltr'>fundamentum</span> <span class='ocrx_word' id='word_1_382' title='bbox 2960 1290 3115 1344; x_wconf 90' lang='lat' dir='ltr'>illius</span> <span class='ocrx_word' id='word_1_383' title='bbox 3146 1291 3343 1357; x_wconf 88' lang='lat' dir='ltr'>videri,</span> <span class='ocrx_word' id='word_1_384' title='bbox 3388 1296 3442 1344; x_wconf 92' lang='lat' dir='ltr'>et</span> <span class='ocrx_word' id='word_1_385' title='bbox 3473 1292 3669 1344; x_wconf 89' lang='lat' dir='ltr'>lumen</span> <span class='ocrx_word' id='word_1_386' title='bbox 3700 1292 3800 1343; x_wconf 91' lang='lat' dir='ltr'>sub</span> <span class='ocrx_word' id='word_1_387' title='bbox 3830 1291 3912 1343; x_wconf 89' lang='lat' dir='ltr'>illo</span> 
     </span>
    </p>
   </div>
   <div class='ocr_carea' id='block_1_57' title="bbox 2243 1379 3913 1449">
    <p class='ocr_par' dir='ltr' id='par_1_57' title="bbox 2243 1379 3913 1449">
     <span class='ocr_line' id='line_1_57' title="bbox 2243 1379 3913 1449; baseline -0.002 -15"><span class='ocrx_word' id='word_1_388' title='bbox 2243 1380 2476 1434; x_wconf 84' lang='lat' dir='ltr'>accendi</span> <span class='ocrx_word' id='word_1_389' title='bbox 2507 1384 2719 1449; x_wconf 87' lang='lat' dir='ltr'>posset,</span> <span class='ocrx_word' id='word_1_390' title='bbox 2762 1379 3073 1444; x_wconf 88' lang='lat' dir='ltr'>collocavit,</span> <span class='ocrx_word' id='word_1_391' title='bbox 3102 1387 3274 1449; x_wconf 90' lang='lat' dir='ltr'>atque</span> <span class='ocrx_word' id='word_1_392' title='bbox 3318 1380 3375 1432; x_wconf 92' lang='lat' dir='ltr'>in</span> <span class='ocrx_word' id='word_1_393' title='bbox 3422 1396 3487 1433; x_wconf 90' lang='lat' dir='ltr'>eo</span> <span class='ocrx_word' id='word_1_394' title='bbox 3526 1380 3693 1433; x_wconf 91' lang='lat' dir='ltr'>illum</span> <span class='ocrx_word' id='word_1_395' title='bbox 3734 1381 3913 1449; x_wconf 84' lang='lat' dir='ltr'>psalmi</span> 
     </span>
    </p>
   </div>
   <div class='ocr_carea' id='block_1_58' title="bbox 2243 1469 3915 1535">
    <p class='ocr_par' dir='ltr' id='par_1_58' title="bbox 2243 1469 3915 1535">
     <span class='ocr_line' id='line_1_58' title="bbox 2243 1469 3915 1535; baseline 0.001 -15"><span class='ocrx_word' id='word_1_396' title='bbox 2243 1469 2584 1523; x_wconf 82' lang='lat' dir='ltr'>versiculum</span> <span class='ocrx_word' id='word_1_397' title='bbox 2619 1486 2630 1521; x_wconf 95' lang='lat'>:</span> <span class='ocrx_word' id='word_1_398' title='bbox 2667 1470 2788 1522; x_wconf 71' lang='lat' dir='ltr'>Haec</span> <span class='ocrx_word' id='word_1_399' title='bbox 2828 1471 3039 1535; x_wconf 77' lang='lat' dir='ltr'>requies</span> <span class='ocrx_word' id='word_1_400' title='bbox 3074 1483 3191 1521; x_wconf 90' lang='lat' dir='ltr'>mea</span> <span class='ocrx_word' id='word_1_401' title='bbox 3236 1471 3292 1521; x_wconf 79' lang='lat' dir='ltr'>in</span> <span class='ocrx_word' id='word_1_402' title='bbox 3324 1470 3576 1522; x_wconf 75' lang='lat' dir='ltr'>saeculum</span> <span class='ocrx_word' id='word_1_403' title='bbox 3607 1470 3806 1531; x_wconf 59' lang='lat' dir='ltr'>seculi,</span> <span class='ocrx_word' id='word_1_404' title='bbox 3844 1470 3915 1521; x_wconf 83' lang='lat' dir='ltr'>hic</span> 
     </span>
    </p>
   </div>
   <div class='ocr_carea' id='block_1_59' title="bbox 2246 1557 3914 1626">
    <p class='ocr_par' dir='ltr' id='par_1_59' title="bbox 2246 1557 3914 1626">
     <span class='ocr_line' id='line_1_59' title="bbox 2246 1557 3914 1626; baseline -0.001 -16"><span class='ocrx_word' id='word_1_405' title='bbox 2246 1557 2521 1621; x_wconf 79' lang='lat' dir='ltr'>habitabo,</span> <span class='ocrx_word' id='word_1_406' title='bbox 2578 1560 2834 1624; x_wconf 77' lang='lat' dir='ltr'>quoniam</span> <span class='ocrx_word' id='word_1_407' title='bbox 2880 1557 3015 1623; x_wconf 82' lang='lat' dir='ltr'>elegi</span> <span class='ocrx_word' id='word_1_408' title='bbox 3050 1572 3188 1617; x_wconf 88' lang='lat' dir='ltr'>eam,</span> <span class='ocrx_word' id='word_1_409' title='bbox 3249 1557 3670 1626; x_wconf 85' lang='lat' dir='ltr'>suprascripsit.</span> <span class='ocrx_word' id='word_1_410' title='bbox 3713 1558 3914 1611; x_wconf 84' lang='lat' dir='ltr'>Utram-</span> 
     </span>
    </p>
   </div>
   <div class='ocr_carea' id='block_1_60' title="bbox 2246 1644 3915 1717">
    <p class='ocr_par' dir='ltr' id='par_1_60' title="bbox 2246 1644 3915 1717">
     <span class='ocr_line' id='line_1_60' title="bbox 2246 1644 3915 1717; baseline -0.001 -19"><span class='ocrx_word' id='word_1_411' title='bbox 2246 1662 2357 1717; x_wconf 90' lang='lat' dir='ltr'>que</span> <span class='ocrx_word' id='word_1_412' title='bbox 2423 1662 2556 1699; x_wconf 89' lang='lat' dir='ltr'>vero</span> <span class='ocrx_word' id='word_1_413' title='bbox 2644 1644 3020 1699; x_wconf 87' lang='lat' dir='ltr'>elevationem</span> <span class='ocrx_word' id='word_1_414' title='bbox 3099 1644 3360 1698; x_wconf 88' lang='lat' dir='ltr'>videlicet</span> <span class='ocrx_word' id='word_1_415' title='bbox 3444 1646 3703 1716; x_wconf 89' lang='lat' dir='ltr'>corporis</span> <span class='ocrx_word' id='word_1_416' title='bbox 3768 1651 3915 1713; x_wconf 90' lang='lat' dir='ltr'>atque</span> 
     </span>
    </p>
   </div>
   <div class='ocr_carea' id='block_1_61' title="bbox 2244 1733 3913 1798">
    <p class='ocr_par' dir='ltr' id='par_1_61' title="bbox 2244 1733 3913 1798">
     <span class='ocr_line' id='line_1_61' title="bbox 2244 1733 3913 1798; baseline -0.001 -11"><span class='ocrx_word' id='word_1_417' title='bbox 2244 1734 2687 1793; x_wconf 87' lang='lat' dir='ltr'>restitutionem.</span> <span class='ocrx_word' id='word_1_418' title='bbox 2720 1733 3003 1786; x_wconf 91' lang='lat' dir='ltr'>celebrem</span> <span class='ocrx_word' id='word_1_419' title='bbox 3031 1749 3149 1786; x_wconf 90' lang='lat' dir='ltr'>esse</span> <span class='ocrx_word' id='word_1_420' title='bbox 3181 1733 3330 1798; x_wconf 88' lang='lat' dir='ltr'>fecit,</span> <span class='ocrx_word' id='word_1_421' title='bbox 3362 1733 3477 1785; x_wconf 89' lang='lat' dir='ltr'>suis</span> <span class='ocrx_word' id='word_1_422' title='bbox 3509 1735 3685 1786; x_wconf 87' lang='lat' dir='ltr'>etiam</span> <span class='ocrx_word' id='word_1_423' title='bbox 3717 1750 3913 1786; x_wconf 87' lang='lat' dir='ltr'>succes-</span> 
     </span>
    </p>
   </div>
   <div class='ocr_carea' id='block_1_62' title="bbox 2242 1820 3913 1890">
    <p class='ocr_par' dir='ltr' id='par_1_62' title="bbox 2242 1820 3913 1890">
     <span class='ocr_line' id='line_1_62' title="bbox 2242 1820 3913 1890; baseline -0.001 -15"><span class='ocrx_word' id='word_1_424' title='bbox 2242 1822 2466 1875; x_wconf 91' lang='lat' dir='ltr'>soribus</span> <span class='ocrx_word' id='word_1_425' title='bbox 2508 1821 2908 1875; x_wconf 87' lang='lat' dir='ltr'>honorabilem</span> <span class='ocrx_word' id='word_1_426' title='bbox 2952 1820 3011 1873; x_wconf 93' lang='lat' dir='ltr'>in</span> <span class='ocrx_word' id='word_1_427' title='bbox 3058 1827 3338 1890; x_wconf 90' lang='lat' dir='ltr'>perpetuo</span> <span class='ocrx_word' id='word_1_428' title='bbox 3379 1821 3498 1874; x_wconf 91' lang='lat' dir='ltr'>fore</span> <span class='ocrx_word' id='word_1_429' title='bbox 3534 1823 3740 1874; x_wconf 82' lang='lat' dir='ltr'>sanxit.</span> <span class='ocrx_word' id='word_1_430' title='bbox 3769 1821 3913 1884; x_wconf 84' lang='lat' dir='ltr'>Quod</span> 
     </span>
    </p>
   </div>
   <div class='ocr_carea' id='block_1_63' title="bbox 2242 1907 3915 1963">
    <p class='ocr_par' dir='ltr' id='par_1_63' title="bbox 2242 1907 3915 1963">
     <span class='ocr_line' id='line_1_63' title="bbox 2242 1907 3915 1963; baseline -0.002 0"><span class='ocrx_word' id='word_1_431' title='bbox 2242 1910 2514 1963; x_wconf 89' lang='lat' dir='ltr'>hactenus</span> <span class='ocrx_word' id='word_1_432' title='bbox 2554 1924 2658 1961; x_wconf 88' lang='lat' dir='ltr'>nos</span> <span class='ocrx_word' id='word_1_433' title='bbox 2686 1908 3048 1962; x_wconf 89' lang='lat' dir='ltr'>devotissime</span> <span class='ocrx_word' id='word_1_434' title='bbox 3088 1909 3367 1961; x_wconf 87' lang='lat' dir='ltr'>hodierna</span> <span class='ocrx_word' id='word_1_435' title='bbox 3410 1909 3746 1962; x_wconf 90' lang='lat' dir='ltr'>celebritate</span> <span class='ocrx_word' id='word_1_436' title='bbox 3798 1907 3915 1961; x_wconf 87' lang='lat' dir='ltr'>coli-</span> 
     </span>
    </p>
   </div>
   <div class='ocr_carea' id='block_1_64' title="bbox 2245 2002 3915 2066">
    <p class='ocr_par' dir='ltr' id='par_1_64' title="bbox 2245 2002 3915 2066">
     <span class='ocr_line' id='line_1_64' title="bbox 2245 2002 3915 2066; baseline -0.001 -16"><span class='ocrx_word' id='word_1_437' title='bbox 2245 2014 2390 2063; x_wconf 90' lang='lat' dir='ltr'>mus,</span> <span class='ocrx_word' id='word_1_438' title='bbox 2421 2014 2485 2050; x_wconf 92' lang='lat' dir='ltr'>ac</span> <span class='ocrx_word' id='word_1_439' title='bbox 2519 2002 2743 2055; x_wconf 83' lang='lat' dir='ltr'>nostros</span> <span class='ocrx_word' id='word_1_440' title='bbox 2766 2003 2827 2049; x_wconf 92' lang='lat' dir='ltr'>ut</span> <span class='ocrx_word' id='word_1_441' title='bbox 2848 2013 2913 2049; x_wconf 92' lang='lat' dir='ltr'>ea</span> <span class='ocrx_word' id='word_1_442' title='bbox 2937 2003 3162 2049; x_wconf 91' lang='lat' dir='ltr'>maneat</span> <span class='ocrx_word' id='word_1_443' title='bbox 3184 2013 3318 2049; x_wconf 89' lang='lat' dir='ltr'>cura</span> <span class='ocrx_word' id='word_1_444' title='bbox 3337 2003 3597 2066; x_wconf 89' lang='lat' dir='ltr'>posteros</span> <span class='ocrx_word' id='word_1_445' title='bbox 3616 2013 3915 2050; x_wconf 86' lang='lat' dir='ltr'>monemus.</span> 
     </span>
    </p>
   </div>
   <div class='ocr_carea' id='block_1_65' title="bbox 2314 2084 3917 2154">
    <p class='ocr_par' dir='ltr' id='par_1_65' title="bbox 2314 2084 3917 2154">
     <span class='ocr_line' id='line_1_65' title="bbox 2314 2084 3917 2154; baseline 0.001 -16"><span class='ocrx_word' id='word_1_446' title='bbox 2314 2087 2441 2139; x_wconf 70' lang='lat' dir='ltr'>Haec</span> <span class='ocrx_word' id='word_1_447' title='bbox 2481 2102 2584 2138; x_wconf 90' lang='lat' dir='ltr'>nos</span> <span class='ocrx_word' id='word_1_448' title='bbox 2608 2101 2739 2137; x_wconf 91' lang='lat' dir='ltr'>cum</span> <span class='ocrx_word' id='word_1_449' title='bbox 2762 2101 2793 2137; x_wconf 93' lang='lat' dir='ltr'>a</span> <span class='ocrx_word' id='word_1_450' title='bbox 2827 2084 3087 2137; x_wconf 87' lang='lat' dir='ltr'>Patribus</span> <span class='ocrx_word' id='word_1_451' title='bbox 3119 2084 3217 2154; x_wconf 89' lang='lat' dir='ltr'>qui</span> <span class='ocrx_word' id='word_1_452' title='bbox 3250 2084 3335 2137; x_wconf 89' lang='lat' dir='ltr'>his</span> <span class='ocrx_word' id='word_1_453' title='bbox 3367 2085 3706 2152; x_wconf 88' lang='lat' dir='ltr'>interfuere,</span> <span class='ocrx_word' id='word_1_454' title='bbox 3752 2090 3803 2138; x_wconf 92' lang='lat' dir='ltr'>et</span> <span class='ocrx_word' id='word_1_455' title='bbox 3831 2086 3917 2139; x_wconf 31' lang='lat' dir='ltr'>ade</span> 
     </span>
    </p>
   </div>
   <div class='ocr_carea' id='block_1_66' title="bbox 2242 2173 3916 2242">
    <p class='ocr_par' dir='ltr' id='par_1_66' title="bbox 2242 2173 3916 2242">
     <span class='ocr_line' id='line_1_66' title="bbox 2242 2173 3916 2242; baseline -0.001 -15"><span class='ocrx_word' id='word_1_456' title='bbox 2242 2174 2354 2227; x_wconf 89' lang='lat' dir='ltr'>huc</span> <span class='ocrx_word' id='word_1_457' title='bbox 2385 2173 2675 2226; x_wconf 91' lang='lat' dir='ltr'>numerosi</span> <span class='ocrx_word' id='word_1_458' title='bbox 2706 2179 3033 2242; x_wconf 88' lang='lat' dir='ltr'>supersunt,</span> <span class='ocrx_word' id='word_1_459' title='bbox 3058 2173 3434 2235; x_wconf 88' lang='lat' dir='ltr'>audissemus,</span> <span class='ocrx_word' id='word_1_460' title='bbox 3487 2174 3778 2242; x_wconf 82' lang='lat' dir='ltr'>frequenti</span> <span class='ocrx_word' id='word_1_461' title='bbox 3813 2190 3916 2225; x_wconf 84' lang='lat' dir='ltr'>ser—</span> 
     </span>
    </p>
   </div>
   <div class='ocr_carea' id='block_1_67' title="bbox 2243 2260 3917 2331">
    <p class='ocr_par' dir='ltr' id='par_1_67' title="bbox 2243 2260 3917 2331">
     <span class='ocr_line' id='line_1_67' title="bbox 2243 2260 3917 2331; baseline -0.001 -17"><span class='ocrx_word' id='word_1_462' title='bbox 2243 2276 2414 2314; x_wconf 88' lang='lat' dir='ltr'>mone</span> <span class='ocrx_word' id='word_1_463' title='bbox 2464 2260 2847 2325; x_wconf 88' lang='lat' dir='ltr'>narrantibus,</span> <span class='ocrx_word' id='word_1_464' title='bbox 2897 2260 3123 2313; x_wconf 89' lang='lat' dir='ltr'>silentio</span> <span class='ocrx_word' id='word_1_465' title='bbox 3168 2277 3535 2331; x_wconf 88' lang='lat' dir='ltr'>nequaquam</span> <span class='ocrx_word' id='word_1_466' title='bbox 3584 2261 3917 2314; x_wconf 89' lang='lat' dir='ltr'>infructuoso</span> 
     </span>
    </p>
   </div>
   <div class='ocr_carea' id='block_1_68' title="bbox 2242 2349 3918 2418">
    <p class='ocr_par' dir='ltr' id='par_1_68' title="bbox 2242 2349 3918 2418">
     <span class='ocr_line' id='line_1_68' title="bbox 2242 2349 3918 2418; baseline -0.002 -15"><span class='ocrx_word' id='word_1_467' title='bbox 2242 2355 2434 2418; x_wconf 89' lang='lat' dir='ltr'>tegere</span> <span class='ocrx_word' id='word_1_468' title='bbox 2467 2349 2732 2418; x_wconf 90' lang='lat' dir='ltr'>permissi</span> <span class='ocrx_word' id='word_1_469' title='bbox 2758 2364 2954 2401; x_wconf 90' lang='lat' dir='ltr'>sumus</span> <span class='ocrx_word' id='word_1_470' title='bbox 2988 2365 3001 2401; x_wconf 85' lang='lat'><strong>:</strong></span> <span class='ocrx_word' id='word_1_471' title='bbox 3036 2349 3131 2402; x_wconf 90' lang='lat' dir='ltr'>sed</span> <span class='ocrx_word' id='word_1_472' title='bbox 3168 2350 3232 2401; x_wconf 90' lang='lat' dir='ltr'>ad</span> <span class='ocrx_word' id='word_1_473' title='bbox 3276 2349 3503 2402; x_wconf 85' lang='lat' dir='ltr'>laudem</span> <span class='ocrx_word' id='word_1_474' title='bbox 3550 2350 3761 2403; x_wconf 85' lang='lat' dir='ltr'>Christi</span> <span class='ocrx_word' id='word_1_475' title='bbox 3790 2364 3918 2418; x_wconf 84' lang='lat' dir='ltr'>pon—</span> 
     </span>
    </p>
   </div>
   <div class='ocr_carea' id='block_1_69' title="bbox 2242 2436 3919 2507">
    <p class='ocr_par' dir='ltr' id='par_1_69' title="bbox 2242 2436 3919 2507">
     <span class='ocr_line' id='line_1_69' title="bbox 2242 2436 3919 2507; baseline -0.002 -18"><span class='ocrx_word' id='word_1_476' title='bbox 2242 2438 2526 2507; x_wconf 85' lang='lat' dir='ltr'>tiﬁcisque</span> <span class='ocrx_word' id='word_1_477' title='bbox 2560 2438 2756 2507; x_wconf 85' lang='lat' dir='ltr'>ipsius,</span> <span class='ocrx_word' id='word_1_478' title='bbox 2802 2438 2936 2489; x_wconf 91' lang='lat' dir='ltr'>licet</span> <span class='ocrx_word' id='word_1_479' title='bbox 2974 2437 3070 2490; x_wconf 90' lang='lat' dir='ltr'>vili</span> <span class='ocrx_word' id='word_1_480' title='bbox 3114 2438 3347 2502; x_wconf 89' lang='lat' dir='ltr'>dictatu,</span> <span class='ocrx_word' id='word_1_481' title='bbox 3399 2439 3646 2507; x_wconf 77' lang='lat' dir='ltr'>posteris</span> <span class='ocrx_word' id='word_1_482' title='bbox 3678 2436 3919 2498; x_wconf 77' lang='lat' dir='ltr'>transmi-</span> 
     </span>
    </p>
   </div>
   <div class='ocr_carea' id='block_1_70' title="bbox 2244 2525 3917 2596">
    <p class='ocr_par' dir='ltr' id='par_1_70' title="bbox 2244 2525 3917 2596">
     <span class='ocr_line' id='line_1_70' title="bbox 2244 2525 3917 2596; baseline -0.002 -17"><span class='ocrx_word' id='word_1_483' title='bbox 2244 2527 2437 2579; x_wconf 89' lang='lat' dir='ltr'>simus.</span> <span class='ocrx_word' id='word_1_484' title='bbox 2468 2526 2697 2580; x_wconf 86' lang='lat' dir='ltr'>Talibus</span> <span class='ocrx_word' id='word_1_485' title='bbox 2727 2530 2779 2578; x_wconf 91' lang='lat' dir='ltr'>et</span> <span class='ocrx_word' id='word_1_486' title='bbox 2811 2525 2983 2579; x_wconf 90' lang='lat' dir='ltr'>tantis</span> <span class='ocrx_word' id='word_1_487' title='bbox 3018 2542 3195 2595; x_wconf 92' lang='lat' dir='ltr'>usque</span> <span class='ocrx_word' id='word_1_488' title='bbox 3238 2527 3295 2578; x_wconf 91' lang='lat' dir='ltr'>in</span> <span class='ocrx_word' id='word_1_489' title='bbox 3326 2542 3577 2596; x_wconf 66' lang='lat' dir='ltr'>praesens</span> <span class='ocrx_word' id='word_1_490' title='bbox 3611 2526 3917 2587; x_wconf 84' lang='lat' dir='ltr'>virtutibus,</span> 
     </span>
    </p>
   </div>
   <div class='ocr_carea' id='block_1_71' title="bbox 2244 2614 3919 2684">
    <p class='ocr_par' dir='ltr' id='par_1_71' title="bbox 2244 2614 3919 2684">
     <span class='ocr_line' id='line_1_71' title="bbox 2244 2614 3919 2684; baseline -0.002 -17"><span class='ocrx_word' id='word_1_491' title='bbox 2244 2616 2365 2684; x_wconf 91' lang='lat' dir='ltr'>ejus</span> <span class='ocrx_word' id='word_1_492' title='bbox 2412 2614 2769 2667; x_wconf 85' lang='lat' dir='ltr'>celebrabitis</span> <span class='ocrx_word' id='word_1_493' title='bbox 2817 2614 3137 2667; x_wconf 91' lang='lat' dir='ltr'>honoratur</span> <span class='ocrx_word' id='word_1_494' title='bbox 3169 2621 3441 2667; x_wconf 90' lang='lat' dir='ltr'>tumulus.</span> <span class='ocrx_word' id='word_1_495' title='bbox 3480 2616 3554 2668; x_wconf 92' lang='lat' dir='ltr'>De</span> <span class='ocrx_word' id='word_1_496' title='bbox 3606 2614 3919 2666; x_wconf 87' lang='lat' dir='ltr'>sanitatibus</span> 
     </span>
    </p>
   </div>
   <div class='ocr_carea' id='block_1_72' title="bbox 2245 2702 3920 2773">
    <p class='ocr_par' dir='ltr' id='par_1_72' title="bbox 2245 2702 3920 2773">
     <span class='ocr_line' id='line_1_72' title="bbox 2245 2702 3920 2773; baseline -0.001 -19"><span class='ocrx_word' id='word_1_497' title='bbox 2245 2718 2378 2755; x_wconf 86' lang='lat' dir='ltr'>vero</span> <span class='ocrx_word' id='word_1_498' title='bbox 2410 2702 2467 2755; x_wconf 90' lang='lat' dir='ltr'>in</span> <span class='ocrx_word' id='word_1_499' title='bbox 2501 2702 2733 2755; x_wconf 88' lang='lat' dir='ltr'>basilica</span> <span class='ocrx_word' id='word_1_500' title='bbox 2780 2703 2922 2771; x_wconf 90' lang='lat' dir='ltr'>ejus,</span> <span class='ocrx_word' id='word_1_501' title='bbox 2959 2719 3071 2773; x_wconf 92' lang='lat' dir='ltr'>qua</span> <span class='ocrx_word' id='word_1_502' title='bbox 3115 2702 3437 2772; x_wconf 89' lang='lat' dir='ltr'>requiescit,</span> <span class='ocrx_word' id='word_1_503' title='bbox 3470 2703 3654 2771; x_wconf 88' lang='lat' dir='ltr'>ipsius</span> <span class='ocrx_word' id='word_1_504' title='bbox 3696 2702 3920 2754; x_wconf 76' lang='lat' dir='ltr'>interve-</span> 
     </span>
    </p>
   </div>
   <div class='ocr_carea' id='block_1_73' title="bbox 2244 2790 3919 2861">
    <p class='ocr_par' dir='ltr' id='par_1_73' title="bbox 2244 2790 3919 2861">
     <span class='ocr_line' id='line_1_73' title="bbox 2244 2790 3919 2861; baseline -0.001 -18"><span class='ocrx_word' id='word_1_505' title='bbox 2244 2791 2533 2843; x_wconf 83' lang='lat' dir='ltr'>nientibus</span> <span class='ocrx_word' id='word_1_506' title='bbox 2566 2790 2783 2843; x_wconf 91' lang='lat' dir='ltr'>meritis</span> <span class='ocrx_word' id='word_1_507' title='bbox 2814 2792 3070 2860; x_wconf 88' lang='lat' dir='ltr'>patratis,</span> <span class='ocrx_word' id='word_1_508' title='bbox 3120 2792 3309 2861; x_wconf 89' lang='lat' dir='ltr'>aliqua</span> <span class='ocrx_word' id='word_1_509' title='bbox 3352 2792 3441 2844; x_wconf 90' lang='lat' dir='ltr'>hic</span> <span class='ocrx_word' id='word_1_510' title='bbox 3484 2805 3919 2843; x_wconf 84' lang='lat' dir='ltr'>commemorare</span> 
     </span>
    </p>
   </div>
   <div class='ocr_carea' id='block_1_74' title="bbox 2244 2878 3918 2949">
    <p class='ocr_par' dir='ltr' id='par_1_74' title="bbox 2244 2878 3918 2949">
     <span class='ocr_line' id='line_1_74' title="bbox 2244 2878 3918 2949; baseline -0.002 -16"><span class='ocrx_word' id='word_1_511' title='bbox 2244 2880 2667 2949; x_wconf 89' lang='lat' dir='ltr'>supersedimus</span> <span class='ocrx_word' id='word_1_512' title='bbox 2701 2896 2712 2931; x_wconf 87' lang='lat'>:</span> <span class='ocrx_word' id='word_1_513' title='bbox 2762 2880 3037 2949; x_wconf 89' lang='lat' dir='ltr'>quoniam</span> <span class='ocrx_word' id='word_1_514' title='bbox 3085 2880 3152 2933; x_wconf 91' lang='lat' dir='ltr'>de</span> <span class='ocrx_word' id='word_1_515' title='bbox 3195 2879 3282 2932; x_wconf 90' lang='lat' dir='ltr'>his</span> <span class='ocrx_word' id='word_1_516' title='bbox 3320 2880 3453 2931; x_wconf 88' lang='lat' dir='ltr'>satis</span> <span class='ocrx_word' id='word_1_517' title='bbox 3493 2880 3551 2932; x_wconf 89' lang='lat' dir='ltr'>in</span> <span class='ocrx_word' id='word_1_518' title='bbox 3585 2879 3783 2932; x_wconf 91' lang='lat' dir='ltr'>libello</span> <span class='ocrx_word' id='word_1_519' title='bbox 3811 2878 3918 2931; x_wconf 66' lang='lat' dir='ltr'>vitae</span> 
     </span>
    </p>
   </div>
   <div class='ocr_carea' id='block_1_75' title="bbox 2175 2966 3919 3044">
    <p class='ocr_par' dir='ltr' id='par_1_75' title="bbox 2175 2966 3919 3044">
     <span class='ocr_line' id='line_1_75' title="bbox 2175 2966 3919 3044; baseline -0.002 -23"><span class='ocrx_word' id='word_1_520' title='bbox 2175 2990 2215 3044; x_wconf 68' lang='grc' dir='ltr'><strong>ρ</strong></span> <span class='ocrx_word' id='word_1_521' title='bbox 2247 2969 2399 3021; x_wconf 89' lang='lat' dir='ltr'>illius</span> <span class='ocrx_word' id='word_1_522' title='bbox 2431 2984 2690 3037; x_wconf 86' lang='lat' dir='ltr'>expressa</span> <span class='ocrx_word' id='word_1_523' title='bbox 2729 2967 3145 3036; x_wconf 88' lang='lat' dir='ltr'>cognoscimus.</span> <span class='ocrx_word' id='word_1_524' title='bbox 3198 2966 3487 3038; x_wconf 90' lang='lat' dir='ltr'>Siquidem</span> <span class='ocrx_word' id='word_1_525' title='bbox 3540 2968 3612 3020; x_wconf 88' lang='lat' dir='ltr'>ad</span> <span class='ocrx_word' id='word_1_526' title='bbox 3666 2969 3786 3038; x_wconf 87' lang='lat' dir='ltr'>ejus</span> <span class='ocrx_word' id='word_1_527' title='bbox 3824 2981 3919 3017; x_wconf 83' lang='lat' dir='ltr'>me-</span> 
     </span>
    </p>
   </div>
   <div class='ocr_carea' id='block_1_76' title="bbox 2247 3054 3919 3121">
    <p class='ocr_par' dir='ltr' id='par_1_76' title="bbox 2247 3054 3919 3121">
     <span class='ocr_line' id='line_1_76' title="bbox 2247 3054 3919 3121; baseline -0.003 -12"><span class='ocrx_word' id='word_1_528' title='bbox 2247 3057 2487 3110; x_wconf 90' lang='lat' dir='ltr'>moriam</span> <span class='ocrx_word' id='word_1_529' title='bbox 2532 3056 2749 3108; x_wconf 73' lang='lat' dir='ltr'>cmcitas</span> <span class='ocrx_word' id='word_1_530' title='bbox 2792 3055 2997 3113; x_wconf 86' lang='lat' dir='ltr'>visum,</span> <span class='ocrx_word' id='word_1_531' title='bbox 3048 3054 3295 3107; x_wconf 90' lang='lat' dir='ltr'>surditas</span> <span class='ocrx_word' id='word_1_532' title='bbox 3345 3055 3626 3121; x_wconf 89' lang='lat' dir='ltr'>auditum,</span> <span class='ocrx_word' id='word_1_533' title='bbox 3681 3054 3919 3109; x_wconf 84' lang='lat' dir='ltr'>debilitas</span> 
     </span>
    </p>
   </div>
   <div class='ocr_carea' id='block_1_77' title="bbox 2247 3143 3921 3214">
    <p class='ocr_par' dir='ltr' id='par_1_77' title="bbox 2247 3143 3921 3214">
     <span class='ocr_line' id='line_1_77' title="bbox 2247 3143 3921 3214; baseline -0.002 -18"><span class='ocrx_word' id='word_1_534' title='bbox 2247 3160 2527 3214; x_wconf 88' lang='lat' dir='ltr'>gressum,</span> <span class='ocrx_word' id='word_1_535' title='bbox 2560 3148 2616 3196; x_wconf 92' lang='lat' dir='ltr'>et</span> <span class='ocrx_word' id='word_1_536' title='bbox 2646 3143 3005 3195; x_wconf 90' lang='lat' dir='ltr'>taciturnitas</span> <span class='ocrx_word' id='word_1_537' title='bbox 3032 3143 3236 3212; x_wconf 69' lang='lat' dir='ltr'>linguas</span> <span class='ocrx_word' id='word_1_538' title='bbox 3270 3143 3470 3211; x_wconf 88' lang='lat' dir='ltr'>recipit</span> <span class='ocrx_word' id='word_1_539' title='bbox 3499 3143 3778 3195; x_wconf 77' lang='lat' dir='ltr'>officium.</span> <span class='ocrx_word' id='word_1_540' title='bbox 3816 3144 3921 3195; x_wconf 65' lang='lat' dir='ltr'>Haec</span> 
     </span>
    </p>
   </div>
   <div class='ocr_carea' id='block_1_78' title="bbox 2248 3230 3919 3302">
    <p class='ocr_par' dir='ltr' id='par_1_78' title="bbox 2248 3230 3919 3302">
     <span class='ocr_line' id='line_1_78' title="bbox 2248 3230 3919 3302; baseline -0.002 -17"><span class='ocrx_word' id='word_1_541' title='bbox 2248 3249 2453 3301; x_wconf 89' lang='lat' dir='ltr'>nempe</span> <span class='ocrx_word' id='word_1_542' title='bbox 2520 3232 2685 3302; x_wconf 89' lang='lat' dir='ltr'>quasi</span> <span class='ocrx_word' id='word_1_543' title='bbox 2748 3231 3076 3284; x_wconf 91' lang='lat' dir='ltr'>communia</span> <span class='ocrx_word' id='word_1_544' title='bbox 3133 3236 3455 3284; x_wconf 91' lang='lat' dir='ltr'>sanctorum</span> <span class='ocrx_word' id='word_1_545' title='bbox 3522 3231 3677 3284; x_wconf 90' lang='lat' dir='ltr'>dona</span> <span class='ocrx_word' id='word_1_546' title='bbox 3732 3230 3919 3283; x_wconf 81' lang='lat' dir='ltr'>referre</span> 
     </span>
    </p>
   </div>
   <div class='ocr_carea' id='block_1_79' title="bbox 2248 3318 3921 3389">
    <p class='ocr_par' dir='ltr' id='par_1_79' title="bbox 2248 3318 3921 3389">
     <span class='ocr_line' id='line_1_79' title="bbox 2248 3318 3921 3389; baseline -0.004 -15"><span class='ocrx_word' id='word_1_547' title='bbox 2248 3321 2587 3384; x_wconf 87' lang='lat' dir='ltr'>omittimus,</span> <span class='ocrx_word' id='word_1_548' title='bbox 2616 3320 2751 3389; x_wconf 88' lang='lat' dir='ltr'>quia</span> <span class='ocrx_word' id='word_1_549' title='bbox 2782 3320 2851 3373; x_wconf 91' lang='lat' dir='ltr'>ad</span> <span class='ocrx_word' id='word_1_550' title='bbox 2882 3320 3073 3388; x_wconf 89' lang='lat' dir='ltr'>ignem</span> <span class='ocrx_word' id='word_1_551' title='bbox 3106 3319 3162 3372; x_wconf 92' lang='lat' dir='ltr'>in</span> <span class='ocrx_word' id='word_1_552' title='bbox 3194 3320 3318 3388; x_wconf 87' lang='lat' dir='ltr'>ejus</span> <span class='ocrx_word' id='word_1_553' title='bbox 3346 3320 3627 3373; x_wconf 90' lang='lat' dir='ltr'>memoria</span> <span class='ocrx_word' id='word_1_554' title='bbox 3672 3318 3921 3373; x_wconf 83' lang='lat' dir='ltr'>divinitus</span> 
     </span>
    </p>
   </div>
   <div class='ocr_carea' id='block_1_80' title="bbox 2249 3406 3921 3478">
    <p class='ocr_par' dir='ltr' id='par_1_80' title="bbox 2249 3406 3921 3478">
     <span class='ocr_line' id='line_1_80' title="bbox 2249 3406 3921 3478; baseline -0.005 -17"><span class='ocrx_word' id='word_1_555' title='bbox 2249 3424 2543 3461; x_wconf 88' lang='lat' dir='ltr'>accensum</span> <span class='ocrx_word' id='word_1_556' title='bbox 2586 3408 2763 3478; x_wconf 87' lang='lat' dir='ltr'>stylus</span> <span class='ocrx_word' id='word_1_557' title='bbox 2809 3407 3042 3460; x_wconf 90' lang='lat' dir='ltr'>festinat</span> <span class='ocrx_word' id='word_1_558' title='bbox 3087 3407 3345 3471; x_wconf 88' lang='lat' dir='ltr'>stolidus,</span> <span class='ocrx_word' id='word_1_559' title='bbox 3398 3406 3487 3459; x_wconf 91' lang='lat' dir='ltr'>cui</span> <span class='ocrx_word' id='word_1_560' title='bbox 3544 3408 3723 3461; x_wconf 79' lang='lat' dir='ltr'>hebes</span> <span class='ocrx_word' id='word_1_561' title='bbox 3764 3420 3921 3475; x_wconf 86' lang='lat' dir='ltr'>prona</span> 
     </span>
    </p>
   </div>
   <div class='ocr_carea' id='block_1_81' title="bbox 2248 3495 3190 3551">
    <p class='ocr_par' dir='ltr' id='par_1_81' title="bbox 2248 3495 3190 3551">
     <span class='ocr_line' id='line_1_81' title="bbox 2248 3495 3190 3551; baseline -0.005 0"><span class='ocrx_word' id='word_1_562' title='bbox 2248 3497 2551 3551; x_wconf 83' lang='lat' dir='ltr'>devotione</span> <span class='ocrx_word' id='word_1_563' title='bbox 2582 3495 2870 3549; x_wconf 90' lang='lat' dir='ltr'>concurrit</span> <span class='ocrx_word' id='word_1_564' title='bbox 2899 3495 3124 3548; x_wconf 91' lang='lat' dir='ltr'>animus</span> <span class='ocrx_word' id='word_1_565' title='bbox 3149 3506 3190 3546; x_wconf 75' lang='grc' dir='ltr'><strong>ο.</strong></span> 
     </span>
    </p>
   </div>
   <div class='ocr_carea' id='block_1_82' title="bbox 2260 3635 3921 3707">
    <p class='ocr_par' dir='ltr' id='par_1_82' title="bbox 2260 3635 3921 3707">
     <span class='ocr_line' id='line_1_82' title="bbox 2260 3635 3921 3707; baseline -0.005 -15"><span class='ocrx_word' id='word_1_566' title='bbox 2260 3641 2329 3693; x_wconf 89' lang='lat' dir='ltr'>De</span> <span class='ocrx_word' id='word_1_567' title='bbox 2356 3640 2479 3707; x_wconf 83' lang='lat' dir='ltr'>igne</span> <span class='ocrx_word' id='word_1_568' title='bbox 2507 3640 2706 3692; x_wconf 75' lang='lat' dir='ltr'>caelesti</span> <span class='ocrx_word' id='word_1_569' title='bbox 2737 3640 2796 3691; x_wconf 84' lang='lat' dir='ltr'>in</span> <span class='ocrx_word' id='word_1_570' title='bbox 2823 3641 3079 3690; x_wconf 77' lang='lat' dir='ltr'>memoria</span> <span class='ocrx_word' id='word_1_571' title='bbox 3129 3638 3270 3689; x_wconf 72' lang='lat' dir='ltr'>beati</span> <span class='ocrx_word' id='word_1_572' title='bbox 3308 3636 3555 3689; x_wconf 83' lang='lat' dir='ltr'>Amandi</span> <span class='ocrx_word' id='word_1_573' title='bbox 3589 3635 3785 3689; x_wconf 73' lang='lat' dir='ltr'>divina</span> <span class='ocrx_word' id='word_1_574' title='bbox 3827 3636 3921 3687; x_wconf 75' lang='lat' dir='ltr'>vir-</span> 
     </span>
    </p>
   </div>
   <div class='ocr_carea' id='block_1_83' title="bbox 2738 3709 3469 3762">
    <p class='ocr_par' dir='ltr' id='par_1_83' title="bbox 2738 3709 3469 3762">
     <span class='ocr_line' id='line_1_83' title="bbox 2738 3709 3469 3762; baseline -0.004 0"><span class='ocrx_word' id='word_1_575' title='bbox 2738 3714 2849 3762; x_wconf 82' lang='lat' dir='ltr'>tute</span> <span class='ocrx_word' id='word_1_576' title='bbox 2873 3709 3201 3762; x_wconf 79' lang='lat' dir='ltr'>mirabiliter</span> <span class='ocrx_word' id='word_1_577' title='bbox 3232 3723 3469 3761; x_wconf 84' lang='lat' dir='ltr'>accenso.</span> 
     </span>
    </p>
   </div>
   <div class='ocr_carea' id='block_1_84' title="bbox 2324 3845 3925 3920">
    <p class='ocr_par' dir='ltr' id='par_1_84' title="bbox 2324 3845 3925 3920">
     <span class='ocr_line' id='line_1_84' title="bbox 2324 3845 3925 3920; baseline -0.004 -16"><span class='ocrx_word' id='word_1_578' title='bbox 2324 3850 2578 3920; x_wconf 89' lang='lat' dir='ltr'>Denique</span> <span class='ocrx_word' id='word_1_579' title='bbox 2593 3866 2741 3903; x_wconf 88' lang='lat' dir='ltr'>anno</span> <span class='ocrx_word' id='word_1_580' title='bbox 2753 3849 2823 3902; x_wconf 91' lang='lat' dir='ltr'>ab</span> <span class='ocrx_word' id='word_1_581' title='bbox 2838 3848 3223 3901; x_wconf 89' lang='lat' dir='ltr'>incarnatione</span> <span class='ocrx_word' id='word_1_582' title='bbox 3239 3846 3460 3900; x_wconf 91' lang='lat' dir='ltr'>Domini</span> <span class='ocrx_word' id='word_1_583' title='bbox 3475 3845 3925 3917; x_wconf 83' lang='lat' dir='ltr'>octingentesimo</span> 
     </span>
    </p>
   </div>
   <div class='ocr_carea' id='block_1_85' title="bbox 2251 3933 3922 4011">
    <p class='ocr_par' dir='ltr' id='par_1_85' title="bbox 2251 3933 3922 4011">
     <span class='ocr_line' id='line_1_85' title="bbox 2251 3933 3922 4011; baseline -0.006 -18"><span class='ocrx_word' id='word_1_584' title='bbox 2251 3939 2731 4011; x_wconf 89' lang='lat' dir='ltr'>quinquagesimo</span> <span class='ocrx_word' id='word_1_585' title='bbox 2783 3937 3008 4008; x_wconf 92' lang='lat' dir='ltr'>quinto,</span> <span class='ocrx_word' id='word_1_586' title='bbox 3056 3954 3087 3989; x_wconf 91' lang='lat' dir='ltr'>a</span> <span class='ocrx_word' id='word_1_587' title='bbox 3135 3936 3378 3989; x_wconf 90' lang='lat' dir='ltr'>transitu</span> <span class='ocrx_word' id='word_1_588' title='bbox 3434 3952 3567 3989; x_wconf 90' lang='lat' dir='ltr'>vero</span> <span class='ocrx_word' id='word_1_589' title='bbox 3629 3933 3922 3989; x_wconf 83' lang='lat' dir='ltr'>beatissimi</span> 
     </span>
    </p>
   </div>
   <div class='ocr_carea' id='block_1_86' title="bbox 2252 4025 3923 4095">
    <p class='ocr_par' dir='ltr' id='par_1_86' title="bbox 2252 4025 3923 4095">
     <span class='ocr_line' id='line_1_86' title="bbox 2252 4025 3923 4095; baseline -0.004 -16"><span class='ocrx_word' id='word_1_590' title='bbox 2252 4027 2491 4081; x_wconf 77' lang='lat' dir='ltr'>Amandi</span> <span class='ocrx_word' id='word_1_591' title='bbox 2514 4026 2822 4079; x_wconf 88' lang='lat' dir='ltr'>centesimo</span> <span class='ocrx_word' id='word_1_592' title='bbox 2841 4025 3215 4095; x_wconf 89' lang='lat' dir='ltr'>nonagesimo</span> <span class='ocrx_word' id='word_1_593' title='bbox 3239 4026 3437 4094; x_wconf 90' lang='lat' dir='ltr'>quinto</span> <span class='ocrx_word' id='word_1_594' title='bbox 3460 4030 3633 4094; x_wconf 90' lang='lat' dir='ltr'>atque</span> <span class='ocrx_word' id='word_1_595' title='bbox 3667 4025 3737 4078; x_wconf 88' lang='lat' dir='ltr'>ab</span> <span class='ocrx_word' id='word_1_596' title='bbox 3770 4025 3923 4077; x_wconf 84' lang='lat' dir='ltr'>eleva-</span> 
     </span>
    </p>
   </div>
   <div class='ocr_carea' id='block_1_87' title="bbox 2254 4112 3923 4184">
    <p class='ocr_par' dir='ltr' id='par_1_87' title="bbox 2254 4112 3923 4184">
     <span class='ocr_line' id='line_1_87' title="bbox 2254 4112 3923 4184; baseline -0.005 -15"><span class='ocrx_word' id='word_1_597' title='bbox 2254 4116 2409 4169; x_wconf 91' lang='lat' dir='ltr'>tione</span> <span class='ocrx_word' id='word_1_598' title='bbox 2431 4114 2686 4184; x_wconf 90' lang='lat' dir='ltr'>corporis</span> <span class='ocrx_word' id='word_1_599' title='bbox 2708 4113 2887 4182; x_wconf 90' lang='lat' dir='ltr'>ipsius</span> <span class='ocrx_word' id='word_1_600' title='bbox 2910 4112 3352 4183; x_wconf 89' lang='lat' dir='ltr'>quadragesimo</span> <span class='ocrx_word' id='word_1_601' title='bbox 3375 4113 3645 4181; x_wconf 89' lang='lat' dir='ltr'>septimo,</span> <span class='ocrx_word' id='word_1_602' title='bbox 3670 4113 3762 4166; x_wconf 89' lang='lat' dir='ltr'>die</span> <span class='ocrx_word' id='word_1_603' title='bbox 3786 4112 3923 4179; x_wconf 83' lang='lat' dir='ltr'>vige-</span> 
     </span>
    </p>
   </div>
   <div class='ocr_carea' id='block_1_88' title="bbox 2252 4200 3923 4271">
    <p class='ocr_par' dir='ltr' id='par_1_88' title="bbox 2252 4200 3923 4271">
     <span class='ocr_line' id='line_1_88' title="bbox 2252 4200 3923 4271; baseline -0.003 -15"><span class='ocrx_word' id='word_1_604' title='bbox 2252 4204 2397 4256; x_wconf 91' lang='lat' dir='ltr'>simo</span> <span class='ocrx_word' id='word_1_605' title='bbox 2433 4202 2644 4255; x_wconf 90' lang='lat' dir='ltr'>mensis</span> <span class='ocrx_word' id='word_1_606' title='bbox 2666 4200 3036 4271; x_wconf 90' lang='lat' dir='ltr'>Septembris,</span> <span class='ocrx_word' id='word_1_607' title='bbox 3060 4201 3360 4254; x_wconf 89' lang='lat' dir='ltr'>celebritas</span> <span class='ocrx_word' id='word_1_608' title='bbox 3380 4200 3776 4253; x_wconf 86' lang='lat' dir='ltr'>anniversaria</span> <span class='ocrx_word' id='word_1_609' title='bbox 3796 4211 3923 4267; x_wconf 61' lang='lat' dir='ltr'>saepe</span> 
     </span>
    </p>
   </div>
   <div class='ocr_carea' id='block_1_89' title="bbox 523 4309 3925 4392">
    <p class='ocr_par' dir='ltr' id='par_1_89' title="bbox 523 4309 3925 4392">
     <span class='ocr_line' id='line_1_89' title="bbox 523 4309 3925 4392; baseline -0.001 -17"><span class='ocrx_word' id='word_1_610' title='bbox 523 4334 545 4392; x_wconf 54' lang='grc' dir='ltr'><em>ε</em></span> <span class='ocrx_word' id='word_1_611' title='bbox 580 4322 737 4375; x_wconf 85' lang='lat' dir='ltr'>Hanc</span> <span class='ocrx_word' id='word_1_612' title='bbox 782 4321 1077 4375; x_wconf 86' lang='lat' dir='ltr'>historiam</span> <span class='ocrx_word' id='word_1_613' title='bbox 1125 4322 1296 4391; x_wconf 90' lang='lat' dir='ltr'>paulo</span> <span class='ocrx_word' id='word_1_614' title='bbox 1356 4323 1520 4375; x_wconf 90' lang='lat' dir='ltr'>aliter</span> <span class='ocrx_word' id='word_1_615' title='bbox 1567 4323 1837 4379; x_wconf 85' lang='lat' dir='ltr'>describit</span> <span class='ocrx_word' id='word_1_616' title='bbox 1876 4327 2145 4381; x_wconf 81' lang='lat' dir='ltr'>Alcuinus</span> <span class='ocrx_word' id='word_1_617' title='bbox 2184 4309 2227 4362; x_wconf 78' lang='lat' dir='ltr'>D</span> <span class='ocrx_word' id='word_1_618' title='bbox 2251 4340 2532 4379; x_wconf 83' lang='lat' dir='ltr'>renovasse</span> <span class='ocrx_word' id='word_1_619' title='bbox 2571 4324 2797 4377; x_wconf 88' lang='lat' dir='ltr'>dicitur.</span> <span class='ocrx_word' id='word_1_620' title='bbox 2847 4325 2912 4377; x_wconf 85' lang='lat' dir='ltr'>Et</span> <span class='ocrx_word' id='word_1_621' title='bbox 2951 4323 3231 4392; x_wconf 89' lang='lat' dir='ltr'>epigram.</span> <span class='ocrx_word' id='word_1_622' title='bbox 3272 4326 3397 4387; x_wconf 75' lang='lat'>2&#39;28,</span> <span class='ocrx_word' id='word_1_623' title='bbox 3439 4327 3711 4376; x_wconf 83' lang='lat' dir='ltr'>Arnonus</span> <span class='ocrx_word' id='word_1_624' title='bbox 3750 4322 3925 4391; x_wconf 63' lang='grc' dir='ltr'>ρηδυί</span> 
     </span>
    </p>
   </div>
   <div class='ocr_carea' id='block_1_90' title="bbox 454 4390 2145 4464">
    <p class='ocr_par' dir='ltr' id='par_1_90' title="bbox 454 4390 2145 4464">
     <span class='ocr_line' id='line_1_90' title="bbox 454 4390 2145 4464; baseline 0.004 -21"><span class='ocrx_word' id='word_1_625' title='bbox 454 4390 869 4464; x_wconf 74' lang='lat' dir='ltr'>epigrammate</span> <span class='ocrx_word' id='word_1_626' title='bbox 906 4392 991 4457; x_wconf 72' lang='grc'>54,</span> <span class='ocrx_word' id='word_1_627' title='bbox 1026 4390 1328 4464; x_wconf 78' lang='lat' dir='ltr'>postquam</span> <span class='ocrx_word' id='word_1_628' title='bbox 1365 4393 1425 4445; x_wconf 88' lang='lat' dir='ltr'>in</span> <span class='ocrx_word' id='word_1_629' title='bbox 1468 4394 1649 4446; x_wconf 88' lang='lat' dir='ltr'>tribus</span> <span class='ocrx_word' id='word_1_630' title='bbox 1690 4398 2145 4464; x_wconf 63' lang='lat' dir='ltr'>praecedentibus</span> 
     </span>
    </p>
   </div>
   <div class='ocr_carea' id='block_1_91' title="bbox 454 4461 2145 4531">
    <p class='ocr_par' dir='ltr' id='par_1_91' title="bbox 454 4461 2145 4531">
     <span class='ocr_line' id='line_1_91' title="bbox 454 4461 2145 4531; baseline 0.004 -16"><span class='ocrx_word' id='word_1_631' title='bbox 454 4461 523 4515; x_wconf 92' lang='lat' dir='ltr'>de</span> <span class='ocrx_word' id='word_1_632' title='bbox 552 4462 784 4515; x_wconf 87' lang='lat' dir='ltr'>basilica</span> <span class='ocrx_word' id='word_1_633' title='bbox 810 4462 864 4516; x_wconf 93' lang='lat' dir='ltr'>S.</span> <span class='ocrx_word' id='word_1_634' title='bbox 900 4461 1144 4516; x_wconf 84' lang='lat' dir='ltr'>Amandi</span> <span class='ocrx_word' id='word_1_635' title='bbox 1168 4470 1223 4516; x_wconf 91' lang='lat' dir='ltr'>et</span> <span class='ocrx_word' id='word_1_636' title='bbox 1253 4464 1601 4517; x_wconf 90' lang='lat' dir='ltr'>monasterio</span> <span class='ocrx_word' id='word_1_637' title='bbox 1635 4461 1735 4531; x_wconf 79' lang='lat' dir='ltr'>per</span> <span class='ocrx_word' id='word_1_638' title='bbox 1765 4466 2145 4521; x_wconf 83' lang='lat' dir='ltr'>Giselbertum</span> 
     </span>
    </p>
   </div>
   <div class='ocr_carea' id='block_1_92' title="bbox 454 4532 2138 4601">
    <p class='ocr_par' dir='ltr' id='par_1_92' title="bbox 454 4532 2138 4601">
     <span class='ocr_line' id='line_1_92' title="bbox 454 4532 2138 4601; baseline 0.005 -17"><span class='ocrx_word' id='word_1_639' title='bbox 454 4533 763 4601; x_wconf 66' lang='lat' dir='ltr'>praesulem</span> <span class='ocrx_word' id='word_1_640' title='bbox 795 4532 1091 4599; x_wconf 87' lang='lat' dir='ltr'>restitutis,</span> <span class='ocrx_word' id='word_1_641' title='bbox 1137 4534 1205 4587; x_wconf 92' lang='lat' dir='ltr'>de</span> <span class='ocrx_word' id='word_1_642' title='bbox 1236 4536 1472 4587; x_wconf 88' lang='lat' dir='ltr'>ecclesia</span> <span class='ocrx_word' id='word_1_643' title='bbox 1510 4536 1563 4589; x_wconf 91' lang='lat' dir='ltr'>S.</span> <span class='ocrx_word' id='word_1_644' title='bbox 1616 4537 1804 4590; x_wconf 72' lang='lat' dir='ltr'>Maria:</span> <span class='ocrx_word' id='word_1_645' title='bbox 1850 4543 1908 4591; x_wconf 91' lang='lat' dir='ltr'>et</span> <span class='ocrx_word' id='word_1_646' title='bbox 1949 4539 2019 4593; x_wconf 92' lang='lat' dir='ltr'>de</span> <span class='ocrx_word' id='word_1_647' title='bbox 2049 4546 2138 4593; x_wconf 90' lang='lat' dir='ltr'>tu-</span> 
     </span>
    </p>
   </div>
   <div class='ocr_carea' id='block_1_93' title="bbox 456 4603 2002 4677">
    <p class='ocr_par' dir='ltr' id='par_1_93' title="bbox 456 4603 2002 4677">
     <span class='ocr_line' id='line_1_93' title="bbox 456 4603 2002 4677; baseline 0.005 -21"><span class='ocrx_word' id='word_1_648' title='bbox 456 4603 612 4656; x_wconf 89' lang='lat' dir='ltr'>mulo</span> <span class='ocrx_word' id='word_1_649' title='bbox 630 4603 684 4657; x_wconf 93' lang='lat' dir='ltr'>S.</span> <span class='ocrx_word' id='word_1_650' title='bbox 717 4603 960 4657; x_wconf 89' lang='lat' dir='ltr'>Amandi</span> <span class='ocrx_word' id='word_1_651' title='bbox 986 4605 1121 4673; x_wconf 91' lang='lat' dir='ltr'>egit.</span> <span class='ocrx_word' id='word_1_652' title='bbox 1154 4604 1241 4659; x_wconf 94' lang='lat' dir='ltr'>Sic</span> <span class='ocrx_word' id='word_1_653' title='bbox 1265 4605 1416 4659; x_wconf 91' lang='lat' dir='ltr'>canit</span> <span class='ocrx_word' id='word_1_654' title='bbox 1445 4606 1860 4677; x_wconf 89' lang='lat' dir='ltr'>epigrammata</span> <span class='ocrx_word' id='word_1_655' title='bbox 1889 4610 1956 4662; x_wconf 80' lang='grc'>54</span> <span class='ocrx_word' id='word_1_656' title='bbox 1989 4626 2002 4663; x_wconf 91' lang='lat'><strong>:</strong></span> 
     </span>
    </p>
   </div>
   <div class='ocr_carea' id='block_1_94' title="bbox 579 4698 1881 4764">
    <p class='ocr_par' dir='ltr' id='par_1_94' title="bbox 579 4698 1881 4764">
     <span class='ocr_line' id='line_1_94' title="bbox 579 4698 1881 4764; baseline 0.005 -19"><span class='ocrx_word' id='word_1_657' title='bbox 579 4698 712 4764; x_wconf 89' lang='lat' dir='ltr'>I_)um_</span> <span class='ocrx_word' id='word_1_658' title='bbox 740 4713 889 4747; x_wconf 88' lang='lat' dir='ltr'>sacra</span> <span class='ocrx_word' id='word_1_659' title='bbox 918 4700 1192 4761; x_wconf 63' lang='lat' dir='ltr'>praesentis</span> <span class='ocrx_word' id='word_1_660' title='bbox 1228 4701 1462 4764; x_wconf 88' lang='lat' dir='ltr'>pervadit</span> <span class='ocrx_word' id='word_1_661' title='bbox 1489 4702 1673 4749; x_wconf 87' lang='lat' dir='ltr'>limina</span> <span class='ocrx_word' id='word_1_662' title='bbox 1700 4703 1881 4764; x_wconf 87' lang='lat' dir='ltr'>templi</span> 
     </span>
    </p>
   </div>
   <div class='ocr_carea' id='block_1_95' title="bbox 579 4762 1928 4826">
    <p class='ocr_par' dir='ltr' id='par_1_95' title="bbox 579 4762 1928 4826">
     <span class='ocr_line' id='line_1_95' title="bbox 579 4762 1928 4826; baseline 0.004 -19"><span class='ocrx_word' id='word_1_663' title='bbox 579 4762 798 4826; x_wconf 65' lang='lat' dir='ltr'>_S_aapius_</span> <span class='ocrx_word' id='word_1_664' title='bbox 810 4774 1118 4826; x_wconf 83' lang='lat' dir='ltr'>accrescens</span> <span class='ocrx_word' id='word_1_665' title='bbox 1143 4763 1445 4826; x_wconf 77' lang='lat' dir='ltr'>cumulatur</span> <span class='ocrx_word' id='word_1_666' title='bbox 1474 4764 1677 4826; x_wconf 88' lang='lat' dir='ltr'>gurgite</span> <span class='ocrx_word' id='word_1_667' title='bbox 1713 4762 1928 4813; x_wconf 83' lang='lat' dir='ltr'>flumen.</span> 
     </span>
    </p>
   </div>
   <div class='ocr_carea' id='block_1_96' title="bbox 581 4822 1844 4886">
    <p class='ocr_par' dir='ltr' id='par_1_96' title="bbox 581 4822 1844 4886">
     <span class='ocr_line' id='line_1_96' title="bbox 581 4822 1844 4886; baseline 0.003 -16"><span class='ocrx_word' id='word_1_668' title='bbox 581 4823 692 4886; x_wconf 63' lang='lat' dir='ltr'>Non</span> <span class='ocrx_word' id='word_1_669' title='bbox 725 4822 1116 4886; x_wconf 11' lang='lat' dir='ltr'>tulitgArnonus</span> <span class='ocrx_word' id='word_1_670' title='bbox 1146 4823 1332 4871; x_wconf 75' lang='lat' dir='ltr'>foedari</span> <span class='ocrx_word' id='word_1_671' title='bbox 1363 4822 1558 4886; x_wconf 74' lang='lat' dir='ltr'>templa</span> <span class='ocrx_word' id='word_1_672' title='bbox 1577 4822 1844 4874; x_wconf 74' lang='lat' dir='ltr'>sacerdos.</span> 
     </span>
    </p>
   </div>
   <div class='ocr_carea' id='block_1_97' title="bbox 578 4884 1983 4950">
    <p class='ocr_par' dir='ltr' id='par_1_97' title="bbox 578 4884 1983 4950">
     <span class='ocr_line' id='line_1_97' title="bbox 578 4884 1983 4950; baseline 0.004 -19"><span class='ocrx_word' id='word_1_673' title='bbox 578 4885 817 4950; x_wconf 61' lang='lat' dir='ltr'>1iusserat</span> <span class='ocrx_word' id='word_1_674' title='bbox 845 4884 895 4950; x_wconf 74' lang='lat' dir='ltr'>ig</span> <span class='ocrx_word' id='word_1_675' title='bbox 934 4885 1123 4932; x_wconf 90' lang='lat' dir='ltr'>melius</span> <span class='ocrx_word' id='word_1_676' title='bbox 1153 4884 1538 4950; x_wconf 7' lang='lat' dir='ltr'>reuovarigbaac</span> <span class='ocrx_word' id='word_1_677' title='bbox 1564 4888 1742 4935; x_wconf 89' lang='lat' dir='ltr'>omnia</span> <span class='ocrx_word' id='word_1_678' title='bbox 1773 4888 1983 4950; x_wconf 66' lang='lat' dir='ltr'>praesul,</span> 
     </span>
    </p>
   </div>
   <div class='ocr_carea' id='block_1_98' title="bbox 582 4945 1743 5007">
    <p class='ocr_par' dir='ltr' id='par_1_98' title="bbox 582 4945 1743 5007">
     <span class='ocr_line' id='line_1_98' title="bbox 582 4945 1743 5007; baseline 0.002 -13"><span class='ocrx_word' id='word_1_679' title='bbox 582 4946 755 4994; x_wconf 86' lang='lat' dir='ltr'>Latior</span> <span class='ocrx_word' id='word_1_680' title='bbox 780 4950 839 4993; x_wconf 91' lang='lat' dir='ltr'>ut</span> <span class='ocrx_word' id='word_1_681' title='bbox 861 4945 1008 4994; x_wconf 87' lang='lat' dir='ltr'>ﬂeret</span> <span class='ocrx_word' id='word_1_682' title='bbox 1035 4951 1217 5007; x_wconf 85' lang='lat' dir='ltr'>crypta</span> <span class='ocrx_word' id='word_1_683' title='bbox 1246 4951 1299 4994; x_wconf 89' lang='lat' dir='ltr'>et</span> <span class='ocrx_word' id='word_1_684' title='bbox 1332 4948 1606 4996; x_wconf 89' lang='lat' dir='ltr'>sublimior</span> <span class='ocrx_word' id='word_1_685' title='bbox 1625 4950 1743 5006; x_wconf 87' lang='lat' dir='ltr'>ista,</span> 
     </span>
    </p>
   </div>
   <div class='ocr_carea' id='block_1_99' title="bbox 580 4961 1842 5071">
    <p class='ocr_par' dir='ltr' id='par_1_99' title="bbox 580 4961 1842 5071">
     <span class='ocr_line' id='line_1_99' title="bbox 582 4961 1743 5007; baseline 0.002 -13"><span class='ocrx_word' id='word_1_686' title='bbox 582 4961 755 4994; x_wconf 68' lang='lat' dir='ltr'>nauor</span> <span class='ocrx_word' id='word_1_687' title='bbox 780 4961 839 4993; x_wconf 75' lang='lat' dir='ltr'>ut.</span> <span class='ocrx_word' id='word_1_688' title='bbox 861 4961 1008 4994; x_wconf 67' lang='lat' dir='ltr'>nerei</span> <span class='ocrx_word' id='word_1_689' title='bbox 1035 4961 1091 4994; x_wconf 91' lang='lat' dir='ltr'>cr</span> <span class='ocrx_word' id='word_1_690' title='bbox 1114 4961 1217 5007; x_wconf 71' lang='lat' dir='ltr'>&#39;pta</span> <span class='ocrx_word' id='word_1_691' title='bbox 1246 4961 1299 4994; x_wconf 78' lang='lat' dir='ltr'>et</span> <span class='ocrx_word' id='word_1_692' title='bbox 1332 4961 1606 4996; x_wconf 76' lang='lat' dir='ltr'>sublimior</span> <span class='ocrx_word' id='word_1_693' title='bbox 1625 4961 1743 5006; x_wconf 80' lang='lat' dir='ltr'>ista,</span> 
     </span>
     <span class='ocr_line' id='line_1_100' title="bbox 580 4961 1842 5071; baseline 0.004 -18"><span class='ocrx_word' id='word_1_694' title='bbox 580 5006 894 5071; x_wconf 75' lang='lat' dir='ltr'>Supponens</span> <span class='ocrx_word' id='word_1_695' title='bbox 918 5008 1066 5055; x_wconf 85' lang='lat' dir='ltr'>tectis</span> <span class='ocrx_word' id='word_1_696' title='bbox 1094 4961 1327 5071; x_wconf 68' lang='lat' dir='ltr'>iirmatos</span> <span class='ocrx_word' id='word_1_697' title='bbox 1356 5012 1434 5056; x_wconf 91' lang='lat' dir='ltr'>ter</span> <span class='ocrx_word' id='word_1_698' title='bbox 1462 5015 1647 5071; x_wconf 82' lang='lat' dir='ltr'>quater</span> <span class='ocrx_word' id='word_1_699' title='bbox 1673 5024 1842 5071; x_wconf 87' lang='lat' dir='ltr'>arcus,</span> 
     </span>
    </p>
   </div>
   <div class='ocr_carea' id='block_1_100' title="bbox 580 5068 1839 5131">
    <p class='ocr_par' dir='ltr' id='par_1_100' title="bbox 580 5068 1839 5131">
     <span class='ocr_line' id='line_1_101' title="bbox 580 5068 1839 5131; baseline 0.002 -15"><span class='ocrx_word' id='word_1_700' title='bbox 580 5068 830 5131; x_wconf 73' lang='lat' dir='ltr'>mysticus</span> <span class='ocrx_word' id='word_1_701' title='bbox 856 5073 915 5116; x_wconf 90' lang='lat' dir='ltr'>ut</span> <span class='ocrx_word' id='word_1_702' title='bbox 942 5073 1105 5117; x_wconf 90' lang='lat' dir='ltr'>totam</span> <span class='ocrx_word' id='word_1_703' title='bbox 1131 5068 1361 5118; x_wconf 82' lang='lat' dir='ltr'>ﬁrmaret</span> <span class='ocrx_word' id='word_1_704' title='bbox 1389 5068 1622 5119; x_wconf 81' lang='lat' dir='ltr'>calculus</span> <span class='ocrx_word' id='word_1_705' title='bbox 1648 5068 1839 5120; x_wconf 58' lang='lat' dir='ltr'>aulam;</span> 
     </span>
    </p>
   </div>
   <div class='ocr_carea' id='block_1_101' title="bbox 580 5131 1855 5192">
    <p class='ocr_par' dir='ltr' id='par_1_101' title="bbox 580 5131 1855 5192">
     <span class='ocr_line' id='line_1_102' title="bbox 580 5131 1855 5192; baseline 0.002 -13"><span class='ocrx_word' id='word_1_706' title='bbox 580 5131 805 5179; x_wconf 85' lang='lat' dir='ltr'>Parvula</span> <span class='ocrx_word' id='word_1_707' title='bbox 828 5131 1077 5192; x_wconf 74' lang='lat' dir='ltr'>prtecelso</span> <span class='ocrx_word' id='word_1_708' title='bbox 1106 5144 1423 5179; x_wconf 89' lang='lat' dir='ltr'>consecrans</span> <span class='ocrx_word' id='word_1_709' title='bbox 1447 5137 1581 5181; x_wconf 86' lang='lat' dir='ltr'>tecta</span> <span class='ocrx_word' id='word_1_710' title='bbox 1614 5134 1855 5182; x_wconf 89' lang='lat' dir='ltr'>ministro</span> 
     </span>
    </p>
   </div>
   <div class='ocr_carea' id='block_1_102' title="bbox 580 5192 1771 5254">
    <p class='ocr_par' dir='ltr' id='par_1_102' title="bbox 580 5192 1771 5254">
     <span class='ocr_line' id='line_1_103' title="bbox 580 5192 1771 5254; baseline 0.003 -15"><span class='ocrx_word' id='word_1_711' title='bbox 580 5192 821 5240; x_wconf 86' lang='lat' dir='ltr'>Michaeli</span> <span class='ocrx_word' id='word_1_712' title='bbox 847 5192 964 5240; x_wconf 59' lang='lat' dir='ltr'>caeli</span> <span class='ocrx_word' id='word_1_713' title='bbox 997 5192 1185 5240; x_wconf 88' lang='lat' dir='ltr'>Christi</span> <span class='ocrx_word' id='word_1_714' title='bbox 1215 5194 1303 5254; x_wconf 91' lang='lat' dir='ltr'>qui</span> <span class='ocrx_word' id='word_1_715' title='bbox 1333 5194 1528 5241; x_wconf 84' lang='lat' dir='ltr'>assistit</span> <span class='ocrx_word' id='word_1_716' title='bbox 1553 5195 1604 5241; x_wconf 89' lang='lat' dir='ltr'>in</span> <span class='ocrx_word' id='word_1_717' title='bbox 1633 5209 1771 5252; x_wconf 84' lang='lat' dir='ltr'>arce,</span> 
     </span>
    </p>
   </div>
   <div class='ocr_carea' id='block_1_103' title="bbox 580 5253 1921 5326">
    <p class='ocr_par' dir='ltr' id='par_1_103' title="bbox 580 5253 1921 5326">
     <span class='ocr_line' id='line_1_104' title="bbox 580 5253 1921 5326; baseline 0.003 -25"><span class='ocrx_word' id='word_1_718' title='bbox 580 5253 749 5326; x_wconf 45' lang='lat' dir='ltr'>:Atq‘ue</span> <span class='ocrx_word' id='word_1_719' title='bbox 778 5266 954 5325; x_wconf 86' lang='lat' dir='ltr'>preces</span> <span class='ocrx_word' id='word_1_720' title='bbox 980 5254 1134 5326; x_wconf 56' lang='lat' dir='ltr'>offert</span> <span class='ocrx_word' id='word_1_721' title='bbox 1163 5253 1630 5326; x_wconf 37' lang='lat' dir='ltr'>s-anctor‘rmRege</span> <span class='ocrx_word' id='word_1_722' title='bbox 1661 5256 1921 5326; x_wconf 84' lang='lat' dir='ltr'>polorum.</span> 
     </span>
    </p>
   </div>
   <div class='ocr_carea' id='block_1_104' title="bbox 580 5267 1788 5378">
    <p class='ocr_par' dir='ltr' id='par_1_104' title="bbox 580 5267 1788 5378">
     <span class='ocr_line' id='line_1_105' title="bbox 580 5267 1788 5363; baseline 0.002 -62"><span class='ocrx_word' id='word_1_723' title='bbox 580 5267 749 5363; x_wconf 54' lang='grc' dir='ltr'>Αιᾳὲθ</span> <span class='ocrx_word' id='word_1_724' title='bbox 778 5267 954 5325; x_wconf 86' lang='lat' dir='ltr'>preces</span> <span class='ocrx_word' id='word_1_725' title='bbox 983 5267 1134 5303; x_wconf 78' lang='lat' dir='ltr'>onert</span> <span class='ocrx_word' id='word_1_726' title='bbox 1163 5267 1462 5325; x_wconf 79' lang='lat' dir='ltr'>sanctorrm</span> <span class='ocrx_word' id='word_1_727' title='bbox 1494 5267 1630 5316; x_wconf 76' lang='lat' dir='ltr'>uege</span> <span class='ocrx_word' id='word_1_728' title='bbox 1661 5267 1788 5326; x_wconf 84' lang='lat' dir='ltr'>polo</span> 
     </span>
     <span class='ocr_line' id='line_1_106' title="bbox 580 5316 1788 5378; baseline 0.001 -13"><span class='ocrx_word' id='word_1_729' title='bbox 580 5316 676 5365; x_wconf 92' lang='lat' dir='ltr'>Lot</span> <span class='ocrx_word' id='word_1_730' title='bbox 716 5329 857 5363; x_wconf 84' lang='lat' dir='ltr'>anus</span> <span class='ocrx_word' id='word_1_731' title='bbox 881 5320 1057 5365; x_wconf 89' lang='lat' dir='ltr'>custos</span> <span class='ocrx_word' id='word_1_732' title='bbox 1079 5316 1201 5364; x_wconf 82' lang='lat' dir='ltr'>fecit</span> <span class='ocrx_word' id='word_1_733' title='bbox 1234 5317 1515 5364; x_wconf 84' lang='lat' dir='ltr'>mandante</span> <span class='ocrx_word' id='word_1_734' title='bbox 1538 5324 1788 5378; x_wconf 80' lang='lat' dir='ltr'>magistro</span> 
     </span>
    </p>
   </div>
   <div class='ocr_carea' id='block_1_105' title="bbox 580 5378 2017 5442">
    <p class='ocr_par' dir='ltr' id='par_1_105' title="bbox 580 5378 2017 5442">
     <span class='ocr_line' id='line_1_107' title="bbox 580 5378 2017 5442; baseline 0.002 -17"><span class='ocrx_word' id='word_1_735' title='bbox 580 5378 801 5442; x_wconf 64' lang='lat' dir='ltr'>Semper</span> <span class='ocrx_word' id='word_1_736' title='bbox 821 5378 874 5442; x_wconf 81' lang='lat' dir='ltr'>in</span> <span class='ocrx_word' id='word_1_737' title='bbox 905 5382 1162 5426; x_wconf 71' lang='lat' dir='ltr'>mteruum</span> <span class='ocrx_word' id='word_1_738' title='bbox 1186 5378 1423 5442; x_wconf 78' lang='lat' dir='ltr'>Christus</span> <span class='ocrx_word' id='word_1_739' title='bbox 1445 5385 1718 5427; x_wconf 86' lang='lat' dir='ltr'>conservet</span> <span class='ocrx_word' id='word_1_740' title='bbox 1749 5384 2017 5442; x_wconf 89' lang='lat' dir='ltr'>utrosque.</span> 
     </span>
    </p>
   </div>
   <div class='ocr_carea' id='block_1_106' title="bbox 582 5438 1888 5503">
    <p class='ocr_par' dir='ltr' id='par_1_106' title="bbox 582 5438 1888 5503">
     <span class='ocr_line' id='line_1_108' title="bbox 582 5438 1888 5503; baseline 0.002 -17"><span class='ocrx_word' id='word_1_741' title='bbox 582 5438 683 5503; x_wconf 82' lang='lat' dir='ltr'>Qui</span> <span class='ocrx_word' id='word_1_742' title='bbox 707 5438 831 5503; x_wconf 83' lang='lat' dir='ltr'>legit</span> <span class='ocrx_word' id='word_1_743' title='bbox 855 5439 950 5503; x_wconf 84' lang='lat' dir='ltr'>hos</span> <span class='ocrx_word' id='word_1_744' title='bbox 980 5453 1167 5503; x_wconf 81' lang='lat' dir='ltr'>versus</span> <span class='ocrx_word' id='word_1_745' title='bbox 1193 5440 1332 5487; x_wconf 81' lang='lat' dir='ltr'>dicat</span> <span class='ocrx_word' id='word_1_746' title='bbox 1355 5453 1501 5503; x_wconf 73' lang='lat' dir='ltr'>rogo</span> <span class='ocrx_word' id='word_1_747' title='bbox 1516 5444 1721 5503; x_wconf 86' lang='lat' dir='ltr'>pectore</span> <span class='ocrx_word' id='word_1_748' title='bbox 1758 5455 1888 5503; x_wconf 91' lang='lat' dir='ltr'>puro</span> 
     </span>
    </p>
   </div>
   <div class='ocr_carea' id='block_1_107' title="bbox 582 5500 2019 5565">
    <p class='ocr_par' dir='ltr' id='par_1_107' title="bbox 582 5500 2019 5565">
     <span class='ocr_line' id='line_1_109' title="bbox 582 5500 2019 5565; baseline 0.003 -18"><span class='ocrx_word' id='word_1_749' title='bbox 582 5500 802 5550; x_wconf 82' lang='lat' dir='ltr'>Alcuino</span> <span class='ocrx_word' id='word_1_750' title='bbox 834 5501 1041 5549; x_wconf 88' lang='lat' dir='ltr'>veniam</span> <span class='ocrx_word' id='word_1_751' title='bbox 1068 5501 1323 5550; x_wconf 89' lang='lat' dir='ltr'>scelerum</span> <span class='ocrx_word' id='word_1_752' title='bbox 1354 5500 1439 5561; x_wconf 83' lang='lat' dir='ltr'>da,</span> <span class='ocrx_word' id='word_1_753' title='bbox 1476 5501 1695 5561; x_wconf 88' lang='lat' dir='ltr'>Christe,</span> <span class='ocrx_word' id='word_1_754' title='bbox 1727 5500 2019 5565; x_wconf 70' lang='lat' dir='ltr'>precamur.</span> 
     </span>
    </p>
   </div>
   <div class='ocr_carea' id='block_1_108' title="bbox 461 5587 2146 5658">
    <p class='ocr_par' dir='ltr' id='par_1_108' title="bbox 461 5587 2146 5658">
     <span class='ocr_line' id='line_1_110' title="bbox 461 5587 2146 5658; baseline 0.003 -18"><span class='ocrx_word' id='word_1_755' title='bbox 461 5587 600 5641; x_wconf 87' lang='lat' dir='ltr'>Item</span> <span class='ocrx_word' id='word_1_756' title='bbox 642 5588 1052 5658; x_wconf 87' lang='lat' dir='ltr'>epigrammate</span> <span class='ocrx_word' id='word_1_757' title='bbox 1083 5590 1170 5655; x_wconf 73' lang='grc'>64,</span> <span class='ocrx_word' id='word_1_758' title='bbox 1222 5590 1475 5644; x_wconf 85' lang='lat' dir='ltr'>Amonus</span> <span class='ocrx_word' id='word_1_759' title='bbox 1506 5592 1562 5646; x_wconf 93' lang='lat' dir='ltr'>S.</span> <span class='ocrx_word' id='word_1_760' title='bbox 1612 5592 1863 5646; x_wconf 72' lang='lat' dir='ltr'>Amandi</span> <span class='ocrx_word' id='word_1_761' title='bbox 1907 5593 2146 5646; x_wconf 84' lang='lat' dir='ltr'>tumbam</span> 
     </span>
    </p>
   </div>
   <div class='ocr_carea' id='block_1_109' title="bbox 2249 4394 3922 4465">
    <p class='ocr_par' dir='ltr' id='par_1_109' title="bbox 2249 4394 3922 4465">
     <span class='ocr_line' id='line_1_111' title="bbox 2249 4394 3922 4465; baseline -0.002 -16"><span class='ocrx_word' id='word_1_762' title='bbox 2249 4400 2517 4465; x_wconf 82' lang='lat' dir='ltr'>jacentem</span> <span class='ocrx_word' id='word_1_763' title='bbox 2562 4394 2852 4447; x_wconf 89' lang='lat' dir='ltr'>basilicam</span> <span class='ocrx_word' id='word_1_764' title='bbox 2905 4410 3205 4446; x_wconf 83' lang='lat' dir='ltr'>renovasse</span> <span class='ocrx_word' id='word_1_765' title='bbox 3254 4400 3303 4446; x_wconf 83' lang='lat' dir='ltr'>et</span> <span class='ocrx_word' id='word_1_766' title='bbox 3341 4396 3529 4465; x_wconf 78' lang='lat' dir='ltr'>melius</span> <span class='ocrx_word' id='word_1_767' title='bbox 3560 4397 3922 4465; x_wconf 63' lang='lat' dir='ltr'>construxissg.</span> 
     </span>
    </p>
   </div>
   <div class='ocr_carea' id='block_1_110' title="bbox 2258 4461 3925 4536">
    <p class='ocr_par' dir='ltr' id='par_1_110' title="bbox 2258 4461 3925 4536">
     <span class='ocr_line' id='line_1_112' title="bbox 2258 4461 3925 4536; baseline -0.004 -17"><span class='ocrx_word' id='word_1_768' title='bbox 2258 4461 2429 4536; x_wconf 84' lang='lat' dir='ltr'>atque</span> <span class='ocrx_word' id='word_1_769' title='bbox 2475 4466 2534 4518; x_wconf 90' lang='lat' dir='ltr'>in</span> <span class='ocrx_word' id='word_1_770' title='bbox 2581 4466 2860 4518; x_wconf 90' lang='lat' dir='ltr'>honorem</span> <span class='ocrx_word' id='word_1_771' title='bbox 2918 4465 2974 4519; x_wconf 90' lang='lat' dir='ltr'>S.</span> <span class='ocrx_word' id='word_1_772' title='bbox 3005 4464 3308 4536; x_wconf 83' lang='lat' dir='ltr'>Michaelis,</span> <span class='ocrx_word' id='word_1_773' title='bbox 3359 4464 3413 4517; x_wconf 90' lang='lat' dir='ltr'>S.</span> <span class='ocrx_word' id='word_1_774' title='bbox 3477 4465 3629 4517; x_wconf 86' lang='lat' dir='ltr'>Petri</span> <span class='ocrx_word' id='word_1_775' title='bbox 3679 4461 3925 4536; x_wconf 32' lang='lat' dir='ltr'>atqueAS.</span> 
     </span>
    </p>
   </div>
   <div class='ocr_carea' id='block_1_111' title="bbox 2256 4534 3927 4603">
    <p class='ocr_par' dir='ltr' id='par_1_111' title="bbox 2256 4534 3927 4603">
     <span class='ocr_line' id='line_1_113' title="bbox 2256 4534 3927 4603; baseline -0.004 -14"><span class='ocrx_word' id='word_1_776' title='bbox 2256 4534 2501 4590; x_wconf 83' lang='lat' dir='ltr'>Amandi</span> <span class='ocrx_word' id='word_1_777' title='bbox 2530 4536 2817 4589; x_wconf 84' lang='lat' dir='ltr'>dedicasse</span> <span class='ocrx_word' id='word_1_778' title='bbox 2854 4536 3051 4589; x_wconf 87' lang='lat' dir='ltr'>fertur.</span> <span class='ocrx_word' id='word_1_779' title='bbox 3099 4535 3459 4603; x_wconf 90' lang='lat' dir='ltr'>voluisseque</span> <span class='ocrx_word' id='word_1_780' title='bbox 3490 4542 3549 4587; x_wconf 83' lang='lat' dir='ltr'>ut</span> <span class='ocrx_word' id='word_1_781' title='bbox 3579 4541 3820 4588; x_wconf 81' lang='lat' dir='ltr'>sanctum</span> <span class='ocrx_word' id='word_1_782' title='bbox 3850 4534 3927 4585; x_wconf 84' lang='lat' dir='ltr'>Po-</span> 
     </span>
    </p>
   </div>
   <div class='ocr_carea' id='block_1_112' title="bbox 2258 4606 3918 4677">
    <p class='ocr_par' dir='ltr' id='par_1_112' title="bbox 2258 4606 3918 4677">
     <span class='ocr_line' id='line_1_114' title="bbox 2258 4606 3918 4677; baseline -0.005 -17"><span class='ocrx_word' id='word_1_783' title='bbox 2258 4608 2571 4677; x_wconf 78' lang='lat' dir='ltr'>lyandrum,</span> <span class='ocrx_word' id='word_1_784' title='bbox 2644 4607 2751 4659; x_wconf 92' lang='lat' dir='ltr'>hoc</span> <span class='ocrx_word' id='word_1_785' title='bbox 2812 4611 2901 4677; x_wconf 88' lang='lat' dir='ltr'>est</span> <span class='ocrx_word' id='word_1_786' title='bbox 2973 4606 3385 4677; x_wconf 72' lang='lat' dir='ltr'>cmmeterium.</span> <span class='ocrx_word' id='word_1_787' title='bbox 3445 4606 3725 4677; x_wconf 79' lang='lat' dir='ltr'>fratribus</span> <span class='ocrx_word' id='word_1_788' title='bbox 3776 4608 3918 4677; x_wconf 76' lang='lat' dir='ltr'>esset.</span> 
     </span>
    </p>
   </div>
   <div class='ocr_carea' id='block_1_113' title="bbox 2257 4676 3924 4745">
    <p class='ocr_par' dir='ltr' id='par_1_113' title="bbox 2257 4676 3924 4745">
     <span class='ocr_line' id='line_1_115' title="bbox 2257 4676 3924 4745; baseline -0.005 -14"><span class='ocrx_word' id='word_1_789' title='bbox 2257 4676 2317 4731; x_wconf 84' lang='lat' dir='ltr'>1n</span> <span class='ocrx_word' id='word_1_790' title='bbox 2367 4678 2479 4729; x_wconf 83' lang='lat' dir='ltr'>fine</span> <span class='ocrx_word' id='word_1_791' title='bbox 2509 4677 2685 4745; x_wconf 89' lang='lat' dir='ltr'>ipsius</span> <span class='ocrx_word' id='word_1_792' title='bbox 2732 4676 3162 4745; x_wconf 87' lang='lat' dir='ltr'>epigrammatis</span> <span class='ocrx_word' id='word_1_793' title='bbox 3188 4676 3459 4729; x_wconf 81' lang='lat' dir='ltr'>Alcuinus</span> <span class='ocrx_word' id='word_1_794' title='bbox 3487 4676 3742 4744; x_wconf 87' lang='lat' dir='ltr'>seipsum</span> <span class='ocrx_word' id='word_1_795' title='bbox 3772 4676 3924 4728; x_wconf 86' lang='lat' dir='ltr'>lecto-</span> 
     </span>
    </p>
   </div>
   <div class='ocr_carea' id='block_1_114' title="bbox 2260 4746 3921 4817">
    <p class='ocr_par' dir='ltr' id='par_1_114' title="bbox 2260 4746 3921 4817">
     <span class='ocr_line' id='line_1_116' title="bbox 2260 4746 3921 4817; baseline -0.004 -18"><span class='ocrx_word' id='word_1_796' title='bbox 2260 4764 2385 4801; x_wconf 90' lang='lat' dir='ltr'>rum</span> <span class='ocrx_word' id='word_1_797' title='bbox 2417 4747 2677 4817; x_wconf 90' lang='lat' dir='ltr'>precibus</span> <span class='ocrx_word' id='word_1_798' title='bbox 2716 4747 3095 4799; x_wconf 89' lang='lat' dir='ltr'>commendat.</span> <span class='ocrx_word' id='word_1_799' title='bbox 3128 4747 3188 4799; x_wconf 91' lang='lat' dir='ltr'>In</span> <span class='ocrx_word' id='word_1_800' title='bbox 3219 4746 3339 4798; x_wconf 90' lang='lat' dir='ltr'>istis</span> <span class='ocrx_word' id='word_1_801' title='bbox 3369 4746 3721 4798; x_wconf 87' lang='lat' dir='ltr'>carminibus</span> <span class='ocrx_word' id='word_1_802' title='bbox 3756 4746 3921 4798; x_wconf 75' lang='lat' dir='ltr'>obser-</span> 
     </span>
    </p>
   </div>
   <div class='ocr_carea' id='block_1_115' title="bbox 2258 4817 3919 4886">
    <p class='ocr_par' dir='ltr' id='par_1_115' title="bbox 2258 4817 3919 4886">
     <span class='ocr_line' id='line_1_117' title="bbox 2258 4817 3919 4886; baseline -0.004 -18"><span class='ocrx_word' id='word_1_803' title='bbox 2258 4819 2442 4871; x_wconf 89' lang='lat' dir='ltr'>vanda</span> <span class='ocrx_word' id='word_1_804' title='bbox 2481 4823 2613 4870; x_wconf 91' lang='lat' dir='ltr'>sunt</span> <span class='ocrx_word' id='word_1_805' title='bbox 2650 4820 2929 4886; x_wconf 63' lang='lat' dir='ltr'>quaedam.</span> <span class='ocrx_word' id='word_1_806' title='bbox 2984 4817 3252 4868; x_wconf 86' lang='lat' dir='ltr'>Alcuinus</span> <span class='ocrx_word' id='word_1_807' title='bbox 3300 4817 3360 4868; x_wconf 87' lang='lat' dir='ltr'>in</span> <span class='ocrx_word' id='word_1_808' title='bbox 3411 4818 3692 4869; x_wconf 80' lang='lat' dir='ltr'>Chronico</span> <span class='ocrx_word' id='word_1_809' title='bbox 3736 4818 3919 4869; x_wconf 88' lang='lat' dir='ltr'>Turon.</span> 
     </span>
    </p>
   </div>
   <div class='ocr_carea' id='block_1_116' title="bbox 2257 4887 3924 4957">
    <p class='ocr_par' dir='ltr' id='par_1_116' title="bbox 2257 4887 3924 4957">
     <span class='ocr_line' id='line_1_118' title="bbox 2257 4887 3924 4957; baseline -0.004 -17"><span class='ocrx_word' id='word_1_810' title='bbox 2257 4889 2495 4957; x_wconf 88' lang='lat' dir='ltr'>aliisque</span> <span class='ocrx_word' id='word_1_811' title='bbox 2543 4904 2695 4940; x_wconf 90' lang='lat' dir='ltr'>anno</span> <span class='ocrx_word' id='word_1_812' title='bbox 2745 4889 2847 4941; x_wconf 64' lang='grc'>804</span> <span class='ocrx_word' id='word_1_813' title='bbox 2886 4887 3092 4939; x_wconf 89' lang='lat' dir='ltr'>obiisse</span> <span class='ocrx_word' id='word_1_814' title='bbox 3138 4887 3360 4943; x_wconf 90' lang='lat' dir='ltr'>dicitur.</span> <span class='ocrx_word' id='word_1_815' title='bbox 3422 4887 3528 4949; x_wconf 89' lang='lat' dir='ltr'>Qui</span> <span class='ocrx_word' id='word_1_816' title='bbox 3580 4889 3760 4954; x_wconf 91' lang='lat' dir='ltr'>igitur</span> <span class='ocrx_word' id='word_1_817' title='bbox 3806 4888 3924 4937; x_wconf 65' lang='lat' dir='ltr'>hanc</span> 
     </span>
    </p>
   </div>
   <div class='ocr_carea' id='block_1_117' title="bbox 2257 4957 3923 5026">
    <p class='ocr_par' dir='ltr' id='par_1_117' title="bbox 2257 4957 3923 5026">
     <span class='ocr_line' id='line_1_119' title="bbox 2257 4957 3923 5026; baseline -0.007 -13"><span class='ocrx_word' id='word_1_818' title='bbox 2257 4957 2499 5013; x_wconf 85' lang='lat' dir='ltr'>Amandi</span> <span class='ocrx_word' id='word_1_819' title='bbox 2554 4958 2930 5009; x_wconf 90' lang='lat' dir='ltr'>elevationem</span> <span class='ocrx_word' id='word_1_820' title='bbox 2976 4958 3178 5026; x_wconf 88' lang='lat' dir='ltr'>quinto</span> <span class='ocrx_word' id='word_1_821' title='bbox 3231 4962 3358 5025; x_wconf 88' lang='lat' dir='ltr'>post</span> <span class='ocrx_word' id='word_1_822' title='bbox 3409 4973 3559 5009; x_wconf 88' lang='lat' dir='ltr'>anno</span> <span class='ocrx_word' id='word_1_823' title='bbox 3610 4958 3814 5010; x_wconf 87' lang='lat' dir='ltr'>factam</span> <span class='ocrx_word' id='word_1_824' title='bbox 3858 4969 3923 5004; x_wconf 81' lang='lat' dir='ltr'>ce-</span> 
     </span>
    </p>
   </div>
   <div class='ocr_carea' id='block_1_118' title="bbox 2257 5026 3917 5097">
    <p class='ocr_par' dir='ltr' id='par_1_118' title="bbox 2257 5026 3917 5097">
     <span class='ocr_line' id='line_1_120' title="bbox 2257 5026 3917 5097; baseline -0.005 -15"><span class='ocrx_word' id='word_1_825' title='bbox 2257 5029 2459 5082; x_wconf 89' lang='lat' dir='ltr'>cinisse</span> <span class='ocrx_word' id='word_1_826' title='bbox 2514 5027 2736 5097; x_wconf 87' lang='lat' dir='ltr'>patuit?</span> <span class='ocrx_word' id='word_1_827' title='bbox 2779 5027 2991 5081; x_wconf 90' lang='lat' dir='ltr'>Deinde</span> <span class='ocrx_word' id='word_1_828' title='bbox 3046 5044 3117 5080; x_wconf 92' lang='lat' dir='ltr'>an</span> <span class='ocrx_word' id='word_1_829' title='bbox 3172 5026 3518 5081; x_wconf 88' lang='lat' dir='ltr'>Gislebertus</span> <span class='ocrx_word' id='word_1_830' title='bbox 3557 5028 3619 5079; x_wconf 90' lang='lat' dir='ltr'>in</span> <span class='ocrx_word' id='word_1_831' title='bbox 3664 5028 3843 5095; x_wconf 84' lang='lat' dir='ltr'>epigr.</span> <span class='ocrx_word' id='word_1_832' title='bbox 3874 5026 3917 5075; x_wconf 70' lang='lat'>3|</span> 
     </span>
    </p>
   </div>
   <div class='ocr_carea' id='block_1_119' title="bbox 2258 5098 3925 5167">
    <p class='ocr_par' dir='ltr' id='par_1_119' title="bbox 2258 5098 3925 5167">
     <span class='ocr_line' id='line_1_121' title="bbox 2258 5098 3925 5167; baseline -0.002 -16"><span class='ocrx_word' id='word_1_833' title='bbox 2258 5108 2605 5152; x_wconf 89' lang='lat' dir='ltr'>memoratus</span> <span class='ocrx_word' id='word_1_834' title='bbox 2639 5098 2789 5150; x_wconf 87' lang='lat' dir='ltr'>idem</span> <span class='ocrx_word' id='word_1_835' title='bbox 2824 5105 2907 5150; x_wconf 86' lang='lat' dir='ltr'>est</span> <span class='ocrx_word' id='word_1_836' title='bbox 2934 5114 3062 5150; x_wconf 90' lang='lat' dir='ltr'>cum</span> <span class='ocrx_word' id='word_1_837' title='bbox 3098 5103 3345 5163; x_wconf 88' lang='lat' dir='ltr'>Arnono,</span> <span class='ocrx_word' id='word_1_838' title='bbox 3378 5103 3432 5148; x_wconf 91' lang='lat' dir='ltr'>et</span> <span class='ocrx_word' id='word_1_839' title='bbox 3469 5098 3600 5167; x_wconf 90' lang='lat' dir='ltr'>quis</span> <span class='ocrx_word' id='word_1_840' title='bbox 3645 5098 3741 5149; x_wconf 89' lang='lat' dir='ltr'>ille</span> <span class='ocrx_word' id='word_1_841' title='bbox 3774 5102 3925 5167; x_wconf 76' lang='lat' dir='ltr'>Arno-</span> 
     </span>
    </p>
   </div>
   <div class='ocr_carea' id='block_1_120' title="bbox 2258 5166 3923 5234">
    <p class='ocr_par' dir='ltr' id='par_1_120' title="bbox 2258 5166 3923 5234">
     <span class='ocr_line' id='line_1_122' title="bbox 2258 5166 3923 5234; baseline -0.005 -11"><span class='ocrx_word' id='word_1_842' title='bbox 2258 5169 2408 5223; x_wconf 85' lang='lat' dir='ltr'>nus?</span> <span class='ocrx_word' id='word_1_843' title='bbox 2452 5172 2613 5223; x_wconf 91' lang='lat' dir='ltr'>Certe</span> <span class='ocrx_word' id='word_1_844' title='bbox 2663 5169 3029 5234; x_wconf 88' lang='lat' dir='ltr'>Gislebertus,</span> <span class='ocrx_word' id='word_1_845' title='bbox 3073 5184 3137 5221; x_wconf 81' lang='lat' dir='ltr'>ex</span> <span class='ocrx_word' id='word_1_846' title='bbox 3169 5169 3369 5220; x_wconf 90' lang='lat' dir='ltr'>abbate</span> <span class='ocrx_word' id='word_1_847' title='bbox 3405 5166 3713 5221; x_wconf 82' lang='lat' dir='ltr'>Elnonensi</span> <span class='ocrx_word' id='word_1_848' title='bbox 3746 5166 3923 5221; x_wconf 77' lang='lat' dir='ltr'>Novio-</span> 
     </span>
    </p>
   </div>
   <div class='ocr_carea' id='block_1_121' title="bbox 2258 5235 3925 5309">
    <p class='ocr_par' dir='ltr' id='par_1_121' title="bbox 2258 5235 3925 5309">
     <span class='ocr_line' id='line_1_123' title="bbox 2258 5235 3925 5309; baseline -0.005 -15"><span class='ocrx_word' id='word_1_849' title='bbox 2258 5240 2542 5309; x_wconf 91' lang='lat' dir='ltr'>magensis</span> <span class='ocrx_word' id='word_1_850' title='bbox 2571 5239 2889 5308; x_wconf 90' lang='lat' dir='ltr'>episcopus,</span> <span class='ocrx_word' id='word_1_851' title='bbox 2934 5254 3086 5291; x_wconf 92' lang='lat' dir='ltr'>anno</span> <span class='ocrx_word' id='word_1_852' title='bbox 3117 5241 3220 5292; x_wconf 79' lang='lat'>782</span> <span class='ocrx_word' id='word_1_853' title='bbox 3267 5239 3425 5303; x_wconf 86' lang='lat' dir='ltr'>obiit,</span> <span class='ocrx_word' id='word_1_854' title='bbox 3480 5239 3716 5291; x_wconf 87' lang='lat' dir='ltr'>Elmone</span> <span class='ocrx_word' id='word_1_855' title='bbox 3760 5235 3925 5305; x_wconf 88' lang='lat' dir='ltr'>sepul-</span> 
     </span>
    </p>
   </div>
   <div class='ocr_carea' id='block_1_122' title="bbox 2255 5308 3927 5379">
    <p class='ocr_par' dir='ltr' id='par_1_122' title="bbox 2255 5308 3927 5379">
     <span class='ocr_line' id='line_1_124' title="bbox 2255 5308 3927 5379; baseline -0.002 -16"><span class='ocrx_word' id='word_1_856' title='bbox 2255 5316 2345 5363; x_wconf 92' lang='lat' dir='ltr'>tus</span> <span class='ocrx_word' id='word_1_857' title='bbox 2366 5308 2390 5362; x_wconf 20' lang='lat'>7:</span> <span class='ocrx_word' id='word_1_858' title='bbox 2423 5312 2585 5377; x_wconf 90' lang='lat' dir='ltr'>cujus</span> <span class='ocrx_word' id='word_1_859' title='bbox 2624 5309 2981 5379; x_wconf 89' lang='lat' dir='ltr'>epitaphium</span> <span class='ocrx_word' id='word_1_860' title='bbox 3022 5310 3192 5362; x_wconf 92' lang='lat' dir='ltr'>citato</span> <span class='ocrx_word' id='word_1_861' title='bbox 3234 5309 3356 5362; x_wconf 90' lang='lat' dir='ltr'>loco</span> <span class='ocrx_word' id='word_1_862' title='bbox 3409 5308 3681 5361; x_wconf 78' lang='lat' dir='ltr'>Alcuinus</span> <span class='ocrx_word' id='word_1_863' title='bbox 3720 5320 3927 5379; x_wconf 80' lang='lat' dir='ltr'>compo-</span> 
     </span>
    </p>
   </div>
   <div class='ocr_carea' id='block_1_123' title="bbox 2256 5378 3927 5448">
    <p class='ocr_par' dir='ltr' id='par_1_123' title="bbox 2256 5378 3927 5448">
     <span class='ocr_line' id='line_1_125' title="bbox 2256 5378 3927 5448; baseline -0.005 -15"><span class='ocrx_word' id='word_1_864' title='bbox 2256 5381 2386 5433; x_wconf 88' lang='lat' dir='ltr'>suit.</span> <span class='ocrx_word' id='word_1_865' title='bbox 2433 5381 2635 5433; x_wconf 87' lang='lat' dir='ltr'>Versus</span> <span class='ocrx_word' id='word_1_866' title='bbox 2664 5378 2843 5433; x_wconf 86' lang='lat' dir='ltr'>modo</span> <span class='ocrx_word' id='word_1_867' title='bbox 2892 5380 3100 5432; x_wconf 91' lang='lat' dir='ltr'>relatos</span> <span class='ocrx_word' id='word_1_868' title='bbox 3132 5379 3346 5432; x_wconf 85' lang='lat' dir='ltr'>Arnoni</span> <span class='ocrx_word' id='word_1_869' title='bbox 3398 5378 3652 5448; x_wconf 89' lang='lat' dir='ltr'>episcopi</span> <span class='ocrx_word' id='word_1_870' title='bbox 3696 5378 3927 5430; x_wconf 68' lang='lat' dir='ltr'>ecclesiae</span> 
     </span>
    </p>
   </div>
   <div class='ocr_carea' id='block_1_124' title="bbox 2256 5449 3926 5520">
    <p class='ocr_par' dir='ltr' id='par_1_124' title="bbox 2256 5449 3926 5520">
     <span class='ocr_line' id='line_1_126' title="bbox 2256 5449 3926 5520; baseline -0.005 -16"><span class='ocrx_word' id='word_1_871' title='bbox 2256 5450 2653 5520; x_wconf 86' lang='lat' dir='ltr'>Salzburgensi</span> <span class='ocrx_word' id='word_1_872' title='bbox 2711 5450 2914 5502; x_wconf 89' lang='lat' dir='ltr'>tribuit</span> <span class='ocrx_word' id='word_1_873' title='bbox 3010 5450 3145 5502; x_wconf 59' lang='lat' dir='ltr'>Vita).</span> <span class='ocrx_word' id='word_1_874' title='bbox 3216 5450 3269 5503; x_wconf 92' lang='lat' dir='ltr'>S.</span> <span class='ocrx_word' id='word_1_875' title='bbox 3348 5449 3621 5502; x_wconf 82' lang='lat' dir='ltr'>Rudberti</span> <span class='ocrx_word' id='word_1_876' title='bbox 3663 5449 3926 5520; x_wconf 16' lang='lat' dir='ltr'>Nscriptor</span> 
     </span>
    </p>
   </div>
   <div class='ocr_carea' id='block_1_125' title="bbox 2255 5519 3927 5590">
    <p class='ocr_par' dir='ltr' id='par_1_125' title="bbox 2255 5519 3927 5590">
     <span class='ocr_line' id='line_1_127' title="bbox 2255 5519 3927 5590; baseline -0.005 -17"><span class='ocrx_word' id='word_1_877' title='bbox 2255 5526 2412 5573; x_wconf 92' lang='lat' dir='ltr'>tomo</span> <span class='ocrx_word' id='word_1_878' title='bbox 2447 5522 2509 5574; x_wconf 89' lang='lat' dir='ltr'>Vl</span> <span class='ocrx_word' id='word_1_879' title='bbox 2553 5520 2747 5590; x_wconf 86' lang='lat' dir='ltr'>Antiq.</span> <span class='ocrx_word' id='word_1_880' title='bbox 2802 5521 2946 5573; x_wconf 90' lang='lat' dir='ltr'>Lect.</span> <span class='ocrx_word' id='word_1_881' title='bbox 2994 5520 3204 5574; x_wconf 89' lang='lat' dir='ltr'>Canisii</span> <span class='ocrx_word' id='word_1_882' title='bbox 3241 5536 3253 5572; x_wconf 87' lang='lat'><strong>:</strong></span> <span class='ocrx_word' id='word_1_883' title='bbox 3314 5524 3369 5571; x_wconf 92' lang='lat' dir='ltr'>at</span> <span class='ocrx_word' id='word_1_884' title='bbox 3410 5520 3600 5589; x_wconf 91' lang='lat' dir='ltr'>potius</span> <span class='ocrx_word' id='word_1_885' title='bbox 3635 5519 3927 5571; x_wconf 71' lang='lat' dir='ltr'>Elnonensx</span> 
     </span>
    </p>
   </div>
   <div class='ocr_carea' id='block_1_126' title="bbox 2255 5591 3470 5646">
    <p class='ocr_par' dir='ltr' id='par_1_126' title="bbox 2255 5591 3470 5646">
     <span class='ocr_line' id='line_1_128' title="bbox 2255 5591 3470 5646; baseline -0.002 0"><span class='ocrx_word' id='word_1_886' title='bbox 2255 5592 2601 5646; x_wconf 83' lang='lat' dir='ltr'>monasterio</span> <span class='ocrx_word' id='word_1_887' title='bbox 2632 5591 2939 5645; x_wconf 84' lang='lat' dir='ltr'>convenire</span> <span class='ocrx_word' id='word_1_888' title='bbox 2970 5591 3335 5644; x_wconf 88' lang='lat' dir='ltr'>manifestum</span> <span class='ocrx_word' id='word_1_889' title='bbox 3369 5596 3470 5643; x_wconf 85' lang='lat' dir='ltr'>est.</span> 
     </span>
    </p>
   </div>
  </div>
