4078 6180
211 284 309 333 981

1313 282 1542 337 SERMO
1586 283 1676 337 DE
1718 281 1916 336 ELEV.
1953 279 2154 335 CORP.
2200 283 2253 334 S.
2289 283 2579 336 AMANDI.

3614 288 3718 339 982

214 418 384 471 dictae
415 417 743 470 elevationis
771 418 923 470 illius
955 417 1314 483 imminebat,
1347 435 1474 488 quae
1507 419 1697 472 minus
1736 418 1909 487 digno
1949 416 1997 467 A
2026 419 2246 471 ccelitus
2276 419 2426 488 ignis
2456 419 2700 472 candore
2743 420 2954 489 reperit
2988 418 3323 473 radiantem.
3358 420 3535 483 Quem
3580 422 3715 473 dum

216 507 538 560 devotionis
570 506 753 559 studio
786 506 1054 559 solemnis
1102 507 1372 560 exstabat.
1425 507 1719 577 Siquidem
1769 522 1911 576 quo-

214 596 453 647 tidianis
502 594 702 647 diebus
748 600 1018 647 consueto
1066 600 1332 647 contenta
1381 596 1567 648 officio
1615 596 1775 648 nullo
1830 596 1912 647 fe-

214 682 346 734 riali
393 681 744 735 honorabilis
776 687 897 734 erat
942 682 1215 751 obsequio
1251 698 1263 735 :
1296 698 1470 751 quam
1504 683 1913 751 negligentiam

215 771 412 823 divino
464 777 776 823 correctam
817 770 1081 838 prodigio
1132 771 1393 838 sequenti
1442 772 1798 824 manifestius
1846 772 1911 822 li-

216 860 420 927 quebit
451 860 697 928 eloquio.
734 860 853 912 Non
887 859 1063 922 enim,
1098 864 1157 909 ut
1183 858 1395 928 aliquid
1426 860 1595 911 etiam
1642 860 1696 911 in
1732 866 1911 911 trans-

214 964 385 1000 cursu
432 948 713 1012 dicamus,
761 946 856 999 Dei
892 947 1305 1016 omnipotentis
1350 948 1625 1000 miracula
1670 948 1782 1000 sive
1814 964 1916 1016 per

216 1036 430 1105 ipsum,
460 1036 576 1088 sive
611 1052 711 1106 per
743 1036 1034 1088 ministros
1065 1051 1196 1087 suos
1226 1041 1370 1101 acta,
1405 1041 1630 1089 tantum
1664 1036 1729 1088 ad
1763 1041 1914 1089 stre-

215 1124 407 1192 pitum
472 1132 529 1176 et
586 1126 851 1193 plausum
905 1124 1269 1193 favoremque
1335 1126 1491 1193 vulgi
1552 1125 1911 1178 excitandum

214 1213 507 1265 credimus
567 1218 819 1283 patrata;
881 1214 973 1264 sed
1056 1212 1126 1264 ad
1184 1210 1357 1265 fidem
1431 1215 1911 1267 corroborandam

215 1302 576 1355 credentium
633 1301 1160 1370 correctionemque
1223 1301 1547 1354 animarum
1595 1303 1911 1355 errantium

214 1390 467 1442 ccelestia
496 1389 802 1459 terrigenis
847 1389 1155 1441 monstrari
1206 1405 1380 1458 opera
1420 1394 1684 1443 tenemus
1714 1391 1909 1444 certis-

212 1479 426 1530 simum
462 1495 475 1530 :
513 1484 573 1530 ut
606 1480 740 1548 quia
770 1477 1121 1549 quotidianis
1153 1482 1571 1547 praeceptorum
1616 1494 1909 1531 sacrorum

212 1566 706 1619 admonitionibus
738 1582 849 1618 non
899 1565 1293 1628 emendamur,
1344 1566 1625 1635 portentis
1674 1568 1908 1635 quibus-

213 1655 347 1708 dam
380 1656 543 1725 quasi
576 1654 1000 1708 stimulatorum
1036 1655 1246 1707 aculeis
1275 1655 1651 1723 corrigamur.
1680 1658 1747 1709 Et
1777 1657 1912 1726 quia

2028 507 2096 560 ab
2133 507 2257 559 aliis
2299 508 2545 561 aestimat
2592 508 3001 571 illuminatum,
3054 509 3254 561 iterato
3304 509 3482 561 credit
3522 509 3721 561 exstin-

2027 597 2339 664 guendum.
2389 596 2477 649 Sic
2516 612 2547 648 a
2578 597 2815 666 singulis
2846 596 3091 649 vicissim
3142 598 3572 651 succedentibus
3604 604 3716 650 ter-

2025 684 2103 737 tio
2156 684 2488 748 exstinctus,
2532 684 2698 736 tertio
2750 683 3125 737 nihilominus
3183 686 3447 754 apparuit
3502 685 3712 738 caelesti

2024 772 2159 838 igne
2209 788 2504 826 coruscus.
2547 771 2664 834 Qua
2698 772 2766 824 de
2822 788 2879 823 re
2929 789 3042 840 quo
3098 780 3391 841 supererat
3422 773 3479 824 in
3535 789 3714 826 unum

2026 860 2449 923 convenientes,
2482 877 2547 912 ac
2585 860 2797 928 singuli
2829 875 2886 911 se
2918 860 3183 912 eumdem
3215 860 3545 913 exstinxisse
3597 877 3716 913 me-

2025 954 2334 1014 morantes,
2378 954 2434 1001 et
2469 949 2568 1017 qui
2600 948 2789 1017 ipsum
2847 948 3230 1000 reaccenderit
3287 950 3713 1018 conquirentes,

2024 1038 2103 1091 ita
2142 1037 2410 1090 eumdem
2458 1038 2646 1089 denuo
2706 1036 3182 1103 exstinguendum
3235 1043 3591 1105 putaverunt,
3655 1043 3716 1090 ut

2024 1127 2198 1179 etiam
2247 1126 2552 1178 carbonem
2586 1125 2683 1194 qui
2714 1141 2777 1176 ex
2817 1124 2914 1177 tilo
2961 1130 3312 1176 remanserat
3343 1126 3714 1178 emunctoriis

2024 1214 2217 1285 digitis
2276 1216 2616 1277 adimerent,
2670 1213 2911 1281 probare
2974 1214 3223 1264 volentes
3275 1217 3464 1264 utrum
3519 1230 3712 1266 rursus

2022 1304 2265 1372 repetito
2306 1302 2540 1355 luminis
2587 1302 2830 1354 candore
2884 1300 3160 1354 radiatilis
3211 1306 3529 1369 appareret.
3574 1302 3711 1354 Nec-

2022 1392 2157 1445 dum
2189 1391 2406 1460 quippe
2434 1406 2552 1443 rem
2575 1390 2719 1442 tanti
2746 1389 3003 1442 miraculi
3029 1389 3273 1456 pleniter
3297 1390 3709 1458 agnoscebant:

2021 1480 2328 1549 quamdam
2371 1485 2563 1530 tamen
2614 1477 2805 1529 animo
2856 1476 3296 1529 sollicitudinem
3333 1478 3401 1529 de
3428 1478 3536 1529 hoc
3571 1477 3715 1530 facto

2017 1568 2134 1636 jam
2192 1567 2535 1619 omnimodis
2587 1566 2906 1635 capiebant.
2946 1566 3069 1627 Qua
3122 1566 3189 1618 de
3245 1582 3304 1618 re
3356 1566 3489 1619 dum
3524 1567 3714 1635 ipsum

2022 1672 2249 1709 cereum
2277 1660 2480 1725 quarto
2516 1670 2877 1707 reaccensum
2912 1654 3329 1722 conspicerent,
3389 1654 3711 1723 stupefacti,

216 1758 377 1795 more
411 1758 755 1813 generorum
788 1743 889 1795 Lot
926 1742 1213 1807 obdurati,
1247 1746 1311 1794 ut
1340 1743 1613 1810 peritura:
1646 1743 1909 1797 Sodomae
1948 1755 1990 1808 Β
2024 1744 2137 1798 imo
2191 1743 2499 1813 perterriti,
2557 1743 2710 1813 quod
2770 1742 2930 1812 quasi
2966 1741 3297 1809 temerario,
3324 1746 3388 1794 ut
3443 1742 3521 1795 ita
3552 1742 3715 1795 dixe—

213 1835 374 1900 terga
394 1831 664 1898 fugiendo
679 1830 1058 1899 prwbeamus,
1079 1835 1248 1899 atque
1272 1830 1338 1881 ad
1355 1837 1611 1883 montem
1634 1832 1909 1883 virtutum

212 1918 591 1970 ascendamus
622 1918 855 1970 obedire
883 1919 1182 1983 nolumus;
1212 1918 1278 1970 tit
1300 1923 1363 1969 ut
1395 1919 1561 1972 nobis
1583 1936 1909 1973 sermonem

213 2006 472 2058 divinum
496 2007 594 2076 qui
627 2022 728 2074 per
759 2008 858 2059 Lot
879 2007 1183 2075 figuratur,
1215 2005 1378 2075 quasi
1402 2023 1503 2076 per
1532 2008 1729 2061 ludum
1754 2009 1911 2078 loqui

212 2095 529 2157 videamus,
578 2095 969 2164 terribiliaque
998 2101 1286 2165 prmcepta
1331 2102 1573 2149 mortem
1605 2113 1668 2149 ac
1716 2098 1910 2167 perdi-

211 2183 431 2236 tionem
486 2183 763 2235 minantia
792 2184 954 2252 juxta
996 2184 1339 2252 prophetam
1385 2184 1444 2236 in
1479 2185 1763 2237 canticum
1796 2185 1909 2237 oris

214 2272 397 2323 nostri
432 2276 735 2323 vertamus.

286 2359 437 2421 Quid
471 2357 660 2429 itaque
711 2359 819 2411 isto
864 2357 933 2411 de
977 2374 1089 2427 quo
1139 2359 1293 2427 loqui
1340 2360 1677 2429 incoapimus
1723 2360 1905 2429 signo,

210 2447 366 2515 ignis
398 2447 659 2500 videlicet
688 2446 868 2499 divini
904 2446 1238 2500 accensione
1270 2464 1375 2499 nos
1426 2449 1749 2500 admonitos
1798 2466 1909 2519 pu-

209 2540 337 2589 tare
372 2536 664 2600 debemus,
697 2535 806 2587 nisi
838 2540 899 2587 ut
942 2534 1233 2588 flammam
1283 2536 1526 2606 gemime
1571 2537 1908 2604 dilectionis,

211 2624 315 2679 Dei
350 2624 610 2677 videlicet
643 2630 700 2676 et
746 2624 1013 2693 proximi,
1069 2625 1128 2676 in
1164 2625 1375 2677 nostris
1418 2626 1682 2678 cordibus
1718 2643 1911 2679 accen-

207 2712 435 2774 damus,
471 2728 582 2781 qua
626 2711 684 2763 in
734 2716 1037 2780 conspectu
1070 2727 1309 2764 summa).
1356 2712 1669 2781 majestatis
1725 2716 1909 2767 lucere

208 2802 521 2861 valeamus.
560 2800 941 2869 vitiorumque
989 2800 1310 2869 rubiginem
1346 2802 1413 2853 de
1454 2801 1670 2853 actibus
1703 2802 1911 2855 nostris

214 2888 427 2941 ardore
454 2888 609 2940 illius
632 2888 800 2958 ignis,
837 2904 1007 2957 quem
1042 2888 1317 2939 Dominus
1354 2892 1544 2940 noster
1576 2888 1631 2938 in
1675 2894 1905 2947 terram,

208 2978 323 3030 lioc
357 2982 442 3029 est
471 2983 698 3029 terrena
728 2976 901 3029 corda
932 2976 1105 3041 misit,
1140 2977 1207 3028 ad
1244 2992 1450 3044 purum
1486 2992 1903 3045 expurgemus;

210 3070 277 3118 ut
304 3065 542 3134 depulsa
583 3064 826 3133 plumbi,
860 3064 912 3117 id
948 3068 1030 3116 est
1060 3063 1377 3133 iniquitatis
1413 3069 1469 3117 et
1502 3064 1713 3133 peccati
1747 3081 1775 3115 a
1804 3080 1908 3115 no-

204 3154 301 3208 bis
341 3154 672 3223 gravedine,
698 3154 766 3205 ad
801 3154 1025 3205 caeleste
1055 3152 1320 3205 diadema
1344 3152 1523 3204 no’stri
1550 3153 1718 3221 Regis
1746 3153 1907 3221 quasi

214 3258 424 3295 aurum
457 3241 827 3311 purissimum
852 3257 958 3293 nos
993 3244 1425 3310 praeparemus?
1455 3241 1565 3294 Sed
1609 3240 1677 3293 de
1708 3241 1795 3293 his
1825 3258 1909 3293 sa-

207 3332 305 3396 tis,
369 3330 628 3399 quamvis
689 3335 1039 3399 praepostero
1099 3330 1301 3382 ordine
1374 3330 1610 3382 dicenda
1671 3330 1905 3396 fuerint,

206 3419 669 3490 praeoccupando
703 3418 991 3471 diximus:
1026 3434 1177 3471 nunc
1200 3420 1265 3471 ad
1301 3418 1481 3488 ipsius
1511 3418 1656 3489 signi
1683 3419 1903 3488 magni-

204 3509 475 3561 tudinem
523 3508 736 3576 linguae
788 3509 1003 3577 plectro
1067 3513 1122 3559 et
1181 3508 1397 3560 calamo
1457 3508 1703 3561 scribere
1756 3523 1906 3561 acce-

205 3598 435 3651 damus.

280 3686 385 3738 Die
409 3684 585 3754 igitur
607 3684 705 3753 qui
731 3683 849 3752 jam
883 3683 1094 3736 dictam
1126 3684 1501 3736 elevationem
1536 3683 1736 3736 ordine
1758 3688 1901 3736 tem-

202 3774 363 3844 poris
397 3772 774 3843 praecedebat,
806 3772 1116 3825 terminata
1144 3772 1341 3840 synaxi
1388 3772 1723 3840 vespertinae
1757 3773 1901 3825 cele-

202 3862 454 3925 britatis,
491 3878 602 3915 non
632 3862 710 3915 ita
741 3862 932 3932 pleno,
970 3867 1030 3914 ut
1057 3861 1294 3931 dignum
1329 3865 1471 3925 erat,
1507 3865 1784 3929 apparatu
1812 3861 1904 3912 lu-

207 3951 406 4013 minis,
440 3966 625 4019 neque
668 3950 843 4002 etiam
874 3949 1073 4002 festivo
1103 3954 1385 4001 conventu
1432 3952 1491 3999 ut
1526 3948 1747 4001 dicebat
1778 3953 1905 4000 tur-

208 4041 300 4093 ba:
334 4038 649 4108 popularis,
684 4038 936 4091 solvebat
957 4039 1036 4091 sol
1064 4039 1181 4105 jam
1211 4054 1243 4089 a
1264 4054 1433 4090 curru
1456 4037 1724 4090 ﬂammeo
1755 4037 1903 4108 igni-

209 4144 413 4180 vomos
464 4126 888 4195 quadrupedes,
925 4142 987 4178 ac
1040 4126 1292 4178 fraterno
1339 4142 1529 4178 amore
1561 4127 1744 4179 sorori
1773 4126 1902 4179 Ciu-

210 4216 353 4268 thiaa
404 4213 671 4266 vicariam
724 4214 1074 4266 functionem
1106 4214 1425 4281 praebebat;
1462 4215 1681 4284 hacque
1734 4214 1904 4267 vicis-

205 4302 464 4356 situdine
496 4302 833 4366 alternante,
869 4302 1078 4353 aemula
1123 4317 1229 4352 nox
1271 4302 1511 4353 caeruleo
1543 4302 1901 4354 circumami-

205 4396 301 4443 cta
332 4390 503 4459 peplo
534 4389 820 4454 veniebat,
853 4389 1371 4458 Completoriisque
1413 4390 1707 4458 completis
1739 4397 1896 4443 tene-

204 4480 566 4545 brarumque
599 4477 941 4543 horrorjam
976 4476 1222 4529 lucernis
1255 4476 1491 4547 egebat;
1523 4494 1585 4529 ac
1626 4480 1900 4548 quoniam

205 4563 545 4636 quiescendi
572 4571 800 4635 tempus
820 4566 941 4634 jam
972 4570 1222 4627 venerat,
1253 4566 1665 4619 monachorum
1696 4567 1906 4635 singuli

203 4654 561 4709 lectisternia
615 4654 906 4722 petierunt
959 4653 1291 4707 custodibus
1356 4654 1413 4707 in
1473 4656 1602 4707 aula
1656 4656 1905 4709 basilica

201 4742 445 4796 relictis.
520 4741 629 4805 Qui
680 4757 838 4794 more
895 4742 1003 4794 sibi
1072 4742 1240 4795 solito
1298 4742 1542 4795 lucernis
1612 4744 1905 4796 nocturnis

203 4832 365 4885 horis
419 4830 618 4882 ardere
678 4829 853 4882 suetis
914 4831 1180 4895 accensis,
1242 4836 1412 4900 atque
1471 4832 1746 4884 universis
1807 4850 1908 4902 per

202 4925 324 4973 tota
356 4918 494 4971 aedis
524 4919 705 4987 spatia
752 4918 927 4971 cereis
976 4918 1280 4979 exstinctis,
1324 4919 1458 4972 dum
1510 4935 1654 4973 unus
1706 4938 1904 4975 eorum

204 5012 338 5078 post
397 5006 720 5075 parvissimi
783 5006 1269 5075 intercapedinem
1328 5008 1605 5077 temporis
1660 5010 1907 5079 diligen-

203 5096 349 5148 tiam
413 5095 613 5164 templi
668 5094 971 5148 observans
1034 5096 1312 5156 rediisset,
1347 5112 1576 5149 cereum
1627 5099 1697 5152 ad
1727 5101 1908 5153 sancti

203 5181 451 5251 vestigia
481 5183 678 5236 ardere
711 5183 947 5236 solitum
978 5200 1041 5237 ac
1074 5184 1245 5253 paulo
1278 5188 1407 5236 ante
1430 5186 1741 5239 extinctum
1778 5188 1904 5241 fuso

2019 1834 2150 1900 rim,
2192 1849 2333 1886 ausu
2364 1832 2550 1885 eidem
2582 1831 2847 1901 prodigio
2875 1830 3103 1883 obviare
3137 1831 3551 1900 exstinguendo
3580 1836 3709 1883 ten-

2020 1922 2312 1986 tavissent,
2349 1920 2537 1990 ipsum
2590 1920 2757 1972 toties
2808 1919 3195 1970 evindicatum
3253 1934 3282 1969 a
3326 1918 3544 1970 lumine
3602 1918 3712 1987 ipsi

2020 2014 2438 2064 concesserunt.
2474 2008 2623 2071 Quid
2673 2007 2911 2061 multis?
2942 2006 3257 2076 permissus
3288 2012 3374 2059 est
3421 2006 3543 2075 ejus
3590 2023 3711 2061 esse

2013 2100 2180 2168 juris,
2215 2099 2375 2167 cujus
2406 2096 2629 2150 virtutis
2679 2097 2973 2165 majestate
2995 2094 3167 2148 tantis
3200 2094 3417 2147 vicibus
3446 2096 3715 2164 apparuit

2018 2187 2384 2241 invincibilis.
2421 2186 2527 2239 Diu
2557 2186 2750 2255 itaque
2781 2200 2950 2254 super
3003 2184 3106 2237 hac
3138 2183 3423 2252 repentini
3462 2183 3711 2237 novitate

2021 2276 2282 2329 miraculi
2309 2274 2517 2344 gaudio
2548 2290 2773 2327 summo
2810 2272 3054 2331 attoniti,
3099 2271 3446 2341 tandemque
3500 2272 3711 2325 dormi-

2020 2370 2143 2418 tum
2188 2368 2411 2431 euntes,
2465 2362 2719 2431 stupidos
2745 2362 2939 2413 oculos
2981 2358 3312 2429 soporiferae
3355 2358 3712 2412 tradiderunt

2020 2453 2218 2523 quieti.

2089 2542 2327 2611 Jamque
2390 2556 2496 2591 nox
2550 2538 2672 2607 ipsa
2717 2540 2875 2588 tanto
2930 2536 3207 2588 illustrata
3254 2535 3473 2588 lumine
3534 2552 3708 2605 prope

2020 2629 2343 2683 transierat.
2380 2631 2433 2679 et
2467 2642 2675 2679 aurora
2698 2625 3028 2677 rubescente
3062 2623 3469 2677 Matutinorum
3500 2625 3705 2677 solem—

2020 2718 2167 2770 nitas
2208 2715 2652 2787 propinquabat,
2706 2730 2833 2767 cum
2888 2714 3103 2765 interea
3152 2715 3411 2765 custodes
3459 2713 3710 2782 grabatis

2020 2806 2228 2875 quibus
2263 2805 2595 2874 quieverant
2625 2806 3013 2867 surrexerunt,
3066 2816 3129 2852 ac
3160 2801 3228 2853 de
3282 2801 3459 2854 cereis
3493 2807 3709 2870 septem

2019 2894 2282 2947 maximis
2314 2892 2412 2961 qui
2442 2892 2509 2944 ad
2539 2896 2709 2958 caput
2738 2890 2845 2941 viri
2878 2888 2977 2941 Dei
3008 2888 3111 2941 sub
3132 2889 3252 2957 ipso
3290 2890 3595 2941 mausolaeo
3632 2890 3711 2941 in-

2018 2988 2107 3034 tra
2135 2981 2414 3035 cancellos
2444 2980 2547 3031 sub
2606 2977 2859 3031 conclavi
2909 2977 3079 3045 positi
3114 2976 3357 3041 stabant,
3411 2976 3553 3029 duos
3608 2993 3709 3047 ge-

1946 3046 1992 3102 ο
2020 3071 2177 3124 mino
2208 3069 2450 3123 candore
2504 3067 2809 3137 ﬂagrantes
2848 3069 3202 3133 repererunt.
3241 3067 3311 3118 Ex
3358 3065 3454 3118 illo
3516 3070 3708 3119 autem

2019 3160 2088 3214 ad
2119 3160 2291 3229 pedes
2339 3157 2508 3227 positi
2551 3172 2721 3225 quem
2754 3155 2923 3224 paulo
2955 3160 3083 3206 ante
3144 3153 3374 3206 accendi
3424 3154 3704 3217 viderant,

2019 3249 2169 3303 unde
2202 3248 2292 3299 isti
2323 3247 2390 3299 ad
2422 3250 2591 3314 caput
2622 3244 2813 3297 statuti
2843 3241 3059 3295 accensi
3094 3242 3327 3295 fuerunt
3359 3258 3473 3295 non
3533 3242 3688 3295 dubi.

2016 3337 2233 3389 tabant.
2270 3333 2468 3386 Finitis
2500 3347 2631 3384 vero
2691 3330 3095 3383 Matutinorum
3150 3328 3459 3387 solemniis,
3494 3345 3557 3381 ac
3612 3329 3704 3382 die

2010 3425 2131 3493 jam
2162 3425 2524 3484 clarescente,
2556 3420 2786 3489 vulgata
2819 3416 2949 3470 facti
2997 3418 3145 3470 fama
3191 3433 3362 3469 omne
3396 3418 3703 3470 monacho-

2015 3529 2145 3566 rum
2176 3527 2383 3581 agmen
2416 3511 2473 3562 in
2528 3508 2818 3562 basilicam
2863 3506 3016 3560 venit
3065 3515 3233 3576 atque
3274 3522 3534 3572 summie,
3570 3522 3705 3559 san-

2016 3608 2117 3655 ctaa
2139 3608 2197 3655 et
2228 3599 2533 3653 individua:
2564 3596 2827 3651 Trinitati
2860 3596 3094 3649 excelsis
3140 3595 3403 3648 laudibus
3444 3595 3702 3647 vocibus-

2016 3687 2521 3761 quejubilantibus
2552 3685 2859 3746 benedixit,
2900 3685 3199 3737 missarum
3234 3684 3439 3737 deinde
3490 3684 3705 3736 solem-

2016 3779 2109 3832 nia
2140 3794 2243 3846 pro
2285 3776 2537 3845 ejusdem
2580 3775 2799 3827 honore
2828 3772 3007 3825 Patris
3042 3773 3187 3823 ultra
3216 3772 3448 3823 solitum
3470 3772 3706 3825 devotis-

2016 3863 2453 3933 simeimplevit.
2496 3862 2667 3931 Cujus
2696 3860 3115 3929 inexplicabilis
3149 3858 3413 3912 melodite
3461 3860 3702 3911 cantile-

2015 3972 2147 4010 nam
2177 3953 2391 4009 diutius
2423 3951 2760 4021 protelatam
2793 3964 2899 4017 ego
2932 3948 3052 4016 ipse
3084 3948 3183 4016 qui
3220 3948 3340 3999 1]ch
3370 3948 3698 4016 qualiacun-

2016 4061 2128 4116 que
2162 4048 2292 4096 sunt
2326 4040 2606 4103 describo,
2638 4053 2827 4091 coram
2852 4038 3068 4106 positus
3118 4041 3173 4087 et
3211 4036 3404 4087 audivi
3446 4036 3700 4100 auribus,

2016 4140 2071 4189 et
2102 4134 2292 4203 ignem
2334 4128 2511 4183 oculis
2539 4126 2676 4192 vidi,
2732 4131 2901 4195 atque
2957 4126 3061 4177 hos
3105 4124 3272 4177 etiam
3334 4123 3611 4175 versiculo
3643 4124 3702 4175 in

2014 4223 2150 4293 ipsis
2172 4218 2538 4274 concentibus
2568 4220 2721 4269 tanto
2746 4214 3001 4283 pontifici
3031 4212 3144 4267 dixi
3178 4230 3190 4265 :

1945 4342 1989 4395 D
2091 4341 2304 4393 Lumen
2361 4336 2419 4388 in
2472 4334 2718 4387 aethereo
2752 4346 2921 4401 quam
2967 4330 3149 4382 clarus
3214 4328 3443 4401 liaberis
3473 4328 3702 4398 olympo

2151 4406 2445 4463 Monstrati
2476 4398 2788 4459 monachis;
2822 4402 3027 4470 przesul
3062 4401 3333 4458 Amande,
3366 4398 3496 4451 tuis.

2085 4482 2161 4533 Da
2194 4476 2423 4531 famulis
2454 4476 2671 4527 ambire
2692 4478 2806 4526 tua;
2836 4472 3116 4525 consortia
3147 4471 3297 4531 vitae,

2156 4551 2227 4603 Ut
2256 4548 2483 4615 valeant
2520 4545 2685 4597 donis
2713 4544 3053 4612 participare
3087 4541 3217 4593 tuis.

2087 4659 2202 4712 Hoc
2230 4655 2408 4725 igitur
2438 4652 2733 4721 geminum
2761 4649 3085 4701 divinorum
3138 4646 3546 4699 beneficiorum
3578 4660 3699 4698 mu-

2015 4764 2143 4808 nus,
2202 4741 2579 4797 elevationem
2629 4737 2845 4791 scilicet
2892 4736 3036 4788 sacri
3089 4735 3346 4805 corporis
3395 4732 3703 4787 admirabi-

2014 4838 2147 4898 lem,
2192 4850 2255 4886 ac
2284 4831 2574 4885 dationem
2606 4826 2755 4895 ignis
2782 4826 2848 4877 de
2889 4825 3029 4877 coelo
3063 4824 3220 4876 missi
3252 4822 3702 4877 memorabilem.

2016 4938 2241 4976 summo
2278 4917 2594 4973 devotionis
2626 4914 2879 4985 tripudio
2912 4914 3011 4983 qui
3057 4913 3289 4965 adfuere
3326 4911 3703 4969 celebrarunt,

2018 5016 2187 5080 atque
2211 5013 2321 5061 uta
2349 5005 2591 5075 posteris
2626 5019 2822 5057 eorum
2846 5002 3160 5054 honoretur
3191 5000 3565 5053 decreverunt
3595 5014 3708 5051 cre-

2018 5100 2216 5154 dentes
2250 5098 2507 5149 levamen
2534 5093 2846 5161 adepturos
2882 5101 3180 5152 aeternum,
3213 5087 3452 5157 quiejus
3486 5102 3704 5138 memo-

2018 5188 2162 5241 riam
2187 5200 2318 5238 cum
2344 5181 2533 5236 debita
2564 5180 2869 5233 habuerint
2899 5178 3121 5230 actione
3157 5175 3489 5241 gratiarum.
