4048 6170
369 303 472 358 983

1465 302 1895 359 EPITAPHIUM
1939 304 2192 361 PlPPINI
2233 306 2323 363 ET
2364 304 2737 363 naocoms.
3329 284 3339 293 ’
3751 310 3863 364 sas

1869 642 2454 747 CARMEN

1314 841 1438 912 DE
1495 840 2030 915 CONFLICTU
2088 842 2369 914 VERIS
2431 843 2548 915 ET
2608 843 2967 915 HlEMlS.

1648 994 1819 1058 (Apud
1851 994 2119 1044 Oudinum
2149 994 2213 1045 de
2242 995 2428 1058 Script.
2455 996 2605 1058 eccl.)

381 1273 741 1329 Conveniunt
772 1271 959 1325 subito
989 1270 1178 1324 cuncti
1207 1270 1276 1323 de
1309 1269 1602 1324 montibus
1632 1271 1758 1325 altis

383 1364 649 1417 Pastores
678 1360 982 1431 pecudum,
1016 1359 1231 1413 vernali
1262 1359 1387 1412 luce
1420 1358 1525 1412 sub
1557 1358 1779 1426 umbra,

383 1451 663 1506 Arboreas
692 1449 907 1517 pariter
931 1449 1088 1501 laetas
1114 1448 1402 1501 celebrare
1433 1462 1717 1500 camenas.

382 1540 594 1594 Omnes
628 1538 719 1591 hic
748 1537 949 1589 cuculo
978 1536 1170 1589 laudes
1201 1540 1429 1589 cantare
1458 1536 1752 1605 parabant.

386 1628 496 1679 Ver
526 1642 754 1697 quoque
786 1626 1055 1695 florigero
1083 1625 1399 1678 succinctus
1423 1629 1725 1678 stemmate
1759 1624 1931 1691 venit,

384 1712 614 1783 Frigida
647 1713 803 1766 venit
836 1713 1047 1779 Hiems,
1072 1712 1271 1782 rigidis
1303 1712 1524 1766 hirsuta
1547 1712 1789 1782 capillis,

383 1804 480 1857 His
511 1808 801 1856 certamen
836 1808 957 1856 erat
988 1802 1173 1856 cuculi
1204 1802 1274 1855 de
1306 1802 1560 1856 carmine
1592 1802 1829 1872 grande.

384 1893 493 1945 Ver
521 1890 676 1961 prior
700 1891 893 1945 allusit
920 1896 1113 1944 ternos
1145 1892 1533 1945 modulamine
1559 1908 1752 1944 versus
1776 1908 1788 1945 :

1162 2012 1303 2051 VEB.

386 2106 531 2174 Opto
563 2119 722 2156 meus
749 2102 938 2155 veniat
967 2102 1223 2166 cuculus,
1258 2101 1627 2155 charissimus
1656 2103 1793 2167 ales,

386 2193 667 2248 Omnibus
700 2191 805 2244 iste
839 2191 984 2245 solet
1014 2190 1139 2244 fieri
1170 2190 1526 2259 gratissimus
1557 2190 1784 2260 hospes,

387 2283 567 2335 Intret
596 2280 643 2333 is
676 2280 996 2346 modulans,
1032 2279 1204 2333 rutilo
1236 2279 1669 2338 bona_carmina
1700 2286 1906 2333 rostro.

385 2370 527 2423 Tum
560 2368 813 2439 glacialis
845 2368 1036 2421 Hiems
1065 2367 1361 2437 respondit
1388 2383 1521 2421 voce
1548 2384 1781 2434 serena;

1126 2488 1346 2529 HIEMS.

390 2580 515 2633 Non
544 2577 732 2632 veniat
762 2579 1015 2643 cuculus,
1040 2579 1220 2648 nigris
1252 2580 1347 2633 sed
1378 2579 1626 2633 dormiat
1652 2580 1860 2646 antris;

391 2668 498 2720 Iste
529 2666 741 2720 famem
772 2682 963 2719 secum
998 2682 1226 2736 semper
1252 2673 1481 2736 portare
1514 2668 1739 2721 suescit.

1156 2787 1301 2826 VEB.

389 2881 535 2948 Opto
576 2894 738 2932 meus
767 2877 956 2931 veniat
987 2878 1221 2931 cuculus
1244 2893 1373 2931 cum
1400 2878 1658 2947 germine
1691 2878 1841 2945 laato,

393 2968 625 3037 Frigora
655 2967 924 3036 depellat,
961 2967 1171 3021 Phcebo
1202 2982 1389 3019 comes
1419 2968 1604 3019 almus
1635 2968 1691 3019 in
1723 2983 1937 3033 aevum;

390 3056 632 3112 Phoebus
654 3062 807 3110 amat
833 3058 1120 3120 cuculum,
1155 3055 1427 3109 crescenti
1459 3055 1583 3109 luce
1613 3071 1831 3109 serena.

1123 3176 1349 3217 HIBMS.

390 3270 514 3323 Non
540 3268 731 3322 veniat
756 3269 1012 3335 cuculus,
1049 3274 1287 3339 generat
1318 3268 1418 3340 qui
1450 3270 1594 3322 forte
1625 3270 1869 3339 labores,

390 3358 595 3412 Pra’lia
616 3357 1004 3427 congeminat,
1037 3358 1293 3427 requiem
1327 3358 1605 3427 disjungit
1634 3374 1922 3426 amaram;

391 3446 599 3499 Omnia
629 3445 946 3499 disturbat:
983 3446 1174 3516 pelagi
1201 3450 1479 3515 terraque
1510 3446 1787 3500 laborant.

1171 3567 1313 3605 VEB.

393 3639 537 3703 Quid
570 3643 651 3701 tu,
691 3639 853 3692 tarda
884 3638 1096 3701 Hiems,
1129 3640 1329 3693 cuculo
1356 3640 1607 3694 convicia
1639 3644 1873 3696 cantas?

393 3727 502 3792 Qui
530 3732 763 3797 torpore
796 3727 957 3797 gravi
983 3727 1296 3782 tenebrosis
1318 3733 1496 3783 tectus
1526 3728 1585 3782 in
1618 3730 1814 3796 antris,

391 3817 519 3871 Post
550 3816 747 3887 epulas
776 3816 1028 3884 Veneris,
1061 3822 1187 3887 post
1217 3817 1374 3871 stulti
1406 3818 1612 3888 pocula
1647 3818 1867 3873 Bacchi.

1125 3939 1346 3979 HIEMS.

389 4011 533 4065 Sunt
563 4010 707 4064 mihi
734 4010 969 4076 divitite,
1001 4017 1137 4065 sunt
1167 4017 1223 4065 et
1251 4013 1510 4066 convivia
1541 4013 1693 4079 laeta,

391 4102 484 4154 Est
510 4114 740 4169 requies
770 4099 968 4162 dulcis,
1004 4101 1219 4154 calidus
1253 4106 1339 4154 est
1367 4102 1518 4168 ignis
1549 4101 1608 4154 in
1641 4101 1790 4167 aede;

391 4188 524 4243 Haec
557 4188 790 4241 cuculus
820 4188 1018 4253 nescit,
1052 4189 1152 4242 sed
1183 4189 1440 4258 perfidus
1467 4190 1563 4244 ille
1591 4188 1836 4243 laborat.

2960 1288 3103 1328 VEB.

2186 1363 2293 1417 Ore
2322 1364 2492 1417 refert
2518 1363 2688 1417 flores
2717 1363 2971 1428 cuculus,
3006 1367 3064 1416 et
3093 1362 3266 1417 mella
3296 1361 3606 1427 ministrat,

2184 1452 2556 1522 Alditicatque
2588 1452 2811 1516 domos,
2841 1451 3090 1522 placidas
3118 1457 3177 1505 et
3206 1451 3439 1521 navigat
3468 1451 3679 1516 undas,

2188 1541 2251 1594 Et
2278 1545 2512 1610 generat
2544 1540 2784 1607 soboles,
2816 1540 2981 1594 laetos
3011 1546 3068 1594 et
3102 1540 3302 1594 vestiet
3333 1555 3521 1609 agros.

2920 1661 3141 1700 BIEHS.

2190 1734 2318 1787 Haec
2345 1732 2577 1787 inimica
2609 1732 2751 1787 mihi
2782 1736 2934 1797 sunt,
2970 1748 3099 1802 quae
3128 1731 3233 1784 tibi
3265 1731 3395 1784 laeta
3424 1732 3694 1785 videntur
3720 1749 3734 1785 :

2188 1822 2295 1877 Sed
2324 1823 2509 1893 placet
2538 1827 2758 1891 optatas
2788 1837 2954 1891 gazas
2985 1836 3289 1873 numerare
3323 1825 3583 1889 paratas;

2188 1912 2253 1966 Et
2282 1912 2530 1982 gaudere
2559 1910 2717 1977 cibis,
2752 1910 2922 1963 simul
2953 1914 3009 1963 et
3039 1911 3393 1979 requiescere
3423 1925 3675 1978 semper.

2960 2030 3105 2069 VER.

2188 2106 2323 2170 Quis
2361 2105 2485 2166 tibi.
2514 2105 2677 2159 tarda
2709 2104 2917 2169 Hiems,
2952 2120 3177 2175 semper
3206 2103 3459 2157 dormire
3494 2108 3722 2173 parata,

2190 2195 2421 2250 Divitias
2447 2194 2719 2258 cumulat,
2754 2209 2939 2263 gazas,
2972 2193 3057 2245 vel
3093 2197 3410 2262 congregat
3441 2194 3587 2246 ullas
3622 2209 3636 2244 :

2192 2284 2249 2339 Si
2281 2299 2377 2337 ver
2402 2287 2500 2337 aut
2529 2287 2695 2336 uastas
2726 2282 2829 2336 tibi
2861 2282 3039 2345 nulla,
3078 2282 3162 2335 vel
3195 2288 3325 2334 ante
3356 2282 3631 2349 laborat?

2922 2403 3144 2442 HIEMS.

2191 2481 2334 2533 Vera
2363 2477 2559 2543 refers,
2597 2476 2679 2531 illi
2709 2493 3007 2547 nunquam
3043 2476 3181 2530 mihi
3217 2478 3397 2529 multa
3427 2476 3733 2541 laborant;

2117 2576 2157 2629 Β
2188 2567 2329 2622 Sunt
2354 2566 2525 2619 etiam
2559 2565 2725 2631 servi,
2758 2571 2954 2618 nostra
2985 2565 3197 2618 ditione
3227 2564 3465 2630 subacti,

2186 2658 2310 2711 Jam
2346 2655 2482 2709 mihi
2514 2658 2798 2707 servantes
2830 2654 3065 2707 domino
3097 2670 3452 2723 quaecunque
3486 2652 3776 2706 laborant.

2192 2746 2314 2797 Non
2349 2744 2459 2796 illis
2492 2744 2713 2805 domus,
2748 2742 2841 2795 sed
2874 2759 3091 2812 pauper
3120 2742 3396 2811 inopsque
3428 2740 3739 2809 superbus,

2191 2835 2301 2887 Nec
2334 2838 2385 2885 te
2410 2833 2528 2902 jam
2562 2831 2775 2902 poteris
2806 2848 2906 2902 per
2935 2836 2988 2884 te
3016 2837 3077 2884 tu
3108 2847 3339 2900 pascere
3373 2836 3618 2893 tantum,

2195 2922 2261 2977 Ni
2302 2921 2403 2974 tibi
2431 2923 2559 2992 quis
2584 2921 2775 2974 veniat
2801 2921 3054 2985 cuculus,
3088 2921 3358 2973 alimonia
3387 2924 3640 2988 praestet.

2108 3074 2109 3077 η
2142 3052 2145 3065 .
2191 3012 2347 3065 Tunc
2374 3010 2668 3080 respondit
2699 3026 2892 3074 ovans,
2924 3009 3157 3062 sublimi
3190 3025 3224 3061 a
3254 3008 3386 3062 sede
3420 3010 3741 3062 Palaemon.

2868 3130 3210 3171 PALEMON.

2196 3223 2260 3276 Et
2290 3220 2541 3289 Daphnis
2574 3219 2803 3290 pariter,
2837 3223 3129 3289 pastorum
3164 3223 3222 3271 et
3249 3218 3415 3271 turba
3444 3217 3685 3287 piorum
3721 3240 3733 3270 ;

2195 3309 2399 3363 Desine
2430 3310 2615 3377 plura,
2647 3309 2859 3372 Hiems,
2893 3323 3085 3361 rerum
3112 3312 3174 3360 tu
3201 3306 3481 3376 prodigus
3514 3314 3719 3373 atrox;

2193 3398 2259 3449 Et
2288 3398 2476 3451 veniat
2502 3398 2754 3459 cuculus,
2781 3401 3075 3467 pastorum
3108 3395 3289 3449 dulcis
3318 3394 3537 3448 amicus
3562 3416 3576 3462 ;

2194 3486 2444 3540 Collibus
2472 3486 2533 3538 in
2565 3484 2772 3538 nostris
2804 3489 3111 3553 erumpant
3141 3483 3403 3553 germina
3436 3483 3599 3549 laeta;

2193 3576 2407 3628 Pascua
2436 3574 2507 3627 sit
2534 3573 2747 3642 pecori,
2780 3572 3007 3642 requies
3038 3577 3096 3625 et
3124 3572 3304 3625 dulcis
3337 3572 3394 3624 in
3424 3571 3601 3636 arvis;

2194 3663 2261 3716 Et
2288 3662 2497 3716 virides
2529 3661 2674 3715 rami
2706 3666 2982 3732 praestent
3012 3661 3347 3715 umbracula
3378 3660 3556 3713 fessis.

2196 3750 2472 3805 Uberibus
2504 3750 2687 3819 plenis
2721 3749 3067 3818 veniamque
3100 3750 3167 3802 ad
3200 3750 3440 3802 mulctra
3470 3750 3744 3819 capellas;

2123 3871 2164 3925 Ο
2200 3838 2264 3890 Et
2293 3838 2550 3891 volucres
2582 3838 2735 3891 varia
2766 3838 3041 3891 Phoebum
3073 3836 3178 3890 sub
3205 3852 3341 3890 voce
3371 3839 3644 3890 salutent.

2196 3926 2559 3995 Quapropter
2588 3925 2755 3980 citius
2783 3927 3017 3979 cuculus
3047 3940 3201 3978 nunc
3231 3940 3358 3979 ecce
3379 3925 3595 3988 venito,

2196 4015 2337 4067 Tum
2365 4014 2487 4083 jam
2518 4014 2698 4069 dulcis
2727 4029 2911 4081 amor,
2945 4014 3166 4066 cunctis
3191 4013 3548 4083 gratissimus
3579 4014 3813 4085 hospes.

2196 4102 2400 4157 Omnia
2430 4108 2483 4155 te
2514 4107 2863 4174 exspectant,
2894 4102 3083 4173 pelagi
3110 4102 3393 4172 tellusque
3425 4102 3683 4155 salutant
3708 4120 3720 4156 :

2198 4190 2380 4256 Salve,
2412 4190 2577 4245 dulce
2609 4190 2779 4245 decus
2808 4190 3067 4254 cuculus,
3101 4206 3203 4260 per
3232 4190 3441 4243 saecula
3465 4190 3643 4243 salve.

1253 4523 1869 4614 EPITAPHIUM
1933 4524 2293 4612 PIPPINI
2358 4524 2486 4611 ET
2554 4522 3037 4613 DBOGONIS

758 4705 965 4766 Caroli
998 4706 1180 4769 Calvi
1199 4707 1488 4787 ﬁliorum,
1521 4711 1647 4789 qui,
1681 4707 2005 4847 Mz'lonz'lqd
2029 4726 2132 4847 erlu

1914 4806 2025 4847 cem
2052 4807 2082 4847 ε
2110 4806 2132 4847 ο

2181 4707 2413 4767 iendum
2450 4708 2766 4779 commissi,
2802 4709 2930 4787 epso
2960 4707 3243 4787 pueriter
3276 4717 3535 4786 tempore

2179 4797 2417 4847 zserunl.

1914 4797 2025 4848 lem
2052 4797 2417 4847 clauserunt.

1464 4954 1639 5017 (Apud
1670 4952 1873 5002 Mabill.
1902 4952 2030 5001 Acta
2058 4951 2147 5001 SS.
2174 4951 2287 5000 0rd.
2320 4950 2535 5009 Bened.,
2572 4954 2698 4999 sect.
2727 4952 2816 5011 iv.)

393 5195 658 5268 Quisque,
690 5196 885 5249 videns
912 5204 1134 5251 nostras
1161 5198 1352 5251 solerti
1382 5198 1552 5251 corde
1584 5198 1813 5268 ﬁguras,

466 5266 744 5345 Perspice‘
759 5280 932 5345 quam
963 5268 1150 5322 subito
1183 5269 1397 5345 defluat
1426 5269 1577 5345 orbis
1611 5266 1813 5345 bonos.

398 5336 549 5408 Rege
580 5336 686 5408 sati
718 5336 949 5391 fuimus.
977 5354 1189 5392 nomen
1217 5340 1313 5408 qui
1347 5340 1579 5391 nomine
1612 5340 1773 5393 duxit

472 5406 547 5457 De
579 5407 761 5473 Magni
793 5408 1047 5475 Magnus,
1083 5410 1150 5462 de
1185 5406 1375 5462 Karuli
1405 5411 1667 5475 Karolus,

400 5471 511 5549 Nec
538 5471 699 5549 licuit
728 5471 912 5549 totum
944 5471 1072 5533 vita:
1104 5481 1471 5549 complectier
1501 5471 1740 5545 annum,

470 5542 579 5595 Sed
612 5547 802 5613 rapuit
831 5554 1053 5603 nostras
1082 5542 1274 5603 debita
1302 5567 1454 5604 mors
1480 5552 1720 5605 animas.

2123 5199 2165 5251 D
2197 5198 2254 5253 Si
2287 5197 2512 5265 genitor
2543 5200 2796 5249 nostram
2826 5196 3080 5266 dignaris
3110 5196 3292 5249 visere
3323 5197 3603 5263 tumbam,

2266 5270 2385 5323 Rex
2419 5273 2647 5321 nostros
2678 5268 2866 5321 obitus
2898 5284 2969 5319 ne
3001 5267 3192 5320 doleas
3224 5268 3492 5335 petimus.

2192 5339 2380 5393 Terris
2412 5339 2640 5403 sublati,
2674 5338 2897 5406 placida
2930 5338 3165 5406 regione
3193 5337 3383 5402 locati,

2264 5411 2401 5462 Cum
2436 5408 2642 5461 sanctis
2673 5409 2868 5478 requie
2901 5414 3177 5477 perpetua
3206 5407 3473 5461 fruimur.

2190 5480 2295 5532 Vos
2336 5480 2513 5533 nostri
2547 5495 2829 5532 memores
2860 5480 3050 5531 felices
3081 5484 3196 5531 este
3228 5486 3513 5547 parentes.

2264 5551 2374 5603 Hoc
2406 5550 2679 5619 Pippinus
2711 5566 2817 5617 ego
2849 5566 3038 5619 posco,
3072 5549 3358 5619 simulque
3395 5550 3596 5618 Drogo.
