4108 6190
1564 488 1735 532 ΔΝΝΟ
1781 488 2010 534 DOMINI
2058 489 2334 534 DCCCLXV
2345 519 2358 534 .

877 657 1848 824 SANCTUS
2006 661 3064 826 REMIGIUS

1467 921 2000 996 LUGDUNENSIS
2065 921 2481 994 EPISGOPUS

1109 1214 1499 1288 NOTITIA
1561 1216 2072 1290 HISTORICA
2137 1217 2234 1289 IN
2295 1218 2805 1292 REMIGIUM.

1232 1391 1327 1448 (Ex
1359 1389 1486 1440 Gall.
1524 1390 1734 1450 Christ.,
1769 1393 1822 1438 et
1854 1389 2140 1440 Fabr.Bibl.
2175 1387 2312 1438 med.
2349 1393 2402 1437 et
2432 1387 2527 1438 inf.
2565 1388 2699 1449 Lat.)

281 1631 522 1685 Sanctus
566 1629 883 1699 Remigius,
932 1629 1075 1682 sacri
1125 1630 1322 1700 palatii
1365 1630 1612 1683 Lotharii
1659 1631 1903 1698 impera-
1945 1633 1989 1683 Α
2020 1648 2150 1684 nem
2188 1630 2496 1684 reduxisse.
2551 1631 2897 1684 Recensetur
2936 1635 2991 1682 et
3031 1630 3086 1682 in
3131 1629 3335 1682 notitia
3383 1629 3715 1683 monasterii

209 1702 352 1755 toris
399 1717 660 1754 summus
709 1702 1060 1768 capellauus,
1111 1702 1327 1770 synodo
1368 1702 1679 1755 Valentius:
1720 1718 1904 1754 man.

208 1776 314 1827 855
370 1772 636 1842 prwfuit;
690 1772 942 1825 Tulleusi
991 1772 1141 1840 apud
1195 1773 1558 1841 Saponarias,
1617 1789 1709 1826 an.
1763 1775 1906 1838 859;

210 1842 562 1911 Lingouensi
599 1843 733 1895 item
766 1843 964 1907 adfuit,
1007 1849 1286 1912 praesente
1319 1845 1518 1897 Carolo
1555 1844 1720 1897 Calvo
1752 1860 1906 1912 rege,

209 1921 275 1968 ut
332 1919 420 1966 est
469 1914 617 1984 apud
667 1915 1048 1967 Flodoardum
1101 1930 1166 1966 ex
1215 1913 1506 1966 Hincmari
1556 1931 1644 1984 ep.
1697 1915 1797 1968 lib.
1853 1931 1910 1967 ιιι

213 1986 381 2050 Hist.,
419 1999 542 2051 cap.
591 1987 707 2038 161.
749 1984 1065 2038 Subscribit
1107 2001 1338 2054 quoque
1370 1985 1612 2038 concilio
1660 1987 1911 2038 Tullensi

213 2073 269 2121 ii,
308 2072 400 2108 an.
437 2058 568 2118 860;
606 2055 1000 2109 Suessiouensi
1035 2072 1111 2119 in,
1160 2072 1252 2108 an.
1287 2059 1426 2125 866;
1463 2056 1518 2107 in
1549 2073 1660 2126 qua
1691 2057 1909 2124 synodo

209 2142 428 2181 nomen
473 2126 760 2195 apposuit,
798 2142 926 2178 cum
962 2127 1085 2178 aliis
1120 2127 1421 2194 episcopis,
1458 2127 1756 2196 privilegio
1789 2143 1910 2178 mo-

209 2197 449 2250 nasterii
495 2197 992 2250 Solemniacensis.
1047 2198 1429 2262 Cabilonensi,
1486 2213 1578 2250 an.
1625 2200 1748 2260 873,
1781 2213 1911 2250 cum

209 2267 541 2338 Leuboino,
564 2268 973 2338 chorepiscopo
1005 2268 1391 2337 Lugdunensi,
1438 2268 1674 2321 interest
1703 2285 1853 2321 anno
1881 2271 1910 2321 3

209 2339 396 2394 Caroli
457 2337 610 2393 Calvi
651 2339 707 2391 in
762 2337 1092 2408 Burgundia
1144 2341 1436 2408 regnantis
1486 2345 1615 2408 post
1669 2347 1912 2392 mortem

213 2409 466 2463 Lotharii
519 2410 740 2478 nepotis
789 2411 898 2471 sui,
952 2414 1013 2462 ut
1045 2415 1128 2462 est
1158 2409 1215 2461 iu
1261 2409 1608 2462 chartulario
1654 2410 1708 2464 S.
1763 2411 1912 2463 Mar-

211 2481 364 2534 Celli.
419 2485 490 2533 At
545 2495 680 2532 vero
737 2480 796 2533 in
857 2481 1112 2548 ejusdem
1178 2481 1538 2549 imperatoris
1597 2481 1911 2550 diplomate

208 2550 650 2604 commendatur
707 2551 998 2617 Remigius
1059 2558 1114 2603 et
1170 2574 1194 2599 ‹‹
1265 2557 1457 2604 sancta
1520 2552 1912 2621 Lugdunensis

213 2622 474 2701 Ecclesia
520 2621 823 2706 ditissima,
872 2625 1042 2706 reb/us
1069 2623 1180 2706 late
1224 2621 1653 2706 ﬂorentissima,
1694 2640 1756 2702 ac
1789 2623 1915 2675 reli-

212 2694 387 2761 gione
422 2692 876 2760 praeclarissima.
908 2712 933 2742 υ
963 2692 1271 2746 Conﬁrmat
1294 2699 1484 2746 alitem
1521 2695 1909 2746 fundationem

215 2763 465 2817 abbatize
532 2764 867 2816 monialium
930 2763 983 2817 S.
1045 2764 1323 2816 Andochii
1380 2765 1913 2832 Augustodunensis

215 2851 310 2887 an.
364 2836 490 2898 858,
537 2842 709 2903 atque
742 2850 809 2886 ex
852 2834 1027 2886 veteri
1078 2835 1273 2886 tabula
1311 2835 1486 2904 liquet
1533 2836 1638 2887 sub
1683 2852 1774 2886 an.
1811 2838 1912 2888 868

209 2905 723 2974 congregationem
776 2905 1183 2957 canonicorum
1236 2907 1292 2958 in
1347 2906 1578 2958 basilica
1610 2906 1662 2959 S.
1710 2905 1911 2958 lrensei

211 2976 578 3030 constituisse
627 2983 684 3028 et
720 2975 774 3030 S.
827 2976 970 3032 Justi
1017 2976 1234 3030 sodales
1278 2977 1339 3030 in
1387 2985 1714 3030 saecularem
1759 2976 1911 3029 ordi-

2021 1703 2072 1756 S.
2114 1702 2401 1756 Benedicti
2433 1701 2670 1766 Saxiaci,
2697 1708 2815 1753 tum
2849 1702 2998 1771 apud
3034 1701 3410 1754 Flodoardum
3444 1701 3501 1752 in
3528 1701 3710 1754 Histo-

2019 1774 2100 1826 ria
2132 1793 2146 1838 ;
2176 1774 2392 1842 Lupum
2429 1773 2870 1834 Ferrariensem,
2905 1774 3068 1841 epist.
3124 1773 3262 1834 112;
3327 1773 3630 1826 Baronium
3661 1777 3715 1824 et

2021 1846 2397 1914 Rnynaudum
2457 1844 2516 1896 in
2586 1843 2807 1896 Sanctis
2871 1843 3362 1911 Lugdunensibns.
3431 1842 3712 1895 Caeterum

2023 1918 2375 1969 Matdonatus
2427 1915 2750 1981 Remigium
2810 1921 3098 1966 auctorem
3159 1914 3714 1966 Commentariorum

2019 1987 2078 2039 in
2137 1986 2416 2054 Epistolas
2480 1986 2661 2049 Pauli,
2723 1985 2823 2053 qui
2881 1985 2934 2038 S.
2999 1985 3296 2037 Ambrosio
3356 1984 3710 2047 tribuuntur,

2019 2058 2190 2111 fuisse
2238 2056 2563 2121 arbitratur,
2616 2057 2709 2108 sed
2742 2055 2927 2122 ejusce
2976 2055 3388 2107 lucubrationis
3431 2055 3713 2123 judicium

2021 2129 2346 2196 relinquere
2379 2127 2502 2179 aliis
2529 2127 2704 2179 satius
2745 2133 3031 2194 putamus.
3075 2127 3184 2178 Hoc
3219 2127 3419 2177 eodem
3456 2137 3713 2194 tempore

2020 2200 2229 2267 scripta
2283 2205 2366 2250 est
2423 2198 2661 2266 epistola
2717 2197 2948 2250 nomine
3008 2196 3402 2264 Lugdunensis
3455 2197 3714 2248 Ecclesiae

2021 2271 2290 2322 adversus
2341 2270 2619 2321 Joannem
2669 2269 2921 2330 Scotum,
2969 2283 3096 2337 quae
3142 2268 3384 2319 liabvtur
3433 2272 3590 2318 tomo
3649 2267 3713 2319 ιν

2021 2340 2385 2394 Bibliothecm
2435 2341 2685 2392 Patrum.
2721 2341 2802 2392 Ad
2857 2341 3147 2391 meliorem
3200 2338 3370 2390 vitam
3407 2338 3714 2390 translatus

2020 2427 2054 2464 v
2087 2413 2205 2464 Kal.
2238 2410 2570 2464 Novembris
2594 2411 2746 2479 jacet
2775 2412 2831 2461 in
2864 2411 3078 2477 templo
3111 2409 3286 2460 sancti
3313 2408 3478 2479 Justi.

2098 2481 2403 2550 Exscripsit
2451 2478 2660 2533 librum
2717 2480 2782 2533 de
2834 2480 3007 2534 tribus
3057 2481 3298 2547 epistolis
3350 2478 3449 2531 sub
3503 2480 3716 2550 nomine

2019 2555 2267 2606 Ecclesia:
2299 2549 2302 2550 ⁷
2334 2553 2751 2617 Lugdunensis;
2814 2552 3198 2603 absolutionem
3279 2552 3589 2617 quaestionis
3652 2549 3716 2601 de

2020 2625 2261 2690 generati
2305 2639 2407 2690 per
2451 2623 2636 2675 Adam
2683 2623 3059 2681 damnatione;
3093 2621 3228 2672 item
3281 2622 3488 2672 librum
3539 2618 3715 2690 alium

2021 2689 2085 2746 dc
2149 2689 2375 2747 tenenda
2442 2694 2789 2746 immobiliter
2847 2693 3144 2758 Scriptura:
3200 2697 3399 2744 sancta:
3462 2689 3711 2744 veritate.

2024 2766 2250 2817 Exstant
2287 2764 2345 2816 in
2397 2765 2725 2816 auctoribus
2768 2764 2835 2816 de
2884 2762 3387 2816 Praedestinatione
3435 2777 3538 2830 per
3568 2761 3713 2814 Gilb.

2026 2835 2390 2904 tt’nnguinum
2441 2835 2626 2898 editis,
2679 2840 2819 2886 tom.
2874 2833 2914 2893 Ι,
2969 2839 3115 2901 part.
3168 2847 3225 2886 ιι.
3275 2833 3536 2904 Repetita
3586 2836 3716 2904 sunt

2021 2901 2362 2974 hmc'opera
2407 2905 2464 2957 in
2511 2909 2650 2958 tom.
2705 2905 2789 2958 XV
2822 2904 3185 2974 Bibliotheca:
3232 2904 3460 2956 Patrum
3515 2901 3713 2970 Lugd.,

2020 2992 2078 3045 p.
2113 2979 2377 3042 666-718,
2412 2991 2479 3029 ex
2505 2991 2617 3046 qua
2646 2975 2845 3028 eadem
2871 2973 3216 3043 excepimus.

1176 3256 1832 3380 SANCTI
1942 3257 2734 3399 REMIGII,

1455 3498 2013 3563 LUGDUNENSIS
2061 3498 2422 3565 EPISCOPI
2455 3551 2472 3577 ,
2508 3570 2518 3580 ,

964 3700 1150 3789 SUB
1233 3700 1619 3789 NOMINE
1697 3699 2186 3788 ECCLESIE
2271 3699 2959 3788 LUGDUNENSIS

1218 3903 1344 4012 DE
1393 3903 1766 4015 TRIBUS
1821 3903 2340 4015 EPISTOLIS
2395 3905 2724 4014 LIBER.

1599 4100 1752 4162 (Bibl.
1784 4103 1881 4150 vet.
1917 4100 2054 4149 Patr.
2093 4113 2213 4150 saec.
2243 4099 2340 4162 ix.)

216 4341 855 4424 INMNOMINEDOMINI
886 4361 1131 4424 Nos'rRi
1157 4344 1324 4405 JESU
1356 4343 1656 4419 CHRISTI,
1710 4344 1929 4424 incipit
1955 4345 2203 4405 libellus
2235 4345 2327 4406 De
2358 4345 2589 4406 Tribus
2622 4345 3012 4423 quibusdam
3047 4344 3346 4422 Epistolis
3375 4344 3713 4405 venerabi-

296 4422 458 4504 lium_
504 4422 977 4504 episcoporum,
1027 4423 1182 4499 quid
1232 4425 1310 4484 de
1352 4442 1570 4484 earum
1623 4422 1934 4484 sensu‘et
1983 4426 2449 4486 assertionibus
2494 4422 2681 4502 juxta
2728 4425 3054 4486 catholicas
3098 4425 3385 4485 veritatis
3431 4427 3716 4504 regulam

296 4501 704 4562 sentiendum
737 4502 838 4562 sit.

873 4651 1256 4714 ΡΒίΕΡΑΤΙΟ.

288 4748 684 4813 Quorumdam
730 4749 1142 4803 venerabilium
1175 4748 1453 4814 virorum,
1491 4771 1514 4799 ι
1555 4749 1730 4804 trium
1757 4750 1911 4804 vide-

209 4838 350 4892 licet
407 4837 806 4918 episcoporum
866 4838 935 4891 ad
997 4838 1299 4891 Ecclesiam
1360 4843 1633 4906 nostram,
1695 4840 1750 4894 id
1803 4846 1910 4906 est,

211 4927 679 4997 Lugdunensem,
733 4927 997 4997 Epistolaa
1043 4928 1275 4998 perlata:
1317 4932 1490 4994 sunt;
1527 4947 1553 4979 ››
1600 4944 1668 4982 ex
1707 4927 1915 4998 quibus

211 5016 348 5069 dua;
381 5016 604 5085 priores
629 5016 967 5087 simpliciter
995 5022 1052 5070 et
1082 5017 1380 5070 sinceriter
1405 5018 1474 5070 de
1503 5017 1752 5087 quadam
1784 5033 1913 5087 pro-

207 5104 394 5158 funda
423 5111 480 5158 et
528 5106 797 5176 perplexa
842 5105 1180 5176 quaestione,
1215 5121 1344 5174 qua:
1379 5107 1499 5175 jam
1545 5121 1650 5175 per
1696 5105 1918 5175 aliquot

209 5209 400 5246 annos
449 5194 600 5247 inter
647 5196 841 5264 plures
871 5195 1051 5248 multa
1082 5199 1134 5248 et
1183 5195 1338 5248 varia
1379 5195 1796 5264 disceptatione
1827 5196 1914 5248 vel

210 5283 393 5335 etiam
450 5283 818 5337 contentione
870 5289 1149 5347 versatur,
1206 5284 1341 5337 «de
1390 5283 1626 5337 veritate
1677 5284 1911 5349 scilicet,

211 5369 428 5423 divinas
473 5371 843 5439 praescieutite
888 5377 946 5423 et
987 5371 1545 5441 praedestinationis;
1594 5393 1622 5419 »
1673 5380 1728 5425 et
1776 5371 1914 5442 quid

209 5459 354 5526 ipsis
411 5459 700 5512 videretur
758 5460 1048 5530 aperuisse
1105 5465 1161 5512 et
1220 5461 1549 5530 exposuisse
1609 5462 1908 5526 videntur;

210 5552 269 5599 et
329 5547 472 5615 quid
531 5547 769 5617 przefata
826 5548 1072 5603 Ecclesia
1136 5553 1349 5615 nostra,
1417 5551 1530 5603 Deo
1595 5548 1912 5619 inspirante

1956 4664 1996 4717 Β
2029 4670 2202 4735 atque
2234 4663 2562 4730 auxiliante,
2597 4664 2668 4717 de
2697 4663 2896 4717 eadem
2940 4679 3001 4717 re
3033 4665 3259 4728 sentiat,
3293 4669 3356 4717 ut
3387 4663 3467 4717 eis
3499 4679 3631 4716 vere
3663 4667 3720 4716 et

2022 4754 2271 4808 ﬁdeliter
2315 4754 2749 4822 respondeatur,
2783 4752 3054 4806 attentius
3103 4754 3362 4822 ﬂagitare
3403 4756 3460 4805 et
3490 4751 3717 4820 exigere

2025 4847 2358 4895 noscuntur.

2095 4932 2348 4994 Quorum
2393 4947 2542 4984 unus
2591 4930 2993 5000 (Hincmarus'),
3047 4930 3145 5001 qui
3191 4936 3247 4983 et
3292 4930 3349 4982 in
3395 4927 3484 4982 liis
3531 4926 3718 4980 tribus

2025 5021 2244 5090 primus
2293 5020 2546 5090 ponitur,
2575 5020 2748 5073 etiam
2783 5019 3080 5088 cujusdam
3135 5017 3472 5071 miserabilis
3518 5032 3716 5069 mona-

2023 5110 2132 5173 chi,
2178 5108 2277 5178 qui
2327 5109 2584 5178 inquieta
2633 5115 2689 5161 et
2733 5107 2998 5160 insolenti
3047 5107 3494 5177 prmsumptione
3547 5104 3718 5174 hujus

2024 5195 2379 5265 questionis,
2413 5196 2496 5247 vel
2548 5194 2737 5263 potius
2767 5193 3037 5260 scandali,
3073 5193 3347 5246 excitator
3377 5199 3433 5246 et
3461 5192 3715 5261 exagita—

2024 5287 2113 5334 tor
2140 5281 2419 5335 exstitisse
2459 5282 2668 5334 dicitur
2698 5297 2711 5337 :
2746 5280 3000 5344 Qualiter
3047 5279 3307 5334 videlicet
3337 5279 3394 5333 in
3432 5303 3452 5328 ι
3490 5279 3716 5333 duobus

2023 5369 2426 5438 episcoporum
2461 5370 2714 5423 conciliis
2762 5375 2817 5421 et
2847 5368 3076 5420 auditus
3122 5367 3311 5430 fuerit,
3345 5373 3401 5419 et
3426 5369 3716 5436 judicatus

2024 5466 2192 5528 atque
2237 5460 2555 5520 damnatus,
2592 5479 2619 5509 ι)
2656 5459 2963 5527 diligenter
3009 5463 3065 5511 et
3095 5457 3346 5510 breviter
3376 5457 3432 5510 in
3477 5458 3718 5528 epistola

2022 5565 2123 5601 sua
2152 5549 2434 5620 exposuit,
2465 5554 2637 5619 atque
2687 5547 2919 5618 digessit
2951 5563 2963 5600 :
2999 5551 3055 5600 et
3078 5545 3322 5615 singulis
3355 5546 3478 5617 ejus
3502 5561 3709 5617 propo-
