4108 6190
463 270 561 320 987
1561 268 1614 321 S.
1661 267 1931 322 REMIGlI
1974 267 2464 325 LUGDUNENSIS
2504 268 2839 324 EPISCOPI.
3828 273 3913 323 988

459 398 763 451 sitionibus
807 398 939 469 quid
992 399 1076 451 vel
1107 399 1178 451 ab
1221 399 1364 469 ipso,
1400 399 1483 451 vel
1524 415 1556 451 a
1587 398 1824 464 caeteris,
1873 399 1987 451 sive
2020 403 2155 452 tunc
2191 403 2238 452 Α
2263 416 2435 470 quam
2469 399 2676 453 Paulus
2702 397 2800 468 qui
2839 397 3052 462 docuit,
3089 418 3115 444 «
3148 413 3250 466 per
3277 397 3520 451 visibilia
3547 398 3836 454 visibilium
3864 406 3910 454 et

462 487 752 557 objectum
799 487 989 551 fuerit,
1025 487 1140 542 sive
1168 504 1349 558 usque
1391 488 1561 542 hodie
1607 488 1754 558 apud
1788 505 1882 542 eos
1914 489 2154 558 objicia--
2263 487 2640 540 invisibilium
2705 501 3044 555 cognoscere
3113 485 3439 538 Creatorem
3482 485 3622 551 (Col.
3675 503 3710 551 ι,
3754 489 3845 553 16},
3884 513 3906 534 ι)

456 579 572 643 tur,
600 577 816 646 pariter
845 580 1138 630 exsecutus
1170 585 1270 630 est.
2262 577 2432 646 ccepit
2467 576 2796 646 praedicare.

531 665 822 716 Secundus
873 672 1062 718 autem
1125 666 1446 735 (Pardulus)
1498 665 1668 718 etiam
1721 666 1997 736 quosdam
2054 667 2152 736 qui
2337 670 2444 719 1.:
2499 665 2643 729 Quia
2671 671 2801 718 ante
2833 663 3027 717 omnia
3069 664 3292 728 saecula,
3346 668 3404 717 et
3436 669 3737 734 antequam
3774 665 3913 734 quid-

460 753 728 806 adversus
791 768 923 804 eum
991 753 1323 823 scripserint
1383 753 1519 818 fere,
1591 771 1686 806 sex
1747 770 1985 807 numero
2033 771 2149 808 me-
2261 772 2433 826 quam
2461 755 2672 809 faceret
2702 772 2734 806 a
2763 753 3046 823 principio
3081 753 3248 818 Deus,
3284 769 3425 822 quos
3459 754 3634 805 voluit
3661 756 3914 822 praedesti-

459 840 719 894 moravit.
773 843 882 894 Nec
913 847 1100 894 tamen
1145 843 1394 912 aliquem
1436 859 1634 895 eorum
1669 843 1735 896 ad
1771 859 1890 895 rem
1927 844 1995 896 de
2039 859 2152 913 qua
2258 845 2417 897 navit
2461 847 2531 898 ad
2578 860 2843 914 regnum,
2891 848 2946 896 et
2988 859 3133 913 quos
3179 842 3358 896 voluit
3410 843 3819 912 praedestinavit
3857 845 3912 897 ad

456 931 755 998 quaeritur,
830 930 1137 984 sufﬁcienti
1206 932 1427 984 ratione
1493 932 1832 985 satisfecisse
1897 948 2153 1002 conque-
2259 932 2581 986 interitum.

454 1023 572 1070 stus
595 1023 697 1072 est.
2330 1026 2380 1074 2.
2416 1044 2442 1070 ‹‹
2473 1024 2542 1076 Et
2590 1021 2689 1092 qui
2739 1019 3136 1090 praedestinati
3183 1025 3315 1072 sunt
3357 1019 3423 1072 ad
3469 1018 3777 1084 interitum,
3825 1021 3911 1072 sal-

525 1108 665 1160 Nam
728 1107 931 1161 tertius
983 1109 1317 1177 (Babanus),
1387 1126 1503 1162 non
1564 1110 1628 1163 ad
1681 1110 1983 1163 Ecclesiam
2039 1127 2147 1163 no-
2256 1111 2374 1163 vari
2425 1127 2537 1163 non
2582 1116 2854 1180 possunt;
2890 1114 2944 1161 et
2989 1109 3086 1179 qui
3127 1107 3516 1179 praedestinati
3560 1112 3692 1161 sunt
3733 1108 3796 1161 ad
3834 1125 3910 1162 re-

455 1201 654 1260 stram,
705 1196 803 1249 sed
851 1197 918 1254 ad
967 1198 1272 1267 quemdam
1325 1197 1500 1251 alium
1546 1200 1876 1268 episcopum
1932 1199 2150 1268 specia-
2258 1213 2458 1266 gnum,
2497 1198 2679 1267 perire
2708 1212 2824 1249 non
2855 1200 3108 1266 possunt.

455 1284 588 1337 liter
641 1285 954 1354 scripsisse,
1019 1291 1076 1339 et
1121 1287 1254 1356 quid
1304 1287 1372 1339 de
1425 1286 1528 1339 bac
1592 1303 1653 1339 re
1697 1287 1780 1340 illi
1835 1288 2147 1340 tenendum
2328 1289 2380 1339 3.
2425 1308 2450 1335 ‹‹
2483 1288 2550 1338 Et
2589 1286 2734 1339 Deus
2763 1301 2876 1336 non
2903 1285 3026 1336 vult
3062 1300 3259 1337 omnes
3291 1284 3549 1337 homines
3583 1285 3760 1337 salvos
3789 1284 3912 1347 ﬁeri,

456 1372 573 1426 sive
618 1373 939 1426 docendum
985 1380 1130 1426 esset
1155 1375 1321 1444 (sicut
1362 1375 1414 1427 ei
1460 1373 1642 1427 visum
1688 1374 1792 1440 est)
1825 1374 2147 1444 exposuisse
2258 1376 2354 1428 sed
2398 1391 2495 1427 eos
2543 1379 2768 1427 tantum
2801 1372 2900 1442 qui
2946 1374 3251 1425 salvantur.
3311 1373 3374 1425 Et
3409 1373 3559 1442 quod
3606 1372 3736 1425 dicit
3781 1376 3913 1440 Apo-

457 1465 513 1513 et
538 1459 805 1513 deﬁnisse
835 1463 1217 1530 cognoscitur.
2258 1464 2436 1516 stolus
2473 1479 2484 1515 :
2524 1483 2546 1510 c
2586 1462 2694 1525 Qui
2720 1461 2843 1514 vult
2873 1477 3071 1513 omnes
3093 1460 3360 1513 homines
3383 1462 3564 1512 salvos
3591 1461 3712 1512 ﬁeri
3744 1462 3782 1522 {1
3803 1462 3911 1512 Tim.

527 1548 662 1612 Quae
696 1549 889 1601 omnia
916 1566 1044 1602 cum
1073 1550 1427 1619 legissemus,
1465 1554 1520 1602 et
1549 1555 1722 1619 prout
1756 1550 2026 1603 Dominus
2058 1550 2151 1603 de-
2256 1570 2314 1619 ii,
2387 1552 2457 1618 4),
2508 1571 2528 1596 ο
2600 1550 2728 1602 illos
2791 1548 2903 1602 dici
2963 1564 3161 1602 omnes
3225 1548 3325 1618 qui
3389 1548 3784 1602 tantummodo
3824 1548 3911 1599 sal-

458 1635 561 1700 dit,
594 1637 830 1690 sollicite
877 1642 931 1690 et
961 1638 1206 1690 ﬁdeliter
1236 1643 1655 1704 tractassemus,
1687 1639 1870 1691 visum
1912 1639 2147 1692 omnino
2193 1697 2221 1704 η
2256 1645 2482 1694 vantur.

457 1725 622 1778 nobis
671 1730 754 1779 est
810 1727 963 1796 quod
1013 1731 1067 1780 et
1113 1727 1622 1796 interrogantibus,
1673 1733 1728 1780 ut
1783 1728 1996 1781 dictum
2040 1733 2144 1795 est,
2192 1697 2225 1746 Β
2328 1730 2378 1782 4.
2417 1750 2444 1777 (ί
2499 1727 2755 1784 Christus
2804 1744 2920 1780 non
2969 1727 3126 1781 venit
3172 1731 3234 1779 ut
3280 1741 3480 1779 omnes
3534 1726 3788 1791 salvaret,
3833 1740 3916 1776 nec

456 1813 875 1867 venerabilibus
904 1814 1062 1878 viris,
1103 1820 1158 1867 et
1189 1816 1440 1884 ipsarum
1474 1815 1838 1884 Opinionum,
1873 1832 2001 1885 quas
2029 1822 2146 1868 tam
2257 1834 2455 1888 passus
2489 1823 2572 1872 est
2596 1833 2699 1888 pro
2729 1816 3018 1879 omnibus,
3053 1814 3161 1868 nisi
3193 1813 3556 1868 solummodo
3591 1830 3697 1882 pro
3727 1813 3808 1866 his
3831 1811 3913 1881 qui

453 1900 741 1954 laciniosae
785 1907 840 1955 et
865 1903 1135 1955 involutae
1169 1909 1467 1972 ponuntur
1514 1903 1852 1957 necessitate
1883 1909 2144 1973 cogente,
2258 1906 2538 1976 passionis
2564 1906 2687 1975 ejus
2716 1905 3006 1958 salvantur
3037 1902 3325 1972 mysterio.

456 2006 677 2043 necnon
711 1995 767 2044 et
804 1992 1218 2061 simpliciorum
1250 1998 1421 2063 atque
1462 1993 1850 2063 ignorantium
1881 1992 2146 2062 fratrum,
2331 1999 2380 2048 5.
2437 2013 2462 2044 ‹‹
2516 1995 2578 2047 Et
2624 1997 2926 2063 postquam
2977 1991 3197 2061 primus
3242 1991 3414 2044 homo
3472 1990 3656 2043 libero
3716 1989 3916 2042 arbitrio

455 2095 598 2149 quos
629 2079 828 2132 talium
861 2081 1242 2149 quaastionum
1280 2082 1497 2134 incerto
1529 2082 1805 2134 ﬂuctuare
1854 2082 2146 2151 cognosci-
2257 2083 2480 2149 cecidit,
2527 2098 2698 2136 nemo
2747 2086 3008 2135 nostrum
3042 2080 3109 2133 ad
3143 2080 3287 2133 bene
3332 2078 3644 2149 agendum,
3692 2077 3779 2131 sed
3816 2081 3917 2130 tan-

455 2182 603 2234 mus,
666 2168 1093 2238 perturbatione
1149 2169 1450 2238 compulsi,
1511 2171 1836 2223 nullatenus
1893 2171 2143 2240 (qualem
2255 2171 2553 2225 tummodo
2601 2170 2674 2224 ad
2729 2171 2878 2222 male
2921 2168 3208 2238 agendum
3251 2167 3432 2221 libero
3481 2171 3677 2236 potest
3733 2167 3808 2219 uti
3845 2181 3914 2218 ar-

415 2303 419 2308 .
454 2256 669 2310 donare
704 2256 977 2310 Dominus
1009 2256 1276 2326 dignatus
1300 2258 1492 2323 fuerit)
1519 2259 1952 2328 responsionem
1987 2258 2144 2320 ﬁdei,
2255 2260 2446 2314 bitrio.
2480 2282 2506 2307 »

452 2360 570 2398 non
617 2362 684 2398 ex
730 2346 932 2398 nostro
973 2363 1158 2410 sensu,
1195 2346 1291 2398 sed
1344 2363 1407 2398 ex
1448 2346 1870 2415 Scripturarum
1924 2353 2144 2400 sancta-
2947 2361 3258 2400 RESPONSIO.

452 2449 579 2486 rum
629 2433 915 2487 immobili
963 2436 1221 2502 veritate,
1271 2440 1327 2488 et
1370 2435 1830 2488 beatissimorum
1881 2437 2142 2489 ecclesia-
2327 2439 2393 2491 Et
2422 2441 2626 2490 caetera
2656 2451 2786 2507 quae
2821 2436 2940 2505 jam
2973 2435 3041 2488 de
3074 2433 3196 2487 aliis
3245 2433 3384 2486 actis
3419 2433 3542 2502 ejus
3577 2447 3696 2484 non
3737 2431 3800 2484 de
3828 2429 3916 2482 do-

453 2521 724 2574 sticorum
775 2524 1006 2575 Patrum
1063 2522 1464 2576 fundatissima
1509 2523 1864 2589 auctoritate,
1916 2524 2145 2577 subtra-
2255 2527 2452 2580 ctrinm
2497 2530 2694 2578 tenore
2750 2523 3096 2594 exsequitur.
3150 2533 3171 2558 ε·
3222 2523 3333 2574 Hoc
3377 2521 3569 2589 itaque
3615 2518 3776 2572 nobis
3815 2518 3918 2571 licet

451 2610 588 2662 here
623 2610 950 2676 debeamus,
994 2616 1294 2680 quatenus,
1330 2611 1672 2680 inquantum
1719 2613 1992 2665 Dominus
2023 2613 2144 2683 opi-
2255 2633 2320 2669 ex
2368 2620 2527 2685 parte
2561 2613 2896 2667 incredibile
2935 2612 3217 2677 videatur,
3271 2608 3422 2678 quod
3462 2607 3727 2661 videlicet
3770 2605 3920 2675 genti-

452 2697 624 2750 tulari
653 2698 942 2767 dignatur,
979 2706 1034 2752 et
1083 2699 1244 2751 nobis
1274 2700 1410 2769 ipsis
1441 2716 1507 2752 ex
1540 2700 1867 2769 hujusmodi
1905 2717 2146 2770 respon-
2257 2705 2361 2757 bus
2409 2703 2807 2772 ignorantibus
2856 2700 3162 2754 Dominum
3209 2697 3542 2767 praedicans,
3600 2693 3918 2765 praetermit-

456 2784 635 2838 sionis
667 2785 857 2839 studio
893 2785 1022 2839 ﬁdei
1050 2785 1290 2839 ﬁrmitas
1320 2796 1620 2857 augeatur,
1655 2793 1708 2840 et
1739 2788 1864 2840 aliis
1898 2789 1996 2859 qui
2027 2789 2147 2842 huic
2254 2787 2375 2846 tere
2408 2791 2676 2861 potuerit,
2711 2795 2774 2842 ut
2808 2805 2921 2842 non
2952 2805 3049 2840 eos
3081 2787 3268 2857 primo
3290 2784 3550 2838 omnium
3574 2785 3648 2838 ad
3679 2783 3920 2853 poeniten-

451 2873 689 2927 fortasse
722 2873 912 2944 legere
945 2875 1246 2943 voluerint,
1281 2892 1452 2946 quam
1484 2877 1733 2930 ﬁdeliter
1764 2877 1954 2931 divina
1999 2878 2144 2930 veri-
2193 2868 2195 2870 ﬁ
2255 2881 2391 2934 tiam
2424 2884 2779 2951 provocaret,
2831 2894 2932 2930 nec
2975 2877 3056 2928 eis
3086 2875 3237 2928 inter
3267 2879 3584 2926 creaturam
3621 2877 3679 2926 et
3725 2873 3917 2925 Creato-

450 2966 534 3015 tas
567 2962 640 3014 sit
669 2964 965 3028 servanda,
1013 2980 1186 3033 quam
1218 2970 1541 3018 reverenter
1584 2970 1639 3018 et
1667 2966 2001 3020 obedienter
2044 2982 2144 3036 pa-
2184 2998 2224 3052 C
2255 2986 2375 3022 rem
2438 2967 2850 3022 rationabiliter
2896 2965 3220 3019 discernere
3273 2961 3667 3032 persuaderet,
3717 2967 3777 3013 ut.
3820 2961 3918 3027 jam

449 3055 612 3103 terna
643 3053 950 3105 auctoritas
980 3053 1290 3122 sequenda,
1329 3053 1665 3124 diligentius
1704 3060 1760 3107 et
1791 3055 2146 3109 manifestius
2192 3047 2222 3052 ⁷
2253 3075 2367 3111 non
2416 3058 2686 3120 colerent,
2724 3076 2750 3103 «
2788 3070 2972 3123 neque
3004 3052 3280 3105 servirent
3311 3056 3587 3104 creaturae.
3628 3071 3654 3093 ι)
3690 3064 3785 3118 per
3811 3047 3917 3098 ido-

448 3138 788 3196 declaretur.
2252 3145 2495 3199 lolatriae
2542 3160 2816 3210 errorem,
2853 3164 2880 3190 «
2919 3141 3016 3195 sed
3050 3140 3240 3211 potius
3272 3138 3547 3201 Creatori,
3596 3138 3703 3208 qui
3729 3141 3810 3190 est
3835 3136 3917 3187 be-

1008 3248 1232 3302 CAPUT
1284 3249 1578 3303 PRIMUM,
2253 3234 2515 3289 nedictus
2568 3233 2629 3285 in
2663 3231 2867 3286 saecula
2917 3229 3085 3300 (Rom.
3129 3245 3164 3290 ι,
3219 3229 3337 3294 25);
3387 3246 3414 3276 ιι
3449 3226 3544 3280 sed
3597 3223 3918 3294 quaestiones

2254 3323 2356 3388 eis,
2389 3322 2561 3374 etiam
2591 3320 2856 3374 ﬁdelibus
2899 3323 2956 3371 et
2983 3317 3164 3371 doctis
3199 3315 3590 3378 difﬁcillimas,
3640 3315 3708 3367 de
3741 3310 3919 3365 divinis

2248 3411 2481 3482 judiciis
2530 3415 2586 3462 et
2618 3406 3135 3480 praedestinationis
3185 3421 3250 3458 ac
3279 3403 3698 3472 redemptionis
3746 3405 3919 3470 myste-

2251 3498 2338 3552 rio
2389 3496 2753 3567 proposuerit
2797 3511 2809 3548 :
2847 3501 3042 3549 tamen
3087 3493 3596 3564 praetermittentes
3645 3492 3810 3561 hujus
3853 3487 3920 3541 rei

2251 3592 2366 3642 tam
2415 3586 2718 3640 absurdam
2770 3589 2826 3638 et
2872 3585 3244 3651 incongruam
3304 3579 3710 3650 objectionem,
3767 3576 3920 3645 magis

2252 3675 2538 3731 credimus
2584 3674 2735 3727 inter
2763 3672 2958 3726 ﬁdeles
3000 3671 3088 3724 vel
3132 3669 3304 3724 etiam
3342 3668 3671 3722 sacerdotes
3719 3667 3917 3720 illarum

2251 3765 2503 3836 partium
2543 3763 2680 3817 talia
2712 3777 2941 3815 movere
2981 3764 3037 3813 et
3067 3775 3382 3829 proponere
3428 3758 3710 3827 potuisse,
3741 3754 3922 3824 quibus

2254 3869 2594 3926 magnarum
2653 3857 2710 3905 et
2769 3865 3041 3904 novarum
3089 3864 3286 3901 rerum
3335 3848 3490 3901 velut
3541 3863 3724 3900 novus
3777 3849 3921 3912 atque

2251 3942 2622 3998 admirandus
2668 3940 3005 4010 praedicator
3055 3936 3498 4001 existimaretur,
3552 3951 3729 4005 quam
3775 3936 3920 3986 tanta

2252 4047 2383 4085 eum
2442 4029 2723 4083 fatuitatis
2767 4034 2824 4080 et
2867 4026 3122 4080 stultitiae
3171 4024 3475 4089 exstitisse,
3517 4028 3578 4075 ut
3631 4023 3921 4091 imputetur

1135 4112 1454 4149 “lNCMM‘US-
2252 4116 2514 4171 omnium
2562 4131 2754 4168 rerum
2787 4113 3109 4167 divinarum
3153 4111 3384 4181 penitus
3431 4109 3652 4178 ignaris
3687 4116 3796 4161 tam
3826 4107 3920 4158 im-

521 4222 547 4251 a
598 4202 723 4255 Alio
790 4201 1260 4272 prtedicationem
1305 4217 1465 4254 suam
1528 4217 1688 4254 orsus
1756 4202 1916 4255 initio
1968 4219 2142 4273 quam
2248 4210 2493 4274 portune
2539 4209 2595 4256 et
2627 4205 2971 4273 praepostere
3001 4199 3138 4252 talia
3176 4197 3505 4268 ingessisse,
3553 4197 3761 4266 quibus
3793 4191 3918 4262 apud

445 4288 716 4353 Joannes,
761 4288 860 4357 qui
891 4287 1077 4340 dixit:
1116 4310 1134 4334 ι
1186 4288 1587 4342 Paenitentiam
1627 4289 1776 4358 agite
1825 4291 2138 4361 appropin-
2183 4294 2223 4346 D
2251 4309 2347 4347 eos
2393 4308 2511 4346 non
2566 4290 2902 4357 audiendus,
2961 4288 3058 4342 sed
3115 4287 3309 4356 potius
3365 4285 3596 4356 penitus
3651 4283 3918 4342 ridendus,

449 4397 475 4421 ››
512 4376 708 4445 quavit
748 4376 904 4430 enim
935 4392 1177 4445 regnum
1209 4377 1480 4431 caelorum
1516 4379 1734 4444 (Matth.
1769 4395 1850 4445 iii,
1885 4382 1968 4445 “2);
2022 4400 2049 4431 »
2083 4387 2140 4434 et
2249 4386 2304 4435 et
2334 4382 2403 4434 ab
2433 4379 2694 4433 omnium
2724 4378 2958 4432 auribus
2990 4375 3658 4444 arcendusjudicaretur.

1511 4503 1710 4559 NUT/E
1751 4505 2078 4559 DUVALLll
2120 4506 2463 4562 DOCTORIS
2500 4504 2887 4560 SORBONICI.

520 4606 557 4670 ιι,
577 4596 977 4670 Lugdunensis
1000 4597 1270 4670 _Ecclesia
1315 4599 1483 4652 liacce
1534 4599 1922 4669 disputatione
1951 4606 2145 4670 patro-
2254 4618 2489 4655 accenso
2521 4603 2668 4654 circa
2699 4616 2756 4652 se
2790 4600 2931 4670 ignei
2964 4597 3222 4650 libellum
3271 4611 3436 4649 suum
3477 4595 3728 4670 propriis
3763 4589 3916 4670 mani-

447 4662 1069 4740 cinium'Gotteschalci
1097 4669 1320 4722 videtur
1341 4662 1648 4740 suscipere,
1683 4672 1816 4724 licet
1839 4662 1971 4724 eum
2005 4688 2146 4739 prae-
2255 4672 2361 4725 bus
2394 4673 2450 4725 in
2501 4673 2760 4725 flammas
2789 4662 3114 4740 p'rojiceret,
3147 4673 3201 4740 et
3239 4673 3455 4740 aeterno
3480 4662 3641 4740 velut
3685 4662 3919 4738 incendio

447 4745 872 4806 sumptuosum,
908 4738 1249 4792 insolentem
1283 4746 1338 4792 et
1377 4737 1756 4795 miserabilem
1797 4737 2145 4795 monachum
2253 4748 2663 4796 concremaret.
2699 4743 2759 4794 In
2789 4737 2902 4793 hoc
2925 4739 3190 4808 supplicii
3216 4753 3398 4806 genus
3429 4737 3720 4789 invehitur
3747 4747 3918 4804 ρνιθει·

448 4810 717 4883 appellet.
764 4811 1284 4883 Prtesumptuosum
1321 4811 1552 4883 quidem
1583 4813 1735 4881 quod
1770 4815 1937 4883 ultro,
1973 4813 2025 4864 id
2061 4819 2146 4866 est
2253 4830 2367 4883 pue
2414 4813 2658 4866 Ecclesia
2687 4811 3081 4879 Lugdunensis
3111 4825 3238 4862 cum
3285 4808 3538 4883 singulas
3584 4808 3706 4883 ejus
3737 4818 3919 4883 propo:

446 4871 731 4955 renitente
767 4881 988 4945 abbate,
1021 4871 1459 4955 praedicationis
1487 4871 1737 4955 olﬁeium
1770 4883 1840 4935 ad
1871 4871 2145 4955 inﬁdeles
2254 4871 2508 4948 sitiones,
2542 4871 2973 4955 unicard‘empta
3001 4896 3128 4950 quae
3161 4885 3243 4955 est
3273 4879 3342 4955 de
3375 4871 3554 4955 libero
3589 4871 3918 4955 a'rbitrio.i§.d

451 4943 1226 5024 susceperit,eontra-quod
1266 4952 1403 5004 dicit
1450 4954 1799 5021 Apostolus:
1837 4954 2014 5006 Nemo
2051 4970 2137 5007 as-
2253 4955 2411 5024 pium
2461 4943 2516 5007 et
2545 4943 2890 5007 catholicum
2925 4943 3156 5024 sensum
3202 4949 3452 5024 bepigna
3480 4953 3534 5000 et
3575 4947 3733 5024 suavi
3765 4943 3919 5024 expli-

449 5017 639 5074 sumat
667 5022 771 5074 sibi
796 5017 1228 5092 honorem—nisi
1258 5017 1549 5076 vocetur'a
1579 5023 1694 5076 Deo
1726 5029 1998 5092 tanquam
2028 5028 2142 5076 Aa-
2253 5017 2477 5079 catione
2525 5025 2717 5078 reduci
2745 5039 2906 5092 posse
2937 5022 3204 5074 afﬁrmet.
3236 5019 3411 5092 ‘Unde
3449 5035 3564 5092 non
3611 5017 3921 5091 simpliciter

448 5109 589 5166 ron;
639 5097 694 5166 et
730 5109 742 5145 :
775 5091 1070 5166 Quomodo
1118 5092 1532 5166 praedicabunt
1555 5094 1659 5146 nisi
1703 5089 2005 5166 mittantur
2038 5110 2051 5147 :
2087 5099 2144 5148 et
2251 5097 2441 5165 arguit
2470 5096 2618 5166 quod
2648 5089 2869 5166 ineum
2901 5093 3074 5166 virgis
3105 5089 3771 5166 fuerit_animad_versum
3797 5089 3917 5152 (cer-

448 5163 566 5216 hzec
596 5163 783 5233 prima
811 5164 945 5215 mali
977 5162 1131 5234 illius
1159 5162 1332 5225 labes,
1369 5163 1483 5215 imo
1517 5165 1693 5216 Lerna
1724 5165 1981 5218 omnium
2014 5181 2142 5218 suo-
2250 5160 2374 5220 tuin
2413 5160 2505 5220 est-
2525 5166 2678 5219 enim
2705 5165 2832 5234 jure
2860 5160 3076 5234 optimo
3106 5160 3298 5234 puniri
3346 5160 3741 5234 haereticoset
3765 5169 3919 5234 nova-

446 5250 573 5287 rum
600 5228 920 5308 'malorum.
956 5233 1316 5308 _l_nsoleptem_
1345 5234 1665 5308 vero__forte
1701 5236 1850 5304 quod
1903 5252 2003 5288 sua
2032 5235 2140 5289 do-
2251 5242 2420 5300 tores,
2458 5228 2756 5308 isiquidem
2809 5228 2924 5286 non
2982 5228 3173 5308 minus
3221 5231 3550 5308 reipublicae
3584 5228 3919 5308 _Cliristiana:

447 5309 660 5378 gmata,
711 5305 791 5378 ab
812 5303 1078 5378 omnibus
1124 5303 1238 5356 fere
1286 5303 1614 5378 doctoribus
1643 5292 2007 5378 eoftempore
2050 5322 2138 5360 re-
2248 5292 2560 5378 perniciosi
2623 5311 2754 5360 sunt
2809 5320 2982 5378 quam
3029 5303 3126 5378 alii
3193 5292 3789 5378 quilibetscelerati),
3837 5292 3920 5378 sed

446 5367 982 5449 probata,_ni_mium
1012 5374 1273 5444 jactaret,
1302 5375 1447 5449 et_in
1482 5375 1685 5449 vulgus
1707 5367 1975 5449 i_nsolénti
2005 5392 2140 5449 qua-
2249 5367 2400 5449 quod
2448 5380 2571 5445 ejus
2618 5367 3045 5449 propositiones
3084 5367 3333 5449 benigne
3380 5370 3591 5449 potius
3615 5367 3920 5449 debuissem

447 5440 576 5518 dam
611 5445 926 5518 ambitione
971 5440 1028 5498 et
1071 5460 1199 5518 cum
1238 5440 1482 5498 maximo
1512 5440 1689 5518 totius
1716 5446 1978 5518 Ecclesia
2009 5440 2136 5518 Gal-
2246 5440 2528 5518 Explicare
2577 5440 2800 5518 praelati
2846 5445 2998 5499 illius
3045 5440 3323 5514 temporis
3353 5440 3526 5513 quam
3577 5441 3634 5495 in
3681 5454 3811 5493 eum
3854 5440 3919 5488 ita

449 5515 646 5566 licente
709 5516 1051 5568 detrimento
1120 5515 1534 5569 disseminaret.
1608 5517 1984 5570 Miserabilem
2036 5517 2134 5570 do-
2247 5515 2461 5573 saevire.

451 5600 632 5651 mum,
673 5586 819 5655 quod
857 5586 1094 5655 ﬂagellis
1125 5585 1324 5640 tandiu
1362 5587 1535 5642 fuerit
1571 5587 1927 5655 dilaceratus,
1958 5588 2139 5641 donec

713 3356 785 3407 De
807 3357 1013 3422 prima,
1047 3370 1165 3423 quae
1189 3359 1267 3407 est
1297 3355 1598 3422 Hincmari,
1633 3359 1879 3425 epistola.

521 3457 747 3512 Primus
795 3459 976 3527 igitur
1024 3458 1143 3528 qui,
1193 3463 1257 3511 ut
1286 3475 1458 3527 supra
1500 3459 1770 3524 diximus,
1805 3459 2146 3514 miserabilis

448 3546 602 3598 illius
651 3547 915 3599 monachi
946 3552 1002 3599 et
1044 3551 1229 3599 actum
1280 3547 1569 3612 describit,
1601 3552 1658 3600 et
1689 3548 2011 3602 doctrinam
2053 3565 2144 3604 re-

449 3633 696 3703 darguit,
721 3638 777 3686 et
797 3634 1226 3688 damnationem
1250 3636 1500 3704 exponit,
1528 3641 1828 3706 postquam
1852 3653 1983 3690 eum
2005 3637 2148 3691 dixit

451 3721 598 3774 ultro
631 3721 738 3775 sibi
781 3723 1170 3792 praedicatoris
1200 3740 1414 3777 nomen
1448 3724 1843 3795 assumpsisse,
1877 3730 2047 3795 atque
2073 3727 2144 3780 ad

448 3809 720 3864 barbaras
771 3816 827 3865 et
877 3827 1130 3882 paganas
1179 3816 1377 3881 gentes
1425 3814 1578 3866 velut
1621 3813 2144 3884 evangelizaturum

446 3900 783 3970 perrexisse,
840 3901 929 3954 his
958 3901 1146 3954 verbis
1182 3902 1388 3954 seriem
1426 3901 1847 3972 praedicationis
1879 3903 2001 3972 ejus
2048 3919 2140 3957 ex-

450 3990 709 4060 sequitur
741 3990 951 4043 dicens.
