4048 6170
211 276 316 327 989

1420 272 1624 327 LIBER
1666 275 1757 329 DE
1799 275 2055 333 TRIBUS
2094 275 2467 332 EPISTOLIS.

3611 283 3714 334 990

281 412 358 463 De
408 409 661 479 prmfatis
707 413 899 462 autem
947 408 1203 479 quinque
1252 409 1568 471 sententiis,
1622 426 1763 479 quas
1807 410 1892 463 vel
1934 409 1982 465 Α
2013 410 2217 463 humili
2270 412 2542 465 exaltasse
2585 415 2641 464 et
2687 427 2753 465 ex
2785 412 2944 465 arida
2986 414 3345 468 frondentem
3379 416 3596 480 fecisse,
3633 418 3712 471 ita

201 498 548 567 praedicasse
594 496 823 563 dicitur,
874 498 961 550 vel
1016 497 1187 549 etiam
1231 498 1289 549 in
1333 497 1605 558 conciliis,
1652 499 1752 551 ubi
1796 515 1903 552 au-

204 586 453 639 diendus
495 603 559 639 ac
607 586 1003 655 dijudicandus
1051 585 1331 638 admissus
1381 592 1463 639 est
1516 588 1900 657 proposuisse,

201 690 269 727 ac
314 674 639 739 defendere,
676 690 738 727 ac
779 674 1119 727 conﬁrmare
1152 674 1395 727 voluisse
1426 676 1715 737 asseritur,
1765 676 1901 744 quid

201 768 419 815 nostra!
469 763 770 831 pusillitati
804 763 965 832 juxta
1010 764 1289 816 rationem
1332 780 1477 816 verae
1516 764 1667 827 ﬁdei,
1714 764 1904 817 divina

200 851 526 920 inspirante
560 851 791 919 pietate,
842 852 1123 919 videatur,
1158 869 1271 905 non
1306 853 1585 922 praecipiti
1618 860 1674 905 et
1702 854 1903 905 incon-

197 939 456 993 siderata
502 940 869 993 festinatione
914 945 1129 993 temere
1168 941 1382 1011 aliquid
1433 941 1718 993 credimus
1763 941 1898 993 deli-

198 1028 507 1091 niendum,
554 1030 647 1082 sed
684 1030 840 1081 omni
879 1046 1011 1081 cura
1039 1029 1287 1098 pietatis,
1324 1030 1684 1081 devotissimo
1711 1030 1901 1082 studio

196 1114 567 1169 inveniendze
622 1134 684 1171 ac
728 1118 989 1171 tenenda:
1040 1118 1289 1171 veritatis
1336 1118 1583 1172 ﬁdeliter
1633 1135 1898 1188 quaeren-

194 1203 362 1270 dum,
411 1210 469 1258 et
516 1206 885 1276 pulsandum,
919 1211 1087 1275 atque
1129 1206 1483 1275 petendum:
1538 1212 1599 1259 ut
1649 1224 1760 1259 non
1795 1208 1898 1259 hu-

196 1308 379 1346 mano
424 1310 640 1359 errore,
698 1296 854 1365 quod
912 1295 1070 1348 nobis
1115 1295 1360 1357 videtur,
1408 1294 1504 1347 sed
1564 1296 1715 1364 quod
1779 1295 1901 1363 ipsa

190 1382 411 1434 veritas
458 1383 793 1447 ostenderit,
839 1388 1060 1436 remota
1088 1383 1242 1435 omni
1275 1384 1637 1435 animositate
1670 1389 1725 1437 et
1758 1401 1901 1437 con-

194 1470 485 1533 tentione,
517 1471 761 1524 ﬁdeliter
792 1477 961 1541 atque
998 1472 1346 1523 unanimiter
1375 1488 1703 1541 sequamur.
1738 1474 1897 1536 Quod

194 1561 281 1621 ut,
322 1558 667 1627 inquantum
715 1560 828 1612 Deo
872 1560 1172 1628 adjuvante
1222 1576 1543 1627 possumus,
1593 1561 1901 1629 diligenter

193 1651 257 1698 et
304 1645 559 1699 ﬁdeliter
605 1647 779 1715 possit
826 1647 969 1711 ﬁeri,
1020 1648 1157 1701 illud
1191 1649 1375 1716 primo
1416 1648 1475 1700 in
1532 1649 1655 1701 loco
1688 1666 1901 1718 ponen-

191 1733 361 1799 dum,
414 1740 471 1787 et
500 1735 911 1801 vehementius,
946 1743 1116 1805 prout
1147 1752 1298 1788 nunc
1328 1737 1655 1805 pusillitatis
1690 1744 1897 1791 nostrae

192 1823 499 1875 memoria:
530 1826 774 1877 occurrit
797 1825 1099 1891 credimus,
1129 1826 1671 1887 commendandum,
1710 1848 1736 1875 «
1770 1844 1897 1896 sep-

190 1915 315 1964 tem
352 1911 626 1978 quasdam
660 1929 781 1965 esse
818 1915 1041 1981 regulas
1073 1913 1205 1965 ﬁdei
1237 1932 1263 1962 »
1298 1930 1361 1966 ex
1390 1915 1715 1969 divinarum
1750 1917 1895 1969 Scri-

189 2004 505 2069 pturarum
539 2002 873 2054 auctoritate
907 2002 1253 2067 evenientes,
1307 2008 1361 2055 et
1404 2021 1436 2056 a
1484 2005 1688 2057 sanctis
1730 2010 1897 2075 atque

192 2086 540 2139 orthodoxis
586 2088 844 2140 Patribus
872 2088 1306 2157 diligentissime
1340 2092 1780 2153 commendatas,
1828 2093 1897 2144 de

188 2175 561 2244 praescientia
590 2176 803 2228 scilicet
832 2181 887 2228 et
906 2177 1407 2245 prmdestinatione
1438 2179 1647 2243 divina,
1681 2196 1820 2249 quas
1843 2186 1899 2232 et

190 2262 520 2316 catholicus
553 2264 796 2333 quisque
827 2262 1157 2318 ﬁdelissime
1201 2271 1395 2319 tenere
1423 2267 1645 2333 debeat,
1680 2273 1735 2319 et
1767 2267 1894 2336 qui-

189 2367 427 2419 cunque
490 2350 575 2403 his
640 2352 924 2405 contraria
985 2353 1133 2421 sapit
1179 2370 1294 2407 non
1343 2354 1616 2407 catholica
1685 2355 1895 2408 sentire

189 2439 624 2508 comprobetur.

872 2512 1096 2565 CAPUT
1155 2513 1218 2565 Il.

833 2615 1041 2654 REGULA
1084 2617 1260 2653 PRIMA.

339 2707 686 2759 Praescientia
715 2711 765 2759 et
791 2706 1198 2775 praedestinatio
1230 2710 1322 2760 Dei
1360 2710 1678 2777 sempiterna
1704 2714 1754 2761 et

804 2779 1279 2831 incommutabilis.

269 2882 487 2936 Harum
522 2897 656 2951 ergo
678 2883 863 2951 prima
882 2888 965 2936 est
982 2889 1044 2937 ut
1063 2884 1297 2936 omnino
1322 2885 1646 2938 ﬁrmissime
1670 2903 1732 2939 ac
1759 2886 1895 2939 ﬁde-

193 2970 417 3022 lissime
465 2975 760 3023 teneamus
795 2994 813 3017 α

192 3063 461 3125 tempore
508 3059 822 3127 praescierit
886 3061 973 3114 vel
1019 3061 1548 3131 praadestinaverit:
1598 3064 1692 3116 sed
1749 3064 1893 3116 sicut

189 3146 320 3215 ipse
350 3147 565 3216 absque
588 3148 705 3200 ullo
734 3148 898 3201 initio
921 3155 1167 3203 aeternus
1199 3156 1255 3203 et
1278 3150 1761 3205 incommutabilis
1784 3158 1889 3220 est,

187 3234 271 3288 ita
310 3240 367 3287 et
397 3236 519 3303 ejus
554 3236 928 3305 praescientia,
962 3254 1025 3291 ac
1064 3239 1488 3309 praadestinatio
1519 3241 1887 3309 sempiterna,

183 3328 369 3393 atque
430 3325 915 3378 incommutabilis
956 3326 1051 3380 sit.
1106 3347 1127 3374 ο
1193 3328 1357 3379 Nulla
1397 3326 1551 3379 enim
1597 3329 1711 3380 Deo
1745 3344 1892 3381 nova

184 3413 479 3477 voluntas,
552 3412 772 3466 nullum
848 3430 1060 3467 novum
1124 3416 1450 3481 consilium,
1513 3416 1670 3469 nulla
1743 3432 1889 3485 nova

182 3499 512 3569 dispositio,
546 3502 767 3554 nullum
800 3518 1011 3555 novum
1040 3504 1342 3572 judicium,
1378 3504 1541 3573 quasi
1569 3521 1635 3557 ex
1668 3510 1886 3559 interno

182 3589 343 3659 apud
389 3586 577 3656 ipsum
628 3596 683 3642 et
726 3589 782 3642 in
816 3590 940 3659 ipso
992 3607 1105 3644 non
1142 3592 1332 3657 fuerit,
1379 3592 1477 3645 sed
1519 3593 1887 3661 postmodum

182 3692 312 3730 esse
354 3676 605 3745 ceperit.
662 3678 813 3731 Nihil
848 3695 1092 3749 namque
1125 3680 1248 3748 ejus
1292 3681 1577 3734 divinitati
1612 3688 1690 3733 est
1741 3681 1885 3733 acci-

181 3766 353 3830 dens,
390 3764 534 3817 nihil
584 3764 643 3817 in
692 3765 813 3834 ejus
843 3766 1054 3818 deitate
1087 3772 1272 3835 potest
1300 3767 1525 3837 augeri,
1558 3768 1644 3819 vel
1682 3767 1883 3832 minui,

183 3857 289 3905 aut.
322 3852 549 3905 mutari.
607 3853 668 3905 Et
713 3853 839 3906 ideo
892 3854 1170 3924 quidquid
1205 3856 1505 3924 praescivit,
1541 3857 1888 3909 aeternaliter

184 3939 502 4011 praescivit;
567 3942 849 4011 quidquid
923 3942 1370 4009 prazdestinavit,
1439 3946 1636 4012 procul
1709 3944 1884 3997 dubio

185 4029 543 4083 aternaliter
586 4030 1031 4099 praedestinavit.
1088 4032 1171 4085 Ad
1220 4031 1367 4084 hanc
1398 4032 1570 4085 tidem
1602 4049 1703 4086 nos
1734 4033 1882 4087 Scri-

183 4123 361 4187 ptura
391 4117 593 4171 Sancta
622 4118 852 4171 instruit
882 4124 1050 4188 atque
1083 4120 1373 4185 informat,
1408 4121 1635 4174 dicens:
1674 4141 1699 4169 ‹‹
1740 4122 1884 4175 Deus

183 4211 423 4269 aeterne,
459 4205 557 4275 qui
589 4206 941 4258 occultorum
985 4223 1046 4259 es
1095 4208 1373 4277 cognitor,
1416 4210 1516 4277 qui
1575 4195 1721 4261 nosti
1755 4226 1883 4261 om-

870 2972 1005 3041 quia
1045 2972 1409 3042 omnipotens
1456 2975 1603 3026 Deus
1652 2974 1791 3027 nihil
1826 2991 1893 3028 ex
1936 3004 1975 3057 ρ

2014 498 2243 553 dicens:
2280 520 2308 548 ‹
2341 501 2403 553 Et
2452 500 2628 554 scient
2675 501 2869 553 omnia
2908 502 3065 571 ligna
3111 504 3380 571 regionis,
3416 506 3549 575 quia
3600 522 3706 575 ego

2016 588 2292 641 Dominus
2360 588 2658 641 humiliavi
2732 590 2951 657 lignum
3026 591 3289 655 sublime,
3347 597 3402 644 et
3467 592 3707 645 exaltavi

2013 676 2233 745 lignum
2270 676 2523 729 humile:
2560 683 2614 729 et
2652 678 2851 730 siccavi
2898 679 3117 747 lignum
3148 680 3327 731 viride
3360 685 3414 731 et
3444 680 3706 733 frondere

2011 764 2113 816 feci
2174 765 2395 831 lignum
2466 765 2718 830 aridum;
2781 786 2808 815 ι)
2868 772 2924 819 et
2976 768 3247 820 continuo
3316 770 3702 835 subjungens:

2017 873 2039 900 ι
2086 854 2199 919 Ego
2232 853 2505 906 Dominus
2528 854 2749 906 locutus
2773 872 2895 906 sum
2919 861 2973 906 et
3002 856 3109 908 feri
3142 858 3348 921 (Ezech.
3377 874 3505 917 xvii,
3536 858 3643 921 24).
3674 877 3701 907 ι)

2012 940 2069 992 Id
2090 947 2172 992 est
2201 941 2353 1009 quod
2380 956 2532 994 nunc
2552 957 2675 992 sum
2702 958 2803 1010 per
2834 944 3171 1012 prophetam
3202 944 3442 1007 locutus,
3477 949 3531 996 et
3553 945 3703 1013 quod

2009 1029 2163 1097 apud
2199 1029 2459 1081 homines
2490 1029 2675 1081 adhuc
2712 1046 2834 1081 sum
2862 1032 3132 1097 facturus,
3168 1032 3225 1084 in
3250 1036 3457 1085 a:terna
3484 1034 3700 1102 prinde-

2010 1115 2313 1168 stinatione
2341 1116 2459 1184 jam
2503 1116 2641 1171 feci:
2678 1116 2937 1181 videlicet
2981 1123 3289 1187 utrumque
3340 1120 3410 1186 (id
3444 1126 3543 1179 est)
3599 1119 3702 1171 mi-

2010 1204 2397 1267 sericordiam,
2442 1208 2497 1256 et
2539 1204 2820 1272 judicium
2855 1220 3057 1271 suum;
3112 1212 3167 1258 et
3210 1206 3355 1257 sicut
3399 1207 3704 1274 Apostolus

2011 1292 2166 1357 dicit,
2206 1315 2227 1339 α
2281 1293 2596 1346 bonitatem
2647 1299 2701 1345 et
2732 1294 3091 1347 severitatem
3125 1313 3152 1345 ι)
3188 1310 3347 1346 suam
3389 1294 3448 1345 in
3494 1295 3701 1347 utrius-

2008 1397 2120 1451 que
2152 1382 2349 1450 populi
2383 1383 2468 1434 vel
2502 1382 2841 1449 dejectione,
2875 1384 2957 1435 vel
2993 1383 3336 1435 exaltatione
3359 1384 3704 1436 azternaliter

2008 1471 2414 1540 praedestinata
2445 1472 2765 1532 ostendens,
2798 1472 2958 1524 illum
2984 1472 3138 1541 justo
3160 1472 3379 1540 judicio
3415 1472 3701 1539 humiliat,

2011 1564 2065 1611 et
2114 1559 2379 1611 arefacit:
2443 1559 2596 1611 hunc
2646 1566 2836 1611 autem
2894 1560 3142 1627 gratuita
3201 1558 3588 1611 misericordia
3643 1557 3701 1610 in

2009 1647 2217 1699 saecula
2247 1647 2455 1699 exaltat
2499 1654 2553 1699 et
2596 1648 2776 1698 virere
2826 1647 2975 1698 facit.
3022 1646 3173 1709 Quid
3204 1662 3340 1715 ergo
3386 1645 3702 1698 evidentius

2009 1739 2066 1786 et
2108 1733 2414 1786 dilucidius
2464 1732 2533 1785 de
2568 1733 2869 1802 utriusque
2900 1732 3095 1801 partis,
3126 1732 3183 1786 id
3218 1738 3299 1785 est
3342 1737 3459 1785 tam
3493 1733 3699 1785 electo-

2010 1838 2137 1875 rum
2181 1838 2355 1892 quam
2406 1822 2784 1891 reproborum
2818 1821 3316 1889 praadestinatione
3367 1823 3549 1891 quaeri
3598 1835 3700 1890 po-

2008 1912 2155 1964 test?
2210 1912 2348 1964 Cum
2412 1915 2468 1964 et
2519 1911 2691 1963 unius
2747 1927 2847 1980 per
2900 1910 3297 1963 inﬁdelitatem
3345 1909 3599 1973 ariditas,
3642 1912 3697 1961 et

2008 2000 2239 2052 alterius
2312 2016 2417 2068 per
2482 1999 2657 2053 ﬁdem
2725 1999 2983 2052 viriditas
3045 2005 3258 2052 aeterno
3322 1998 3418 2051 Dei
3472 1997 3695 2067 judicio

2008 2088 2067 2139 in
2132 2094 2348 2140 aeterna
2409 2087 2533 2155 ejus
2598 2088 3100 2157 praedestinatione
3168 2087 3488 2139 declaratur
3548 2100 3695 2154 pra;-

2007 2176 2303 2229 destinata.
2381 2176 2511 2229 Tale
2571 2182 2659 2229 est
2730 2182 2786 2229 et
2842 2176 2983 2229 illud
3033 2175 3183 2245 apud
3247 2175 3512 2227 eumdem
3572 2174 3699 2226 Eze-

2006 2264 2149 2317 chiel
2184 2264 2521 2334 prophetam
2553 2269 2828 2334 quantum
2863 2265 2929 2317 ad
2964 2269 3180 2334 partem
3216 2264 3462 2333 pertinet
3494 2277 3698 2331 repro-

2005 2352 2230 2419 borum,
2283 2352 2380 2405 ubi
2423 2353 2682 2405 omnium
2718 2352 3027 2421 impiarum
3058 2353 3337 2422 gentium,
3386 2357 3441 2404 et
3481 2351 3695 2419 populo

2007 2441 2105 2493 Dei
2154 2441 2540 2507 inimicarum,
2591 2442 2645 2495 id
2694 2447 2777 2493 est
2814 2458 3190 2510 paganorum,
3238 2440 3591 2499 Judaaorum,
3644 2443 3699 2492 et

2004 2529 2430 2591 haereticorum,
2473 2534 2527 2582 et
2582 2530 2825 2582 maxime
2872 2529 3219 2589 Antichristi,
3276 2532 3331 2581 et
3363 2542 3565 2581 eorum
3595 2526 3697 2595 qui

2005 2634 2135 2670 cum
2185 2618 2283 2670 illo
2318 2616 2618 2670 Ecclesiam
2657 2618 2757 2671 Dei
2800 2618 3153 2688 persecuturi
3182 2621 3316 2669 sunt
3360 2616 3464 2668 sub
3512 2616 3699 2684 ﬁgura

2006 2707 2125 2775 Gog
2170 2710 2225 2757 et
2275 2705 2477 2775 Magog
2529 2711 2777 2758 internus
2826 2706 3246 2776 praenuntiatur
3293 2704 3594 2757 interitus:
3643 2707 3697 2755 et

2006 2796 2197 2846 statim
2228 2794 2508 2863 propheta
2556 2794 2868 2863 subjungit,
2916 2794 3139 2847 dicens:
3177 2813 3203 2843 α
3252 2794 3385 2846 Ecce
3432 2791 3608 2858 venit,
3640 2795 3697 2843 et

2002 2881 2216 2935 factum
2247 2888 2351 2945 est,
2396 2881 2475 2933 ait
2523 2882 2799 2934 Dominus
2850 2882 2994 2934 Deus
3044 2882 3270 2945 (Ezech.
3321 2896 3500 2944 χχχιχ,
3552 2880 3628 2945 8).
3670 2899 3687 2924 ι

2004 2971 2061 3022 id
2093 2976 2177 3022 est
2202 2970 2354 3038 quod
2401 2970 2554 3038 apud
2602 2970 2865 3022 homines
2908 2975 3020 3021 tam
3056 2971 3227 3037 longo
3259 2974 3389 3036 post
3434 2973 3692 3036 tempore

2002 3062 2086 3109 est
2114 3061 2441 3123 venturum,
2499 3060 2556 3109 et
2603 3056 2751 3125 quod
2786 3063 2900 3108 tam
2934 3057 3103 3125 longo
3153 3061 3279 3125 post
3309 3062 3568 3124 tempore
3609 3059 3694 3106 est

2000 3147 2282 3214 futurum,
2325 3148 2475 3215 apud
2529 3163 2616 3200 me
2664 3146 2725 3198 in
2757 3152 2973 3198 aeterna
3018 3144 3542 3215 praidestinatione,
3578 3158 3692 3195 non

1998 3237 2183 3289 adhuc
2214 3242 2516 3289 venturum
2548 3240 2651 3299 est,
2684 3235 2779 3287 sed
2806 3235 2928 3303 jam
2970 3234 3145 3298 venit,
3190 3249 3295 3286 nec
3325 3233 3510 3285 adhuc
3543 3232 3692 3285 futu-

1998 3340 2124 3377 rum
2171 3330 2274 3389 est,
2324 3326 2422 3378 sed
2464 3327 2584 3394 jam
2627 3325 2839 3377 factum
2874 3328 2973 3389 est,
3027 3323 3134 3376 hoc
3182 3328 3239 3375 et
3287 3321 3585 3375 Psalmista
3629 3320 3691 3373 in

1997 3418 2300 3480 utramque
2332 3418 2551 3483 partem
2594 3418 2649 3466 et
2678 3414 2990 3466 electorum
3022 3411 3286 3465 videlicet
3317 3415 3372 3463 et
3414 3410 3688 3479 reprobo-

1996 3518 2145 3567 rum,
2178 3502 2235 3554 id
2266 3508 2349 3555 est
2378 3506 2592 3555 interno
2626 3503 2723 3555 Dei
2750 3502 2988 3571 judicio,
3017 3505 3073 3553 et
3102 3500 3231 3554 illos
3264 3499 3686 3565 misericordiae,

1996 3594 2054 3642 et
2085 3590 2220 3642 istos
2248 3590 2554 3659 perditioni
2586 3590 3021 3660 praedestinatos
3042 3589 3368 3654 ostendens,
3402 3587 3688 3655 distincte,

1995 3683 2050 3730 et
2078 3678 2375 3731 manifeste
2425 3679 2493 3731 de
2545 3680 2736 3731 electis
2769 3678 2945 3731 dicit:
2993 3699 3014 3723 ι
3072 3677 3453 3731 Misericordia
3496 3682 3689 3730 autem

1996 3767 2225 3819 Domini
2253 3766 2321 3818 ab
2352 3771 2584 3830 interno,
2609 3772 2663 3819 et
2686 3782 2866 3836 usque
2889 3767 2945 3818 in
2966 3771 3243 3818 aeternum
3279 3782 3451 3835 super
3480 3766 3689 3818 timen-

1992 3860 2078 3907 tes
2108 3870 2239 3906 eum
2274 3856 2442 3921 (Psal.
2485 3871 2579 3921 cu,
2628 3856 2744 3921 l7);
2780 3874 2806 3903 ι)
2860 3855 2927 3907 de
2963 3852 3221 3922 reprobis
3248 3869 3418 3906 vero:
3471 3872 3498 3902 ‹‹
3530 3853 3687 3916 Quo-

1994 3943 2149 3996 niam
2192 3943 2292 4012 qui
2319 3944 2591 4011 elongant
2620 3959 2697 4007 se,
2732 3943 3028 4012 iniquitate
3060 3942 3357 4010 peribunt;
3391 3940 3691 4010 perdidisti

1993 4049 2214 4101 omnes,
2267 4036 2365 4101 qui
2398 4032 2756 4085 fornicantur
2784 4032 2884 4084 abs
2933 4036 2989 4084 te
3040 4033 3221 4101 (Psal.
3273 4047 3440 4098 Lxxu,
3491 4031 3603 4087 27).
3657 4052 3684 4077 ››

1994 4122 2051 4173 1d
2089 4126 2172 4174 est
2205 4143 2227 4169 ι
2264 4121 2362 4191 qui
2394 4122 2663 4190 elongant
2706 4138 2762 4174 se
2810 4121 2909 4173 abs
2934 4126 3015 4189 te,
3054 4142 3075 4169 ι
3119 4127 3401 4191 quantum
3430 4122 3501 4174 ad
3532 4120 3687 4189 ipsos

1993 4210 2262 4277 pertinet,
2296 4210 2479 4263 adhuc
2510 4226 2612 4262 suo
2651 4215 2926 4279 tempore,
2963 4210 3221 4263 videlicet
3251 4214 3505 4263 extremo
3531 4207 3687 4277 judi-

183 4294 284 4348 nia
318 4299 629 4363 antequam
665 4295 805 4346 fiant
840 4295 999 4363 (Dan.
1045 4313 1161 4359 xui,
1217 4296 1323 4363 42).
1374 4318 1394 4343 ι
1448 4298 1513 4349 Et
1543 4296 1663 4365 ipse
1696 4298 1879 4350 omni-
1924 4301 1966 4352 D
1997 4298 2081 4349 cio
2122 4298 2413 4365 peribunt.
2462 4298 2748 4361 Quantum
2782 4302 2973 4351 autem
3006 4299 3075 4352 ad
3125 4298 3689 4367 praedestinationem

182 4386 394 4451 potens
421 4381 569 4434 Deus
600 4397 730 4433 cum
763 4382 830 4434 de
863 4398 919 4433 se
949 4382 1074 4450 ipso
1116 4388 1356 4435 testatur
1399 4388 1455 4434 et
1483 4383 1651 4435 dicit:
1689 4404 1715 4431 «
1768 4385 1882 4453 Ego

179 4468 341 4522 enim
378 4468 673 4533 Dominus,
709 4475 765 4521 et
793 4485 908 4521 non
939 4476 1131 4522 mutor
1168 4472 1315 4538 (Μαι.
1360 4488 1439 4537 ιιι,
1475 4474 1551 4537 6).
1587 4494 1605 4515 ιι
1649 4473 1712 4524 Et
1742 4471 1886 4523 hanc

178 4555 710 4627 prazdestinationis
740 4573 854 4609 suae
887 4558 1268 4610 aeternitatem
1303 4560 1472 4611 etiam
1498 4559 1610 4611 alio
1644 4560 1765 4611 loco
1784 4576 1887 4628 per

179 4645 533 4715 prophetam
566 4646 835 4709 ostendit,
870 4645 1100 4699 dicens:
1142 4665 1168 4695 «
1206 4648 1322 4717 Ego
1356 4648 1632 4701 Dominus
1666 4650 1885 4700 locutus

182 4746 337 4796 sum,
371 4736 429 4783 et
460 4730 565 4783 feci
595 4732 804 4800 (Ezech.
838 4748 969 4797 xvu,
1004 4732 1117 4799 24),
1154 4753 1179 4783 »
1216 4734 1270 4787 id
1306 4739 1391 4787 est
1421 4734 1574 4804 quod
1610 4751 1759 4787 nunc
1787 4750 1887 4803 per

182 4820 529 4889 prophetam
582 4841 607 4867 ς(
662 4821 883 4873 locutus
916 4837 1066 4881 sum,
1099 4844 1125 4868 ››
1178 4822 1346 4892 longe
1382 4828 1576 4892 postea
1606 4840 1708 4875 suo
1742 4828 1885 4877 tem-

186 4923 326 4975 pore
352 4907 639 4960 facturum
668 4908 727 4960 in
755 4924 846 4961 me
873 4910 1391 4977 praedestinationis
1422 4912 1741 4963 aeternitate
1763 4913 1885 4979 jam

188 5020 207 5039 ‹
246 4994 380 5060 feci,
427 5018 455 5043 ››
511 5013 615 5049 nec
645 4997 796 5066 apud
829 5013 919 5051 me
968 4998 1152 5051 adhuc
1199 5005 1560 5069 exspectatur
1605 5000 1881 5063 futurum,

181 5083 342 5153 quod
384 5083 443 5136 in
479 5100 603 5137 mea
642 5084 926 5139 immobili
959 5086 1332 5155 dispositione
1365 5094 1590 5141 constat
1617 5105 1735 5141 esse
1760 5089 1882 5158 jam

179 5172 419 5225 factum.
460 5173 528 5225 Ut
556 5177 747 5226 autem
794 5174 901 5227 hoc
933 5175 1302 5245 omnipotens
1336 5178 1482 5229 Deus
1514 5176 1748 5241 diceret,
1783 5194 1887 5247 per

180 5260 530 5329 prophetam
564 5262 920 5330 praemiserat
969 5281 1137 5333 supra
1174 5265 1606 5318 similitudinem
1640 5267 1883 5319 duarum

180 5347 480 5412 arborum,
511 5348 569 5401 in
599 5349 784 5420 ﬁgura
803 5351 1016 5405 scilicet
1042 5352 1285 5405 duorum
1320 5354 1685 5423 populorum,
1720 5354 1774 5407 id
1803 5360 1888 5408 est

181 5436 515 5489 Iudaeorum
567 5444 621 5490 et
666 5439 960 5508 gentium:
1014 5457 1259 5510 quarum
1309 5457 1480 5493 unam
1528 5458 1585 5493 se
1633 5442 1770 5495 dicit
1819 5460 1883 5496 ex

186 5524 422 5577 sublimi
470 5525 798 5582 humiliasse
829 5533 885 5581 et
930 5545 998 5584 ex
1046 5530 1219 5585 viridi
1245 5530 1499 5595 siccasse,
1531 5530 1771 5587 alteram
1817 5547 1882 5587 ex

1994 4386 2193 4438 aeterni
2228 4386 2432 4454 judicii
2476 4389 2581 4453 tui,
2614 4392 2675 4440 tu
2728 4404 2822 4440 eos
2856 4389 2975 4456 jam
3007 4388 3319 4456 perdidisti.
3369 4387 3527 4440 Hanc
3575 4386 3688 4439 im-

1996 4473 2371 4525 mobilitatem
2418 4475 2643 4527 consilii
2676 4482 2732 4527 et
2773 4476 2974 4545 judicii
3005 4476 3185 4529 divini
3216 4476 3377 4529 docet
3407 4492 3509 4528 nos
3538 4476 3690 4543 Apo-

1994 4561 2172 4613 stolus
2206 4561 2547 4629 intelligere,
2597 4562 2690 4615 ubi
2715 4564 3109 4631 juramentum
3153 4564 3251 4617 Dei
3282 4562 3683 4633 interponitur.

1994 4649 2149 4703 Sicut
2182 4649 2321 4701 illud
2374 4655 2456 4702 est
2494 4650 2649 4720 quod
2690 4651 2760 4703 de
2810 4652 3137 4705 haeredibus
3167 4652 3297 4705 tidei
3344 4652 3579 4705 Abrahae
3618 4650 3689 4703 ad

1994 4737 2185 4808 ipsum
2251 4737 2539 4791 Abraham
2604 4738 2827 4807 jurasse
2902 4757 3033 4792 eum
3105 4741 3390 4811 explanat,
3463 4739 3684 4792 dicens:

2000 4848 2021 4873 ι
2066 4826 2311 4881 Αιιι-ειὶιω
2347 4842 2595 4895 namque
2622 4828 2963 4896 promittens
2997 4830 3161 4893 Deus,
3202 4828 3471 4897 quoniam
3504 4826 3685 4879 nemi-

1995 4929 2125 4966 nem
2179 4914 2400 4978 habuit,
2455 4930 2557 4983 per
2622 4931 2793 4984 quem
2848 4917 3071 4983 juraret
3123 4918 3419 4985 majorem,
3474 4914 3689 4984 juravit

1993 5018 2099 5071 per
2157 5002 2549 5072 semetipsum,
2602 5003 2832 5056 dicens:
2889 5005 3007 5057 Nisi
3062 5004 3403 5058 benedicens
3450 5002 3685 5057 benedi-

1995 5106 2118 5143 cam
2150 5091 2255 5143 tibi
2300 5096 2355 5143 et
2389 5092 2777 5161 multiplicans
2822 5093 3216 5161 multiplicabo
3268 5094 3360 5145 te?
3392 5092 3574 5159 (Hebr.
3610 5108 3684 5155 vi,

1999 5181 2083 5243 l3,
2138 5180 2227 5247 14;
2282 5180 2410 5234 Gen.
2461 5196 2589 5247 χχιι,
2644 5182 2872 5251 16,17.)
2924 5202 2950 5227 ››
3003 5182 3071 5234 Et
3121 5182 3290 5251 paulo
3343 5186 3498 5251 post:
3553 5202 3575 5228 ι
3623 5181 3688 5234 In

1995 5284 2108 5338 quo
2164 5270 2571 5336 abundantius,
2634 5271 2843 5340 inquit,
2907 5271 3101 5323 volens
3172 5272 3318 5324 Deus
3386 5270 3685 5324 ostendere

1993 5356 2424 5426 pollicitationis
2517 5359 2839 5413 haeredibus
2916 5359 3377 5413 immobilitatem
3466 5359 3686 5413 consilii

1993 5445 2081 5498 sui
2139 5445 2482 5517 interposuit
2518 5448 2921 5517 jusjurandum
2976 5455 3034 5500 ut
3085 5464 3187 5517 per
3232 5448 3372 5500 duas
3422 5464 3533 5512 res,
3557 5448 3683 5519 qui.

1992 5533 2098 5588 bus
2128 5534 2485 5606 impossibile
2516 5540 2603 5590 est
2646 5536 2878 5594 mentiri
2913 5538 3112 5603 Deum,
3143 5536 3513 5593 fortissimum
3548 5537 3688 5597 solas
