4108 6190
428 271 519 321 991
1557 264 1610 317 S.
1657 263 1927 319 HEMIGII
1972 264 2439 320 LUGDUNENSIS
2482 263 2785 319 EPISCOPI
3810 269 3904 319 992

426 403 572 457 tium
617 403 947 466 habeamus,
980 401 1080 470 qui
1116 398 1481 469 confugimus
1527 399 1595 453 ad
1629 399 1934 453 tenendam
1978 416 2109 470 pro-
2151 399 2307 454 Asui
2364 399 2622 469 pwnitet,
2649 399 2808 468 cujus
2855 402 2941 453 est
2987 399 3254 453 omnibus
3308 399 3545 453 omnino
3599 400 3762 453 rebus
3798 406 3907 454 tam

428 491 672 560 positam
702 489 866 543 nobis
911 503 1072 556 spem
1104 487 1284 556 (Hebr.
1317 503 1390 553 γι,
1441 491 1519 552 17,
1562 488 1668 556 l8).
1714 507 1740 538 »
1785 487 1940 541 Sicut
1981 504 2118 558 ergo

428 579 487 633 in
518 584 676 648 parte
705 577 1035 641 electorum,
1071 575 1170 645 qui
1205 580 1338 628 sunt
1371 575 1576 629 divinae
1609 576 2032 644 pollicitationis
2065 581 2121 630 et

429 664 822 736 promissionis
865 664 1144 730 haeredes,
1185 680 1288 733 per
1313 663 1719 733 jusjurandum
1761 666 1939 718 voluit
1973 668 2120 720 Deus
2160 658 2163 661 ’

427 753 721 807 ostendere
771 753 1238 806 immobilitatem
1285 753 1508 805 consilii
1543 754 1650 814 sui,
1688 754 1742 806 id
1801 760 1884 806 est
1915 755 2121 807 immu-

425 842 657 895 tabilem
691 841 1128 910 dispositionem
1161 847 1391 894 aeterna:
1441 842 1960 910 praedestinationis
2000 861 2118 896 suae

421 930 580 1000 juxta
601 932 1020 1000 expositionem
1055 930 1331 1000 Apostoli,
1365 931 1442 983 ita
1471 937 1528 983 et
1565 931 1620 983 in
1657 937 1815 1000 parte
1845 932 2121 1002 reprobo-

425 1035 574 1084 rum,
609 1019 710 1073 nbi
741 1019 1128 1089 interponitur
1174 1019 1580 1089 jusjurandum
1616 1020 1735 1084 Dei,
1771 1021 1911 1074 nihil
1962 1021 2117 1075 aliud

425 1109 747 1162 ostenditur
821 1108 932 1161 nisi
1007 1108 1382 1161 immobilitas
1445 1095 1616 1178 atque
1680 1108 2120 1164 immutabilitas

425 1198 626 1250 aeterni
667 1197 892 1250 consilii
942 1202 998 1249 et
1037 1198 1553 1266 przedestinationis
1599 1199 1722 1267 ejus
1770 1200 1829 1251 in
1879 1200 2116 1252 damna-

423 1284 584 1338 tione
634 1290 688 1338 et
731 1285 1048 1354 perditione
1097 1285 1374 1354 ipsorum,
1425 1287 1674 1340 ostendit
1725 1303 1972 1357 namque
2024 1304 2117 1340 eos

425 1373 792 1443 omnipotens
827 1374 971 1426 Deus
1005 1374 1296 1442 reprobos,
1345 1391 1470 1426 cum
1515 1375 1582 1428 de
1614 1375 1694 1427 eis
1736 1375 1906 1428 dicit:
1944 1394 1970 1425 «
2004 1377 2116 1445 lpsi

424 1477 557 1513 vero
608 1477 722 1514 non
774 1467 1165 1530 cognoverunt
1218 1462 1328 1514 vias
1365 1479 1517 1515 meas
1550 1465 1718 1531 (Psal.
1765 1480 1906 1530 xeiv,
1952 1467 2054 1529 lt),
2086 1484 2112 1514 ››

425 1549 673 1602 ostendit
703 1565 799 1602 eos
835 1550 1116 1602 immobili
1149 1550 1387 1602 consilio
1420 1567 1544 1608 suo.
1575 1550 1629 1602 id
1659 1556 1742 1602 est
1767 1551 2116 1604 immutabili

423 1637 919 1708 praadestinatione
954 1639 1158 1708 judicii
1203 1639 1290 1691 sui
1350 1644 1580 1692 aeternae
1633 1640 2009 1705 damnationi,
2062 1647 2117 1693 et

422 1725 734 1795 perditioni
766 1742 886 1778 esse
917 1727 1352 1795 prmordinatos,
1389 1744 1516 1780 cum
1553 1730 1746 1780 statim
1777 1729 2114 1798 subjungit:

425 1831 452 1863 (ι
494 1813 709 1876 Quibus
733 1813 924 1882 juravi
955 1815 1014 1867 in
1050 1815 1130 1866 ira
1162 1831 1306 1882 mea,
1337 1816 1381 1867 si
1410 1816 1735 1869 introibunt
1766 1818 1824 1868 in
1857 1817 2116 1886 requiem

422 1917 610 1954 meam
663 1903 821 1969 (Ibid.
877 1902 981 1970 ll).
1036 1923 1060 1951 ι)
1095 1904 1250 1966 Quod
1299 1905 1344 1955 si
1373 1905 1501 1972 quis
1535 1910 1696 1974 putat
1728 1905 1795 1957 de
1848 1906 1961 1958 illis
1990 1912 2115 1958 lan-

423 1992 724 2044 tummodo
771 1991 1052 2061 reprobis,
1097 1993 1195 2060 qui
1235 1993 1419 2045 educti
1453 2010 1517 2045 ex
1562 1996 1802 2062 .-Egypto
1833 2010 1935 2062 per
1966 1995 2114 2063 Moy-

423 2095 544 2145 sen,
598 2083 654 2132 et
709 2096 808 2148 per
863 2080 1239 2149 quadraginta
1285 2097 1462 2134 annos
1483 2081 1569 2160 ‘in
1621 2083 1846 2135 deserto
1891 2099 2118 2152 semper

422 2176 448 2201 ιι
472 2166 714 2220 rebelles
761 2173 817 2220 et
847 2167 1129 2220 increduli
1161 2169 1517 2236 exstiterunt,
1551 2186 1795 2240 quorum
1827 2170 1998 2223 etiam
2032 2188 2118 2224 ca-

421 2254 629 2308 davera
661 2254 722 2307 in
767 2255 965 2308 eodem
1012 2255 1235 2308 deserto
1282 2263 1563 2326 prostrata
1595 2263 1745 2323 sunt,
1794 2275 1914 2311 esse
1946 2259 2113 2312 intel-

421 2342 748 2412 ligendum;
784 2347 839 2396 et
876 2360 987 2396 non
1030 2347 1218 2412 politis
1249 2346 1305 2398 in
1353 2362 1553 2399 eorum
1601 2347 1833 2415 speciali
1877 2348 2114 2401 damna-

421 2428 665 2482 tioneet
696 2431 1020 2497 perditione
1067 2433 1326 2486 omnium
1361 2437 1706 2502 generaliter
1732 2437 2112 2506 reproborum

420 2517 720 2570 interitum
771 2519 1111 2588 figuratum;
1159 2521 1292 2574 audi
1328 2524 1665 2589 Apostolum
1701 2525 2032 2577 terribiliter
2062 2530 2117 2578 et

423 2604 700 2658 veraciter
747 2607 1070 2660 dicentem:
1109 2628 1134 2658 (ι
1186 2609 1392 2662 Omnia
1431 2615 1621 2664 autem
1668 2611 1788 2664 haec
1839 2612 1895 2665 in
1930 2613 2116 2680 ligura

422 2693 833 2763 contingebant
861 2696 1003 2749 illis:
1059 2697 1269 2765 scripta
1298 2703 1430 2750 sunt
1477 2706 1666 2752 autem
1694 2701 1765 2752 ad
1797 2703 2114 2769 correptio-

421 2798 555 2835 nem
588 2789 861 2840 nostram.
918 2785 975 2837 in
1010 2801 1150 2854 quos
1198 2787 1338 2838 lines
1371 2788 1712 2841 Sthttht‘llm
1761 2789 2117 2844 devenerunt

422 2872 477 2936 (I
508 2872 636 2925 Cor.
681 2888 735 2936 x,
776 2875 882 2938 ll).
940 2896 958 2920 ι
1014 2876 1077 2927 Et
1116 2875 1226 2927 alio
1264 2877 1422 2928 loco:
1471 2895 1500 2928 (ι
1554 2878 1909 2932 Festinemus
1953 2895 2110 2949 ergo,

2231 489 2342 542 lixa
2372 487 2678 556 sententia,
2713 504 2884 556 quam
2936 493 3089 542 certa
3130 489 3508 558 praescientia.
3540 489 3556 558 ]
3610 490 3907 558 Utrumque

2230 593 2366 648 ergo
2417 577 2566 647 apud
2609 577 2773 630 illum
2831 582 3133 643 aeternum,
3197 583 3504 648 utrumque
3567 578 3908 632 immutabile

2231 672 2333 732 est,
2367 683 2496 719 cum
2532 667 2599 719 de
2633 665 2900 719 omnibus
2930 666 3164 719 omnino
3197 666 3381 732 rebus,
3413 674 3526 719 tam
3555 666 3717 719 bonis
3747 683 3907 736 quam

2229 755 2416 823 malis,
2471 771 2600 824 quae
2648 754 2796 807 ﬁunt
2839 755 2896 806 in
2950 755 3165 808 mundo
3215 755 3560 808 azternaliler
3591 763 3721 808 ante
3755 771 3907 808 mun-

2231 844 2391 907 dum,
2437 849 2493 896 et
2541 843 2950 914 praznoscendo
2982 849 3134 896 certa
3165 850 3250 896 est
3287 844 3411 912 ejus
3442 844 3821 913 prmscientia,
3860 849 3908 896 et

2222 932 2536 1002 judicando
2581 934 2694 986 lixa
2737 932 3039 985 sententia.
3079 933 3230 985 Hanc
3268 933 3731 985 immobilitatem
3766 948 3904 1001 pra-

2230 1020 2481 1073 scientiai
2529 1025 2585 1072 et
2615 1019 3136 1090 praedestinationis
3170 1019 3265 1072 Dei
3315 1024 3445 1073 ante
3495 1026 3758 1089 tempora
3791 1035 3902 1072 ma-

2228 1113 2483 1171 nentem,
2545 1112 2602 1161 et
2659 1108 2853 1162 omnia
2911 1109 3244 1178 temporalia
3307 1109 3692 1171 ordinantein,
3744 1109 3903 1160 etiam

2227 1198 2392 1251 beata
2430 1198 2642 1263 Judith,
2694 1197 2988 1250 victoriam
3040 1198 3107 1250 de
3148 1197 3389 1267 Assyriis
3424 1197 3668 1250 inimicis
3721 1196 3905 1266 populi

2229 1286 2328 1340 Dei
2361 1287 2673 1356 postulans,
2708 1285 3047 1338 mirabiliter
3078 1292 3132 1338 et
3166 1285 3417 1340 breviter
3447 1286 3501 1338 in
3527 1286 3785 1337 oratione
3816 1301 3906 1336 sua

2230 1377 2343 1428 Deo
2374 1375 2694 1438 conﬁtetur,
2743 1375 2972 1427 dicens:
3021 1395 3047 1421 «
3081 1376 3156 1428 Tu
3205 1375 3360 1427 enim
3408 1373 3586 1426 fecisti
3618 1374 3826 1443 priora,
3857 1379 3904 1426 et

2227 1463 2326 1516 illa
2357 1470 2486 1532 post
2513 1462 2612 1515 illa
2657 1462 2929 1530 cogitasti,
2979 1467 3036 1516 et
3081 1463 3188 1515 hoc
3224 1465 3432 1515 factum
3477 1467 3563 1514 est
3608 1464 3760 1531 quod
3795 1461 3902 1529 ipse

2227 1553 2476 1616 voluisti,
2521 1557 2576 1605 et
2630 1557 2726 1604 tua
2762 1551 2977 1621 judicia
3020 1552 3076 1604 in
3129 1550 3487 1620 providentia
3535 1556 3631 1602 tua
3679 1550 3905 1618 posuisti

2160 1681 2196 1732 Β
2230 1642 2460 1711 (Judith.
2512 1658 2586 1706 ix,
2629 1642 2682 1706 4,
2725 1641 2800 1710 ὅ.)
2841 1663 2861 1687 ι
2910 1671 2970 1678 --
3027 1660 3053 1690 (ι
3111 1639 3330 1700 Fecisti,
3366 1638 3572 1709 inquit,
3616 1639 3828 1708 priora,
3858 1644 3906 1690 et

2229 1730 2325 1782 illa
2358 1736 2481 1799 post
2509 1730 2607 1782 illa
2653 1730 2946 1798 cogitasti;
2981 1750 3006 1777 ››
3046 1745 3162 1781 non
3203 1729 3354 1798 quod
3403 1729 3458 1780 in
3495 1729 3607 1780 Deo
3636 1726 3904 1780 volutabi-

2227 1818 2355 1871 litas
2403 1823 2459 1869 et
2489 1817 2729 1870 varietas
2773 1816 3169 1870 decedentium
3203 1823 3256 1868 et
3300 1815 3730 1868 succedentium
3770 1816 3905 1884 cogi-

2226 1907 2509 1959 tationum
2541 1905 2824 1959 credenda
2851 1906 2944 1971 sit,
2978 1905 3073 1958 sed
3105 1904 3240 1974 quia
3271 1904 3466 1957 omnia
3497 1920 3625 1974 qua
3653 1904 3718 1956 in
3751 1905 3908 1956 rebus

2226 1994 2427 2047 creatis
2485 1994 2818 2062 praecedunt
2888 2003 3058 2062 atque
3120 1993 3452 2056 succedunt,
3523 1994 3618 2045 ille
3692 2009 3806 2044 uno
3859 2000 3909 2045 et

2227 2088 2442 2134 aeterno
2484 2082 2695 2134 intuitu
2728 2081 3161 2133 immutabiliter
3191 2080 3389 2146 cernit,
3424 2079 3905 2149 incomprehensi-

2224 2169 2416 2222 biliter
2457 2168 2905 2237 comprehendit.
2963 2188 2985 2214 ιι
3042 2169 3106 2221 Et
3159 2174 3273 2231 tua,
3329 2168 3534 2238 inquit,
3583 2167 3807 2236 judicia
3852 2168 3904 2220 in

2226 2257 2586 2328 providentia
2634 2263 2727 2310 tua
2768 2256 3029 2326 posuisti,
3066 2276 3091 2305 ››
3143 2255 3199 2308 id
3239 2260 3341 2320 est,
3387 2255 3603 2324 judicia
3635 2261 3754 2318 tua,
3789 2271 3904 2323 quae

2226 2362 2454 2400 exerces
2498 2346 2557 2398 in
2590 2345 2825 2409 mundo,
2860 2345 2918 2397 in
2949 2344 3307 2414 providentia
3340 2350 3440 2396 tua
3470 2345 3716 2413 posuisti
3745 2343 3902 2396 etiam

2227 2441 2356 2487 ante
2409 2434 2725 2487 mundum:
2774 2438 2829 2486 et
2869 2432 3149 2502 quidquid
3194 2433 3586 2501 temporaliter
3640 2432 3766 2484 ﬁeri
3811 2447 3903 2482 vo-

2227 2523 2402 2587 luisti,
2427 2523 2732 2593 iiLaeterno
2761 2522 2998 2574 consilio
3027 2525 3125 2574 tuo
3155 2521 3612 2589 intemporaliter
3646 2519 3901 2572 statuisti.

2229 2612 2393 2665 Novit
2423 2612 2576 2664 enim
2617 2611 2979 2679 omnipotens
3014 2611 3160 2663 Deus
3199 2625 3391 2662 creare
3422 2625 3568 2661 nova
3600 2608 3727 2661 sine
3759 2607 3902 2660 novi-

2225 2705 2338 2752 tate
2369 2701 2562 2769 aliqua
2617 2699 2954 2751 voluntatis:
3011 2698 3171 2750 novit
3214 2704 3271 2751 et
3315 2697 3612 2766 quiescens
3665 2713 3830 2766 agere
3856 2700 3905 2748 et

2224 2805 2398 2857 agens
2437 2788 2749 2857 quiescere.
2791 2788 2979 2840 Potest
3018 2786 3084 2840 ad
3115 2803 3258 2856 opus
3291 2802 3500 2839 novum
3532 2802 3648 2838 non
3683 2801 3900 2846 novum,

2224 2879 2319 2930 sed
2349 2877 2763 2945 sempiternum
2794 2875 3065 2928 adhibere
3091 2875 3407 2928 consilium.
3447 2874 3509 2926 Et
3549 2874 3678 2926 ideo
3710 2887 3903 2926 cumse

420 2958 628 3030 inquit,
663 2961 886 3032 ingredi
931 2963 987 3014 in
1033 2963 1188 3017 illam
1241 2965 1518 3034 requiem,
1563 2971 1626 3020 ut
1665 2983 1734 3020 ne
1770 2968 1828 3020 in
1861 2969 2113 3037 idipsum
2156 2979 2194 3032 (1
2223 2966 2374 3019 aliud
2407 2971 2577 3034 atque
2608 2965 2760 3032 aliud
2793 2965 3069 3033 cogitasse
3101 2963 3258 3028 dicit,
3293 2979 3406 3016 non
3443 2963 3585 3032 ipse,
3631 2962 3784 3032 quod
3816 2960 3901 3012 ab-

419 3047 547 3118 quis
575 3049 788 3102 incidat
817 3051 1232 3104 incredulitatis
1259 3054 1578 3121 exemplum
1616 3054 1798 3123 (Hebr.
1836 3073 1904 3123 IV,
1945 3060 2053 3126 ll).
2085 3079 2111 3106 ››

493 3137 648 3192 Hanc
678 3139 974 3193 veritatem
1008 3145 1061 3192 et
1119 3142 1577 3196 immobilitatem
1631 3144 1839 3198 divinae
1889 3146 2112 3215 praade-

420 3224 763 3292 stinationis,
793 3227 852 3280 in
885 3244 998 3298 qua
1041 3229 1188 3282 Deus
1213 3229 1427 3298 judicia
1459 3246 1559 3284 sua
1589 3231 1783 3284 futura
1809 3232 1926 3300 jam
1958 3234 2111 3301 fecit,

420 3319 478 3367 et
537 3315 594 3368 Β.
661 3315 942 3384 prepheta
992 3317 1164 3370 Isaias
1217 3317 1558 3370 mirabiliter
1607 3321 1880 3386 ostendit;
1940 3327 1996 3374 et
2051 3324 2110 3376 Β.

419 3403 774 3472 Augustinus
828 3403 1102 3456 veraciter
1159 3410 1214 3457 et
1271 3404 1520 3458 breviter
1571 3407 1821 3476 exponit,
1879 3408 2108 3462 dicens:

429 3488 554 3559 [Qui
586 3490 740 3544 enim
771 3491 942 3543 certis
984 3497 1040 3544 et
1081 3492 1536 3547 immutabilibus
1585 3495 1767 3548 causis
1797 3497 1987 3549 omnia
2028 3498 2112 3550 fu-

421 3582 547 3630 tura
578 3578 1024 3646 praedestinavit,
1071 3580 1350 3651 quidquid
1381 3582 1633 3636 facturus
1673 3589 1758 3636 est
1787 3584 1934 3638 fecit.
1973 3586 2114 3639 Nam

422 3669 477 3717 et
507 3681 610 3733 per
649 3666 986 3736 prophetam
1034 3667 1249 3721 dictum
1299 3670 1368 3722 de
1419 3671 1518 3724 illo
1568 3677 1688 3725 est:
1745 3695 1762 3720 σ
1821 3673 1928 3737 Qui
1982 3675 2115 3727 fecit

422 3768 551 3822 quae
599 3753 792 3808 futura
831 3761 965 3808 sunt
989 3757 1116 3822 (Isa.
1157 3774 1276 3823 va,
1335 3762 1416 3823 ll,
1461 3774 1562 3814 sec.
1597 3762 1768 3829 LXX)
1802 3762 1838 3830 ].
1874 3784 1900 3810 »
1957 3763 2113 3816 Unde

421 3842 594 3895 etiam
629 3843 739 3897 alio
783 3844 903 3898 loco
931 3845 1083 3898 idem
1122 3847 1317 3900 doctor
1349 3848 1639 3901 verissime
1683 3849 1750 3902 de
1776 3849 1908 3917 ipso
1936 3850 2109 3904 dicit:

423 3929 445 4000 f
453 3931 649 4002 Neque
679 3932 834 3986 enim
866 3932 1010 3989 sicut
1057 3935 1368 3996 hominem,
1417 3938 1563 3990 Deus
1612 3939 1951 4008 cujusquam
1980 3938 2114 3992 facti

2225 3054 2314 3120 sit,
2369 3053 2750 3106 mutabilitate
2783 3053 2975 3122 aliqua
3005 3052 3273 3117 variatur,
3313 3050 3407 3104 sed
3440 3066 3575 3119 erga
3616 3049 3903 3103 mutabili-

2225 3147 2398 3196 tatem
2435 3148 2688 3196 nostram
2737 3141 2969 3194 diversis
3023 3141 3207 3194 modis
3259 3139 3638 3192 immutabilis
3696 3146 3753 3192 et
3803 3153 3902 3191 non

2227 3230 2449 3284 diverso
2497 3230 2737 3284 consilio
2786 3234 3072 3299 operatur.
3111 3229 3265 3282 Unde
3295 3235 3351 3281 et
3382 3228 3580 3281 beatus
3622 3227 3901 3296 apostolus

2223 3319 2463 3374 Jacobus
2496 3320 2565 3372 de
2599 3319 2698 3372 illo
2744 3319 2916 3372 dicit:
2975 3317 3196 3386 «Apud
3243 3333 3413 3385 quem
3457 3333 3571 3369 non
3602 3321 3691 3368 est
3736 3321 3903 3367 trans-

2225 3408 2488 3474 mutatio,
2517 3424 2617 3460 nec
2648 3405 3052 3460 vicissitudinis
3083 3405 3445 3459 obumbratio
3488 3407 3623 3473 (Jac.
3661 3421 3696 3470 ι,
3748 3407 3842 3469 l7).
3883 3424 3895 3444 ι

2227 3499 2291 3552 Et
2321 3498 2466 3551 liber
2513 3497 2932 3552 Ecclesiasticus
2960 3496 3023 3549 in
3052 3495 3174 3563 ejus
3204 3493 3468 3548 laudibus
3515 3493 3793 3563 loquitur,
3826 3492 3904 3544 di-

2224 3600 2393 3639 cens:
2443 3603 2467 3638 ι
2525 3585 2765 3639 Domino
2796 3584 2952 3638 enim
2981 3588 3290 3653 antequam
3331 3587 3690 3648 crearentur,
3724 3581 3903 3635 omnia

2223 3673 2456 3727 fuerunt
2503 3675 2719 3742 agnita.
2770 3673 3044 3727 Similiter
3085 3678 3140 3725 et
3170 3678 3299 3742 post
3328 3673 3644 3741 perfectum
3692 3670 3904 3740 respicit

2225 3762 2419 3815 omnia
2445 3763 2628 3831 (Eccli.
2681 3779 2830 3827 χχιιι,
2863 3764 2986 3831 29);
3020 3783 3046 3809 ››
3088 3767 3146 3816 et
3185 3762 3434 3815 iterum:
3475 3781 3502 3811 (ι
3550 3767 3594 3814 Α
3628 3761 3832 3813 saeculo
3857 3766 3904 3810 et

2227 3866 2404 3920 usque
2443 3851 2505 3903 in
2536 3851 2805 3904 saeculum
2841 3851 3090 3920 respicit,
3143 3855 3200 3903 et
3253 3850 3396 3904 nihil
3429 3855 3511 3903 est
3557 3849 3817 3903 mirabile
3855 3848 3900 3899 in

2223 3943 2530 4010 conspectu
2560 3939 2684 4009 ejus
2720 3937 2910 4007 (Eccli.
2944 3955 3127 4005 χχχιχ,
3159 3941 3273 4004 25).
3309 3958 3336 3989 ι)

1482 4085 1687 4140 NOTAE
1726 4087 2047 4142 DUVALLII
2089 4087 2428 4143 DOCTORlS
2468 4085 2856 4142 SORBONICI.

491 4213 516 4237 ⁸
553 4203 819 4280 Aflirmat
844 4221 1041 4280 omnes
1085 4211 1140 4280 et
1184 4207 1311 4259 illos
1350 4208 1636 4280 _lsraelitas
1680 4209 1781 4278 qui
1827 4209 2110 4263 increduli
2149 4211 2193 4264 D
2225 4226 2353 4280 quae
2386 4226 2503 4263 non
2545 4210 2626 4263 ita
2655 4225 2824 4278 grave
2853 4215 3150 4278 peccatum
3179 4215 3264 4262 est
3301 4213 3358 4262 et
3405 4224 3518 4278 qua
3557 4210 3616 4262 in
3649 4207 3902 4262 extremis

422 4279 478 4348 et
504 4275 744 4348 rebelles
777 4276 950 4348 Moysi
985 4276 1042 4348 in
1087 4277 1311 4329 deserto
1341 4278 1594 4343 fuerunt,
1642 4275 1979 4348 et'quorum
2021 4297 2110 4333 ca-

421 4344 623 4397 davera
655 4345 733 4398 ibi
776 4346 835 4398 in
871 4344 1185 4398 'vindictam
1239 4355 1515 4414 prostrata
1547 4355 1699 4413 sunt,
1743 4344 1800 4403 in
1833 4356 2113 4404 aeternum

423 4430 540 4490 esse
571 4415 890 4490 damnatos,
921 4423 975 4490 e_t
1009 4418 1073 4490 ad
1108 4419 1274 4485 hujus
1299 4419 1692 4490 probationem
1727 4423 1946 4490 profert
1971 4423 2111 4476 illud

421 4486 627 4608 psalmi
662 4501 820 4538 xeiv:
863 4509 882 4533 ι
936 4487 1152 4550 Quibus
1191 4489 1377 4558 juravi
1417 4490 1478 4542 in
1523 4491 1606 4543 ira
1650 4486 1796 4555 mea,
1831 4493 1876 4545 si
1908 4493 2110 4546 introi-

464 4560 564 4608 unt
591 4555 646 4608 in
678 4557 934 4608 reauiem
971 4574 1172 4608 meam.
1206 4581 1232 4607 »
1267 4559 1482 4608 Quibus
1514 4562 1698 4608 verbis
1741 4564 2110 4608 immobilita-

464 4560 564 4608 unt
591 4555 646 4608 in
678 4557 934 4626 requiem
971 4574 1172 4612 meam.
1194 4555 1232 4607 ’››
1267 4559 1482 4622 Quibus
1514 4562 1698 4615 verbis
1739 4564 2110 4616 immobilita-

419 4631 536 4678 tem
567 4627 744 4679 divini
774 4629 997 4680 consilii
1028 4629 1094 4681 de
1123 4629 1348 4683 illorum
1389 4635 1598 4685 a-terna
1633 4633 1999 4686 damnatione
2022 4635 2110 4686 in-

421 4697 749 4772 dubitanter
789 4699 1030 4772 exprimi
1063 4701 1279 4753 asserit.
1329 4701 1532 4756 Verum
1585 4702 1686 4755 hoc
1733 4705 1791 4756 in
1838 4705 2111 4772 opinione

422 4768 671 4842 positum
708 4775 814 4834 est,
845 4770 1105 4839 quinimo
1136 4773 1486 4825 contrarium
1517 4776 1698 4826 multo
1731 4780 1814 4826 est
1842 4768 2110 4842 probabi-

421 4837 552 4902 lius,
587 4848 720 4912 tum
748 4837 882 4910 quia
914 4857 1024 4892 non
1059 4847 1142 4893 8.“
1173 4843 1480 4895 verisimile
1518 4844 1800 4912 integram
1830 4837 2109 4898 Israelita-

419 4925 546 4961 rum
587 4910 646 4962 in
692 4910 916 4964 deserto
963 4918 1321 4964 mortuorum
1371 4910 1799 4968 multitudinem
1832 4916 2114 4968 fuissein-

419 4980 710 5052 credulam
740 4987 795 5034 et
825 4982 1122 5046 rebellem;
1171 4985 1431 5052 nunquid
1483 4985 1636 5038 enim
1688 4986 1908 5049 Levitaa,
1962 5003 2109 5039 nun-

420 5050 554 5125 quid
603 5053 856 5125 parvuli,
907 5053 1164 5125 nunquid
1225 5050 1440 5122 pariter
1490 5059 1675 5108 Aaron
1728 5058 1798 5108 ab
1856 5057 2108 5125 ejusdem

418 5121 817 5197 incredulitate
867 5121 1122 5197 excusari
1168 5121 1404 5197 possunt
1453 5131 1507 5177 et
1561 5127 1809 5180 debent?
1851 5121 2110 5197 quamvis

421 5192 867 5265 enimidicatur:
901 5213 926 5243 ‹‹
951 5195 1337 5263 Quadraginta
1369 5197 1534 5248 annis
1577 5192 1885 5265 proximus
1902 5199 1981 5250 fui
2014 5215 2106 5264 ge-

416 5263 698 5316 nerationi
744 5263 874 5316 huic
904 5287 928 5312 n
976 5281 1009 5316 a
1038 5265 1241 5333 majori
1282 5271 1471 5318 tamen
1504 5263 1663 5334 parte
1693 5269 1759 5320 tit
1798 5269 1893 5320 illa
1936 5263 2110 5321 totius

418 5334 849 5408 denominatio:
886 5340 1003 5386 tum
1038 5339 1173 5405 quia
1204 5339 1436 5408 requies
1473 5337 1570 5389 illa
1615 5339 1682 5390 de
1715 5355 1825 5407 qua
1857 5340 2112 5408 loquitur

417 5409 717 5475 propheta,
768 5406 834 5458 de
883 5412 1031 5457 terra
1074 5407 1472 5474 promissionis
1519 5406 1878 5475 intelligitur,
1931 5406 1990 5462 ut
2035 5411 2112 5461 ait

419 5474 602 5548 glossa
649 5476 708 5548 in
754 5477 901 5527 hunc
936 5479 1152 5529 locum:
1203 5483 1322 5529 tum
1359 5479 1489 5546 qui:
1529 5479 1656 5547 quis
1687 5480 1833 5531 dicet
1868 5474 1961 5530 eos
2011 5480 2108 5548 qui

419 5544 486 5592 ab
520 5545 647 5611 igne
682 5547 986 5600 devoranle
1031 5544 1690 5618 consumebantur,'prm
1737 5544 2106 5619 negligentia,

2221 4279 2478 4350 partibus
2529 4281 2919 4343 versabantur,
2954 4279 3128 4332 fuisse
3175 4285 3481 4350 propterea
3525 4281 3580 4332 in
3634 4289 3901 4333 aeternum

2222 4352 2537 4414 damnatos,
2572 4367 2768 4403 eorum
2806 4357 2998 4403 tamen
3029 4366 3268 4419 corpora
3295 4351 3354 4403 in
3382 4351 3606 4403 deserto
3635 4355 3902 4419 prostrata

2223 4430 2392 4474 sunt:
2447 4429 2568 4474 tum
2619 4423 2754 4490 quia
2804 4422 3051 4473 exclusio
3101 4439 3134 4474 a
3180 4428 3331 4474 terra
3371 4422 3789 4490 promissionis,
3840 4419 3897 4470 ad

2222 4509 2392 4562 quam
2447 4500 2603 4545 tanto
2653 4493 2858 4545 ardore
2897 4491 3279 4560 suspirabant,
3331 4508 3461 4544 cum
3513 4500 3696 4544 morte
3743 4505 3897 4560 quam

2221 4563 2332 4632 ipsi
2381 4565 2636 4616 tulerunt
2684 4562 2968 4615 sufﬁciens
3014 4563 3206 4614 delicti
3251 4564 3448 4615 eorum
3497 4564 3607 4615 fuit
3648 4562 3896 4631 expiatio,

2221 4650 2333 4687 non
2368 4633 2556 4686 minus
2589 4650 2761 4702 quam
2796 4649 2948 4685 mors
2981 4649 3252 4700 corporea
3281 4634 3515 4687 Ananiae
3547 4639 3605 4685 et
3637 4633 3895 4702 Saphirtr.

2223 4720 2288 4757 ex
2343 4701 2708 4774 Hieronymo,
2766 4705 3002 4770 epistola
3051 4705 3098 4763 8,
3140 4704 3206 4755 ad
3253 4704 3693 4756 Demetriadem.
3742 4705 3818 4756 Ad
3855 4701 3896 4752 id

2222 4781 2412 4827 autem
2445 4776 2594 4844 quod
2651 4777 2733 4826 ait
2771 4775 3016 4826 Ecclesia
3067 4775 3480 4840 Lugdunensis,
3515 4790 3714 4826 eorum
3753 4775 3896 4825 dam-

2220 4845 2514 4898 nationem
2544 4845 2784 4913 ﬁguram
2812 4845 2984 4897 fuisse
3017 4845 3402 4897 damnationis
3435 4845 3695 4896 omnium
3729 4857 3899 4910 repro-

2220 4915 2424 4968 boruni
2473 4918 2635 4984 juxta
2681 4916 3037 4983 Apostolum,
3101 4915 3306 4984 prioris
3355 4916 3426 4967 ad
3476 4915 3798 4968 Corinthios
3837 4926 3894 4963 x:

2223 5005 2250 5035 ί(
2292 4986 2493 5040 Omnia
2541 4987 2598 5038 in
2633 4985 2818 5055 figura
2851 4986 3257 5055 contingebant
3289 4985 3430 5049 illis;
3483 5008 3502 5032 ›
3543 4987 3898 5055 respondetur

2223 5058 2398 5108 solam
2451 5072 2706 5109 eoruma
2757 5061 2907 5108 terra
2955 5056 3233 5123 promissa
3279 5056 3660 5108 exclusionem
3696 5056 3897 5124 optime

2221 5143 2382 5196 posse
2417 5127 2560 5180 hanc
2611 5129 3037 5179 damnationem
3071 5129 3337 5196 ﬁgurare,
3371 5143 3500 5179 cum
3535 5128 3777 5195 tiguram
3819 5138 3895 5173 ve-

2221 5197 2386 5249 ritate
2419 5200 2639 5250 minore
2679 5213 2796 5248 esse
2822 5213 3049 5264 semper
3088 5201 3368 5265 oporteat.
3405 5197 3540 5260 Quze
3573 5205 3762 5248 tamen
3797 5208 3894 5246 non

2221 5267 2300 5319 sic
2332 5275 2464 5320 sunt
2499 5267 2892 5335 intelligenda,
2924 5274 2986 5320 ut
3026 5284 3222 5320 omnes
3256 5270 3383 5320 illos
3418 5268 3696 5320 lsraelitas
3727 5265 3795 5317 ab
3824 5265 3896 5315 in-

2221 5339 2356 5391 feris
2405 5340 2794 5390 vindicemus:
2847 5345 3066 5390 certum
3101 5344 3186 5390 est
3216 5338 3370 5390 enim
3403 5339 3566 5400 Core,
3609 5337 3822 5390 Dathan
3851 5336 3898 5383 et

2220 5409 2429 5461 Abiron
2479 5410 2633 5461 vivos
2676 5409 2744 5461 ad
2781 5409 2993 5461 inferos
3033 5409 3409 5468 descendisse,
3445 5408 3537 5461 sed
3586 5408 3894 5477 generalem

2223 5479 2398 5547 ipsius
2451 5479 2705 5532 Ecclesia!
2750 5479 3208 5548 propositionem
3241 5485 3461 5531 tantum
3496 5483 3779 5531 coarctare
3808 5490 3893 5524 vo-

2224 5551 2452 5603 luimus.
