4048 6170
189 279 283 324 sm
1429 271 1631 326 LIBER
1681 274 1768 326 DF.
1811 271 2057 327 TRIBUS
2099 269 2448 326 EPISTOLIS

839 403 1062 456 CAPUT
1104 403 1196 455 Ill.

726 543 974 582 REGULA
1021 542 1332 582 SECUNDA.

188 658 378 709 Omnia
416 661 626 708 mter-nae
666 656 1019 777 przslcifntiz
1057 658 1108 776 eg
1154 653 1488 706 ordinationi
1528 652 1644 721 ejus
1693 655 1874 706 immo-

836 727 856 775 i
882 728 982 777 iter
1010 739 1073 777 su
1112 729 1256 777 sunt.

836 727 982 777 itite‘r
1010 727 1256 777 subsunt.

249 849 502 903 Secunda
533 849 731 918 regula
763 847 970 900 divina!
1003 846 1374 916 praascientia!
1416 851 1472 900 et
1503 847 1872 916 praedestina-

185 939 349 992 tionis
384 943 467 990 est
504 953 516 990 :
556 959 575 985 σι
614 937 763 990 Nihil
815 936 1049 989 omnino
1090 951 1228 1002 esse,
1272 941 1370 988 aut
1411 936 1604 1001 fuisse,
1656 941 1754 989 aut
1793 937 1875 988 fu-

182 1030 368 1079 turum
402 1042 522 1078 esse
555 1040 718 1094 posse
750 1025 806 1076 in
842 1023 1110 1092 operibus
1146 1023 1262 1087 Dei,
1314 1039 1442 1093 quae
1479 1024 1594 1076 sive
1637 1024 1696 1076 in
1735 1040 1868 1076 con-

183 1113 396 1176 dendis,
429 1113 541 1165 sive
574 1113 627 1164 in
670 1111 958 1180 regendis,
1001 1111 1115 1163 sive
1163 1111 1221 1164 in
1267 1111 1735 1164 consummandis
1785 1112 1870 1164 vel

183 1201 442 1254 ﬁniendis
471 1201 742 1253 creaturis
774 1203 908 1270 agit,
943 1201 1094 1269 quod
1127 1215 1243 1252 non
1285 1199 1406 1269 ipse
1434 1199 1492 1251 in
1525 1217 1624 1252 suo
1655 1207 1870 1254 aeterno

183 1288 414 1341 consilio
445 1291 616 1357 atque
639 1287 859 1357 judicio
903 1291 958 1338 et
1001 1286 1275 1339 veraciter
1304 1287 1635 1355 praescierit,
1668 1293 1723 1340 et
1763 1287 1870 1340 im-

182 1376 466 1430 mobiliter
495 1375 980 1446 praeordinaverit.
1017 1378 1195 1445 Atque
1231 1375 1308 1427 ita
1339 1391 1510 1428 omne
1541 1376 1692 1444 quod
1727 1381 1870 1430 tem-

183 1465 370 1533 porale
412 1470 518 1529 est,
576 1464 1032 1534 it‘iteniporaliter
1079 1481 1182 1517 sua
1232 1465 1590 1534 prmscientia
1635 1470 1690 1518 et
1716 1483 1868 1535 prae-

183 1553 555 1606 destinatioue
584 1553 872 1622 praecedit.
911 1554 973 1605 Et
1013 1568 1182 1605 omne
1224 1553 1379 1622 quod
1421 1554 1477 1606 in
1507 1554 1628 1622 ejus
1657 1557 1871 1607 aeterna

183 1640 534 1708 praescicntia
568 1640 1153 1709 etprazdestinatione
1183 1640 1522 1709 dispositum
1557 1647 1659 1703 est,
1697 1641 1866 1694 etiam

185 1730 238 1780 in
266 1728 434 1781 rebus
479 1744 598 1780 esse
646 1733 848 1798 potest.
903 1727 1194 1797 Quidquid
1242 1744 1373 1781 vero
1419 1728 1498 1782 ibi
1529 1728 1865 1798 dispositum

184 1833 290 1870 non
342 1823 446 1880 est,
500 1833 796 1886 nunquam
849 1823 904 1870 et
953 1832 1236 1886 nusquam
1287 1832 1406 1870 esse
1461 1823 1680 1886 potest;
1727 1818 1870 1870 nihil

183 1921 327 1959 en‘.m
357 1913 575 1958 temere
610 1907 690 1958 vel
724 1907 977 1968 fortuito,
1015 1905 1110 1958 sed
1143 1905 1338 1958 omnia
1369 1911 1598 1958 aeterna:
1634 1922 1749 1958 sua!
1779 1924 1870 1959 sa-

184 1995 403 2064 pientia:
440 1994 675 2048 consilio
709 2000 764 2047 et
795 1995 1016 2048 ratione
1050 1994 1197 2048 facit.
1238 2017 1264 2044 »
1304 1995 1460 2048 Unde
1493 1995 1550 2047 in
1583 1995 1709 2063 ejus
1741 1995 1870 2048 lau-

184 2085 341 2136 dibus
392 2083 692 2135 verissime
738 2084 992 2136 dicitur:
1033 2106 1051 2131 α
1087 2084 1291 2137 Omnia
1340 2084 1395 2136 in
1457 2085 1737 2154 sapientia
1786 2086 1872 2138 fe-

184 2172 297 2224 cisti
337 2173 514 2240 (Psal.
560 2187 702 2237 cm,
732 2172 842 2234 2i).
879 2194 904 2218 ››
957 2172 1246 2224 Ρναξοθεεὶι
1286 2173 1439 2224 enim
1474 2174 1597 2242 ejus
1638 2173 1872 2243 sapien-

182 2261 254 2312 tia
301 2260 649 2313 zetcrnaliter
690 2260 882 2312 omnia
933 2276 1059 2328 qute
1105 2261 1164 2312 in
1213 2261 1486 2313 creaturis
1532 2261 1677 2314 facta
1719 2268 1868 2327 sunt,

183 2349 261 2402 vel
299 2347 466 2412 ﬁunt,
510 2349 625 2400 sive
665 2348 857 2401 futura
898 2354 1030 2400 sunt
1071 2349 1484 2417 temporaliter.
1535 2351 1699 2402 Verbi
1743 2367 1871 2419 gra-

183 2438 272 2502 tia,
301 2436 588 2505 pra-scivit
619 2452 737 2488 esse
784 2437 1060 2489 mundum
1089 2437 1368 2497 futurum,
1415 2443 1470 2489 et
1509 2437 1874 2505 praedestina-

183 2527 250 2577 vit
293 2542 348 2577 se
389 2541 514 2577 esse
552 2526 863 2588 facturum;
901 2524 1185 2593 praescivit
1218 2525 1510 2578 hominem
1540 2527 1874 2593 creandum,

185 2621 236 2665 et
279 2613 710 2682 praedestinavit
752 2630 811 2665 se
858 2629 979 2665 esse
1023 2619 1347 2665 creaturam
1384 2629 1395 2665 :
1444 2615 1726 2682 praescivit
1769 2615 1876 2667 hu-

185 2719 408 2755 manum
446 2718 626 2770 genus
661 2718 762 2770 per
793 2701 1086 2754 hominem
1132 2701 1382 2770 primum
1423 2701 1642 2771 lapsum
1675 2704 1874 2772 unige-

187 2791 281 2842 niti
307 2791 432 2842 Filii
464 2790 550 2841 sui
590 2790 868 2859 sanguine
901 2790 1320 2856 redimendum,
1355 2796 1409 2842 et
1449 2792 1878 2860 praedestinavit

187 2895 239 2932 se
281 2895 398 2931 esse
445 2879 896 2946 redempturam.
939 2901 959 2926 ι
996 2879 1474 2948 Redemptionem
1521 2881 1671 2932 enim
1718 2880 1876 2933 misit

185 2967 390 3036 populo
422 2983 526 3019 suo
569 2968 742 3025 (Psal.
790 2981 884 3031 cx,
921 2967 997 3032 9).
1040 2988 1060 3013 ι
1107 2967 1172 3018 Et
1209 2967 1486 3019 veraciter
1529 2967 1639 3035 ipsi
1681 2975 1873 3020 canta-

187 3064 314 3108 tur:
375 3075 399 3102 «
453 3055 765 3108 Redemisti
829 3055 887 3107 in
943 3056 1173 3108 brachio
1235 3061 1332 3108 tuo
1372 3056 1647 3124 populum
1707 3062 1870 3108 tuum

188 3143 338 3205 [PsaL
389 3157 606 3208 LXXVI,
656 3146 753 3205 16).
789 3164 807 3189 ι
857 3143 1145 3196 Przescivit
1183 3145 1389 3196 electos
1427 3159 1553 3194 suos
1598 3144 1666 3195 ad
1707 3151 1871 3195 aeter-

185 3245 314 3282 num
349 3247 595 3297 regnum
648 3248 813 3284 suum
864 3248 984 3284 esse
1028 3237 1328 3296 venturos;
1372 3232 1656 3301 praescivit
1697 3232 1870 3285 etiam

189 3320 456 3386 reprobns
489 3319 545 3371 in
581 3325 858 3371 aeternum
906 3319 1248 3388 supplicium
1287 3320 1614 3372 tradendos.
1665 3320 1727 3372 Et
1766 3321 1874 3372 hoc

187 3411 356 3459 totum
391 3407 528 3476 quia
557 3409 792 3477 plenum
822 3414 906 3460 est
939 3408 1351 3474 misericordia,
1379 3407 1870 3478 plenumjustitia,

187 3496 606 3563 prmdestinavit
646 3513 703 3548 se
746 3495 1135 3549 misericordia
1176 3501 1230 3547 et
1257 3495 1473 3563 judicio
1508 3513 1608 3548 suo
1640 3511 1758 3548 esse
1785 3495 1873 3548 fa-

188 3589 438 3642 cturum:
468 3586 616 3654 apud
674 3601 845 3654 quem
879 3590 979 3645 est,
1017 3586 1175 3654 juxta
1214 3584 1570 3654 Apostolum,
1604 3604 1632 3632 ‹‹
1662 3591 1874 3636 aeterna

187 3671 400 3722 bonitas
424 3679 479 3724 et
510 3675 781 3733 severitas
830 3675 1001 3737 (Rom.
1053 3688 1142 3737 χι,
1175 3675 1286 3738 22),
1322 3694 1348 3719 »
1394 3680 1450 3725 et
1478 3673 1578 3741 jcui
1639 3673 1810 3742 digne
1842 3689 1874 3724 a

189 3756 444 3811 ﬁdelibus
485 3759 736 3812 dicitur:
792 3781 810 3805 ‹
847 3759 1286 3813 Misericordiam
1327 3765 1384 3813 et
1423 3760 1706 3828 judicium
1740 3777 1873 3812 can-

189 3847 309 3898 tabo
335 3848 460 3912 tibi,
508 3848 746 3900 Domine
785 3848 954 3913 (Psul.
999 3862 1052 3915 c,
1097 3848 1166 3917 l).
1201 3869 1222 3893 ιι
1273 3848 1428 3901 Unde
1477 3854 1697 3900 constat
1749 3864 1872 3901 om-

189 3934 336 3988 nimo
367 3937 521 4005 quod
555 3938 612 3990 in
650 3943 950 4007 utramque
995 3944 1234 4006 partem,
1269 3937 1579 3990 electorum
1611 3938 1876 3991 videlicet

189 4035 239 4075 et
266 4028 665 4093 reproborum,
709 4025 819 4078 nisi
865 4041 1063 4078 eorum
1107 4027 1189 4078 vel
1241 4026 1733 4094 gloriticationeui,
1787 4027 1874 4080 vel

190 4110 610 4166 damnationem
637 4113 1034 4182 justissimam,
1070 4123 1093 4145 ³
1121 4115 1478 4182 praescientia
1500 4121 1556 4168 et
1578 4116 1873 4184 praedesti-

187 4202 332 4254 natio
361 4203 554 4254 divina
587 4204 955 4271 priet-ederet,
991 4218 1287 4272 nunquam
1327 4203 1386 4254 in
1435 4204 1515 4256 eis
1544 4205 1669 4258 ﬁeri
1706 4211 1875 4274 atque

3579 277 3644 323 99
3661 276 3679 324 ἱ·

1905 404 1950 458 Α
1987 424 2006 449 α
2041 403 2199 464 Quod
2232 401 2440 454 factum
2475 406 2578 466 est,
2625 401 2681 453 in
2732 388 2853 470 ipso
2894 401 3004 453 vita
3044 407 3165 454 erat
3199 404 3372 470 (Joan.
3439 419 3477 470 ι,
3535 405 3607 471 3),
3648 399 3669 451 ἱ»

1982 490 2037 542 id
2067 496 2150 544 est
2182 488 2351 542 omne
2385 490 2529 558 quod
2559 507 2589 542 a
2632 491 2810 542 Verbo
2854 495 2908 542 et
2956 505 3058 558 per
3103 491 3345 544 Verbum
3395 493 3493 544 Dei
3529 511 3556 544 α
3593 493 3675 546 fa-

1982 585 2136 632 ctum
2167 585 2252 632 est
2287 599 2306 624 ι
2344 578 2754 646 temporaltter,
2786 580 2904 646 jam
2939 584 3247 647 antequam
3278 579 3463 642 ﬂeret,
3496 588 3667 635 aeter-

1984 667 2186 720 naliter
2217 668 2275 720 in
2320 668 2523 720 eodem
2565 667 2743 719 Verbo
2787 667 2883 720 Dei
2917 685 2943 716 «
2975 667 3086 720 vita
3129 674 3250 720 erat
3285 669 3312 717 vi
3349 685 3360 720 :
3419 670 3554 739 quia
3585 670 3676 723 vi-

1982 756 2187 808 delicet
2229 757 2414 825 ipsum
2459 757 2706 808 Verbum
2760 756 2852 808 Dei
2895 756 3107 820 vivens,
3150 757 3266 810 vita
3302 762 3405 818 est,
3441 763 3498 810 et
3552 759 3678 811 viva

1981 844 2278 913 sapientia,
2337 852 2391 897 et
2451 845 2574 897 viva
2620 844 2788 908 ratio,
2841 849 2896 896 et
2943 844 3132 897 vivum
3181 845 3506 910 consilium,
3559 863 3674 916 quo

1981 933 2176 985 omnia
2207 933 2323 984 suis
2355 933 2539 986 modis
2569 937 2626 985 et
2655 948 2757 985 suo
2790 932 2992 985 ordine
3023 933 3143 984 fieri
3180 939 3510 1001 potuerunt.

2551 1053 2794 1092 REGULA
2843 1053 3100 1091 TERTIA.

2047 1127 2120 1179 In
2141 1127 2389 1194 operibus
2411 1129 2502 1180 Dei
2521 1142 2670 1180 omne
2690 1129 2998 1196 prescitum
3025 1132 3102 1179 est
3119 1127 3586 1195 praedestinatum.

2047 1232 2235 1286 Tertia
2278 1233 2470 1301 regula
2511 1232 2718 1286 divinae
2765 1232 3140 1302 prtescientim
3192 1238 3247 1285 et
3295 1234 3669 1302 praedestina-

1979 1322 2148 1376 tionis
2180 1327 2284 1388 est,
2319 1343 2346 1368 ‹‹
2379 1321 2514 1391 quia
2552 1322 2610 1374 in
2651 1322 2920 1391 operibus
2953 1322 3362 1391 omnipotentis
3391 1323 3507 1388 {Dei
3558 1338 3676 1376 non

1977 1416 2111 1464 sunt
2149 1410 2258 1463 alia
2290 1411 2550 1478 praescita
2575 1414 2628 1462 et
2658 1411 2768 1463 alia
2798 1411 3219 1479 praedestinata,
3253 1411 3347 1463 sed
3384 1411 3664 1482 quidquid

1980 1499 2056 1552 ibi
2099 1505 2184 1552 est
2212 1499 2560 1568 praescitnm,
2597 1500 2730 1569 quia
2764 1505 2950 1552 totum
2981 1504 3063 1551 est
3099 1500 3311 1552 bonum
3345 1505 3397 1552 et
3423 1500 3667 1568 justum,

1977 1587 2098 1640 sine
2152 1587 2326 1641 dubio
2379 1592 2463 1641 est
2518 1587 2690 1640 etiam
2759 1587 3255 1658 praedestinatum:
3317 1593 3371 1641 et
3430 1588 3672 1658 quiquid

1911 1709 1949 1762 Β
1981 1677 2471 1745 prindestinatum,
2525 1677 2720 1745 utique
2769 1681 2823 1729 et
2874 1677 3221 1745 praescitum,
3271 1675 3405 1745 quia
3450 1679 3673 1744 praeie-

1980 1765 2208 1818 stinatio
2239 1767 2362 1818 sine
2398 1766 2755 1834 [.iraescientia
2785 1780 2904 1817 esse
2939 1781 3044 1817 non
3083 1770 3288 1834 potest.
3327 1785 3348 1812 ι
3386 1764 3673 1827 Quantum

1981 1854 2156 1922 igitur
2197 1856 2270 1907 ad
2314 1854 2437 1924 ipsa
2473 1870 2647 1924 opera
2688 1855 2877 1907 divina
2925 1855 3197 1922 pertinet,
3248 1854 3361 1904 sive
3413 1853 3677 1906 dicantur

1981 1945 2260 2013 praescita,
2328 1947 2442 1996 sive
2498 1944 2762 1996 dicantur
2828 1943 3252 2011 praedestinata,
3315 1941 3672 1994 tantumdem

1981 2033 2147 2096 valet,
2201 2039 2255 2085 et
2296 2034 2554 2085 eamdem
2604 2032 2870 2102 exprimit
2917 2031 3268 2082 immobilem
3322 2030 3673 2082 firmitatem.

1981 2122 2117 2174 Inde
2145 2127 2230 2174 est
2263 2122 2416 2190 quod
2461 2123 2762 2191 Apostolus
2798 2120 3046 2190 qUodain
3090 2119 3210 2170 loco
3255 2118 3676 2188 praescicntiam

1984 2209 2082 2263 Dei
2120 2210 2680 2278 praedestinationem
2734 2210 2857 2278 ejus
2900 2209 3146 2278 intelligi
3181 2208 3374 2275 voluit,
3422 2208 3516 2261 ubi
3550 2209 3628 2260 ait
3659 2226 3674 2260 :

1985 2299 2166 2350 «Non
2217 2298 2428 2368 repulit
2475 2299 2620 2351 Deus
2669 2299 2897 2366 plebem
2950 2314 3132 2363 suam,
3176 2314 3348 2366 quam
3399 2296 3679 2366 prmscivit

1983 2387 2150 2454 (Rom.
2204 2403 2288 2449 x1,
2324 2386 2398 2455 2).
2447 2406 2472 2436 »
2522 2386 2579 2440 Si
2614 2386 2765 2439 enim
2816 2386 3132 2455 praescisset
3165 2386 3588 2446 tantummodo,
3623 2388 3679 2437 et

1983 2491 2096 2528 non
2143 2475 2622 2544 praedestinasset,
2674 2491 3034 2544 nequaquam
3082 2491 3207 2526 eam
3253 2475 3475 2543 plebem
3511 2489 3674 2525 suam

1986 2564 2224 2627 fecisset,
2277 2563 2374 2616 sed
2425 2563 2556 2632 quia
2604 2564 2679 2616 ita
2730 2563 3031 2632 pt‘wscivit,
3087 2567 3147 2614 ut
3199 2578 3324 2613 cam
3386 2560 3679 2613 verissime

1985 2651 2106 2720 ipsa
2138 2651 2495 2721 praescientia
2534 2650 2989 2719 prmdestinaret,
3025 2649 3162 2718 quid
3223 2653 3306 2700 est
3338 2648 3489 2700 aliud
3523 2647 3678 2717 quod

1986 2757 2110 2793 eam
2144 2741 2440 2810 prmscivit,
2470 2739 2580 2791 nisi
2614 2739 2748 2808 quia
2794 2755 2920 2791 vere
2963 2743 3020 2790 et
3060 2737 3500 2790 immutabiliter
3529 2752 3679 2806 prue-

1985 2827 2326 2881 destinavit?
2357 2831 2446 2884 Sic
2476 2843 2611 2896 ergo
2650 2830 2706 2878 in
2754 2825 3234 2894 praeordinationc
3267 2825 3578 2876 electorum
3612 2824 3682 2877 ad

1986 2916 2179 2979 vitam,
2217 2921 2270 2967 et
2302 2915 2357 2966 in
2390 2913 2869 2982 praeordinatione
2905 2912 3274 2980 reproborum
3309 2913 3374 2963 ad
3413 2916 3677 2977 mortem,

1917 3003 1955 3057 C
1985 3004 2117 3072 quia
2150 3009 2454 3072 utrumque
2491 3001 2710 3070 justum
2742 3017 2884 3069 opus
2933 3000 3030 3053 Dei
3070 3005 3175 3063 est,
3211 3001 3355 3051 sicut
3386 2998 3681 3051 Psalmista

1983 3098 2239 3158 testatur,
2286 3092 2479 3143 dicens
2513 3106 2526 3142 :
2573 3089 2818 3141 «Justus
2863 3088 3134 3140 Dominus
3175 3088 3230 3139 in
3273 3087 3539 3140 omnibus
3575 3087 3680 3139 viis

1983 3182 2099 3233 suis
2132 3185 2186 3232 et
2231 3185 2461 3233 sanctus
2501 3178 2558 3230 in
2601 3177 2872 3247 operibus
2905 3177 3020 3228 suis
3057 3177 3217 3240 (Psal.
3255 3190 3466 3241 CXLIV,
3509 3176 3612 3243 l7),
3652 3194 3677 3227 υ

1983 3285 2084 3322 nec
2117 3267 2472 3338 praescientia
2520 3266 2642 3335 ejus
2681 3266 2802 3316 sine
2844 3264 3350 3334 prtedestinatioue
3394 3279 3495 3316 nec
3529 3279 3678 3332 prai-

1985 3355 2289 3408 destinatio
2322 3353 2443 3407 sine
2475 3354 2832 3424 praescientia
2856 3353 3099 3421 intelligi
3127 3358 3330 3421 potest,
3368 3351 3502 3421 quia
3529 3351 3682 3403 istud

1979 3445 2196 3514 justum
2231 3449 2332 3510 est,
2365 3448 2420 3496 et
2452 3449 2670 3496 rectum
2707 3459 2849 3512 opus
2881 3458 3068 3508 suum,
3114 3448 3168 3495 et
3215 3457 3342 3494 vere
3372 3440 3679 3511 prazscivit,

1981 3539 2035 3586 et
2060 3533 2414 3603 praesciendo
2443 3533 2594 3602 justo
2625 3532 3072 3601 praedestinavit.

2549 3672 2788 3710 REGIILA
2835 3672 3112 3719 QUARTA.

1985 3766 2130 3817 Bona
2152 3778 2313 3830 opera
2349 3763 2732 3829 principaliter
2767 3764 2861 3813 Dei
2897 3766 3042 3822 sunt,
3084 3761 3179 3814 sed
3231 3764 3280 3812 et
3328 3762 3503 3827 ipsius
3533 3773 3682 3812 crea-

2055 3841 2208 3956 iiuraz.
2243 3834 2390 3886 Mula
2439 3834 2609 3885 solius
2637 3839 2896 3884 creaturae
2922 3833 3040 3884 ideo
3081 3833 3356 3899 praescita,
3392 3846 3498 3882 non
3532 3843 3680 3897 prae-

2086 3907 2349 3956 esti-nata.

2086 3915 2349 3957 :estt-nata.

2055 4029 2264 4092 Quarta
2305 4027 2502 4096 regula
2544 4032 2629 4080 est
2671 4027 2925 4094 ejusdem
2975 4024 3348 4094 praescientize
3381 4028 3436 4075 et
3468 4022 3680 4092 praede-

1986 4117 2312 4170 stinatiouis
2351 4116 2502 4185 quod
2535 4131 2546 4167 :
2585 4133 2611 4164 (ι
2647 4115 2770 4166 Haec
2809 4115 2922 4167 duo
2969 4115 3026 4165 in
3067 4113 3336 4182 operibus
3380 4110 3676 4164 rationalis

1985 4213 2258 4259 creaturae
2308 4210 2363 4258 et
2407 4203 2666 4257 distincte
2713 4209 2767 4255 et
2817 4203 3117 4271 conjuncte
3151 4200 3391 4268 intelligi
3420 4203 3677 4268 possunt,

187 4290 483 4359 adimpleri
517 4295 724 4359 posset.
762 4292 917 4345 Sicut
951 4291 1091 4342 nihil
1122 4291 1356 4343 omnino
1389 4291 1447 4344 in
1479 4293 1750 4361 operibus
1781 4294 1870 4346 di-
1911 4298 1954 4351 D
1989 4297 2124 4364 quia
2157 4294 2368 4347 scilicet
2398 4292 2653 4361 ejusdem
2685 4298 2958 4344 creatura:
2993 4307 3168 4360 opera
3200 4289 3311 4342 alia
3343 4293 3477 4341 sunt
3509 4287 3679 4351 bona,

187 4378 322 4430 vinis
353 4395 476 4431 esse
510 4384 694 4447 potest
739 4379 890 4448 quod
940 4395 1054 4431 non
1099 4379 1178 4431 ibi
1222 4381 1591 4447 praecesserit.
1642 4382 1724 4434 Ad
1769 4381 1876 4434 hoc

188 4467 520 4520 mirabiliter
550 4474 605 4520 et
637 4469 958 4520 sublimiter
991 4469 1401 4521 insinuandum
1438 4470 1688 4537 pertinet
1719 4472 1870 4539 quod

185 4553 248 4607 de
278 4563 494 4609 interno
527 4561 583 4609 et
615 4556 910 4626 unigenito
949 4557 1132 4610 Verbo
1177 4557 1278 4609 Dei
1315 4558 1666 4626 evangelista
1714 4560 1870 4612 dicit.

1989 4384 2098 4435 alia
2124 4384 2291 4434 mala.
2327 4382 2390 4434 Et
2413 4381 2546 4451 quia
2582 4381 2728 4432 bona
2758 4397 2931 4449 opera
2963 4381 3041 4432 ita
3086 4386 3216 4432 sunt
3247 4379 3424 4446 ipsius
3455 4382 3682 4429 creatu-

1987 4488 2084 4535 τω,
2122 4475 2181 4522 ut
2207 4472 2320 4522 sint
2349 4476 2606 4533 omnino,
2641 4472 2666 4511 b
2699 4470 3090 4538 principaliter
3117 4474 3173 4521 et
3195 4468 3471 4520 veraciter
3502 4480 3678 4534 opera

1986 4557 2286 4621 Creatoris,
2324 4575 2351 4606 (ι
2387 4558 2488 4625 qui
2528 4561 2800 4624 operatur
2839 4555 2897 4607 in
2935 4571 3002 4608 ea
3034 4561 3090 4608 et
3131 4555 3272 4607 velle
3315 4559 3371 4606 et
3408 4554 3681 4622 perﬁcere

1239 4713 1438 4766 NOTAE
1480 4714 1800 4768 DL'VALLII
1841 4713 2180 4769 DOCTORIS
2219 4709 2611 4766 SORBONICI.

258 4843 281 4866 ⁸
336 4835 511 4887 DOCet
561 4835 1121 4903 praedestinationem
1180 4841 1235 4888 et
1282 4837 1700 4904 pt‘mscienliam
1748 4843 1872 4891 tan-

186 4906 437 4957 tumdem
471 4906 652 4957 valere
695 4907 838 4957 circa
875 4908 1084 4959 bonum
1123 4915 1340 4959 tantum
1376 4911 1523 4975 qtmd
1558 4926 1587 4960 a
1626 4911 1736 4961 1)νο
1769 4915 1870 4975 est,

187 4977 330 5040 quod
362 4983 551 5028 tamen
583 4987 782 5028 contra
809 4978 1086 5029 Joannem
1123 4979 1418 5044 Erigenam
1459 4982 1732 5032 acerrime
1784 4996 1876 5031 ar-

187 5047 334 5117 guit;
370 5062 498 5098 cum
533 5047 888 5116 prmscientta
921 5053 1098 5100 multo
1143 5050 1307 5100 latius
1350 5057 1556 5117 pateat,
1599 5057 1681 5102 est
1721 5052 1874 5102 enim

185 5115 462 5170 bonorum
514 5115 568 5170 et
622 5119 942 5185 malorum;
999 5115 1424 5188 praedestinatio
1477 5137 1606 5172 vero
1657 5122 1877 5173 solum-

189 5188 352 5260 modo
411 5189 714 5241 bonorum.
771 5190 970 5242 Verum
1023 5191 1066 5240 si
1119 5197 1331 5241 attente
1373 5190 1615 5258 legatur,
1660 5192 1876 5260 liquido

187 5258 389 5326 cuique
432 5259 710 5311 constabit
751 5275 874 5312 eam
917 5260 1098 5312 solum
1142 5261 1209 5312 de
1251 5265 1606 5328 prmsmentia
1649 5258 1868 5314 divino-

188 5342 310 5401 rum
353 5345 594 5397 operum
634 5346 826 5399 agere,
868 5347 979 5400 quo
1023 5347 1189 5383 sensu
1235 5332 1662 5399 praedestinatio
1711 5349 1872 5401 mque

191 5397 293 5473 Late
326 5406 513 5468 patet;
557 5401 634 5453 sic
672 5397 826 5473 enim
865 5397 945 5453 ait
978 5418 989 5453 :
1035 5402 1095 5454 In
1137 5397 1404 5471 ope—ribus
1459 5397 1872 5473 omnipotentis

183 5465 284 5543 Dei
306 5465 434 5543 non
457 5477 598 5543 sunt
642 5472 750 5523 alia
793 5473 1047 5542 praescita
1077 5477 1133 5526 et
1164 5465 1273 5525 alia
1307 5465 1708 5543 praedestinata
1738 5491 1750 5527 :
1789 5474 1873 5526 vel

191 5539 356 5593 dictio
387 5541 528 5594 velle
557 5547 780 5595 tantum
795 5539 908 5596 illa
938 5543 1050 5596 duo
1081 5539 1324 5613 aequalia
1356 5560 1476 5597 esse
1510 5546 1728 5598 ratione
1760 5544 1873 5597 im-

1987 4836 2319 4891 mobilitntis
2368 4835 2543 4886 divini
2583 4833 2837 4896 consilii;
2872 4833 3024 4902 quod
3058 4835 3210 4886 enim
3240 4849 3270 4884 a
3311 4833 3422 4884 Deo
3475 4831 3675 4897 semel,

1985 4917 2070 4961 est
2103 4910 2421 4976 praiscitum
2458 4921 2573 4956 non
2611 4905 2798 4956 minus
2827 4905 3202 4956 int'allibiliter
3233 4903 3473 4967 eveniet,
3507 4918 3679 4971 quam

1985 4975 2138 5048 quod
2171 4982 2339 5029 semel
2364 4985 2458 5048 est
2489 4976 2975 5048 praedestinatum.
3027 4976 3087 5027 Et
3273 4975 3550 5042 posterior
3586 4989 3676 5025 ex-

1985 5045 2192 5118 positio
2226 5047 2405 5115 magis
2438 5052 2520 5098 est
2552 5046 2618 5099 ad
2647 5051 2889 5098 mentem
2916 5045 3180 5118 auctoris.

2058 5122 2081 5161 ί)
2111 5122 2284 5173 Caute
2317 5121 2621 5186 legendum
2663 5125 2746 5168 est
2785 5116 2937 5186 quod
2975 5116 3109 5168 dicit
3152 5115 3299 5168 bona
3340 5129 3514 5177 opera
3559 5129 3679 5186 esse

1987 5192 2220 5242 omnino
2275 5185 2667 5258 prinmpaliter
2725 5195 2781 5238 et
2807 5185 3102 5238 iveraciter
3145 5185 3324 5258 ipsius
3363 5185 3675 5258 _Creatoris.

1982 5262 2092 5314 Ista
2135 5254 2290 5312 enini
2321 5254 2596 5329 particula
2625 5261 2840 5311 omnino
2867 5274 2981 5310 non
3015 5258 3180 5309 debet
3213 5254 3435 5329 divisim
3469 5257 3682 5329 a‘prin-

1981 5333 2228 5400 cipaliter
2276 5326 2477 5399 accipi,
2528 5330 2622 5382 sed
2664 5331 3048 5397 conjunctim;
3108 5329 3271 5397 quasi
3319 5326 3454 5377 velit
3491 5326 3681 5400 Deum

1983 5397 2241 5455 omnium
2283 5397 2564 5454 bonorum
2616 5415 2854 5469 operum
2897 5415 3016 5452 esse
3063 5413 3291 5451 causam
3333 5397 3682 5469 prtecipuam

1985 5489 2082 5526 seu
2116 5473 2479 5542 primariam;
2506 5487 2620 5524 non
2657 5468 2852 5523 tamen
2898 5475 3201 5542 propterea
3244 5468 3492 5520 excludit
3511 5484 3682 5542 crea-

1984 5539 2172 5597 turam
2201 5544 2514 5597 humanam
2561 5557 2662 5594 seu
2701 5539 2946 5594 liberum
2989 5540 3311 5605 arbitrium,
3374 5539 3526 5609 quod
3577 5554 3680 5592 suo
