4108 6190
418 261 521 312 995

1554 258 1608 309 S.
1655 258 1932 313 REMIGII
1975 256 2452 313 LUGDUNENSIS
2492 258 2799 315 EPISCOPI
3804 272 3896 321 99η

420 414 447 445 (ι
485 411 588 465 pro
620 395 767 448 bona
799 395 1083 447 voluntate
1117 394 1275 456 (Phil.
1317 409 1386 457 ιι,
1434 392 1537 459 13),
1573 413 1599 442 υ
1642 393 1951 446 rectissime
1984 398 2105 446 tan-
2147 397 2186 447 A
2218 394 2335 463 27);
2376 416 2395 442 ιι
2441 397 2495 447 et
2525 394 2733 448 iterum
2768 412 2779 449 :
2816 414 2843 445 «
2877 396 3122 460 Quaerite
3166 396 3377 452 bonum
3425 405 3482 453 et
3531 416 3649 454 non
3700 404 3896 456 malum

417 500 591 554 quam
617 499 747 535 vere
776 483 984 546 divina,
1018 481 1075 534 id
1109 487 1196 535 est
1223 481 1494 535 divinitus
1515 482 1811 551 inspirata,
1846 488 1901 535 et
1930 488 2108 551 gesta,

418 578 477 626 et
519 572 798 641 praescita,
850 576 904 623 et
952 570 1352 639 praedestinata
1402 570 1611 623 debent
1648 571 1916 636 intelligi.
1972 571 2112 624 Mala

418 677 549 714 vero
588 676 761 729 opera
803 659 1060 728 ejusdem
1102 664 1396 726 creaturae,
1447 659 1582 728 quia
1630 659 1809 729 ipsius
1850 664 2108 712 tantum-

418 749 586 802 modo
619 752 770 814 sunt,
814 753 869 800 et
900 764 963 800 ex
1012 750 1129 816 ejus
1173 748 1329 811 vitio,
1380 763 1497 800 non
1535 764 1603 800 ex
1653 748 1751 801 Dei
1795 749 2106 814 voluntate,

416 836 501 888 vel
546 836 879 906 operatione
918 837 1255 905 procedunt,
1302 835 1559 904 praescita
1597 852 1630 888 a
1672 837 1782 887 Deo
1822 835 1932 888 dici
1976 852 2107 904 pos-

414 928 565 987 sunt,
604 924 1011 993 przedestinata
1060 941 1173 977 non
1219 928 1474 993 possunt.
1512 944 1538 973 »
1579 923 1723 987 Quia
1771 924 1848 976 ita
1888 928 1972 976 est
2013 924 2106 976 ille

413 1013 724 1067 certissime
753 1014 1023 1083 praescius
1052 1014 1312 1065 omnium
1359 1013 1703 1076 futurorum,
1737 1018 1791 1065 et
1823 1013 2106 1065 bonorum

411 1102 623 1155 scilicet
650 1109 707 1155 et
737 1103 1045 1169 malorum,
1080 1106 1139 1155 ut
1181 1118 1474 1172 nunquam
1506 1118 1625 1155 esse
1666 1102 1843 1171 possit
1888 1101 2102 1170 praede-

412 1191 665 1255 stinator,
704 1192 850 1243 sicut
893 1207 995 1243 nec
1025 1196 1222 1243 auctor
1252 1192 1565 1255 malorum;
1605 1190 1885 1258 prasscivit
1915 1190 2105 1259 itaque

414 1280 559 1332 Deus
606 1284 662 1332 et
712 1279 1136 1348 praedestinavit
1176 1279 1469 1330 rationalis
1520 1284 1794 1330 creaturte
1840 1293 1955 1330 sua:
1989 1293 2105 1330 om-

411 1368 505 1420 nia
532 1368 699 1431 bona,
734 1368 878 1420 sicut
910 1368 1212 1436 Apostolus
1244 1366 1415 1420 dicit:
1455 1387 1482 1413 ‹‹
1511 1368 1649 1419 Nam
1683 1382 1823 1435 quos
1874 1366 2102 1434 praesci—

411 1455 509 1516 vit.
550 1460 604 1509 et
649 1456 1073 1525 praedestinavit
1122 1456 1441 1507 conformes
1485 1455 1609 1507 fieri
1669 1455 1935 1523 imaginis
1978 1454 2103 1507 Filii

410 1543 496 1595 sui
529 1543 698 1611 (Rom.
736 1559 883 1608 vni,
915 1545 1036 1610 ‘29);
1071 1564 1096 1591 >>
1129 1548 1184 1595 et
1208 1543 1418 1595 iterum
1453 1559 1464 1594 :
1501 1564 1527 1589 ‹‹
1558 1542 1662 1595 Sed
1688 1542 1979 1611 loquimur
2004 1541 2099 1594 Dei

409 1632 748 1700 sapientiam
775 1632 833 1684 in
868 1632 1137 1701 mysterio
1166 1630 1579 1692 absconditam,
1616 1647 1788 1700 quam
1814 1630 2101 1700 praedesti-

409 1720 562 1773 navit
592 1720 739 1772 Deus
772 1725 903 1773 ante
950 1720 1155 1772 saecula
1194 1719 1255 1772 in
1301 1719 1543 1788 gloriam
1584 1723 1839 1772 nostram
1869 1720 1925 1785 (I
1981 1720 2097 1773 Cor.

413 1824 484 1877 Il,
515 1812 593 1877 '7).
657 1832 675 1857 υ
731 1810 876 1863 Mala
916 1826 1050 1862 vero
1091 1824 1265 1879 opera
1309 1814 1364 1861 et
1402 1810 1550 1861 mala
1595 1808 1797 1861 merita
1845 1808 2100 1877 ejusdem

407 1903 680 1951 creaturae
710 1897 995 1966 praescivit
1019 1897 1443 1962 tantummodo,
1487 1912 1601 1949 non
1634 1896 2095 1966 praedestinavit:

406 1986 549 2039 sicut
584 1986 877 2039 Psalmista
913 2003 979 2039 ex
1010 2002 1254 2055 persona
1290 1986 1540 2037 humani‘
1567 1985 1790 2053 generis
1833 1984 1983 2037 inter
2022 1985 2097 2037 la-

402 2074 569 2127 bores
603 2080 658 2128 et
679 2075 931 2144 pericula
963 2075 1090 2127 vitae
1116 2073 1371 2127 mortalis
1401 2072 1700 2142 gementis,
1729 2077 1785 2124 et
1816 2072 1884 2124 ad
1919 2073 2097 2125 Deum

402 2164 585 2216 redire
616 2164 891 2229 conantis,
928 2162 1035 2232 ipsi
1066 2161 1445 2231 omnipotenti
1484 2163 1596 2214 Deo
1630 2161 1928 2214 humiliter
1955 2177 2091 2213 con-

402 2249 614 2317 ﬁtetur,
659 2252 894 2304 dicens:
953 2274 973 2299 α
1019 2250 1353 2303 Intellexisti
1402 2250 1773 2319 cogitationes
1823 2266 1977 2303 meas
2028 2250 2097 2302 de

402 2339 590 2408 longe,
628 2341 893 2393 semitam
934 2355 1121 2392 meam
1160 2344 1215 2392 et
1246 2338 1567 2391 funiculum
1617 2354 1809 2391 meum
1860 2338 2092 2391 investi-

402 2429 574 2497 gasti;
609 2434 662 2481 et
694 2446 891 2482 omnes
921 2429 1038 2481 vias
1065 2444 1221 2481 meas
1248 2428 1559 2496 praevidisti
1587 2428 1748 2480 (Psal.
1777 2442 2091 2490 cxxxvm,

399 2516 473 2583 2).
510 2539 528 2563 ιι
568 2516 712 2579 Quid
744 2522 831 2569 est
872 2516 1026 2569 enim
1062 2538 1081 2563 α
1120 2532 1316 2568 omnes
1345 2516 1462 2567 vias
1512 2532 1664 2567 meas
1694 2516 2025 2584 praevidisti,
2068 2537 2086 2560 η

401 2604 512 2657 nisi
537 2621 733 2658 omnes
766 2605 882 2657 vias
913 2620 1087 2669 meas,
1122 2606 1317 2673 utique
1356 2605 1548 2669 malas,
1580 2620 1694 2656 non
1728 2604 1912 2656 solum
1943 2620 2089 2673 prae-

402 2700 592 2745 sentes
623 2693 833 2753 vidisti,
864 2693 962 2746 sed
1006 2693 1177 2745 etiam
1218 2693 1458 2757 futuras,
1496 2696 1803 2761 antequam
1846 2708 1940 2744 eas
1972 2708 2091 2745 am-

400 2780 678 2843 bularem,
710 2781 1062 2851 praevidisti‘?
1105 2781 1207 2836 Cui
1247 2781 1421 2833 etiam
1468 2780 1582 2833 alio
1631 2782 1750 2834 loco
1799 2781 2090 2851 Scriptura

399 2869 536 2923 dicit
568 2886 579 2923 :
622 2891 649 2919 «
681 2870 786 2933 Qui
817 2869 964 2922 nosti
999 2870 1192 2923 omnia
1228 2874 1535 2939 antequam
1570 2869 1713 2922 ﬁunt
1745 2873 1901 2938 (Dan.
1939 2884 2087 2933 xui,

397 2959 510 3026 42),
548 2981 568 3006 ››
607 2959 805 3029 utique
834 2975 951 3012 non
982 2960 1167 3012 solum
1201 2959 1370 3024 bona,
1406 2958 1503 3011 sed
1531 2958 1703 3011 etiam
1736 2960 1898 3011 mala.

1063 3084 1285 3138 CAPUT
1326 3083 1413 3135 IV.

965 3206 1201 3245 REGULA
1249 3204 1510 3251 QUINTA.

512 3297 925 3353 Pravdestinatio
961 3299 1057 3351 Dei
1086 3298 1225 3349 nulli
1255 3298 1624 3349 necessitatem
1657 3294 1731 3347 ad
1759 3295 1961 3348 malum

820 3370 1067 3437 imponit.
1103 3369 1296 3422 Notent
1329 3368 1667 3419 Calvinista’.

465 3494 675 3559 Quinta
704 3494 905 3563 regula
936 3497 1019 3545 est
1050 3491 1257 3544 divinm
1290 3489 1663 3560 priescientias
1710 3494 1765 3543 et
1794 3490 2087 3560 praedesti-

393 3583 640 3638 nationis
670 3583 821 3652 quod
859 3604 879 3629 α
917 3581 1279 3649 omnipotens
1320 3580 1467 3632 Deus
1495 3578 1692 3631 eadem
1728 3579 2088 3648 praescientia

394 3675 449 3725 et
479 3668 979 3740 praedestinatione
1006 3684 1108 3721 sua
1129 3668 1205 3720 ita
1238 3666 1518 3737 quosdam
1547 3668 1726 3719 malos
1749 3667 1808 3720 in
1842 3683 1945 3719 sua
1976 3666 2084 3719 ini-

395 3757 611 3826 quitate
628 3762 684 3810 et
702 3756 993 3826 impietate
1025 3762 1079 3809 et
1097 3755 1410 3825 prmscierit
1432 3761 1904 3823 perseveraturos,
1941 3760 1991 3808 et
2015 3756 2086 3808 ob

391 3844 499 3899 hoc
522 3846 675 3915 juste
704 3844 1198 3915 prtedestinaverit
1234 3844 1539 3912 perituros,
1582 3849 1644 3895 ut
1685 3858 1749 3895 ex
1780 3842 1903 3911 ipsa
1933 3846 2086 3896 certa

391 3935 751 4004 praescientia
781 3939 836 3987 et
860 3935 1014 4003 justa
1046 3932 1548 4004 praedestinatione
1582 3948 1684 3984 sua
1718 3931 1861 3983 nulli
1890 3946 2084 3984 ncces-

392 4023 618 4077 sitatem
660 4022 1019 4092 imposuerit,
1063 4029 1123 4075 ut
1154 4024 1337 4075 malus
1369 4025 1515 4074 esset
1550 4026 1603 4073 et
1634 4020 1788 4073 aliud
1821 4036 1939 4072 esse
1971 4036 2083 4073 non

390 4118 597 4182 posset.
637 4131 663 4162 »
709 4112 826 4166 Hoc
876 4112 1032 4164 enim
1074 4111 1120 4162 si
1168 4110 1405 4175 fecisset,
1456 4109 1608 4179 quod
1660 4108 1805 4161 absit
1853 4109 1922 4161 de
1961 4110 2083 4178 ejus

389 4201 640 4255 bonitate
671 4202 880 4254 sentire
913 4209 957 4264 α,
991 4200 1113 4269 ipse
1148 4204 1293 4252 esset
1324 4199 1521 4268 utique
1549 4204 1744 4251 auctor
1775 4198 2079 4263 malorum,

2222 487 2285 535 ut
2315 482 2535 547 vivatis,
2588 489 2642 536 et
2689 484 2798 536 erit
2849 485 3122 538 Dominus
3182 488 3533 541 exercituum
3594 488 3887 555 vobiscum,

2221 569 2365 623 sicut
2392 570 2612 623 dixistis
2662 572 2869 640 (Amos.
2923 588 2978 638 v,
3022 574 3130 638 l4);
3166 594 3192 622 ››
3242 579 3299 627 et
3343 575 3454 628 alio
3506 576 3631 630 loco
3665 594 3677 629 :
3710 601 3736 629 (ι
3766 580 3900 632 Con-

2218 660 2504 712 vertimini
2538 660 2604 712 ad
2643 676 2750 727 me,
2787 666 2842 714 et
2872 667 3168 715 convertar
3206 662 3276 716 ad
3312 679 3426 728 vos,
3460 663 3597 717 dicit
3640 665 3897 719 Dominus

2220 748 2568 800 exercituum
2617 748 2802 816 (Zach.
2835 765 2874 814 I,
2936 752 3016 817 3);
3078 772 3105 798 ››
3157 755 3214 803 et
3259 766 3489 805 rursum
3522 752 3580 805 in
3640 754 3894 808 Psalmo:

2221 854 2247 885 «
2283 836 2529 889 Laetetur
2555 852 2653 889 cor
2682 838 3066 907 quaerentium
3092 839 3419 903 Dominum,
3452 842 3690 911 quaerite
3724 843 3897 896 Domi-

2216 938 2357 976 num
2400 929 2455 975 et
2494 923 2936 991 contirmamini,
2987 924 3227 993 quaerite
3259 925 3460 978 faciem
3511 926 3634 995 ejus
3687 942 3898 997 semper

2217 1013 2379 1079 (Psal.
2415 1027 2543 1076 Civ,
2576 1014 2655 1079 3).
2690 1032 2715 1061 »
2750 1012 2900 1066 Unde
2933 1018 2989 1065 et
3017 1014 3075 1065 in
3108 1013 3231 1083 ejus
3277 1014 3505 1066 laudem
3540 1015 3711 1084 digne
3744 1017 3891 1068 cani-

2216 1103 2353 1152 tur:
2391 1121 2409 1147 ‹
2446 1100 2689 1168 Sperent
2734 1099 2795 1153 in
2841 1106 2895 1153 te
2949 1117 3149 1154 omnes
3202 1101 3303 1173 qui
3352 1107 3636 1155 noverunt
3700 1120 3895 1157 nomen

2218 1190 2402 1253 tuum,
2436 1187 2712 1257 quoniam
2766 1204 2882 1241 non
2923 1188 3279 1260 dereliquisti
3313 1195 3637 1261 quaerentes
3683 1196 3762 1257 te,
3804 1194 3899 1246 Do-

2215 1274 2371 1327 mine
2402 1276 2568 1344 (Psal.
2611 1290 2695 1341 Ix,
2723 1275 2838 1343 11).
2871 1298 2898 1324 ››

2288 1364 2409 1416 Non
2434 1379 2569 1433 ergo
2590 1363 2684 1417 ille
2713 1368 2885 1418 tantae
2905 1364 3176 1419 bonitatis
3196 1372 3252 1419 et
3274 1366 3501 1436 pietatis
3524 1368 3690 1421 Pater
3714 1384 3899 1438 quem-

2217 1467 2391 1521 quam
2424 1452 2671 1520 impellit
2699 1457 2798 1505 aut
2840 1453 3134 1523 compellit
3172 1454 3241 1507 ad
3295 1456 3509 1508 malum
3558 1442 3705 1526 opus
3740 1473 3897 1528 agen-

2214 1541 2349 1593 dum
2379 1542 2463 1593 vel
2510 1541 2569 1593 in
2609 1540 2757 1594 malo
2790 1557 2962 1611 opere
3012 1543 3497 1612 permanendum;
3538 1550 3738 1599 tamen
3781 1563 3897 1600 vere

2212 1629 2552 1698 constringit
2591 1635 2648 1681 et
2677 1630 3211 1699 compellitjudicio
3245 1646 3346 1683 suo
3392 1632 3452 1684 in
3511 1634 3674 1685 malis
3726 1649 3901 1703 perse-

2216 1722 2472 1771 verantes
2498 1716 2569 1770 ad
2591 1717 2811 1786 justum
2844 1719 3188 1787 supplicium
3237 1719 3532 1773 luendum.
3570 1722 3635 1773 Et
3663 1722 3749 1774 ibi
3780 1738 3900 1793 ergo

2212 1806 2417 1872 bonus,
2488 1806 2624 1875 quia
2692 1806 2985 1859 neminem
3048 1807 3166 1860 vult
3215 1808 3431 1860 malum
3483 1824 3637 1874 esse;
3705 1816 3762 1863 et
3818 1812 3899 1864 hic

2204 1895 2413 1965 justus,
2448 1893 2581 1963 quia
2601 1895 2824 1947 nullum
2856 1894 3120 1963 iniquum
3146 1899 3201 1949 et
3223 1894 3466 1963 impium
3494 1897 3784 1965 permittit
3805 1898 3898 1951 im-

2209 1981 2474 2050 punitum
2510 1996 2630 2034 esse
2666 1997 2677 2034 :
2710 1997 2993 2051 nusquam
3026 1988 3216 2036 autem
3251 1984 3454 2048 malus,
3491 1984 3590 2054 qui
3625 1987 3898 2040 malorum

2210 2070 2611 2122 tantummodo
2670 2070 2843 2135 ultor,
2909 2086 3205 2140 nunquam
3273 2077 3469 2125 auctor
3524 2072 3735 2126 existit.
3798 2075 3895 2126 Hoc

2209 2158 2359 2210 enim
2394 2158 2556 2210 nobis
2590 2158 2659 2210 de
2687 2159 2785 2211 illo
2816 2158 3107 2228 Scriptura
3142 2159 3577 2229 diligentissime
3610 2178 3895 2216 commen-

2208 2246 2323 2311 dat,
2348 2246 2540 2299 dicens
2564 2263 2575 2300 :
2601 2266 2627 2297 ‹‹
2653 2247 2876 2300 Nemini
2900 2248 3377 2317 mandavitimpie
3396 2265 3581 2318 agere,
3608 2256 3668 2303 et
3689 2252 3893 2304 nemini

2205 2335 3092 2405 deditspatiumpeccandi(Prov.
3108 2352 3237 2405 XIX,
3255 2339 3339 2406 3);
3368 2360 3386 2385 υ
3407 2339 3705 2407 θῐςὶὶθωω
3727 2341 3794 2393 de
3818 2340 3895 2394 his

2206 2425 2304 2494 qui
2344 2429 2549 2494 putent
2579 2441 2636 2478 se
2670 2427 2779 2478 Deo
2802 2426 3137 2495 impellente
3159 2443 3391 2495 peccare
3424 2442 3435 2480 :
3463 2450 3489 2475 ‹‹
3513 2428 3788 2493 Stultitia,
3812 2429 3893 2481 in-

2206 2514 2349 2582 quit,
2402 2514 2653 2567 hominis
2702 2517 3034 2584 supplantat
3104 2531 3333 2584 gressus
3376 2516 3549 2582 illius,
3602 2522 3661 2571 et
3708 2523 3895 2571 contra

2208 2604 2385 2655 Deum
2411 2609 2598 2657 servet
2621 2604 2814 2656 animo
2837 2620 2938 2656 suo
2958 2604 3143 2673 (Prov.
3170 2620 3342 2670 XXIX,
3368 2606 3438 2669 3).
3468 2626 3489 2653 ι
3518 2606 3580 2659 Et
3603 2607 3719 2660 alio
3743 2608 3890 2659 loco:

2209 2714 2227 2737 α
2260 2691 2596 2756 lniquitates
2619 2709 2734 2745 suae
2758 2692 2994 2762 Capiunt
3014 2693 3277 2762 impium,
3304 2699 3360 2747 et
3383 2694 3615 2748 funibus
3642 2700 3894 2765 peccato-

2203 2797 2330 2834 rum
2379 2797 2612 2834 suorum
2653 2781 3064 2850 constringitur
3113 2782 3293 2850 (Prov.
3332 2798 3389 2847 v,
3423 2783 3534 2851 22).
3572 2802 3597 2832 »
3658 2784 3813 2837 Unde
3842 2788 3892 2835 et

2200 2869 2398 2923 beatus
2429 2871 2668 2923 Iacobus
2691 2873 2977 2939 apostolus
3004 2886 3235 2923 omnem
3258 2871 3487 2925 ﬁdelem
3512 2872 3581 2923 ab
3617 2871 3723 2925 hac
3751 2872 3887 2924 insa-

2130 2974 2170 3029 ρ
2201 2958 2296 3011 nia
2329 2974 2592 3011 coercens
2623 2964 2678 3011 et
2709 2959 2776 3011 ad
2807 2974 2997 3027 veram
3026 2959 3254 3027 pietatis
3284 2960 3580 3013 scientiam
3614 2961 3888 3014 reducens

2201 3048 2437 3101 sollicite
2460 3048 2748 3115 admonet,
2774 3048 2966 3101 dicens
3000 3064 3011 3101 :
3045 3068 3071 3099 ‹‹
3098 3049 3296 3111 Nemo,
3321 3064 3450 3101 cum
3475 3054 3732 3103 tentatur
3753 3048 3893 3102 dicat

2199 3136 2471 3205 quoniam
2505 3154 2537 3188 a
2566 3136 2679 3189 Deo
2715 3141 3001 3205 tentatur;
3038 3138 3186 3191 Deus
3230 3137 3381 3190 enim
3417 3138 3736 3191 intentator
3780 3155 3891 3190 ma-

2196 3225 2382 3278 lorum
2416 3230 2519 3285 est,
2544 3224 2663 3293 ipse
2682 3229 2874 3277 autem
2908 3225 3197 3279 neminem
3231 3230 3412 3280 tentet
3447 3242 3458 3278 :
3495 3227 3889 3296 unusquisque

2198 3317 2386 3365 autem
2411 3318 2663 3365 tentatur
2689 3329 2720 3365 a
2740 3313 3225 3382 concupiscientia
3254 3329 3354 3366 sua
3386 3314 3709 3367 abstractus
3738 3321 3793 3367 et
3818 3315 3887 3367 il-

2193 3399 2393 3466 lectus;
2418 3401 2548 3453 dein
2572 3401 3051 3471 concupiscentia,
3078 3418 3209 3455 cum
3232 3401 3579 3472 conceperit,
3602 3403 3891 3473 paritpec-

2195 3494 2383 3543 catum
2416 3505 2428 3543 ε
2464 3494 2755 3559 peccatum
2789 3506 2921 3543 vero
2936 3506 3066 3543 cum
3085 3498 3543 3543 consummatum
3572 3490 3767 3553 fuerit,
3801 3506 3888 3560 ge-

2197 3584 2358 3630 nerat
2389 3584 2650 3631 mortem.
2688 3598 2714 3627 »
2748 3579 2932 3648 Igitur
2959 3579 3329 3649 omnipotens
3358 3581 3501 3633 Deus
3535 3579 3893 3648 przescientia

2195 3683 2295 3719 sua
2321 3681 2455 3735 erga
2484 3667 2755 3735 reprobos
2785 3666 3064 3735 praevidit,
3090 3667 3242 3736 quod
3275 3683 3469 3720 verum
3496 3672 3579 3719 est
3614 3684 3629 3720 :
3662 3684 3760 3721 eos
3792 3667 3891 3720 sci-

2193 3756 2341 3818 licet,
2375 3770 2491 3807 non
2512 3771 2613 3808 suo
2637 3756 2913 3825 impulsu,
2940 3755 3037 3808 sed
3062 3756 3295 3825 proprio
3321 3755 3456 3808 vitio
3494 3754 3889 3824 impietatibus

2193 3849 2670 3915 perseveraturos.
2728 3844 3232 3898 Praedestinatione
3278 3861 3379 3898 sua
3427 3843 3647 3909 statuit,
3704 3850 3761 3896 et
3798 3844 3891 3897 de-

2191 3933 2385 3998 crevit,
2438 3933 2588 4002 quod
2655 3932 2876 4001 justum
2926 3939 3029 4000 est,
3075 3933 3306 3986 eosdem
3370 3932 3633 3985 videlicet
3683 3938 3891 3985 aeterno

2192 4020 2474 4091 supplicio
2510 4022 2811 4090 perituros.
2862 4022 2991 4077 Haec
3033 4022 3246 4076 etenim
3298 4021 3473 4088 mala,
3516 4020 3573 4074 id
3622 4027 3731 4085 est,
3781 4036 3890 4074 non

2191 4126 2257 4164 ea
2290 4126 2417 4180 quae
2447 4110 2556 4179 ipsi
2586 4112 2840 4165 volentes
2877 4111 3113 4177 faciunt,
3149 4111 3245 4164 sed
3279 4127 3402 4180 qua:
3437 4125 3539 4179 pro
3588 4111 3758 4163 malis
3788 4110 3888 4163 fac.

2191 4198 2264 4251 tis
2322 4198 2439 4252 suis
2490 4201 2745 4253 nolentes
2800 4200 3113 4270 patientur,
3175 4204 3231 4252 et
3283 4198 3721 4269 praedestinavit
3782 4198 3887 4251 illis

390 4306 520 4360 quae
549 4306 665 4343 sua:
694 4290 988 4360 potestatis
1027 4288 1295 4341 violentia
1339 4288 1463 4340 tieri
1495 4287 1885 4355 compulisset.
1921 4287 2082 4351 Quod
2122 4274 2165 4326 D
2198 4289 2344 4341 Deus
2369 4288 2592 4357 justitia
2622 4305 2721 4342 sua
2750 4292 2804 4342 et
2848 4287 3083 4342 omnino
3123 4289 3387 4341 illaturus
3425 4293 3511 4340 est
3536 4287 3699 4355 justo
3728 4287 3887 4355 judi-

391 4394 565 4449 quam
615 4379 917 4432 horrendae
954 4376 1027 4429 sit
1057 4376 1428 4445 blasphemiae
1465 4375 1651 4428 dicere
1693 4377 1778 4428 vel
1816 4377 2080 4446 cogitare,

392 4468 579 4521 omnis
624 4467 752 4536 pius
782 4466 966 4519 ﬁdelis
996 4464 1265 4533 intelligit
1297 4481 1308 4517 :
1346 4481 1448 4517 suo
1494 4479 1626 4532 ergo
1658 4465 1791 4517 vitio
1834 4464 1997 4533 impii
2030 4470 2085 4518 et

388 4555 573 4625 iniqui
616 4557 673 4608 in
728 4556 891 4607 malis
939 4556 1055 4607 suis
1100 4552 1469 4623 pertinaciter
1518 4558 1902 4623 perseverant,
1964 4569 2080 4606 non

390 4646 584 4714 aliquo
618 4644 717 4697 Dei
748 4642 1098 4713 preejudicio,
1129 4642 1228 4713 qui
1270 4642 1524 4711 quotidie
1565 4658 1762 4694 omnes
1794 4642 1861 4695 ad
1895 4642 2079 4708 posin-

388 4734 627 4788 tentiam
659 4738 839 4797 vocat,
869 4738 925 4785 et
954 4732 1023 4785 ad
1067 4734 1306 4785 salutem
1338 4731 1558 4793 invitat,
1608 4736 1663 4783 et
1693 4731 1979 4784 conversis
2010 4732 2076 4784 ad

390 4840 448 4877 se
489 4823 895 4877 misericordia:
946 4838 1062 4874 suae
1115 4823 1304 4873 sinum
1354 4820 1574 4890 pandit,
1628 4826 1684 4873 et
1732 4820 2083 4873 incessanter

388 4913 663 4967 declinari
697 4930 727 4965 a
762 4913 927 4965 malis
958 4916 1013 4963 et
1043 4910 1168 4964 ﬁeri
1208 4910 1355 4962 bona
1406 4910 1665 4962 hortatur
1706 4915 1761 4961 et
1792 4910 2083 4974 admonet,

387 5003 579 5059 dicens
615 5019 626 5056 :
665 5003 943 5056 «Declina
970 5017 1003 5053 a
1038 5000 1209 5065 malo,
1244 5004 1299 5051 et
1323 4999 1409 5051 fac
1432 4998 1641 5051 bonum
1675 4999 1837 5067 (Psal.
1870 5012 2082 5062 xxxvi,

2194 4376 2279 4430 cio
2309 4393 2432 4430 suo.
2467 4378 2573 4441 Qui
2616 4377 2910 4431 verissime
2957 4377 3164 4430 talibus
3199 4376 3608 4442 comminatur,
3642 4376 3839 4430 dicens
3872 4391 3884 4427 :

2199 4488 2218 4513 α
2255 4466 2626 4534 Congregabo
2662 4482 2834 4535 super
2862 4482 2954 4519 eos
2987 4467 3155 4528 mala,
3189 4471 3245 4518 et
3275 4466 3511 4535 sagittas
3547 4481 3706 4518 meas
3738 4481 3884 4517 com-

2190 4555 2358 4624 plebo
2410 4554 2467 4606 in
2516 4554 2596 4606 eis
2647 4552 2820 4624 (Deut.
2878 4570 3036 4619 xxu,
3088 4556 3211 4621 23);
3242 4575 3262 4601 ι
3318 4560 3375 4607 et
3416 4553 3667 4607 iterum:
3721 4574 3747 4602 α
3778 4554 3883 4606 Ad-

2193 4644 2397 4695 ducam
2451 4660 2623 4712 super
2666 4660 2761 4696 eos
2805 4645 2970 4703 mala.
3006 4659 3222 4696 annum
3286 4642 3632 4696 visitationis
3683 4658 3883 4696 eorum

2194 4731 2317 4795 (Jer.
2351 4746 2554 4798 xxx“,
2592 4732 2700 4797 12).
2728 4752 2754 4781 ››
2780 4729 3185 4802 [Reddetenim
3210 4730 3447 4784 omnino
3474 4732 3642 4797 Deus,
3672 4738 3733 4784 ut
3758 4734 3886 4783 bea-

2193 4826 2286 4874 tus
2318 4820 2673 4889 Augustinus
2705 4820 3082 4873 sincerissime
3127 4826 3180 4872 et
3224 4820 3571 4873 lucidissime
3618 4821 3807 4885 docet,
3840 4823 3889 4872 et

2199 4910 2349 4962 mala
2390 4926 2491 4979 pro
2526 4908 2712 4971 malis,
2767 4908 3037 4978 quoniam
3080 4910 3268 4977 justus
3315 4913 3433 4973 est;
3489 4915 3546 4962 et
3595 4910 3751 4962 bona
3791 4924 3889 4978 pro

2199 4997 2384 5061 malis,
2415 4997 2685 5066 quoniam
2732 4996 2912 5049 bonus
2947 5001 3029 5049 est
3056 5016 3069 5062 ;
3100 5001 3156 5049 et
3202 4996 3351 5050 bona
3380 5012 3485 5066 pro
3514 4996 3707 5061 bonis,
3746 5012 3889 5067 quo-

1452 5121 1648 5177 ΝΟΤᾹΞ
1690 5120 2023 5176 DUVALLII
2069 5118 2406 5175 DOCTORIS
2444 5118 2833 5174 SOBBONICI.

384 5255 556 5309 modo
610 5257 695 5305 est
738 5249 910 5303 etiam
961 5263 1128 5300 causa
1166 5246 1475 5316 praecipua,
1530 5261 1630 5313 per
1668 5245 1933 5297 virtutem
1972 5242 2079 5296 sibi

385 5323 899 5395 supernaturaliter
942 5318 1209 5395 infusam,
1256 5323 1486 5395 actuum
1532 5317 1890 5395 internorum
1920 5316 2073 5373 titlei,

386 5387 506 5463 spei
539 5403 594 5448 et
624 5392 937 5447 cliaritatis.
972 5390 1218 5459 Ideoque
1263 5388 1570 5464 dicendum
1610 5392 1692 5438 est
1735 5387 2074 5464 Lugdunen-

385 5458 504 5518 sem
566 5466 863 5519 Ecclesiam
919 5478 1021 5532 per
1073 5458 1299 5513 causam
1360 5460 1708 5528 praecipuam
1755 5458 2074 5526 intelligere

382 5536 718 5605 primariam
751 5551 846 5587 seu
881 5532 1383 5605 independentem.

454 5615 475 5640 ³
508 5606 715 5659 Notent
743 5599 1065 5658 Calvinistaa
1097 5602 1442 5656 horrendam
1473 5599 1908 5669 blasphemiam,
1961 5613 2073 5668 qua

2192 5242 2368 5295 Deum
2430 5248 2715 5296 auctorem
2771 5247 3137 5313 peccatorum
3188 5242 3422 5307 faciunt,
3481 5243 3572 5297 hic
3625 5259 3891 5314 expresse

2189 5315 2582 5377 condemnari,
2616 5321 2673 5367 et
2704 5314 3265 5383 praedestinationem
3298 5320 3521 5367 tantum
3568 5331 3710 5383 erga
3744 5316 3894 5368 bona

2187 5400 2360 5453 Opera
2392 5386 2582 5451 statui,
2617 5394 2733 5456 aut
2756 5386 2954 5438 saltem
2986 5400 3117 5456 erga
3158 5400 3355 5456 pcenas
3382 5394 3644 5447 aeternas,
3682 5386 3893 5456 quibus

2185 5471 2313 5535 vere
2340 5455 2578 5577 digqpm
2628 5460 2682 5509 et
2715 5455 2941 5525 justum
2971 5462 3055 5509 est
3093 5455 3300 5524 impios
3340 5455 3401 5509 in
3432 5455 3737 5526 impietate
3770 5472 3889 5509 mo-

2185 5532 2396 5577 rientes
2425 5542 2454 5577 a
2502 5526 2591 5577 ici.

2185 5527 2396 5580 rientcs
2425 5526 2591 5579 aftici.
