4048 6170
152 283 238 330 997
1338 276 1543 331 LIBER
1586 278 1674 332 DE
1716 278 1965 334 TRIHUS
2006 281 2381 335 EPISTOLIS.

3524 293 3628 346 998

151 409 288 460 niam
317 406 498 459 bonus
529 411 581 458 et
606 407 793 474 justus
819 409 918 458 est.
944 406 1362 460 Tantummodo
1397 407 1547 460 mala
1572 396 1810 477 probo-
1849 416 1893 466 A
1924 410 2051 476 sito,
2086 410 2467 480 prasscientia,
2516 417 2573 466 et
2622 413 3150 482 praedestinatione,
3214 419 3509 474 vocatione
3571 427 3629 476 et

152 496 230 548 nis
249 510 359 547 non
391 494 608 560 reddet,
642 493 914 563 quoniam
946 495 1190 562 injustas
1221 511 1336 548 non
1371 499 1473 548 est.
1506 497 1712 550 Reddit
1740 515 1826 552 er-

149 601 210 655 go
238 584 381 636 mala
403 599 506 652 pro
538 583 723 646 malis,
776 598 1002 651 pugnam
1044 599 1145 653 pro
1184 583 1482 652 injustitia,
1533 590 1589 637 et
1640 587 1827 640 reddit

148 674 280 726 bona
308 687 409 740 pro
449 671 632 736 malis,
666 671 907 740 gratiam
941 687 1043 740 pro
1083 671 1384 740 injustitia,
1422 677 1478 725 et
1510 673 1696 727 reddit
1727 675 1826 728 bo-

147 776 210 815 na
238 776 336 830 pro
365 759 549 825 bonis,
587 760 826 828 gratiam
864 776 964 829 pro
986 760 1212 828 gratia.]
1244 760 1352 824 Qui
1402 777 1537 830 ergo
1570 763 1690 815 haac
1724 779 1822 816 au-

146 850 238 916 dit,
271 849 400 919 quid
448 849 617 902 habet
659 849 812 902 unde
856 850 1283 919 conqueratur?
1317 852 1429 903 Aut
1459 851 1599 920 quid
1653 852 1704 904 ei
1735 868 1817 905 re-

145 944 273 992 stat:
307 937 415 990 nisi
450 944 514 990 ut
543 944 762 991 terrore
783 938 920 1008 justi
948 937 1150 1006 judicii
1182 939 1300 1005 Dei,
1329 955 1442 1009 quo
1467 956 1828 1010 perseveran-

146 1032 220 1080 tes
245 1027 300 1080 in
331 1026 496 1079 malis
549 1026 664 1079 suis
693 1025 901 1095 punire
933 1026 1197 1093 decrevit,
1231 1027 1353 1096 ipse
1385 1044 1416 1080 a
1456 1029 1620 1082 malis
1650 1029 1822 1082 corri-

145 1119 317 1185 gatur,
372 1131 445 1168 ne
495 1130 624 1168 cum
682 1114 794 1167 illis
843 1114 942 1185 qui
993 1115 1409 1184 incorrigibiles
1466 1122 1823 1186 permanent,

143 1204 418 1273 puniatur.
453 1205 534 1256 Ita
578 1203 749 1256 timor
773 1203 915 1271 justi
940 1203 1143 1273 judicii
1191 1203 1288 1257 Dei
1319 1221 1454 1275 erga
1493 1205 1739 1275 iniquos,
1774 1210 1829 1259 et

144 1293 334 1362 impios
378 1292 721 1361 puniendos,
773 1291 993 1345 nemini
1035 1292 1271 1345 omnino
1321 1299 1406 1346 est
1454 1295 1678 1359 noxius,
1731 1294 1827 1348 sed

144 1381 263 1444 illis,
313 1381 409 1450 qui
441 1396 545 1449 per
602 1395 736 1434 eum
792 1380 1160 1449 corriguntur
1197 1381 1492 1435 verissime
1552 1382 1828 1451 probatur

144 1501 251 1537 esse
281 1485 543 1538 salubris.

809 1574 1034 1628 CAPUT
1075 1575 1136 1627 ν.

759 1696 896 1733 REGU
907 1697 968 1732 LA
1008 1696 1168 1733 SEXTA
1180 1720 1190 1730 .

142 1789 220 1840 Ea:
278 1801 334 1838 re
391 1787 552 1839 etiam
611 1788 725 1840 sine
766 1786 944 1838 verbis
1006 1785 1361 1851 intelligenda
1422 1787 1479 1838 in
1527 1787 1828 1854 Scripturis

202 1859 540 1926 przscientia
587 1863 637 1909 et
690 1857 1099 1924 przdestinutio
1150 1857 1302 1909 nulla
1360 1855 1496 1909 bona
1549 1871 1711 1925 Ope-ra
1761 1873 1828 1910 ea:

205 1930 366 1994 nobis,
403 1928 582 1980 sede-.1:
615 1928 745 1994 Deo,
784 1931 1012 1995 ipsaque
1056 1927 1449 1994 praedestinata
1480 1928 1664 1994 (Rom.
1710 1945 1824 1994 vni,

204 2000 308 2067 29).

205 2104 364 2158 Sexta
409 2104 606 2173 regula
645 2108 729 2156 est
779 2102 987 2157 divinae
1041 2101 1414 2173 praescientia:
1447 2107 1497 2156 et
1531 2104 1826 2173 praedesti-

143 2193 371 2246 nationis
403 2207 413 2245 :
451 2215 476 2240 ‹‹
509 2193 576 2246 Ut
612 2192 672 2244 in
713 2192 919 2244 divinis
967 2191 1272 2262 Scripturis
1313 2208 1676 2262 nequaquam
1719 2194 1827 2247 hoc

143 2282 428 2352 pueriliter
476 2286 788 2350 quaeratur,
833 2281 918 2332 vel
954 2280 1231 2350 exigatur,
1268 2285 1325 2333 ut
1354 2281 1432 2333 ibi
1467 2281 1826 2336 solummodo

140 2371 480 2438 intelligatur
527 2369 718 2422 divina
766 2368 1142 2440 przescientia,
1210 2368 1297 2422 vel
1353 2369 1822 2438 praedestinatio:

145 2458 227 2511 ubi
254 2459 372 2511 base
407 2458 530 2528 ipsa
573 2458 810 2510 nomina
842 2457 1235 2526 prmscientim,
1278 2462 1333 2508 et
1365 2457 1822 2526 praedestinatio-

143 2548 239 2606 nis,
271 2563 538 2616 expresse
571 2552 626 2599 et
653 2547 885 2616 proprie
917 2545 1100 2615 posita
1140 2545 1549 2599 inveniuntur:
1585 2547 1728 2600 sicut
1759 2563 1824 2600 eo

142 2637 272 2700 loco,
307 2636 406 2689 ubi
437 2637 740 2706 Apostolus
779 2634 946 2688 dicit:
987 2655 1008 2681 α
1070 2635 1207 2687 Nam
1259 2650 1403 2703 quos
1455 2635 1741 2704 prmscivit
1770 2641 1828 2689 et

148 2745 165 2771 ι
204 2724 627 2793 praedestinavit
659 2724 980 2777 conformes
1023 2723 1148 2776 ﬁeri
1193 2723 1459 2793 imaginis
1507 2724 1632 2778 Filii
1681 2724 1822 2778 divi-

146 2835 167 2858 »
203 2830 281 2865 nae
315 2814 424 2867 sui.
480 2837 503 2859 ι)
537 2813 642 2867 Sed
693 2812 1018 2881 ubicunque
1070 2828 1156 2864 res
1196 2811 1317 2880 ipsa
1368 2812 1622 2881 ejusdem
1673 2830 1825 2883 pra:-

144 2902 404 2963 scientize,
444 2906 502 2954 et
544 2899 1064 2970 praedestinationis
1095 2900 1407 2952 certissime
1437 2901 1640 2970 posita,
1681 2901 1823 2971 legi-

144 2994 245 3053 tur,
273 2989 714 3060 praascientiam,
751 2995 807 3041 et
837 2988 1400 3058 praedestinationem
1431 2988 1613 3058 ipsam
1658 2988 1822 3042 intel-

143 3078 421 3148 ligendam
455 3095 574 3131 esse
606 3077 844 3130 minime
875 3077 1221 3130 dubitemus.
1259 3098 1278 3124 ο
1313 3078 1452 3130 Nam
1486 3077 1824 3146 si,pr0prie-

143 3170 272 3219 tates
311 3167 566 3236 ipsorum
596 3166 894 3218 nominum
918 3164 1282 3234 requiramus
1304 3181 1589 3235 nusquam
1620 3165 1678 3218 in
1709 3165 1823 3218 illis

145 3254 476 3308 testimoniis
509 3253 874 3322 propheticis,
902 3269 1029 3322 quae
1062 3269 1166 3322 pro
1199 3251 1379 3322 ipsius
1428 3253 1823 3322 prmscientiaa,

144 3349 192 3397 et
241 3342 761 3414 praedestinationis
813 3341 1309 3396 commendatione
1358 3341 1415 3394 in
1473 3342 1722 3411 Epistola
1754 3341 1824 3395 ad

144 3432 416 3486 Romanos
461 3431 719 3497 assumit,
755 3436 810 3483 et
860 3429 1132 3501 proponit
1177 3431 1500 3498 Apostolus,
1543 3430 1629 3482 vel
1675 3446 1822 3499 prm-

144 3521 380 3588 scientia,
418 3522 503 3574 vel
553 3518 974 3591 praedestinatio
1020 3517 1381 3583 nominatur;
1426 3521 1480 3571 et
1513 3524 1703 3570 tamen
1736 3535 1824 3571 res

142 3609 250 3678 ipsa
284 3611 341 3663 in
387 3610 471 3663 eis
515 3615 629 3662 tam
663 3610 829 3674 clare,
862 3613 916 3660 et
943 3606 1240 3677 perspicue
1282 3607 1727 3674 demonstratur,
1765 3611 1826 3661 ut

142 3698 203 3752 de
232 3714 292 3752 ea
324 3698 544 3752 nemini
586 3698 840 3751 fidelium
873 3696 1038 3749 liceat
1071 3695 1353 3749 dubitare.

205 3787 504 3840 Primum:
576 3787 832 3856 Namque
889 3785 1148 3854 ipsorum
1201 3782 1664 3836 testimoniorum
1716 3787 1818 3850 est,

143 3894 164 3922 σ
203 3875 339 3938 Quia
375 3875 564 3944 major
600 3873 807 3928 serviet
839 3872 1069 3926 minori.
1118 3891 1144 3922 ››
1187 3871 1507 3925 Secundum
1538 3887 1549 3924 :
1597 3890 1622 3920 ι(
1653 3871 1821 3926 Iacob

141 3962 318 4028 dilexi,
347 3965 486 4017 Esau
519 3966 707 4016 autem
732 3962 862 4015 odio
888 3960 1063 4015 habui
1087 3960 1238 4024 (Gen.
1271 3975 1405 4025 xxv;
1438 3961 1589 4013 Rom.
1615 3977 1692 4024 1x,
1723 3962 1818 4025 l3;

141 4053 260 4105 Mal.
292 4053 348 4117 ι).
388 4075 407 4099 ι
464 4051 754 4104 Tertium:
795 4072 822 4099 ‹‹
877 4049 1201 4114 Miserebor,
1252 4047 1343 4100 cui
1393 4047 1724 4113 miserebor,
1767 4053 1825 4100 et

142 4140 581 4193 misericordiam
673 4138 975 4209 praastabo,
1072 4138 1161 4190 cui
1245 4136 1569 4190 misericors
1662 4136 1822 4190 fuero

143 4229 322 4294 (Exod.
429 4245 617 4296 xxxm,
720 4227 825 4297 19).
869 4247 895 4277 ι)
973 4227 1288 4290 Quartum:
1344 4245 1368 4274 «
1449 4226 1594 4278 Dicit
1667 4226 1822 4278 enim

143 4319 424 4391 Scriptura
483 4319 781 4385 Pharaoni,
836 4318 969 4389 quia
1048 4317 1106 4370 in
1166 4317 1275 4371 hoc
1331 4318 1521 4388 ipsum
1582 4317 1819 4371 excitavi

139 4412 206 4474 te,
268 4415 330 4462 ut
378 4409 677 4462 ostendam
721 4407 778 4460 in
831 4412 885 4460 te
932 4407 1202 4459 virtutem
1248 4423 1434 4460 meam
1486 4412 1542 4459 et
1589 4422 1816 4458 annun-

137 4500 299 4551 tietur
329 4513 541 4552 nomen
601 4513 792 4550 meum
850 4497 907 4548 in
976 4495 1240 4548 universa
1301 4500 1453 4547 terra
1513 4493 1814 4563 (ECCOd.lX,

139 4589 415 4654 16;Rom.
453 4602 525 4649 1x,
577 4586 677 4656 l7).
719 4606 738 4632 ι
787 4585 852 4638 Et
899 4584 977 4637 sic
1028 4590 1096 4637 ex‘
1142 4584 1339 4636 ordine
1396 4590 1600 4636 cratera
1635 4598 1817 4652 usque

135 4675 195 4727 ad
228 4693 356 4729 eum
390 4677 576 4729 locum
610 4675 708 4728 ubi
739 4674 853 4726 ait:
901 4694 926 4724 ς(
962 4673 1251 4728 Conclusit
1302 4672 1455 4724 enim
1507 4673 1656 4724 iieus
1687 4687 1818 4724 om-

133 4763 221 4817 nia
251 4765 355 4818 sub
397 4765 647 4834 peccato,
703 4767 764 4815 ut
819 4761 1078 4814 omnium
1137 4761 1472 4814 misereatur
1533 4762 1703 4828 (Rom.
1737 4775 1814 4824 xv,

133 4853 231 4919 3‘2}.
267 4872 293 4903 ι)
326 4854 386 4906 In
421 4853 626 4922 quibus
680 4851 968 4916 omnibus,
1009 4854 1070 4902 ut
1103 4850 1315 4903 dictum
1373 4852 1474 4912 est,
1533 4863 1816 4917 nusquam

131 4956 328 4994 nomen
353 4941 750 5012 prazscientizr,
784 4955 1064 5009 nusquam
1089 4937 1609 5009 preedestinationis
1637 4940 1816 4989 sonat.

131 5030 190 5081 Et
220 5037 415 5084 tamen
465 5031 586 5099 ipsa
633 5029 768 5083 ﬁdei
811 5029 1088 5097 religione
1131 5027 1532 5096 compellimur
1587 5026 1817 5078 credere

130 5119 396 5187 Apostolo
427 5116 551 5171 haec
581 5118 774 5171 omnia
806 5118 874 5170 de
900 5116 1259 5186 praescientia
1281 5121 1334 5168 et
1359 5114 1815 5184 praedestinatio-

132 5221 195 5258 ne
226 5209 526 5275 utriusque
557 5205 734 5276 partis
777 5211 892 5257 tam
952 5205 1262 5258 electorum
1317 5203 1595 5269 videlicet,
1643 5218 1815 5272 quam

135 5297 527 5365 reproborum,
559 5295 788 5348 illorum
844 5294 911 5347 ad
947 5293 1209 5358 salutem,
1257 5291 1492 5344 istorum
1545 5291 1615 5344 ad
1651 5292 1817 5344 dam-

133 5386 417 5438 nationem
478 5382 820 5452 intelligenti
851 5387 1024 5452 atque
1055 5379 1296 5434 docenti.
1333 5379 1468 5443 Quae
1517 5379 1612 5433 ille
1661 5384 1818 5432 tanta

134 5475 461 5526 auctoritate
495 5478 548 5525 et
589 5471 857 5525 firmitate
889 5469 1178 5539 proponit,
1229 5474 1293 5521 ut
1335 5467 1616 5538 quidquid
1649 5467 1818 5535 paulo

132 5562 388 5630 superius
420 5567 548 5615 ante
576 5560 696 5614 haec
725 5558 1051 5614 testimonio
1081 5558 1150 5612 de
1183 5563 1399 5612 aeterno
1452 5556 1549 5610 Dei
1606 5572 1818 5626 propo-

1933 499 2226 565 electione,
2271 499 2704 570 justiﬁcatione,
2758 510 2816 555 et
2872 504 3632 578 gloriﬁcationedocuerat,

1935 591 1992 639 et
2024 587 2178 657 quod
2210 593 2406 658 postea
2455 588 2522 641 de
2556 591 2819 643 Gentium
2855 592 3037 645 salute
3071 598 3126 646 et
3172 595 3500 650 Judaeorum
3533 599 3631 652 ob-

1933 676 2238 729 czecatione
2305 684 2736 744 commemorat,
2800 678 3010 732 eisdem
3087 680 3223 749 ipsis
3293 683 3635 739 testimoniis

1933 763 2283 817 sufﬁcienter
2341 769 2510 834 atque
2581 765 2872 820 evidenter
2950 783 3008 822 se
3077 769 3511 836 demonstrasse,
3576 777 3631 828 et

1935 853 2337 920 comprobasse
2367 853 2521 906 credi
2552 854 2701 906 velit.

2006 942 2138 993 Tale
2164 946 2248 994 est
2277 946 2331 994 et
2365 941 2527 1006 illud,
2561 943 2716 1012 quod
2757 959 2822 996 ex
2855 944 3042 997 verbis
3073 945 3328 1015 ejusdem
3379 949 3634 1018 Apostoli

1934 1028 2135 1082 beatus
2177 1029 2532 1095 Augustinus
2581 1031 2648 1083 ad
2691 1031 3064 1100 probandam,
3114 1039 3169 1086 et
3229 1036 3631 1090 commendan-

1934 1117 2062 1168 dam
2087 1116 2338 1170 divinam
2372 1117 2615 1186 gratiam
2661 1123 2716 1171 et
2746 1119 3312 1187 prmdestinationem
3341 1124 3630 1194 proponit,

1933 1205 2125 1260 dicens
2189 1206 2274 1272 (de
2328 1206 2586 1259 Praedest.
2638 1208 2822 1262 Sanct.
2886 1224 3011 1278 cap.
3068 1213 3202 1272 lO):
3266 1212 3446 1280 [Quod
3499 1230 3633 1284 ergo

1935 1294 2016 1347 ait
2070 1295 2415 1364 Apostolus:
2464 1316 2486 1343 ε
2541 1295 2724 1365 Ipsius
2789 1296 2943 1350 enim
3003 1314 3201 1352 sumus
3269 1300 3630 1370 figmentum,

1935 1383 2109 1435 creati
2141 1383 2199 1435 in
2232 1383 2444 1438 Christo
2473 1385 2623 1449 Jesu,
2676 1384 2734 1437 in
2785 1385 3054 1455 operibus
3093 1387 3258 1439 bonis
3291 1410 3310 1434 »
3349 1390 3514 1458 (Eph.
3573 1408 3631 1458 ιι,

1937 1473 2048 1541 10),
2083 1472 2267 1540 gratia
2295 1476 2418 1538 est;
2454 1473 2608 1542 quod
2639 1477 2831 1526 autem
2861 1474 3122 1544 sequitur
3153 1481 3209 1529 et
3236 1477 3400 1531 dicit:
3441 1500 3467 1525 ‹‹
3499 1479 3635 1542 Qum

1933 1560 2278 1629 praeparavit
2298 1561 2458 1613 ‘Deus
2487 1565 2551 1613 ut
2573 1561 2934 1614 ambulemus
2964 1563 3019 1615 in
3056 1564 3165 1616 illis
3194 1565 3404 1632 (Ib-id),
3437 1585 3465 1616 »
3496 1583 3635 1636 prte-

1935 1647 2240 1701 destinatio
2269 1649 2397 1717 est.]
2430 1649 2592 1703 Certe
2621 1649 2774 1703 enim
2820 1667 3008 1720 neque
3039 1651 3098 1704 in
3148 1654 3258 1705 hoc
3299 1653 3632 1710 testimonio

1938 1738 2248 1806 apostolico
2302 1754 2511 1791 nomen
2561 1739 2784 1807 gratim,
2833 1740 2918 1792 vel
2982 1740 3497 1810 praedestinationis
3539 1761 3630 1797 so-

1937 1831 2072 1891 nat;
2109 1831 2164 1879 et
2197 1828 2389 1878 tamen
2447 1842 2534 1879 res
2589 1828 2712 1896 ipsa
2755 1828 2954 1895 gratiae
2999 1833 3054 1881 et
3110 1829 3633 1898 prwdeslinationis

1937 1913 2402 1968 manifestissime
2435 1915 2859 1985 comprobatur.
2913 1905 3050 1980 Qua:
3082 1918 3232 1970 enim
3280 1919 3628 1974 manifestior

1937 2018 2027 2054 res
2059 2004 2278 2072 gratias,
2314 2019 2484 2072 quam
2536 2004 2688 2072 quod
2740 2020 2805 2056 ex
2860 2004 3024 2057 nobis
3070 2007 3226 2058 nulla
3275 2007 3424 2060 bona
3459 2024 3632 2078 opera

1936 2092 2260 2146 habemus?
2289 2094 2384 2146 sed
2421 2093 2617 2162 ipsius,
2653 2093 2708 2148 id
2740 2098 2825 2148 est
2866 2115 2893 2141 «
2936 2094 3036 2148 Dei
3079 2112 3276 2149 sumus
3311 2118 3330 2143 ››
3384 2098 3627 2166 speciale

1943 2203 1961 2228 ε
2007 2180 2345 2251 ﬁgmentum
2392 2182 2568 2234 creati
2600 2183 2657 2235 in
2691 2183 2915 2236 Christo
2944 2183 3071 2236 Jesu
3122 2185 3177 2236 in
3220 2186 3488 2254 operibus
3529 2186 3630 2240 bo-

1938 2268 2042 2321 nis.
2075 2287 2102 2318 »
2140 2271 2201 2322 Et
2231 2285 2359 2338 quae
2402 2270 2720 2323 evidentior
2763 2287 2850 2324 res
2880 2272 3419 2340 przedestinationis,
3457 2291 3629 2344 quam

1937 2357 2085 2427 quod
2117 2357 2236 2410 haec
2267 2357 2391 2428 ipsa
2427 2359 2571 2410 bona
2605 2375 2797 2428 opera,
2859 2375 2974 2412 non
3020 2361 3204 2413 solum
3247 2361 3304 2413 in
3361 2365 3628 2431 prmsenti

1935 2462 2039 2515 per
2071 2447 2313 2515 gratiam
2337 2463 2498 2500 suam
2525 2447 2692 2501 nobis
2726 2447 2974 2515 donavit,
3009 2450 3102 2502 sed
3137 2451 3308 2503 etiam
3331 2451 3388 2502 in
3418 2456 3630 2506 aeterna

1936 2533 2444 2603 praedestinatione
2486 2550 2587 2586 sua
2617 2551 2628 2587 :
2669 2553 2694 2584 «
2729 2537 3076 2604 Praeparavit
3109 2537 3272 2598 Deus,
3320 2544 3383 2590 ut
3413 2539 3469 2591 in
3515 2539 3628 2592 illis

1938 2621 2379 2674 ambulemus.»
2446 2623 2777 2690 [Caveamus
2809 2624 3016 2694 itaque,
3065 2631 3127 2677 ut
3183 2625 3380 2678 beatus
3436 2627 3629 2681 Hiero-

1938 2727 2143 2780 nymus
2175 2711 2422 2780 quodam
2468 2710 2591 2764 loco
2641 2711 2929 2777 admonet,
2966 2712 3026 2765 in
3069 2711 3376 2783 Scripturis
3432 2732 3630 2785 super-

1937 2798 2217 2850 stitiosam
2249 2797 2688 2867 intelligentiam
2719 2815 2731 2850 :
2763 2800 2824 2851 Et
2854 2799 2999 2851 banc
3029 2801 3400 2868 apostolicam
3433 2810 3630 2858 aucto-

1937 2886 2186 2950 ritatem,
2221 2902 2332 2956 qua
2364 2902 2480 2938 non
2513 2886 2767 2949 nomina,
2805 2888 2898 2940 sed
2935 2904 3022 2939 res
3051 2887 3202 2956 ipsas
3245 2889 3452 2942 divinae
3479 2907 3631 2959 pras-

1936 2974 2184 3027 scientize
2218 2979 2270 3027 et
2301 2974 2818 3043 praedestinationis
2854 2992 2956 3028 suo
2993 2977 3253 3046 exemplo
3286 2978 3450 3030 nobis
3473 2994 3630 3048 quas-

1934 3062 2164 3129 rendas,
2214 3069 2268 3115 et
2294 3061 2572 3114 tenendas
2622 3061 2814 3115 docuit
2869 3068 3146 3132 quantum
3195 3081 3502 3133 possumus
3531 3066 3629 3118 fir-

1935 3150 2210 3214 missime,
2245 3154 2301 3202 et
2347 3148 2699 3214 ﬁdelissime,
2733 3154 2847 3202 tam
2904 3151 2962 3203 in
2990 3152 3352 3221 evangelicis,
3386 3157 3443 3205 et
3490 3168 3626 3221 apo-

1935 3236 2166 3301 stolicis,
2229 3253 2401 3306 quam
2451 3237 2623 3290 etiam
2676 3237 2735 3289 in
2789 3238 3136 3308 propheticis
3207 3239 3370 3294 dictis
3418 3256 3628 3310 sequa-

1933 3326 2108 3394 mut]

2609 3450 2831 3504 CAPUT
2875 3453 2955 3504 Vl.

2537 3570 2745 3610 REGULA
2783 3573 2999 3611 SEPTIMA
3012 3598 3021 3608 .

1933 3682 2234 3734 Electorum
2282 3680 2463 3732 nullus
2511 3683 2691 3748 perire
2751 3685 2946 3749 potest.
3005 3683 3078 3734 De
3140 3683 3385 3750 reprobis
3443 3686 3627 3740 nullus

2003 3752 2266 3874 saltuatur.
2302 3751 2409 3805 Cur
2438 3752 2649 3805 salvari
2679 3766 2784 3804 non
2825 3756 3050 3820 possunt
3101 3753 3336 3821 reprobi.
3385 3753 3466 3807 De
3492 3772 3625 3824 par-

2000 3837 2071 3873 vu
2098 3836 2161 3874 ιε.

2005 3964 2258 4034 Septima
2303 3964 2502 4032 regula
2551 3967 2633 4016 est
2690 3963 2866 4034 ipsius
2897 3965 3105 4018 divinae
3166 3966 3542 4034 praescientiaz
3573 3973 3628 4022 et:

1934 4050 2495 4122 praedestinationis:
2555 4071 2580 4100 «
2613 4052 2682 4104 Ut
2724 4067 2910 4122 neque
2951 4052 3021 4105 de
3064 4054 3255 4106 electis
3295 4054 3395 4108 Dei
3442 4056 3625 4109 ullum

1933 4140 2120 4210 perire
2178 4155 2339 4208 posse
2371 4139 2693 4208 credamus,
2726 4156 2914 4210 neque
2967 4140 3035 4194 de
3066 4142 3323 4211 reprobis
3374 4143 3625 4214 aliquem

1933 4228 2135 4282 salvari
2167 4228 2454 4280 ullatenus
2485 4226 2896 4281 existimemus.
2933 4250 2959 4277 »
3000 4230 3118 4282 Non
3159 4231 3292 4300 quia
3342 4246 3457 4284 non
3492 4249 3625 4302 pos-

1859 4327 1903 4382 ι)
1933 4323 2066 4370 sunt
2111 4317 2374 4371 homines
2419 4318 2486 4371 de
2515 4319 2665 4370 malo
2697 4317 2767 4371 ad
2812 4318 3024 4372 bonum
3060 4321 3420 4387 commutari,
3473 4327 3528 4376 et
3559 4324 3626 4376 de

1931 4405 2096 4459 malis
2125 4412 2178 4459 et
2210 4405 2417 4474 pravis,
2452 4405 2587 4458 boni
2632 4421 2694 4458 ac
2733 4406 2869 4458 recti
2900 4405 3045 4472 ﬁeri,
3092 4407 3189 4460 sed
3233 4408 3370 4477 quia
3400 4409 3457 4461 in
3485 4407 3627 4480 [me-

1931 4495 2040 4547 lius
2097 4493 2306 4545 mutari
2340 4494 2672 4558 noluerunt,
2727 4498 2781 4545 et
2831 4494 2890 4546 in
2925 4494 3180 4563 pessimis
3212 4497 3482 4565 operibus
3533 4515 3628 4552 us-

1932 4600 2041 4654 que
2073 4583 2129 4636 in
2177 4583 2352 4635 ﬁnem
2410 4597 2774 4650 perseverare
2828 4582 3168 4636 voluerunt:
3228 4600 3331 4638 nec
3388 4580 3627 4656 possunt

1929 4673 2047 4724 ullo
2080 4671 2246 4724 modo
2283 4671 2568 4739 pertinere
2599 4669 2668 4722 ad
2698 4674 2905 4722 sortem
2939 4670 3270 4740 electorum,
3312 4673 3409 4743 qui
3443 4675 3624 4744 magis

1930 4761 2224 4830 elegerunt
2265 4773 2602 4827 permanere
2652 4757 2710 4809 in
2763 4759 2979 4811 malitia
3017 4757 3386 4830 iniquitatum
3420 4769 3476 4814 et
3512 4764 3623 4815 im-

1927 4849 2202 4919 pietatum
2237 4862 2489 4900 suarum.
2525 4847 2637 4900 Hoc
2681 4845 2833 4899 enim
2881 4848 3194 4916 pessimum
3238 4853 3293 4902 et
3339 4849 3622 4903 nefarium

1928 4939 2141 4990 malum
2175 4935 2327 5005 quod
2356 4939 2441 4988 est
2465 4935 2619 4987 nolle
2653 4935 2719 4988 ad
2765 4936 2942 4989 Deum
2993 4937 3278 5001 converti;
3335 4953 3517 5006 neque
3550 4939 3619 4992 de

1929 5025 2079 5076 malo
2111 5023 2176 5077 ad
2230 5023 2446 5076 bonum
2499 5023 2858 5091 commutari,
2912 5023 3006 5076 sed
3041 5045 3067 5070 ‹‹
3116 5023 3424 5077 secundum
3461 5025 3619 5079 duri-

1927 5112 2064 5166 tiam
2099 5117 2152 5164 et
2184 5111 2664 5181 impaenitentiam
2709 5112 2890 5165 cordis
2940 5111 3026 5163 sui
3069 5111 3454 5166 thesaurizare
3510 5114 3618 5168 sibi

1928 5201 2074 5254 iram
2105 5201 2164 5253 in
2196 5201 2286 5254 die
2317 5200 2416 5253 ira:
2439 5203 2495 5253 et
2525 5200 2888 5254 revelationis
2913 5199 3055 5268 justi
3104 5199 3304 5268 judicii
3351 5203 3517 5267 (Rom.
3559 5219 3617 5270 ιι,

1931 5293 2000 5355 ὅ),
2069 5312 2088 5338 ι
2133 5290 2227 5342 ille
2284 5289 2342 5342 in
2393 5289 2474 5342 eis
2521 5295 2734 5342 (eterna
2779 5305 2880 5340 sua
2926 5288 3279 5358 praescientia
3327 5289 3618 5345 verissime

1929 5379 2194 5449 praevidit
2222 5379 2500 5445 futurum,
2561 5377 2656 5448 qui
2702 5376 2936 5429 omnino
2991 5375 3110 5430 falli
3159 5393 3276 5430 non
3307 5384 3512 5448 potest.
3553 5381 3620 5433 Et

1931 5467 2064 5538 quia
2121 5467 2226 5519 hoc
2288 5466 2582 5519 verissimo
2637 5463 2938 5534 praescivit,
2980 5463 3131 5534 juste
3180 5466 3416 5520 omnino
3474 5469 3616 5523 tales

1928 5554 2239 5624 perditioni
2259 5558 2487 5609 aeternae
2515 5550 2959 5622 praedestinavit.
3400 5558 3405 5564 '
