4048 6170
453 247 553 293 999

529 372 687 436 Quod
720 386 854 438 ergo
887 385 1000 421 non
1035 368 1269 436 possunt
1310 363 1534 428 salvari,
1569 379 1770 417 eorum
1802 368 1885 416 cst
1922 363 2144 428 vitium,

454 462 588 532 quia
626 462 845 523 nolunt,
880 473 998 509 non
1036 456 1131 507 Dei
1180 454 1357 523 (quod
1408 454 1575 519 absit)
1617 454 1809 521 aliqua
1850 453 2146 521 iniquitas,

456 550 557 619 qui
590 546 873 616 ergaillos
904 551 961 597 et
992 559 1154 595 verax
1198 558 1425 612 semper
1451 542 1667 594 exstitit
1700 542 1757 593 in
1792 540 2149 609 praescientia

457 655 579 696 sua.
605 636 867 703 etjustus
896 633 958 685 in
988 632 1201 701 judicio
1237 646 1363 682 suo.
1400 630 1549 682 Licet
1578 630 1651 681 sit
1696 634 1751 681 et
1780 630 1935 681 aliud
1970 644 2149 696 genus

454 723 831 791 reproborum
888 720 948 772 in
1024 718 1542 771 innumerabilibus
1592 717 1855 769 videlicet
1898 716 2149 768 millilms

454 812 845 881 parvulorum.
881 808 980 878 qui
1006 825 1110 859 nec
1141 813 1367 859 aztatem
1400 822 1501 858 nec
1547 821 1775 857 sensum
1824 805 1895 857 ad
1930 804 2147 873 aliquid

454 900 591 953 boni
623 899 908 968 agendum
939 912 1191 967 unquam
1222 899 1579 963 acceperunt,
1635 894 1730 946 sed
1776 894 1832 945 in
1893 894 2013 945 sola
2044 891 2151 945 ori-

454 989 660 1057 ginalis
691 986 928 1057 peccati,
966 1000 1093 1055 quae
1128 1000 1227 1053 per
1251 1000 1424 1035 unum
1452 982 1745 1034 hominem
1782 982 1839 1033 in
1870 982 2149 1034 mundum

454 1077 705 1141 intravit,
740 1075 1107 1127 damnatione
1141 1073 1453 1141 perierunt.
1492 1072 1565 1123 De
1594 1070 1802 1140 quibus
1829 1070 1964 1140 quid
1996 1069 2149 1122 aliud

456 1164 784 1229 dicendum,
811 1162 918 1215 nisi
950 1161 1105 1231 quod
1138 1165 1192 1213 et
1223 1161 1282 1213 in
1311 1175 1511 1212 eorum
1552 1160 1953 1227 reprobatione
1980 1163 2151 1227 atque

457 1254 695 1306 interitu
727 1252 1094 1320 omnipotens
1128 1252 1273 1302 Deus
1300 1251 1486 1318 justus
1526 1253 1629 1311 est,
1665 1248 1722 1299 in
1772 1248 1983 1316 quibus
2037 1262 2153 1299 non

461 1348 721 1394 naturam
756 1341 898 1393 bene
937 1357 966 1391 a
998 1356 1055 1391 se
1086 1339 1394 1401 conditam,
1440 1337 1533 1390 sed
1584 1336 1809 1405 culpam
1854 1337 1999 1387 male
2051 1334 2150 1387 ad-

460 1428 714 1493 missam,
752 1432 806 1479 et
844 1428 903 1478 in
936 1443 1030 1479 eos
1080 1426 1437 1493 originaliter
1494 1424 1833 1475 transfusam
1869 1423 2024 1491 justa
2059 1422 2151 1473 til-

458 1517 611 1569 tione
643 1516 953 1570 damnavit.

530 1606 645 1656 Hoc
674 1603 752 1655 ita
785 1617 923 1665 esse,
970 1601 1075 1653 hoc
1127 1606 1228 1663 est,
1276 1598 1564 1651 neminem
1616 1598 1685 1649 de
1726 1597 1918 1650 electis
1964 1595 2152 1666 perire

460 1709 619 1763 posse
664 1690 783 1760 ipse
832 1689 1105 1743 Dominus
1154 1687 1419 1753 ostendit,
1468 1687 1694 1740 dicens:
1744 1708 1769 1733 ‹‹
1823 1686 1964 1739 Oves
2013 1701 2154 1738 mete

458 1795 649 1833 vocem
686 1794 871 1831 meam
923 1777 1181 1840 audiunt,
1231 1780 1287 1828 et
1334 1791 1436 1844 ego
1488 1789 1769 1843 cognosco
1816 1790 1909 1827 eas
1962 1778 2019 1827 et
2061 1791 2154 1826 se-

459 1874 718 1940 quuntur
756 1883 867 1921 me.
920 1867 982 1919 Et
1013 1881 1118 1933 ego
1148 1865 1321 1916 vitam
1364 1870 1638 1916 aeternam
1692 1863 1763 1916 do
1818 1864 1915 1927 eis,
1959 1867 2013 1915 et
2044 1879 2155 1915 non

457 1959 731 2028 peribunt
769 1956 827 2007 in
864 1959 1165 2017 aeternum,
1210 1960 1265 2005 et
1313 1968 1426 2005 non
1475 1952 1662 2020 rapiet
1709 1968 1801 2004 eas
1849 1951 2153 2020 quisquam

459 2048 527 2100 de
554 2062 731 2099 manu
776 2061 919 2096 mea.
970 2044 1134 2095 Pater
1182 2057 1343 2094 meus
1403 2042 1557 2110 quod
1589 2039 1744 2092 dedit
1775 2039 1915 2092 milii
1969 2040 2155 2107 majus

460 2135 729 2188 omnibus
766 2138 866 2199 est,
899 2138 953 2185 et
983 2147 1150 2182 nemo
1187 2136 1371 2199 potest
1403 2146 1600 2198 rapere
1637 2129 1705 2181 de
1752 2144 1927 2180 manu
1977 2127 2155 2180 Patris

461 2224 573 2278 mei
601 2224 790 2289 (Joan.
827 2237 878 2287 Χ,
912 2223 999 2285 2‘7,
1036 2222 1124 2278 28.
1159 2220 1266 2286 29).
1322 2240 1349 2267 ››
1384 2219 1509 2270 Istae
1556 2233 1709 2279 oves,
1751 2232 1877 2287 quae
1928 2221 1991 2269 ut
2035 2216 2158 2285 ipsa

461 2313 667 2365 veritas
700 2314 954 2374 testatur,
989 2323 1105 2359 non
1145 2306 1413 2376 peribunt
1460 2306 1517 2357 in
1565 2309 1867 2367 reternum,
1916 2308 1970 2355 et
2016 2319 2156 2373 quas

460 2418 630 2454 nemo
660 2404 848 2468 potest
880 2413 1078 2466 rapere
1106 2397 1174 2449 de
1208 2411 1379 2447 manu
1415 2395 1590 2447 Patris
1625 2399 1679 2445 et
1712 2393 1856 2454 Filii,
1891 2393 2002 2445 alio
2032 2394 2154 2444 loco

461 2489 824 2558 appellantur
845 2486 1041 2555 pusilli
1092 2484 1207 2537 Dei.
1245 2485 1317 2537 De
1359 2483 1567 2551 quibus
1598 2481 1859 2533 similiter
1892 2482 2010 2549 ipse
2047 2481 2156 2533 Do-

467 2577 655 2629 minus
690 2576 919 2628 dicitza
980 2572 1066 2625 Sic
1124 2588 1239 2624 non
1300 2576 1383 2624 est
1433 2572 1691 2623 voluntas
1738 2574 1868 2621 ante
1932 2572 2154 2621 Patrem

465 2670 714 2718 vestrum
746 2669 808 2716 ut
834 2666 1032 2731 pereat
1061 2677 1207 2713 unus
1238 2659 1305 2712 de
1339 2659 1560 2728 pusillis
1606 2658 1724 2709 istis
1755 2659 1970 2723 (Matth.
2006 2672 2157 2723 xvui,

470 2757 570 2817 14).
608 2776 633 2803 ››
668 2753 883 2817 Quibus
915 2751 1084 2803 etiam
1141 2749 1250 2801 alio
1300 2748 1423 2799 loco
1471 2748 1579 2799 ait:
1616 2768 1642 2794 ‹‹
1698 2746 1884 2799 Nolite
1934 2747 2153 2811 timere,

463 2845 705 2915 pusillus
737 2857 891 2909 grex,
928 2856 1042 2909 qua
1071 2838 1412 2905 complacuit
1459 2835 1608 2889 Patri
1640 2841 1826 2888 vestro
1877 2834 2012 2887 dare
2064 2851 2155 2888 vo-

466 2934 551 2987 bis
574 2947 812 3001 regnum
853 2932 998 2998 (Luc.
1027 2944 1120 2991 xu,
1158 2928 1263 2993 3‘2),
1299 2946 1323 2975 υ
1361 2931 1416 2977 ct
1447 2925 1652 2977 iterum
1681 2940 1692 2977 :
1748 2944 1775 2975 (ι
1804 2924 2055 2993 Capillus
2087 2924 2155 2976 de

464 3023 647 3091 capite
677 3025 859 3073 vestro
883 3035 998 3071 non
1032 3016 1240 3085 peribit
1270 3016 1422 3084 (Luc.
1464 3030 1575 3078 xxr,
1614 3016 1717 3078 18).
1773 3032 1799 3062 ι)
1832 3014 1969 3065 ltem
2002 3012 2157 3081 quod

464 3107 696 3178 reprobi
728 3123 844 3160 non
874 3110 1108 3176 propter
1140 3103 1556 3173 pra-scientiam
1612 3106 1667 3154 et
1696 3101 2155 3171 praedestinatio-

462 3213 594 3250 nem
652 3196 748 3249 Dei
790 3194 1064 3247 veraciter
1112 3192 1483 3261 praescientis,
1514 3195 1569 3243 et
1608 3191 1759 3259 justo
1808 3190 2153 3255 damnantis,

464 3285 560 3338 sed
609 3289 845 3354 propter
898 3281 1246 3345 obstinatam
1307 3285 1360 3331 et
1408 3279 1815 3332 indomabilem
1878 3278 2156 3331 malitiam

464 3390 623 3426 suam
660 3375 982 3425 nullatenus
1006 3370 1221 3439 possint
1240 3368 1460 3431 salvari,
1494 3368 1639 3419 idem
1676 3368 1941 3419 Dominus
1973 3371 2157 3419 ostrn-

465 3462 548 3515 dit
579 3462 821 3530 loquens
849 3459 1079 3521 talibus,
1112 3462 1168 3508 et
1204 3456 1396 3509 dicens
1432 3472 1443 3507 :
1481 3476 1505 3501 ‹‹
1540 3454 1645 3508 Sed
1681 3471 1775 3507 vos
1814 3471 1930 3507 non
1974 3454 2155 3507 credi-

464 3552 557 3616 tis,
590 3551 725 3619 quia
756 3564 874 3600 non
906 3547 1040 3599 estis
1072 3562 1134 3598 ex
1160 3544 1360 3597 ovibus
1391 3543 1532 3595 meis
1566 3543 1738 3611 (Joan.
1775 3559 1829 3610 x,
1860 3546 1951 3611 '26)
1980 3559 1992 3607 ;
2032 3563 2057 3592 »
2102 3548 2158 3596 et

463 3642 712 3694 iterum:
778 3639 1084 3705 Propterea
1143 3650 1239 3686 vos
1285 3648 1399 3685 non
1458 3630 1685 3693 auditis,
1749 3632 1882 3700 quia
1935 3647 1997 3683 ex
2045 3633 2156 3684 [)eo

466 3745 578 3782 non
609 3727 745 3781 estis
776 3728 954 3795 (Joun.
990 3738 1106 3787 vui,
1142 3724 1250 3787 47).
1287 3743 1311 3771 ι)
1352 3720 1627 3773 Similiter
1674 3726 1728 3772 et
1768 3736 1870 3789 per
1916 3722 2158 3789 prophe-

466 3824 583 3872 tam
615 3816 683 3869 de
716 3815 924 3867 talibus
951 3812 1356 3872 comminatur,
1389 3809 1581 3861 dicens
1609 3824 1620 3861 :
1661 3830 1686 3853 ‹‹
1712 3810 1770 3860 In
1793 3808 2029 3860 consilio
2053 3824 2153 3877 po-

462 3906 585 3977 puli
623 3904 737 3957 mei
782 3918 894 3955 non
938 3906 1124 3964 erunt,
1178 3902 1232 3951 et
1275 3898 1331 3949 in
1383 3897 1674 3965 Scriptura
1729 3896 1932 3947 domus
1987 3896 2154 3948 Israel

467 4010 581 4048 non
605 3992 948 4055 scribentur,
973 4004 1075 4041 nec
1090 3995 1299 4040 terram
1324 3986 1489 4038 Israel
1518 3984 2132 4054 ingredientur(Ezech

462 4099 577 4147 xui,
632 4082 708 4149 9).
760 4103 785 4127 ι)
840 4078 1105 4131 Videlicet
1154 4075 1298 4127 sicut
1354 4090 1483 4127 vere
1533 4074 1600 4126 de
1646 4079 1793 4126 coetu
1845 4074 2154 4125 electorum

464 4171 647 4239 ejecti,
684 4175 739 4221 et
769 4169 837 4221 de
872 4167 1014 4220 libro
1049 4165 1177 4216 vita:
1210 4163 1399 4227 deleti,
1451 4166 1505 4214 et
1538 4162 1605 4214 de
1653 4168 1807 4214 terra
1846 4162 2155 4214 viventium

464 4258 693 4328 penitus
738 4255 1005 4308 alienati:
1066 4253 1134 4305 de
1179 4251 1267 4303 his
1307 4257 1363 4302 et
1427 4250 1728 4318 Apostolus
1775 4255 2155 4302 consonanter

468 4346 653 4398 verbis
679 4342 1020 4411 evangelicis
1053 4340 1322 4409 loquitur,
1374 4339 1602 4391 dicens:
1646 4362 1663 4385 α
1702 4339 1862 4401 Quod
1903 4338 1949 4390 si
1981 4338 2154 4391 etiam

467 4441 729 4504 opertum
760 4439 842 4484 est
875 4430 1237 4499 Evangeliuui
1266 4434 1549 4492 nostrum,
1586 4428 1642 4480 in
1664 4428 1750 4480 his
1783 4428 1879 4498 qui
1912 4434 2157 4496 pereunt

467 4530 549 4579 est
582 4527 845 4591 opertum
879 4538 891 4585 ;
928 4519 985 4571 in
1035 4518 1241 4589 quibus
1292 4517 1436 4569 Deus
1467 4517 1586 4585 ejus
1631 4517 1821 4568 saeculi
1861 4516 2157 4568 exczecavit

467 4619 688 4667 mentes
718 4608 1057 4673 inﬁdelium,
1110 4614 1172 4659 ut
1205 4622 1316 4658 non
1348 4606 1563 4674 fulgeat
1604 4604 1947 4657 illuniiuatio
1983 4606 2156 4656 Evan-

468 4701 602 4773 gelii
631 4700 825 4770 gloriae
877 4697 1082 4751 Christi
1116 4697 1245 4765 (III
1270 4696 1385 4750 Cor.
1423 4711 1494 4759 iv,
1532 4696 1582 4757 3,
1613 4696 1687 4759 4).
1744 4713 1769 4742 ι)
1827 4695 1900 4745 De
1949 4694 2157 4761 quibus

470 4790 643 4845 etiam
676 4788 786 4841 alio
819 4789 941 4839 loco
991 4785 1167 4837 dicit:
1216 4804 1240 4832 ‹‹
1296 4784 1417 4835 Non
1469 4784 1621 4834 enim
1655 4782 1913 4834 omnium
1966 4788 2049 4833 est
2098 4782 2159 4833 ti-

470 4880 608 4943 des;
645 4900 669 4926 »
694 4884 783 4930 et:
824 4900 843 4923 et
879 4876 1001 4927 Non
1035 4888 1234 4925 omnes
1266 4872 1542 4923 obediunt
1574 4872 1874 4935 Evangelio
1905 4872 2077 4935 (Rom.
2104 4886 2156 4929 x,

474 4969 584 5036 t6),
621 4986 647 5015 ι)
682 4966 813 5035 quia
859 4979 994 5032 ergo
1025 4962 1163 5013 tales
1197 4966 1349 5023 sunt,
1401 4966 1454 5011 et
1485 4960 1625 5011 tales
1657 4974 1836 5027 nsque
1882 4958 1935 5009 in
1989 4958 2159 5011 tidem

471 5056 819 5126 perdurant;
856 5054 1058 5104 merito
1116 5049 1311 5118 utique
1362 5055 1417 5100 et
1468 5047 1826 5116 praescientia
1878 5046 1976 5098 Dei
2029 5046 2161 5098 mali

470 5142 719 5215 praesciti
749 5148 899 5205 sunt,
934 5146 988 5192 et
1017 5137 1517 5208 prmdestinatione
1564 5137 1663 5188 Dei
1693 5138 1843 5205 juste
1894 5134 2160 5204 reproba-

471 5234 514 5287 ti
542 5234 723 5303 (atque
773 5230 1068 5293 damnati;
1123 5228 1324 5295 probet
1367 5241 1503 5293 ergo
1551 5224 1800 5293 seipsum
1860 5224 2050 5289 homo,
2104 5226 2161 5275 ut

471 5338 535 5375 ex
559 5320 895 5391 quotidiano
929 5317 1208 5387 profectu,
1245 5315 1358 5367 sive
1384 5315 1599 5367 defertu
1644 5314 1771 5364 vita!
1805 5329 1943 5373 sum,
1970 5320 2159 5364 utrum

472 5412 655 5478 magis
702 5409 772 5462 ad
817 5407 1145 5461 societatem
1194 5405 1526 5464 electorum,
1563 5418 1634 5454 an
1668 5401 1842 5471 (quod
1875 5401 2039 5470 absit)
2090 5402 2158 5454 ad

474 5497 799 5550 societatem
834 5495 1217 5566 reproborum
1249 5493 1638 5563 propinquare
1662 5508 1722 5544 se
1740 5490 1970 5556 sentiat,
2004 5492 2155 5561 apud

1600 234 1654 286 S.
1701 233 1965 287 REMIGII
2008 230 2484 287 LUGDUNENSIS
2526 230 2839 287 EPISCOPI

3792 244 3805 292 t
3814 245 3895 294 000

2186 369 2230 419 A
2262 378 2318 417 se
2368 363 2642 416 sollicitus
2692 363 3017 434 perspiciat,
3069 368 3125 416 et
3168 363 3441 435 inquirat,
3492 374 3713 438 oretque
3746 370 3893 425 ﬁdeli-

2261 459 2367 511 ter,
2393 459 2449 504 et
2482 461 2912 522 perseveranter
2959 458 3239 522 quantum
3270 461 3473 524 potest,
3507 461 3567 508 ut
3604 473 3723 510 eum
3749 462 3894 512 omni-

2260 546 2463 609 potens
2498 541 2718 594 Domini
2778 541 3188 606 misericordia,
3231 548 3288 595 et
3337 543 3408 596 ab
3461 549 3667 597 aeterna
3715 545 3896 601 damna-

2260 629 2416 682 tione
2447 628 2614 697 eripi,
2650 635 2705 682 et
2738 630 2791 681 in
2825 631 3136 683 electorum
3154 646 3386 684 suorum
3413 632 3608 701 jubeat
3636 649 3790 704 grege
3814 652 3893 688 nu-

2262 718 2469 770 merari
2504 733 2515 769 :
2552 717 2708 786 [quia
2750 718 2900 781 licet,
2936 724 2997 771 ut
3042 720 3227 773 beatus
3287 721 3570 786 Gregorius
3626 724 3750 775 dicit
3776 726 3893 790 (Dia-

2261 807 2365 873 log.
2401 806 2498 859 lib.
2542 822 2578 869 i,
2628 822 2673 859 c.
2725 808 2798 873 8),
2849 806 3095 859 obtineri
3144 824 3510 879 nequaquam
3557 812 3759 879 possint
3800 829 3894 881 quae

2260 896 2659 963 praedestinata
2693 911 2805 947 non
2847 896 3081 959 fuerint,
3116 897 3240 965 ipsa
3269 904 3460 951 tamen
3490 902 3747 968 perennis
3773 903 3894 971 regni

2260 983 2680 1052 prmdestinatio
2710 984 2786 1036 ita
2832 990 2912 1037 est
2944 985 3014 1037 ab
3057 987 3455 1055 omnipotente
3498 989 3609 1042 Deo
3655 988 3894 1058 disposita.

2260 1077 2324 1129 ut
2355 1072 2427 1125 ad
2458 1073 2562 1125 hoc
2593 1072 2760 1125 electi
2787 1088 2852 1126 ex
2903 1073 3096 1126 labore
3136 1075 3491 1144 perveniant,
3544 1084 3803 1145 quatenus
3823 1094 3897 1147 po-

2260 1161 2526 1213 stulando
2554 1167 2883 1214 mereantur
2919 1162 3196 1231 accipere,
3253 1163 3405 1233 quod
3464 1164 3546 1216 eis
3595 1164 3898 1234 omnipotens

2264 1249 2411 1303 Deus
2442 1256 2571 1303 ante
2602 1252 2809 1304 saecula
2837 1252 3119 1321 disposuit
3150 1252 3407 1319 donare.)

2923 1377 3146 1430 CAPUT
3197 1377 3305 1429 VII.

2813 1485 2888 1536 Dc
2916 1484 3010 1535 Dei
3036 1484 3401 1552 praescientia.

2337 1606 2460 1657 Haec
2490 1603 2571 1656 ita
2624 1619 2745 1657 esse
2788 1620 2938 1673 qua»,
2989 1610 3157 1673 prout
3201 1606 3476 1658 Dominus
3526 1605 3698 1667 dedit,
3730 1612 3895 1675 septem

2266 1694 2446 1746 titulis
2498 1692 2786 1757 distincta,
2838 1699 3027 1764 atque,
3090 1694 3329 1762 digesta,
3390 1699 3509 1746 tam
3555 1693 3733 1757 nobis,
3769 1708 3898 1763 quam

2265 1782 2481 1835 caeteris
2508 1782 2607 1851 qui
2639 1782 2829 1851 legere
2854 1782 3138 1835 voluerint
3161 1782 3327 1850 juxta
3360 1781 3619 1852 regulam
3650 1797 3779 1834 vera:
3804 1781 3897 1833 tidei

2266 1871 2335 1924 de
2366 1870 2721 1939 prmscientia
2751 1877 2806 1925 et
2858 1871 3363 1940 praedestinatione
3395 1871 3609 1934 divina,
3666 1872 3799 1922 velut
3837 1886 3897 1921 re-

2266 1960 2542 2029 gulariter
2594 1960 3000 2029 proposuimus
3058 1959 3437 2028 agnoscenda,
3488 1965 3657 2028 atque
3706 1958 3899 2011 tenenda

2266 2061 2377 2098 non
2407 2061 2473 2097 ex
2508 2051 2699 2097 nostro
2734 2060 2913 2112 ,sensu
2944 2045 3158 2114 aliquid
3208 2052 3642 2115 praesumentes,
3684 2046 3766 2097 sed
3792 2042 3899 2095 Scri-

2265 2141 2450 2203 ptura:
2478 2139 2682 2186 sancta:
2715 2133 3109 2186 auctoritatem
3155 2134 3400 2187 ﬁdeliter
3452 2139 3625 2203 atque
3666 2132 3901 2185 humiliter

2267 2229 2606 2292 sequentes:
2644 2222 2783 2284 haec,
2837 2222 3093 2291 inquam,
3148 2222 3227 2275 ita
3266 2238 3406 2287 esse,
3474 2227 3534 2275 et
3578 2222 3655 2273 ita
3702 2220 3898 2289 antiquae

2268 2311 2523 2363 Ecclesiae
2582 2311 2937 2376 auctoritate,
2982 2316 3038 2362 et
3090 2316 3415 2363 sanctorum
3462 2311 3691 2363 Patrum
3741 2308 3901 2360 ﬁdelis-

2266 2400 2408 2452 sima
2437 2399 2791 2451 institutione
2832 2403 2988 2452 tenta
3022 2403 3075 2451 et
3129 2399 3336 2451 tradita
3367 2398 3740 2451 necessarium
3767 2396 3901 2448 omni-

2269 2504 2340 2541 no
2371 2488 2668 2551 duximus;
2703 2493 2765 2539 ut
2796 2488 2965 2539 etiam
2998 2488 3333 2540 eorumdem
3365 2494 3692 2539 sanctorum
3722 2486 3901 2538 Patrum

2268 2576 2469 2641 verbis,
2508 2582 2563 2629 et
2595 2574 3029 2628 dctinitionibns
3058 2574 3307 2628 breviter
3337 2580 3650 2644 aperteque
3692 2572 3900 2643 proposi-

2270 2664 2337 2715 tis
2370 2664 2436 2715 ad
2471 2662 2965 2716 continuationem
3001 2662 3313 2731 legentium
3357 2663 3630 2714 attentius
3660 2675 3900 2713 commen-

2268 2752 2421 2811 dare,
2458 2767 2520 2803 ac
2549 2752 2833 2804 declarare
2865 2751 3209 2803 studeamus.

2339 2841 2398 2893 In
2434 2840 2577 2892 libro
2611 2840 2770 2907 cujus
2803 2840 3000 2891 titulus
3030 2844 3113 2891 est
3156 2840 3222 2892 de
3254 2838 3481 2892 duabus
3515 2840 3575 2892 in
3608 2838 3804 2893 Christo
3826 2851 3899 2889 na-

2197 2958 2236 3014 ρ
2262 2929 2424 2992 turis,
2460 2928 2724 2981 omnibus
2757 2928 2869 2981 fere
2906 2928 3160 2980 Ecclesiis
3204 2927 3506 2981 notissima
3563 2932 3617 2979 et
3662 2926 3901 2979 celebriter

2267 3017 2685 3082 commendato,
2747 3016 2843 3068 ubi
2895 3016 3065 3068 etiam
3117 3017 3456 3078 multorum,
3516 3022 3572 3069 et
3618 3016 3899 3068 orthodoxe-

2265 3122 2392 3159 rum
2428 3106 2653 3157 Patrum
2691 3109 2804 3157 tam
2852 3106 3199 3169 Graecorum,
3248 3121 3420 3173 quam
3473 3105 3803 3165 Latinorum,
3842 3100 3901 3150 vel

2267 3194 2401 3247 libri
2458 3194 2689 3263 integri.
2764 3196 2845 3245 vel
2907 3192 3204 3245 sententia:
3271 3193 3339 3246 ad
3414 3193 3827 3246 mditicationem
3866 3191 3901 3237 et

2266 3282 2762 3335 conﬁrmationem
2788 3282 2920 3335 ﬁdei
2955 3281 3325 3349 pertinentes,
3360 3282 3803 3334 beatissimorum
3835 3278 3903 3327 sci-

2268 3372 2414 3431 licet,
2502 3370 2815 3437 Athanasii,
2892 3369 3199 3431 Ambrosii,
3256 3370 3611 3440 Hieronymi,
3662 3366 3902 3435 Augustini

2268 3466 2325 3513 et
2350 3465 2689 3512 cmterorum
2722 3459 3028 3527 diligenter
3052 3459 3299 3511 collectae
3328 3464 3500 3527 atque
3536 3459 3756 3528 digesta;
3779 3459 3901 3507 sunt:

2267 3546 2599 3599 inseruntur
2630 3546 2800 3598 etiam
2834 3546 3097 3616 quaedam
3136 3546 3524 3615 quadraginta
3575 3545 3800 3615 capitula
3831 3540 3901 3593 sub

2269 3636 2437 3687 unius
2471 3635 2645 3687 libelli
2673 3641 2847 3699 textu,
2883 3634 2983 3703 qui
3015 3634 3101 3686 vel
3136 3634 3286 3686 beati
3315 3634 3643 3703 Augustini,
3690 3634 3764 3685 vel
3793 3628 3903 3683 beati

2271 3721 2553 3789 Fulgentii
2605 3720 2839 3790 gloriosi
2889 3719 3160 3772 antistitis
3210 3721 3558 3774 confessoris
3607 3718 3793 3775 Christi
3832 3731 3900 3767 no-

2267 3810 2421 3862 mine
2476 3809 2735 3861 titulatur
2783 3810 2871 3875 (de
2900 3810 3029 3863 Fide
3074 3809 3146 3862 ad
3186 3812 3401 3863 Petrum
3432 3810 3629 3878 diae),
3674 3805 3901 3878 praecipue

2268 3900 2335 3953 ad
2368 3900 2753 3968 cognitionem
2803 3904 2857 3951 et
2888 3899 3382 3953 conﬁrmationem
3427 3899 3566 3953 ﬁdei
3596 3894 3900 3968 pertinentia.

2266 3989 2327 4042 in
2354 3990 2559 4058 quibus
2587 3989 2654 4042 de
2684 3989 2790 4042 hac
2823 4005 2881 4042 re
2916 3989 3063 4042 unde
3112 4005 3264 4042 nunc
3312 3989 3526 4058 agitur,
3562 3988 3616 4042 id
3658 3992 3734 4041 est
3767 3986 3822 4039 de
3843 3983 3901 4035 di-

2266 4078 2411 4130 vinae
2456 4076 2827 4145 prasscientias
2868 4083 2925 4131 et
2965 4076 3483 4147 praedestinationis
3534 4078 3757 4130 veritate
3800 4069 3898 4142 quid

2265 4166 2590 4219 ﬁrmissime
2622 4171 2793 4236 atque
2842 4166 3235 4220 indubitanter
3256 4166 3573 4220 tenendum
3606 4165 3694 4231 sit,
3730 4164 3796 4216 ita
3819 4161 3899 4213 bis

2195 4258 2235 4310 D
2266 4251 2491 4304 vissime
2539 4267 2600 4303 ac
2648 4252 2979 4321 plenissime
3030 4252 3239 4321 legitur
3296 4251 3621 4305 deﬁnitum.
3652 4245 3898 4323 [Firmissi-

2266 4356 2377 4405 me,
2411 4340 2614 4409 inquit,
2667 4345 2794 4393 tene
2840 4347 2897 4393 et
2947 4340 3274 4393 nullatenus
3307 4340 3533 4395 dubites
3580 4342 3691 4395 Deo
3732 4339 3899 4392 incom-

2212 4476 2217 4481 .
2265 4428 2529 4481 mutabili
2567 4444 2680 4480 non
2704 4429 2889 4481 solum
2915 4429 3204 4497 praeterita
3239 4434 3293 4480 et
3314 4431 3642 4499 prtesentia,
3669 4428 3752 4480 sed
3772 4427 3898 4477 etiam

2266 4516 2456 4568 futura
2496 4517 2686 4568 omnia
2733 4516 3279 4570 incommutabiliter
3317 4533 3437 4570 esse
3485 4518 3787 4570 notissima.
3828 4508 3897 4565 Cui

2267 4605 2507 4657 dicitur:
2546 4627 2571 4653 ‹‹
2602 4606 2746 4657 Deus
2785 4606 2885 4676 qui
2916 4603 3270 4658 occultorum
3302 4622 3360 4658 es
3385 4598 3667 4675 cognitor,
3722 4604 3805 4674 qui
3825 4598 3899 4651 scis

2269 4693 2463 4745 omnia
2494 4701 2799 4763 antequam
2836 4696 2971 4746 ﬁant
3005 4695 3174 4761 (Dan.
3210 4709 3328 4760 xm,
3372 4695 3480 4763 42).
3519 4693 3569 4766 ι]
3623 4695 3681 4747 Et
3709 4693 3896 4744 iterum:

2271 4783 2661 4851 jFirmissime,
2692 4784 2897 4853 inquit,
2928 4790 3076 4849 tene,
3112 4790 3168 4837 et
3215 4786 3540 4837 nullatenus
3579 4783 3783 4836 dubites
3813 4775 3898 4830 Tri-

2270 4869 2507 4921 nitatem
2542 4871 2716 4921 Deuni
2754 4870 3278 4923 incommutabilem
3314 4887 3506 4923 rerum
3555 4869 3809 4925 omnium.
3842 4866 3898 4912 al-

2270 4974 2379 5028 que
2424 4974 2682 5026 operum,
2736 4964 2849 5011 tam
2896 4975 3153 5022 suorum,
3209 4975 3381 5028 quam
3418 4960 3791 5013 humanorum
3815 4964 3898 5003 cer-

2270 5048 2576 5109 tissimum,
2624 5048 2973 5115 cognitorem
3009 5055 3156 5115 ,ante
3184 5049 3378 5100 omnia
3407 5049 3613 5101 saecula
3644 5046 3789 5107 scire,
3814 5036 3898 5107 qui-

2271 5134 2372 5187 bus
2424 5151 2524 5204 per
2579 5134 2747 5187 tidem
2795 5142 2939 5187 esset
2996 5135 3235 5203 gratiam
3290 5136 3623 5206 largiturus,
3668 5134 3774 5187 sine
3820 5140 3899 5195 qua

2270 5239 2438 5275 nemo
2462 5223 2645 5291 potuit
2674 5240 2737 5276 ex
2785 5223 2949 5276 initio
2978 5225 3195 5291 mundi,
3232 5242 3409 5294 usque
3436 5225 3496 5277 iu
3535 5225 3703 5278 tinem
3734 5236 3762 5273 ιι
3785 5219 3899 5270 reatu

2270 5314 2503 5382 peccati,
2540 5317 2654 5365 tam
2686 5313 3003 5383 originalis,
3025 5329 3197 5383 quam
3220 5314 3454 5365 actualis
3477 5310 3688 5365 absolvi
3711 5325 3722 5373 ;
3748 5328 3769 5353 ‹‹
3790 5314 3896 5374 QUOS

2271 5403 2422 5454 enim
2474 5402 2619 5454 Deus
2669 5400 2974 5470 praescivit,
3034 5406 3091 5454 et
3153 5400 3582 5471 praedestinavit
3635 5396 3899 5452 conformes

2270 5490 2391 5545 ﬁeri
2427 5490 2693 5557 imaginis
2725 5489 2849 5543 Filii
2882 5491 3004 5560 ejus
3037 5492 3201 5560 (Rom.
3235 5507 3348 5555 vni,
3380 5490 3489 5557 ‘29)]
3521 5510 3535 5555 ;
3572 5511 3589 5537 ι
3625 5494 3678 5542 et
3703 5486 3896 5539 iterum:
