4048 6170
190 200 317 253 1001

1414 194 1629 251 LIBER
1669 194 1757 247 DE
1798 194 2053 251 TRIBUS
2096 193 2471 250 EPISTOLIS.

3555 198 3690 253 1002

182 332 585 402 [Firmissime,
617 331 829 402 inquit,
858 335 1010 396 tene,
1046 334 1101 384 et
1132 331 1458 384 nullatenus
1489 330 1735 395 dubites,
1767 346 1885 382 om-
1920 335 1967 385 Α
1997 330 2115 382 rior
2140 329 2280 382 Abel
2308 330 2379 381 ad
2411 327 2698 381 civitatem
2739 329 2855 382 Dei.
2896 329 3057 382 Prior
3087 333 3171 383 est
3213 334 3377 383 natus
3411 330 3548 384 civis
3579 331 3689 385 hu-

179 435 302 479 nes,
336 436 481 489 quos
513 435 645 471 vasa
696 418 1105 470 misericordiae
1140 417 1395 486 gratuita
1437 417 1692 469 bonitate
1737 417 1883 469 Deus

176 507 317 561 facit
347 512 478 560 ante
509 506 980 560 constitutionem
1008 506 1225 570 mundi,
1251 506 1307 557 in
1338 506 1703 574 adoptionem
1739 505 1881 558 ﬁlio-

176 612 310 649 rum
358 595 457 648 Dei
507 595 942 665 prasdestinatos
988 612 1018 646 a
1063 594 1196 659 Deo,
1252 610 1436 663 neque
1484 593 1668 663 perire
1718 609 1882 662 posse

174 685 434 754 aliquem
460 700 683 747 eorum,
719 699 860 752 quos
885 684 1032 737 Deus
1064 682 1491 751 praedestinavit
1514 682 1581 735 ad
1607 698 1882 751 regnum;

172 788 369 842 neque
402 787 753 843 quamquam
796 786 1017 835 eorum,
1073 786 1213 839 quos
1267 772 1411 823 Deus
1444 787 1559 823 non
1594 771 1883 839 praedesti-

174 860 339 912 navit
370 860 438 912 ad
470 861 645 911 vitam
686 859 802 911 ulla
840 874 1009 927 posse
1041 858 1261 910 ratione
1294 856 1497 908 salvari
1526 874 1538 909 :
1590 856 1882 925 prmdesti-

172 948 336 999 natio
379 946 535 999 enim
583 946 677 999 illa
724 947 989 1014 gratuitae
1035 944 1360 997 donationis
1395 949 1480 996 est
1510 944 1877 1013 praeparatio,

170 1051 291 1105 qua
324 1051 430 1087 nos
456 1034 757 1103 Apostolus
779 1033 857 1086 ait
885 1048 897 1085 :
927 1054 951 1080 α
981 1032 1405 1085 Predestinatos
1428 1031 1485 1083 in
1513 1030 1880 1100 adoptionem

172 1123 431 1177 ﬁliorum
466 1140 568 1193 per
596 1126 776 1177 Jcsum
820 1123 1097 1177 Christum
1128 1121 1183 1173 in
1216 1120 1405 1189 ipsum
1442 1121 1614 1189 (Eph.
1648 1136 1684 1183 ι,
1718 1120 1786 1187 ὃ).
1825 1117 1883 1189 ι]

248 1214 404 1265 Hanc
451 1212 585 1265 ﬁdei
636 1212 894 1282 regulam
945 1215 1000 1263 et
1053 1208 1447 1263 deﬁnitionem
1502 1207 1878 1261 certissimam

169 1301 426 1355 ﬁdeliter
472 1317 714 1371 sequens
765 1300 962 1354 beatus
1004 1303 1061 1352 et
1105 1303 1331 1351 sanctus
1380 1298 1576 1350 ductor
1624 1296 1879 1349 Ecclesize

176 1389 334 1442 Beda
368 1389 682 1457 presbyter,
738 1404 865 1440 cum
917 1396 1226 1456 exponeret
1269 1388 1451 1438 locum
1494 1387 1656 1437 illum
1692 1385 1786 1437 ubi
1820 1385 1880 1437 in

167 1477 323 1529 libro
364 1476 594 1529 Genesis
635 1479 901 1527 narratur
949 1473 1018 1526 de
1070 1473 1363 1542 ereptione
1416 1473 1514 1525 Lut
1565 1489 1631 1524 ex
1677 1472 1877 1524 interi-

172 1570 236 1617 tu
275 1563 659 1617 Sodomorum
712 1562 861 1631 (Gen.
914 1561 1052 1627 XIX),
1108 1566 1162 1613 et
1210 1561 1588 1630 quorumdam
1642 1577 1876 1613 suorum

173 1668 289 1705 non
326 1651 684 1704 credentium
721 1654 777 1703 et
807 1665 937 1702 cum
974 1664 1040 1701 eo
1073 1648 1227 1701 exire
1277 1649 1615 1714 nolentium,
1668 1654 1723 1701 et
1754 1649 1879 1702 ideo

174 1758 313 1795 cum
342 1740 583 1806 caeteris,
621 1738 720 1809 qui
758 1738 815 1791 in
850 1738 986 1791 urbe
1029 1738 1207 1807 impia
1237 1744 1650 1802 remanserant,
1680 1739 1877 1806 justis-

174 1830 327 1882 sime
367 1828 723 1898 perditorum
770 1826 1091 1895 punitione,
1145 1826 1221 1877 ita
1270 1825 1379 1877 ait:
1434 1822 1613 1895 [Quod
1666 1825 1874 1877 ostium

176 1919 283 1971 Lot
316 1918 674 1970 incluserunt
712 1914 925 1983 angeli,
970 1930 1039 1967 ne
1097 1915 1183 1966 vel
1234 1914 1446 1982 ipsum,
1494 1914 1580 1965 vel
1625 1914 1877 1982 aliquem

175 2007 249 2059 de
282 2006 455 2059 domo
487 2004 666 2073 ipsius
696 2007 929 2073 possent
954 2001 1025 2055 ad
1059 2002 1419 2071 perdendum
1454 2017 1647 2071 rapere
1693 2002 1877 2055 Sodo-

171 2095 360 2160 mitas,
401 2099 664 2163 patenter
712 2092 964 2145 insinuat
1014 2091 1146 2161 quia
1188 2092 1410 2143 nullum
1444 2091 1511 2143 de
1547 2091 1738 2144 electis
1780 2092 1878 2144 Dei

172 2183 481 2251 perditura
528 2186 611 2233 est
666 2180 951 2248 impietas,
1006 2186 1063 2233 et
1111 2179 1431 2249 persecutio
1472 2179 1873 2249 reproborum,

173 2271 407 2325 dicente
460 2270 701 2323 Domino
764 2269 831 2322 de
884 2268 1085 2321 ovibus
1138 2267 1301 2320 suis:
1358 2290 1376 2313 α
1435 2269 1500 2320 lit
1545 2285 1650 2337 ego
1704 2268 1877 2320 vitam

170 2363 457 2411 aeternam
480 2358 552 2411 d0
577 2358 659 2410 eis
690 2360 746 2409 et
779 2372 893 2409 non
936 2356 1207 2426 peribunt
1239 2356 1296 2408 in
1329 2360 1631 2421 aeternum,
1665 2363 1720 2409 et
1763 2372 1877 2409 non

171 2444 367 2514 rapiet
397 2460 492 2496 eos
539 2443 845 2513 quisquam
887 2443 955 2496 de
1006 2458 1176 2495 manu
1229 2459 1354 2495 mea
1389 2442 1565 2511 (Joan.
1614 2459 1665 2508 Χ,
1702 2444 1810 2511 28).
1846 2464 1871 2490 ››

176 2531 349 2594 Quod
387 2547 519 2584 vero
553 2530 702 2584 idem
746 2529 850 2582 Lot
875 2530 1143 2583 facultate
1194 2529 1262 2581 ab
1318 2530 1536 2599 angelis
1576 2530 1709 2583 data
1738 2530 1875 2582 nul-

169 2621 301 2673 lum
330 2620 397 2673 de
442 2620 656 2672 civibus
686 2618 941 2689 perﬁdis,
982 2634 1055 2671 ne
1087 2618 1154 2671 de
1202 2617 1318 2671 suis
1354 2617 1584 2687 quidem
1619 2620 1877 2688 cognatis

173 2709 296 2761 sive
331 2708 528 2761 amicis
558 2708 783 2760 tametsi
815 2707 1060 2759 multum
1101 2712 1334 2759 conatus
1382 2708 1569 2775 potuit
1614 2707 1683 2760 ad
1733 2708 1877 2760 salu-

169 2804 295 2850 tem
330 2813 613 2862 revocare,
658 2796 960 2865 signiﬁcat,
1004 2794 1138 2864 quia
1169 2794 1385 2848 nullius
1420 2795 1577 2848 labor
1617 2796 1873 2849 hominis

170 2886 250 2939 ad
282 2901 591 2939 numerum
620 2884 1181 2954 przedestinatorum,
1216 2882 1316 2953 qui
1348 2889 1479 2937 ante
1511 2884 1873 2937 constitutio-

168 2989 313 3026 nem
348 2972 547 3026 mundi
576 2972 738 3025 electi
767 2975 899 3024 sunt
930 2987 963 3023 a
1006 2972 1142 3035 Deo,
1182 2970 1271 3023 vel
1309 2987 1481 3023 unam
1530 2972 1707 3040 possit
1748 2971 1871 3025 ani-

169 3078 336 3117 mam
367 3062 634 3131 adjicere.
662 3060 824 3114 Novit
844 3059 995 3113 enim
1022 3059 1295 3113 Dominus
1315 3061 1413 3130 qui
1438 3066 1570 3113 sunt
1594 3060 1738 3129 ejus.
1764 3060 1874 3113 Ve-

169 3168 309 3205 rum
340 3156 395 3204 et
424 3151 468 3203 si
493 3156 746 3203 nostram
776 3148 1149 3219 fragilitatem
1180 3147 1279 3218 qui
1311 3149 1377 3202 ad
1409 3150 1718 3202 electorum
1743 3164 1873 3202 sor-

167 3244 298 3293 tem
330 3239 660 3309 pertineant
688 3239 845 3304 latet,
879 3254 994 3291 non
1028 3242 1220 3291 tamen
1253 3237 1322 3291 ab
1354 3239 1574 3308 agenda
1606 3256 1741 3292 cura
1769 3254 1873 3292 no-

168 3332 309 3381 strae
343 3327 535 3380 salutis
577 3325 934 3391 cessandum,
968 3341 1086 3378 non
1120 3326 1189 3379 ab
1219 3324 1567 3379 instruendis
1598 3326 1873 3396 proximis

166 3417 377 3486 lingua
406 3420 490 3469 est
529 3415 898 3479 continenda,
944 3415 1040 3467 sed
1086 3414 1158 3468 ad
1208 3415 1535 3484 exemplum
1566 3415 1719 3468 beati
1755 3416 1871 3480 Lot,

168 3512 231 3561 et
257 3507 423 3560 nobis
451 3512 601 3560 caste
631 3506 959 3569 vivendum,
998 3510 1054 3558 et
1083 3506 1397 3558 errantium
1433 3521 1662 3575 quoque
1694 3521 1875 3558 corre-

167 3595 353 3649 ctioni
387 3594 641 3648 ofﬁcium
669 3594 900 3663 pietatis
940 3592 1417 3662 impendendum.
1457 3594 1686 3646 Constat
1720 3592 1873 3645 enim

168 3684 316 3754 quia
336 3683 439 3735 etsi
460 3682 893 3753 praedestinatos
906 3681 974 3734 ad
991 3681 1285 3733 interitum
1309 3682 1522 3734 salvare
1546 3682 1873 3751 nequimus,

166 3777 386 3826 nostrae
409 3776 602 3824 tamen
622 3771 1013 3840 benignitatis,
1037 3786 1209 3839 quam
1232 3786 1363 3839 erga
1380 3770 1609 3822 illorum
1633 3771 1872 3823 salutem

166 3859 592 3930 impendimus,
627 3858 947 3912 mercedem
978 3873 1093 3909 non
1114 3856 1443 3927 perdimus]

821 3962 1047 4015 CAPUT
1095 3962 1236 4014 VIII.

168 4054 486 4121 Degemina
526 4051 1023 4121 prmdestinatione.
1077 4053 1162 4104 Ea:
1208 4049 1682 4117 praedestinationc
1724 4050 1877 4103 nulla

701 4124 983 4176 necessitas
1024 4122 1099 4175 ad
1136 4121 1356 4174 malum.

1988 417 2087 486 jus
2118 417 2330 481 saeculi,
2386 417 2670 487 posterior
2702 423 2891 470 autem
2943 417 3049 470 isto
3096 419 3435 489 peregrinus
3486 420 3544 472 in
3587 436 3690 473 SIB-

1994 507 2143 572 culo,
2179 510 2234 558 et
2258 506 2553 575 pertinens
2584 506 2655 558 ad
2687 505 2978 559 civitatem
3014 507 3134 560 Dei.
3171 508 3359 560 Gratia
3394 508 3690 576 praedesti-

1993 599 2178 658 natus,
2236 594 2421 664 gratia
2465 595 2696 659 electus,
2749 595 2935 663 gratia
3001 594 3341 664 peregrinus
3398 595 3687 662 deorsum,

1992 682 2176 753 gratia
2207 682 2342 735 civis
2374 698 2617 736 sursum.
2654 684 2790 735 Nam
2840 688 3117 752 quantum
3150 683 3218 735 ad
3266 683 3453 753 ipsum
3486 686 3692 739 attinet

1992 786 2059 822 ex
2110 770 2312 823 eadem
2362 786 2549 822 massa
2596 771 2795 836 oritur,
2859 787 2984 841 qua":
3033 770 3391 841 originaliter
3437 777 3521 824 est
3572 777 3689 827 tota

1991 858 2287 925 damnata;
2322 858 2419 911 sed
2444 863 2715 928 tanquam
2755 858 2963 928 ﬁgulus
2996 860 3141 913 Deus
3172 876 3183 912 :
3218 860 3361 913 hanc
3410 861 3565 913 enim
3613 862 3689 914 si-

1992 946 2379 1001 militudinem
2411 964 2528 1000 non
2560 948 2977 1016 imprudenter,
3027 948 3125 1001 sed
3158 949 3469 1018 prudenter
3501 950 3689 1002 intro-

1991 1034 2145 1087 ducit
2174 1036 2510 1104 Apostolus:
2549 1036 2621 1088 Ex
2652 1035 2850 1088 eadem
2894 1052 3081 1088 massa
3118 1036 3251 1089 fecit
3284 1037 3432 1089 aliud
3486 1053 3579 1089 vas
3628 1037 3689 1089 in

1992 1123 2292 1191 honorem,
2328 1123 2481 1176 aliud
2522 1124 2581 1175 in
2613 1124 3021 1176 contumeliam
3055 1126 3230 1193 (Rom.
3272 1141 3347 1189 1x,
3383 1124 3490 1192 2|).
3528 1124 3689 1177 Prius

1992 1217 2183 1265 autem
2210 1212 2423 1265 factum
2457 1216 2540 1264 est
2570 1228 2666 1264 vas
2702 1211 2759 1264 in
2804 1212 3236 1277 contumeliam,
3284 1218 3416 1281 post
3447 1230 3576 1265 vero
3605 1214 3685 1265 al-

1989 1304 2178 1353 terum
2203 1300 2256 1352 in
2288 1301 2588 1353 honorem.
2627 1300 2772 1363 Quia
2804 1305 2858 1353 et
2889 1300 2944 1353 in
2974 1300 3100 1369 ipso
3134 1317 3249 1353 uno
3284 1300 3535 1361 homine,
3575 1301 3688 1353 sic-

1990 1395 2051 1441 ut
2101 1389 2239 1442 dixit
2270 1390 2596 1459 Apostolus,
2644 1405 2759 1441 non
2811 1411 2831 1435 α
2886 1388 3137 1458 primum
3193 1389 3342 1458 qmid
3395 1389 3687 1457 spirituale

1990 1483 2096 1543 est,
2130 1477 2227 1531 sed
2262 1478 2410 1547 quod
2447 1478 2713 1542 animale,
2749 1476 2956 1529 deinde
2985 1476 3139 1545 quod
3165 1476 3458 1545 spiritualc
3492 1478 3546 1545 (Ι
3564 1480 3683 1532 Cor.

1989 1582 2076 1630 xv,
2108 1564 2221 1634 4‘2),
2254 1586 2279 1612 ››
2315 1565 2444 1634 ets]
2492 1567 2632 1617 Item
2668 1565 2723 1617 in
2776 1565 2919 1617 libro
2975 1564 3339 1618 Enchiridion
3384 1566 3527 1633 (cap.
3568 1565 3687 1633 100)

1922 1632 1960 1683 Β
1991 1668 2157 1722 quem
2195 1654 2263 1705 ad
2300 1652 2670 1706 Laurentium
2719 1652 2981 1705 Ecclesize
3034 1653 3301 1705 Romanae
3336 1653 3687 1706 archidiaco-

1990 1757 2129 1794 num
2170 1740 2413 1810 scripsit,
2449 1741 2517 1793 de
2550 1742 2750 1794 eadem
2782 1757 2842 1793 re
2868 1741 2943 1792 ita
2992 1740 3280 1810 loquitur:
3317 1741 3478 1810 [Cum
3507 1758 3685 1811 ange-

1987 1829 2114 1895 lica,
2157 1828 2367 1899 inquit,
2420 1834 2474 1881 et
2527 1830 2779 1882 humana
2828 1833 3087 1881 creatura
3128 1834 3435 1897 peccasset,
3493 1828 3547 1881 id
3579 1836 3684 1896 est,

1988 1933 2103 1969 non
2136 1918 2287 1986 quod
2327 1919 2471 1970 Deus
2515 1917 2613 1969 sed
2663 1916 2813 1986 quod
2858 1917 2980 1985 ipsa
3016 1916 3193 1968 voluit
3232 1916 3475 1981 fecisset,
3510 1916 3682 1969 etiam

1986 2020 2091 2073 per
2120 2005 2380 2057 eamdem
2430 2008 2721 2063 creaturae,
2771 2004 3141 2067 voluntatem,
3197 2021 3310 2073 qua
3352 2005 3563 2057 factum
3598 2011 3685 2059 est

1988 2091 2141 2160 quod
2172 2094 2406 2145 Creator
2437 2093 2643 2158 uoluit,
2679 2092 2935 2162 implevit
2965 2094 3085 2161 ipse
3123 2093 3274 2163 quod
3307 2093 3507 2160 voluit,
3538 2094 3682 2146 bene

1985 2183 2151 2232 utens
2173 2185 2224 2233 et
2246 2181 2409 2233 malis
2430 2190 2705 2251 tanquam
2738 2196 2957 2233 summe
2987 2182 3171 2234 bonus
3198 2182 3269 2234 ad
3294 2198 3489 2235 eorum
3516 2182 3676 2235 dam-

1986 2268 2303 2335 nationem,
2337 2286 2478 2338 quos
2502 2270 2650 2339 juste
2683 2270 3112 2339 przedestinavit
3140 2271 3211 2322 ad
3238 2287 3487 2339 po-nam,
3525 2276 3580 2322 et
3611 2269 3677 2323 ad

1987 2371 2186 2410 eorum
2214 2359 2475 2425 salutem,
2512 2374 2657 2428 quos
2689 2359 2935 2427 benigne
2987 2359 3418 2427 praedestinavit
3448 2359 3514 2411 ad
3551 2374 3677 2427 gra-

1989 2444 2171 2513 tiam]

2062 2534 2189 2586 Haec
2218 2549 2400 2603 pauca
2429 2551 2493 2588 ex
2539 2534 2758 2604 prtefati
2808 2534 3123 2588 beatissimi
3173 2534 3420 2588 doctoris
3461 2535 3682 2588 duobus

1986 2622 2150 2675 libris
2197 2623 2514 2691 posuimus,
2563 2640 2706 2694 quos
2756 2640 2889 2677 eum
2938 2640 3050 2677 non
3099 2624 3280 2676 solum
3328 2623 3602 2676 catholica
3628 2628 3683 2675 et

1988 2711 2234 2764 veridice
2261 2711 2577 2781 scripsisse,
2626 2713 2720 2765 sed
2773 2713 2945 2765 etiam
2999 2712 3307 2780 diligenter
3355 2716 3410 2765 et
3440 2710 3683 2765 ﬁdeliter

1987 2805 2338 2865 retractasse,
2381 2801 2481 2871 qui
2509 2801 2685 2854 libros
2740 2800 3223 2854 Retractationum
3257 2801 3379 2870 ejus
3410 2800 3681 2854 attentius

1914 2908 1952 2961 ρ
1985 2886 2139 2956 legit,
2168 2888 2460 2941 evidenter
2484 2888 2740 2956 agnoscit
2770 2893 2834 2941 ut
2880 2888 3015 2957 quia
3054 2888 3173 2955 jam
3220 2889 3342 2956 ejus
3374 2889 3679 2941 auctoritas

1984 2974 2053 3028 de
2075 2976 2178 3028 hac
2210 2991 2290 3040 re,
2322 2976 2381 3028 id
2415 2980 2501 3028 est
2530 2976 2599 3028 de
2634 2975 2827 3027 divina
2856 2976 2914 3026 in
2946 2980 3251 3044 utramque
3284 2982 3505 3044 partem
3538 2992 3680 3045 prae-

1985 3063 2383 3125 destinatione,
2428 3068 2483 3116 et
2530 3064 2843 3116 electorum
2894 3063 3157 3115 videlicet
3208 3064 3273 3114 ad
3325 3063 3589 3132 gloriam,
3621 3068 3679 3117 et

1982 3152 2362 3222 reproborum
2396 3152 2461 3205 ad
2504 3167 2728 3221 poenam
2763 3167 2795 3203 a
2827 3152 3118 3203 nonnullis
3149 3150 3376 3219 publice
3420 3156 3675 3205 contem-

1983 3241 2157 3307 nitur,
2194 3245 2249 3293 et
2282 3241 2679 3293 conculcatur:
2716 3240 2793 3292 ita
2827 3246 2889 3292 ut
2928 3239 3063 3309 quia
3094 3256 3151 3291 se
3185 3238 3304 3307 ipse
3338 3238 3397 3292 in
3441 3241 3676 3310 quibus-

1983 3330 2112 3383 dam
2158 3328 2383 3399 scriptis
2435 3330 2550 3381 suis
2590 3328 2704 3399 pie,
2756 3333 2926 3398 atque
2976 3327 3271 3381 humiliter
3313 3328 3678 3398 reprehendit

1983 3422 2039 3471 et
2068 3417 2325 3488 corrigit,
2355 3421 2560 3486 putent
2610 3433 2692 3483 se,
2744 3417 2844 3469 ubi
2877 3416 2957 3469 eis
2988 3417 3175 3469 visum
3208 3416 3403 3481 fuerit,
3441 3418 3678 3471 licenter

1984 3522 2116 3559 eum
2146 3521 2309 3575 posse
2340 3506 2779 3574 reprehendere.
2816 3505 2878 3557 Et
2909 3503 3063 3573 quod
3096 3503 3191 3556 ille
3221 3502 3353 3556 fecit
3384 3504 3450 3556 ad
3484 3520 3673 3558 exem-

1982 3593 2144 3661 plum
2178 3593 2538 3657 humilitatis,
2593 3593 2702 3661 ipsi
2755 3608 3030 3662 usurpare
3079 3608 3195 3645 non
3238 3592 3573 3647 erubescant
3605 3591 3677 3646 ad

1984 3684 2268 3735 tumorem
2308 3682 2792 3751 praesumptionis.
2828 3683 2904 3735 Ex
2938 3682 3026 3735 his
3067 3683 3267 3735 saltem
3299 3682 3460 3734 libris
3501 3698 3709 3751 agno-~

1984 3774 2140 3822 scant
2169 3770 2303 3839 quia
2352 3770 2457 3823 hoc
2500 3770 2740 3823 verbum
2792 3770 2996 3823 divinm
3049 3770 3570 3839 praedestinationis
3618 3771 3678 3823 in

1983 3862 2144 3926 parte
2175 3857 2557 3927 reproborum
2586 3858 2859 3927 positum,
2894 3857 3029 3927 quia
3073 3858 3367 3911 verissime
3398 3863 3453 3911 et
3484 3859 3677 3911 rectis-

1985 3944 2127 3998 sime
2160 3945 2353 3999 divino
2384 3944 2604 4015 judicio
2654 3945 3045 4015 praadestinati
3078 3965 3105 3995 (ι
3136 3946 3423 4005 dicuntur,
3457 3962 3573 3999 non
3604 3947 3674 4000 ad

1984 4034 2209 4104 culpam
2241 4034 2464 4104 utique,
2501 4034 2595 4087 sed
2627 4035 2696 4087 ad
2730 4050 2977 4104 pcenam,
3014 4050 3115 4087 nec
3150 4034 3218 4087 ad
3252 4035 3463 4087 malum
3509 4050 3674 4104 opus,

1988 4123 2141 4193 quod
2173 4123 2281 4192 ipsi
2306 4122 2558 4175 volentes
2604 4129 2801 4192 agunt,
2866 4124 2960 4175 sed
3014 4122 3083 4175 ad
3126 4123 3375 4187 malum;
3417 4124 3567 4192 quod
3618 4123 3678 4176 in

246 4215 405 4267 Hanc
434 4210 567 4265 ﬁdei
598 4211 853 4279 regulam
905 4210 1229 4262 ﬁrmissime
1280 4224 1342 4262 ac
1391 4208 1720 4261 ﬁdelissime
1766 4224 1874 4261 no-
1914 4205 1958 4258 D
1984 4211 2212 4265 aeternis
2241 4212 2539 4281 suppliciis
2568 4211 2732 4264 inviti
2780 4211 3088 4281 patientur,
3116 4230 3141 4261 η
3188 4227 3288 4263 nec
3320 4211 3440 4280 ipse
3472 4212 3530 4265 in
3562 4212 3679 4265 suis
3722 4224 3731 4237 ’

172 4302 264 4356 bis
309 4299 613 4354 tenendam
660 4300 858 4352 beatus
918 4298 1272 4367 Augustinus
1321 4298 1428 4351 ista
1486 4298 1792 4367 diligenter
1821 4301 1874 4349 et

168 4390 429 4445 breviter
461 4388 820 4442 commendat
846 4388 904 4441 in
929 4387 1090 4441 libris
1128 4387 1194 4440 de
1225 4386 1458 4442 Civitate
1499 4387 1599 4440 Dei
1630 4387 1748 4455 (lib.
1783 4402 1871 4452 xv,

171 4496 302 4548 cap.
343 4482 411 4547 1),
444 4478 523 4531 ita
556 4478 779 4531 dicens:
815 4477 1183 4547 [Ilumanum,
1221 4476 1425 4545 inquit,
1460 4491 1639 4545 genus
1662 4474 1720 4526 in
1761 4475 1875 4527 duo

174 4583 397 4638 genera
474 4566 904 4631 distribuimus,
978 4580 1155 4617 unum
1227 4580 1427 4616 eorum
1504 4562 1603 4633 qui
1679 4578 1876 4616 secun-

177 4658 323 4712 dum
388 4655 704 4721 hominem,
776 4654 1019 4707 alterum
1110 4668 1310 4705 eorum
1396 4652 1496 4722 qui
1561 4651 1875 4705 secundum

179 4747 364 4799 Deum
400 4744 628 4809 vivunt;
655 4759 797 4813 quas
836 4742 1010 4795 etiam
1061 4740 1296 4812 mystice
1339 4741 1696 4810 appellamus
1736 4739 1879 4793 civi-

176 4838 327 4887 tates
360 4832 523 4897 duas,
575 4832 683 4885 hoc
728 4837 831 4898 est,
879 4831 1019 4884 duas
1062 4830 1361 4883 societates
1399 4829 1699 4883 hominum
1738 4845 1878 4900 qua-

172 4938 311 4977 rum
342 4927 428 4973 est
464 4936 595 4984 una,
634 4936 759 4990 qua:
808 4918 1213 4989 prazdestinata
1259 4923 1341 4972 est
1377 4918 1433 4971 in
1484 4924 1763 4972 aeternum
1793 4934 1879 4971 re-

173 5026 360 5082 gnare
394 5025 523 5063 cum
560 5011 706 5063 Deo:
762 5009 941 5061 altera
980 5012 1261 5061 teternum
1301 5007 1649 5077 supplicium
1688 5006 1880 5060 subire

173 5116 313 5155 cum
339 5096 620 5168 diabolo._]
655 5099 718 5151 Et
762 5102 891 5166 post
924 5112 1122 5166 pauca,
1157 5096 1224 5150 de
1272 5102 1470 5149 exortu
1522 5096 1766 5151 duarum
1799 5096 1880 5149 ci—

172 5189 426 5243 vitatum
462 5187 719 5252 istarum,
750 5186 806 5239 id
859 5188 943 5238 est
973 5185 1214 5238 civitatis
1246 5186 1346 5238 Dei
1391 5191 1447 5238 et
1489 5185 1729 5239 civitatis
1770 5186 1885 5239 dia-

172 5278 319 5343 boli,
358 5276 691 5345 diligentius
737 5276 1055 5345 disputans,
1112 5275 1189 5327 ita
1240 5273 1376 5327 dicit
1428 5274 1648 5343 (16:21.):
1689 5273 1884 5346 [Natus

174 5371 265 5420 est
293 5364 477 5435 igitur
505 5362 663 5431 prior
695 5362 828 5417 Cain
868 5378 934 5415 ex
966 5362 1078 5415 illis
1120 5362 1342 5416 duobus
1382 5361 1623 5415 humani
1653 5364 1882 5431 generis

174 5452 524 5527 parentibus
556 5451 847 5521 pertinens
879 5451 948 5505 ad
994 5449 1294 5504 hominum
1329 5449 1615 5504 civitatem
1646 5467 1657 5504 ε
1689 5459 1887 5522 posto-

545 5542 822 5605 PATROL.
877 5540 1080 5605 CXXI.

1985 4284 2166 4355 dictis.
2200 4300 2652 4369 reprehenderit,
2699 4316 2801 4352 nec
2842 4298 2909 4352 ab
2953 4299 3084 4352 ullis
3132 4299 3406 4351 catholice
3447 4304 3502 4353 et
3547 4315 3681 4353 sane

1986 4388 2363 4443 sentientibus
2415 4389 2827 4458 reprehensum
2888 4388 2977 4440 sit.
3025 4384 3088 4441 Et
3136 4388 3263 4441 ideo
3313 4388 3489 4441 etiam
3511 4408 3539 4440 «
3571 4405 3685 4443 mo-

1989 4478 2167 4531 derno
2219 4482 2501 4546 tempore,
2546 4500 2565 4524 ι
2616 4496 2648 4529 a
2689 4478 2851 4529 nobis
2892 4476 2990 4544 qui
3044 4480 3215 4528 tantae
3266 4476 3596 4545 imperitize,
3630 4481 3687 4530 et

1984 4565 2338 4619 inﬁrmitatis
2370 4581 2568 4619 sumus
2598 4580 2965 4634 nequaquam
3006 4565 3567 4633 reprehendendum,
3601 4565 3684 4618 vel

1986 4654 2357 4722 rejiciendum
2391 4653 2607 4718 debuit,
2633 4652 2904 4722 judicari,
2950 4653 3044 4705 sed
3077 4654 3269 4722 potius
3319 4652 3599 4722 diligenti,
3631 4658 3686 4705 et

1986 4743 2193 4797 humili
2226 4743 2437 4813 pietate
2465 4742 2838 4812 perscrutari,
2862 4747 2917 4795 et
2943 4742 3204 4813 intelligi.
3234 4745 3297 4797 Et
3328 4744 3372 4795 si
3404 4743 3502 4811 qui
3531 4746 3682 4806 sunt,

1989 4831 2090 4902 qui
2147 4848 2211 4885 ex
2273 4832 2382 4885 hoc
2441 4830 2810 4885 scandalizari
2869 4831 3192 4895 videantur,
3252 4837 3524 4900 tauquam
3585 4844 3688 4898 per

1988 4920 2145 4973 istud
2168 4918 2695 4989 praedestinationis
2716 4920 2952 4973 verbum
2986 4921 3290 4974 necessitas
3315 4919 3460 4971 male
3483 4918 3688 4987 agendi

1990 5009 2262 5077 cuiquam
2297 5008 2560 5078 imposita
2592 5025 2714 5062 esse
2748 5009 3123 5079 signiﬁcetur,
3152 5007 3469 5060 instruendi
3500 5008 3688 5075 potius

1990 5097 2225 5150 fuerunt
2248 5102 2305 5149 et
2338 5096 2585 5149 breviter
2617 5113 2679 5149 ac
2711 5098 2897 5150 lucide
2929 5095 3193 5162 docendi,
3227 5096 3375 5165 quod
3405 5096 3551 5149 Deus
3584 5112 3689 5147 ne-

1994 5185 2212 5239 minem
2247 5185 2751 5255 prtedestinaverit
2792 5186 2861 5239 ad
2894 5189 3207 5255 peccatum,
3262 5184 3359 5236 sed
3400 5184 3469 5236 ad
3524 5184 3692 5235 luen-

1995 5275 2132 5328 dum
2160 5273 2512 5343 supplicium
2556 5291 2659 5344 pro
2703 5278 2956 5343 peccato.
3012 5273 3123 5324 Nec
3166 5272 3273 5325 ista
3321 5271 3691 5342 przedestina-

1994 5363 2151 5416 tione
2193 5362 2446 5433 aliquem
2489 5368 2652 5432 cogat
2700 5362 2767 5415 ad
2810 5360 2958 5413 male
3000 5359 3306 5429 agendum,
3360 5360 3455 5413 sed
3503 5359 3694 5428 potius

1995 5450 2517 5520 declaretjudicem
2553 5453 2797 5521 justum,
2831 5447 2930 5519 qui
2956 5451 3013 5502 et
3059 5453 3288 5518 peccata
3320 5447 3443 5501 ﬁeri
3490 5448 3692 5513 noluit,

3293 5544 3374 5602 32
